  <div class='ocr_page' id='page_1' title='image "/cluster/home/n/w/nwhite01/storage/ocr_20150623/42/hvd.32044015471493/358.png"; bbox 0 0 4094 6438; ppageno 0'>
   <div class='ocr_carea' id='block_1_1' title="bbox 252 353 363 411">
    <p class='ocr_par' dir='ltr' id='par_1_1' title="bbox 252 353 363 411">
     <span class='ocr_line' id='line_1_1' title="bbox 252 353 363 411; baseline 0.027 -3"><span class='ocrx_word' id='word_1_1' title='bbox 252 353 363 411; x_wconf 78' lang='lat'><strong>705</strong></span> 
     </span>
    </p>
   </div>
   <div class='ocr_carea' id='block_1_2' title="bbox 254 462 1846 536">
    <p class='ocr_par' dir='ltr' id='par_1_2' title="bbox 254 462 1846 536">
     <span class='ocr_line' id='line_1_2' title="bbox 254 462 1846 536; baseline -0.004 -14"><span class='ocrx_word' id='word_1_2' title='bbox 254 469 437 522; x_wconf 60' lang='lat' dir='ltr'><strong>nterim</strong></span> <span class='ocrx_word' id='word_1_3' title='bbox 468 464 877 532; x_wconf 71' lang='lat' dir='ltr'><strong>conuersationis,</strong></span> <span class='ocrx_word' id='word_1_4' title='bbox 920 464 1139 536; x_wconf 86' lang='lat' dir='ltr'><strong>gratiam</strong></span> <span class='ocrx_word' id='word_1_5' title='bbox 1162 464 1177 494; x_wconf 76' lang='grc'>³</span> <span class='ocrx_word' id='word_1_6' title='bbox 1200 463 1268 517; x_wconf 90' lang='lat' dir='ltr'><strong>ad</strong></span> <span class='ocrx_word' id='word_1_7' title='bbox 1298 463 1569 517; x_wconf 90' lang='lat' dir='ltr'><strong>utilitatem</strong></span> <span class='ocrx_word' id='word_1_8' title='bbox 1614 462 1846 517; x_wconf 75' lang='lat' dir='ltr'><strong>dividere</strong></span> 
     </span>
    </p>
   </div>
   <div class='ocr_carea' id='block_1_3' title="bbox 250 555 1841 630">
    <p class='ocr_par' dir='ltr' id='par_1_3' title="bbox 250 555 1841 630">
     <span class='ocr_line' id='line_1_3' title="bbox 250 555 1841 630; baseline -0.003 -16"><span class='ocrx_word' id='word_1_9' title='bbox 250 569 303 614; x_wconf 87' lang='lat' dir='ltr'><strong>et</strong></span> <span class='ocrx_word' id='word_1_10' title='bbox 333 562 671 630; x_wconf 69' lang='lat' dir='ltr'><strong>unusquisque</strong></span> <span class='ocrx_word' id='word_1_11' title='bbox 697 561 746 613; x_wconf 89' lang='lat' dir='ltr'><strong>in</strong></span> <span class='ocrx_word' id='word_1_12' title='bbox 768 576 867 629; x_wconf 84' lang='lat' dir='ltr'><strong>quo</strong></span> <span class='ocrx_word' id='word_1_13' title='bbox 889 575 1038 629; x_wconf 80' lang='lat' dir='ltr'><strong>opere.</strong></span> <span class='ocrx_word' id='word_1_14' title='bbox 1083 568 1130 614; x_wconf 91' lang='lat' dir='ltr'><strong>et</strong></span> <span class='ocrx_word' id='word_1_15' title='bbox 1176 558 1433 629; x_wconf 86' lang='lat' dir='ltr'><strong>praposito</strong></span> <span class='ocrx_word' id='word_1_16' title='bbox 1461 557 1611 628; x_wconf 80' lang='lat' dir='ltr'><strong>fuerit</strong></span> <span class='ocrx_word' id='word_1_17' title='bbox 1638 555 1841 624; x_wconf 72' lang='lat' dir='ltr'><strong>habilis,</strong></span> 
     </span>
    </p>
   </div>
   <div class='ocr_carea' id='block_1_4' title="bbox 250 648 1842 720">
    <p class='ocr_par' dir='ltr' id='par_1_4' title="bbox 250 648 1842 720">
     <span class='ocr_line' id='line_1_4' title="bbox 250 648 1842 720; baseline -0.003 -17"><span class='ocrx_word' id='word_1_18' title='bbox 250 651 309 703; x_wconf 83' lang='lat' dir='ltr'><strong>in</strong></span> <span class='ocrx_word' id='word_1_19' title='bbox 337 651 451 718; x_wconf 81' lang='lat' dir='ltr'><strong>ipso</strong></span> <span class='ocrx_word' id='word_1_20' title='bbox 474 650 729 704; x_wconf 85' lang='lat' dir='ltr'><strong>ordinare.</strong></span> <span class='ocrx_word' id='word_1_21' title='bbox 757 651 906 705; x_wconf 91' lang='lat' dir='ltr'><strong>Facit</strong></span> <span class='ocrx_word' id='word_1_22' title='bbox 937 649 1050 705; x_wconf 79' lang='lat' dir='ltr'><strong>lucc</strong></span> <span class='ocrx_word' id='word_1_23' title='bbox 1079 649 1294 720; x_wconf 90' lang='lat' dir='ltr'><strong>quidem</strong></span> <span class='ocrx_word' id='word_1_24' title='bbox 1320 648 1553 718; x_wconf 75' lang='lat' dir='ltr'><strong>Spiritus</strong></span> <span class='ocrx_word' id='word_1_25' title='bbox 1581 653 1797 702; x_wconf 88' lang='lat' dir='ltr'><strong>sanctus</strong></span> <span class='ocrx_word' id='word_1_26' title='bbox 1830 663 1842 698; x_wconf 92' lang='lat'><strong>:</strong></span> 
     </span>
    </p>
   </div>
   <div class='ocr_carea' id='block_1_5' title="bbox 249 738 1846 809">
    <p class='ocr_par' dir='ltr' id='par_1_5' title="bbox 249 738 1846 809">
     <span class='ocr_line' id='line_1_5' title="bbox 249 738 1846 809; baseline -0.002 -13"><span class='ocrx_word' id='word_1_27' title='bbox 249 741 351 796; x_wconf 81' lang='lat' dir='ltr'><strong>sed</strong></span> <span class='ocrx_word' id='word_1_28' title='bbox 373 741 514 796; x_wconf 86' lang='lat' dir='ltr'><strong>absit</strong></span> <span class='ocrx_word' id='word_1_29' title='bbox 554 749 611 795; x_wconf 91' lang='lat' dir='ltr'><strong>ut</strong></span> <span class='ocrx_word' id='word_1_30' title='bbox 637 742 752 796; x_wconf 83' lang='lat' dir='ltr'><strong>sine</strong></span> <span class='ocrx_word' id='word_1_31' title='bbox 781 742 916 796; x_wconf 86' lang='lat' dir='ltr'><strong>Filio</strong></span> <span class='ocrx_word' id='word_1_32' title='bbox 957 741 1133 795; x_wconf 83' lang='lat' dir='ltr'><strong>faciat.</strong></span> <span class='ocrx_word' id='word_1_33' title='bbox 1163 740 1292 809; x_wconf 85' lang='lat' dir='ltr'><strong>Quis</strong></span> <span class='ocrx_word' id='word_1_34' title='bbox 1332 739 1477 795; x_wconf 92' lang='lat' dir='ltr'><strong>enim</strong></span> <span class='ocrx_word' id='word_1_35' title='bbox 1505 739 1584 793; x_wconf 92' lang='lat' dir='ltr'><strong>sic</strong></span> <span class='ocrx_word' id='word_1_36' title='bbox 1611 738 1791 793; x_wconf 89' lang='lat' dir='ltr'><strong>deviet</strong></span> <span class='ocrx_word' id='word_1_37' title='bbox 1815 751 1846 793; x_wconf 88' lang='lat' dir='ltr'><strong>a</strong></span> 
     </span>
    </p>
   </div>
   <div class='ocr_carea' id='block_1_6' title="bbox 250 832 1844 905">
    <p class='ocr_par' dir='ltr' id='par_1_6' title="bbox 250 832 1844 905">
     <span class='ocr_line' id='line_1_6' title="bbox 250 832 1844 905; baseline -0.001 -18"><span class='ocrx_word' id='word_1_38' title='bbox 250 832 339 887; x_wconf 80' lang='lat' dir='ltr'><strong>via</strong></span> <span class='ocrx_word' id='word_1_39' title='bbox 388 834 647 901; x_wconf 90' lang='lat' dir='ltr'><strong>veritatis,</strong></span> <span class='ocrx_word' id='word_1_40' title='bbox 697 844 755 889; x_wconf 90' lang='lat' dir='ltr'><strong>ut</strong></span> <span class='ocrx_word' id='word_1_41' title='bbox 807 843 964 905; x_wconf 88' lang='lat' dir='ltr'><strong>neget</strong></span> <span class='ocrx_word' id='word_1_42' title='bbox 998 849 1028 888; x_wconf 89' lang='lat' dir='ltr'><strong>a</strong></span> <span class='ocrx_word' id='word_1_43' title='bbox 1058 832 1272 888; x_wconf 91' lang='lat' dir='ltr'><strong>Christo</strong></span> <span class='ocrx_word' id='word_1_44' title='bbox 1311 832 1564 887; x_wconf 86' lang='lat' dir='ltr'><strong>custodiri</strong></span> <span class='ocrx_word' id='word_1_45' title='bbox 1612 839 1844 899; x_wconf 90' lang='lat' dir='ltr'><strong>sanctos,</strong></span> 
     </span>
    </p>
   </div>
   <div class='ocr_carea' id='block_1_7' title="bbox 251 925 1847 997">
    <p class='ocr_par' dir='ltr' id='par_1_7' title="bbox 251 925 1847 997">
     <span class='ocr_line' id='line_1_7' title="bbox 251 925 1847 997; baseline -0.001 -17"><span class='ocrx_word' id='word_1_46' title='bbox 251 925 437 996; x_wconf 85' lang='lat' dir='ltr'><strong>lapsos</strong></span> <span class='ocrx_word' id='word_1_47' title='bbox 461 936 639 981; x_wconf 89' lang='lat' dir='ltr'><strong>autem</strong></span> <span class='ocrx_word' id='word_1_48' title='bbox 671 927 725 981; x_wconf 91' lang='lat' dir='ltr'><strong>in</strong></span> <span class='ocrx_word' id='word_1_49' title='bbox 750 936 943 982; x_wconf 88' lang='lat' dir='ltr'><strong>statum</strong></span> <span class='ocrx_word' id='word_1_50' title='bbox 983 928 1263 997; x_wconf 89' lang='lat' dir='ltr'><strong>pristinum</strong></span> <span class='ocrx_word' id='word_1_51' title='bbox 1291 927 1563 997; x_wconf 89' lang='lat' dir='ltr'><strong>reparari,</strong></span> <span class='ocrx_word' id='word_1_52' title='bbox 1594 927 1847 997; x_wconf 89' lang='lat' dir='ltr'><strong>ignoran-</strong></span> 
     </span>
    </p>
   </div>
   <div class='ocr_carea' id='block_1_8' title="bbox 256 1018 1844 1091">
    <p class='ocr_par' dir='ltr' id='par_1_8' title="bbox 256 1018 1844 1091">
     <span class='ocr_line' id='line_1_8' title="bbox 256 1018 1844 1091; baseline -0.002 -15"><span class='ocrx_word' id='word_1_53' title='bbox 256 1029 338 1076; x_wconf 89' lang='lat' dir='ltr'><strong>tes</strong></span> <span class='ocrx_word' id='word_1_54' title='bbox 377 1019 583 1086; x_wconf 84' lang='lat' dir='ltr'><strong>doceri,</strong></span> <span class='ocrx_word' id='word_1_55' title='bbox 615 1021 987 1077; x_wconf 90' lang='lat' dir='ltr'><strong>obliviscentes</strong></span> <span class='ocrx_word' id='word_1_56' title='bbox 1015 1021 1313 1083; x_wconf 87' lang='lat' dir='ltr'><strong>admoneri,</strong></span> <span class='ocrx_word' id='word_1_57' title='bbox 1340 1028 1626 1091; x_wconf 76' lang='lat' dir='ltr'><strong>peccantes</strong></span> <span class='ocrx_word' id='word_1_58' title='bbox 1671 1018 1844 1090; x_wconf 90' lang='lat' dir='ltr'><strong>argui,</strong></span> 
     </span>
    </p>
   </div>
   <div class='ocr_carea' id='block_1_9' title="bbox 253 1111 1845 1185">
    <p class='ocr_par' dir='ltr' id='par_1_9' title="bbox 253 1111 1845 1185">
     <span class='ocr_line' id='line_1_9' title="bbox 253 1111 1845 1185; baseline -0.004 -14"><span class='ocrx_word' id='word_1_59' title='bbox 253 1114 437 1185; x_wconf 85' lang='lat' dir='ltr'><strong>pigros</strong></span> <span class='ocrx_word' id='word_1_60' title='bbox 464 1114 687 1180; x_wconf 87' lang='lat' dir='ltr'><strong>hortari,</strong></span> <span class='ocrx_word' id='word_1_61' title='bbox 716 1122 960 1170; x_wconf 88' lang='lat' dir='ltr'><strong>errantes</strong></span> <span class='ocrx_word' id='word_1_62' title='bbox 980 1114 1046 1169; x_wconf 87' lang='lat' dir='ltr'><strong>ad</strong></span> <span class='ocrx_word' id='word_1_63' title='bbox 1072 1115 1211 1169; x_wconf 88' lang='lat' dir='ltr'><strong>viam</strong></span> <span class='ocrx_word' id='word_1_64' title='bbox 1252 1113 1493 1170; x_wconf 86' lang='lat' dir='ltr'><strong>veritatis</strong></span> <span class='ocrx_word' id='word_1_65' title='bbox 1518 1111 1729 1180; x_wconf 88' lang='lat' dir='ltr'><strong>adduci,</strong></span> <span class='ocrx_word' id='word_1_66' title='bbox 1762 1113 1845 1165; x_wconf 82' lang='lat' dir='ltr'><strong>in-</strong></span> 
     </span>
    </p>
   </div>
   <div class='ocr_carea' id='block_1_10' title="bbox 255 1204 1846 1275">
    <p class='ocr_par' dir='ltr' id='par_1_10' title="bbox 255 1204 1846 1275">
     <span class='ocr_line' id='line_1_10' title="bbox 255 1204 1846 1275; baseline 0 -17"><span class='ocrx_word' id='word_1_67' title='bbox 255 1206 445 1259; x_wconf 88' lang='lat' dir='ltr'><strong>tirmos</strong></span> <span class='ocrx_word' id='word_1_68' title='bbox 488 1206 686 1272; x_wconf 88' lang='lat' dir='ltr'><strong>sanari,</strong></span> <span class='ocrx_word' id='word_1_69' title='bbox 718 1220 890 1261; x_wconf 64' lang='lat' dir='ltr'><strong>cmcos</strong></span> <span class='ocrx_word' id='word_1_70' title='bbox 920 1205 1223 1271; x_wconf 90' lang='lat' dir='ltr'><strong>illuminari,</strong></span> <span class='ocrx_word' id='word_1_71' title='bbox 1275 1214 1330 1261; x_wconf 91' lang='lat' dir='ltr'><strong>et</strong></span> <span class='ocrx_word' id='word_1_72' title='bbox 1368 1214 1561 1260; x_wconf 85' lang='lat' dir='ltr'><strong>caetera</strong></span> <span class='ocrx_word' id='word_1_73' title='bbox 1590 1219 1712 1275; x_wconf 70' lang='lat' dir='ltr'><strong>quae</strong></span> <span class='ocrx_word' id='word_1_74' title='bbox 1759 1204 1846 1258; x_wconf 83' lang='lat' dir='ltr'><strong>isti</strong></span> 
     </span>
    </p>
   </div>
   <div class='ocr_carea' id='block_1_11' title="bbox 250 1294 1845 1367">
    <p class='ocr_par' dir='ltr' id='par_1_11' title="bbox 250 1294 1845 1367">
     <span class='ocr_line' id='line_1_11' title="bbox 250 1294 1845 1367; baseline 0.003 -19"><span class='ocrx_word' id='word_1_75' title='bbox 250 1294 475 1364; x_wconf 86' lang='lat' dir='ltr'><strong>Spiritui</strong></span> <span class='ocrx_word' id='word_1_76' title='bbox 523 1305 729 1362; x_wconf 90' lang='lat' dir='ltr'><strong>sancto,</strong></span> <span class='ocrx_word' id='word_1_77' title='bbox 768 1304 1019 1367; x_wconf 86' lang='lat' dir='ltr'><strong>tanquam</strong></span> <span class='ocrx_word' id='word_1_78' title='bbox 1067 1297 1216 1352; x_wconf 90' lang='lat' dir='ltr'><strong>solus</strong></span> <span class='ocrx_word' id='word_1_79' title='bbox 1240 1312 1305 1353; x_wconf 89' lang='lat' dir='ltr'><strong>ea</strong></span> <span class='ocrx_word' id='word_1_80' title='bbox 1349 1296 1526 1365; x_wconf 81' lang='lat' dir='ltr'><strong>faciat,</strong></span> <span class='ocrx_word' id='word_1_81' title='bbox 1565 1296 1845 1352; x_wconf 88' lang='lat' dir='ltr'><strong>tribuenda</strong></span> 
     </span>
    </p>
   </div>
   <div class='ocr_carea' id='block_1_12' title="bbox 253 1386 1845 1461">
    <p class='ocr_par' dir='ltr' id='par_1_12' title="bbox 253 1386 1845 1461">
     <span class='ocr_line' id='line_1_12' title="bbox 253 1386 1845 1461; baseline 0.003 -22"><span class='ocrx_word' id='word_1_82' title='bbox 253 1388 614 1456; x_wconf 87' lang='lat' dir='ltr'><strong>putaverunt?</strong></span> <span class='ocrx_word' id='word_1_83' title='bbox 640 1386 708 1443; x_wconf 93' lang='lat' dir='ltr'><strong>Ut</strong></span> <span class='ocrx_word' id='word_1_84' title='bbox 740 1388 884 1443; x_wconf 88' lang='lat' dir='ltr'><strong>enim</strong></span> <span class='ocrx_word' id='word_1_85' title='bbox 916 1388 983 1443; x_wconf 83' lang='lat' dir='ltr'><strong>de</strong></span> <span class='ocrx_word' id='word_1_86' title='bbox 1009 1389 1240 1456; x_wconf 62' lang='lat' dir='ltr'><strong>caeteris,</strong></span> <span class='ocrx_word' id='word_1_87' title='bbox 1282 1404 1351 1445; x_wconf 90' lang='lat' dir='ltr'><strong>ne</strong></span> <span class='ocrx_word' id='word_1_88' title='bbox 1398 1390 1613 1461; x_wconf 88' lang='lat' dir='ltr'><strong>longum</strong></span> <span class='ocrx_word' id='word_1_89' title='bbox 1643 1390 1735 1457; x_wconf 89' lang='lat' dir='ltr'><strong>sit,</strong></span> <span class='ocrx_word' id='word_1_90' title='bbox 1762 1399 1845 1444; x_wconf 90' lang='lat' dir='ltr'><strong>ta-</strong></span> 
     </span>
    </p>
   </div>
   <div class='ocr_carea' id='block_1_13' title="bbox 251 1479 1843 1549">
    <p class='ocr_par' dir='ltr' id='par_1_13' title="bbox 251 1479 1843 1549">
     <span class='ocr_line' id='line_1_13' title="bbox 251 1479 1843 1549; baseline 0.003 -17"><span class='ocrx_word' id='word_1_91' title='bbox 251 1491 441 1543; x_wconf 86' lang='lat' dir='ltr'><strong>ceam;</strong></span> <span class='ocrx_word' id='word_1_92' title='bbox 473 1479 743 1548; x_wconf 87' lang='lat' dir='ltr'><strong>quomodo</strong></span> <span class='ocrx_word' id='word_1_93' title='bbox 787 1480 1058 1549; x_wconf 86' lang='lat' dir='ltr'><strong>negabunt</strong></span> <span class='ocrx_word' id='word_1_94' title='bbox 1082 1495 1113 1535; x_wconf 88' lang='lat' dir='ltr'><strong>a</strong></span> <span class='ocrx_word' id='word_1_95' title='bbox 1138 1480 1353 1537; x_wconf 86' lang='lat' dir='ltr'><strong>Christo</strong></span> <span class='ocrx_word' id='word_1_96' title='bbox 1380 1480 1564 1536; x_wconf 88' lang='lat' dir='ltr'><strong>doceri</strong></span> <span class='ocrx_word' id='word_1_97' title='bbox 1606 1490 1843 1547; x_wconf 88' lang='lat' dir='ltr'><strong>sanctos,</strong></span> 
     </span>
    </p>
   </div>
   <div class='ocr_carea' id='block_1_14' title="bbox 250 1567 1847 1639">
    <p class='ocr_par' dir='ltr' id='par_1_14' title="bbox 250 1567 1847 1639">
     <span class='ocr_line' id='line_1_14' title="bbox 250 1567 1847 1639; baseline 0.003 -17"><span class='ocrx_word' id='word_1_98' title='bbox 250 1567 450 1639; x_wconf 76' lang='lat' dir='ltr'><strong>quibus</strong></span> <span class='ocrx_word' id='word_1_99' title='bbox 499 1569 639 1625; x_wconf 88' lang='lat' dir='ltr'><strong>idem</strong></span> <span class='ocrx_word' id='word_1_100' title='bbox 683 1569 833 1638; x_wconf 85' lang='lat' dir='ltr'><strong>dicit,</strong></span> <span class='ocrx_word' id='word_1_101' title='bbox 866 1570 1043 1626; x_wconf 84' lang='lat' dir='ltr'><strong>Nolite</strong></span> <span class='ocrx_word' id='word_1_102' title='bbox 1067 1573 1235 1626; x_wconf 76' lang='lat' dir='ltr'><strong>uocari</strong></span> <span class='ocrx_word' id='word_1_103' title='bbox 1257 1571 1319 1626; x_wconf 88' lang='lat' dir='ltr'><strong>ab</strong></span> <span class='ocrx_word' id='word_1_104' title='bbox 1346 1573 1630 1628; x_wconf 84' lang='lat' dir='ltr'><strong>hominibus</strong></span> <span class='ocrx_word' id='word_1_105' title='bbox 1672 1572 1847 1637; x_wconf 79' lang='lat' dir='ltr'><strong>rabbi;</strong></span> 
     </span>
    </p>
   </div>
   <div class='ocr_carea' id='block_1_15' title="bbox 250 1664 1847 1739">
    <p class='ocr_par' dir='ltr' id='par_1_15' title="bbox 250 1664 1847 1739">
     <span class='ocr_line' id='line_1_15' title="bbox 250 1664 1847 1739; baseline 0.001 -22"><span class='ocrx_word' id='word_1_106' title='bbox 250 1678 388 1718; x_wconf 80' lang='lat' dir='ltr'><strong>unus</strong></span> <span class='ocrx_word' id='word_1_107' title='bbox 411 1674 485 1717; x_wconf 84' lang='lat' dir='ltr'><strong>est</strong></span> <span class='ocrx_word' id='word_1_108' title='bbox 510 1664 643 1718; x_wconf 86' lang='lat' dir='ltr'><strong>enim</strong></span> <span class='ocrx_word' id='word_1_109' title='bbox 665 1665 903 1736; x_wconf 76' lang='lat' dir='ltr'><strong>magister</strong></span> <span class='ocrx_word' id='word_1_110' title='bbox 925 1674 1083 1720; x_wconf 83' lang='lat' dir='ltr'><strong>vester</strong></span> <span class='ocrx_word' id='word_1_111' title='bbox 1107 1665 1338 1720; x_wconf 78' lang='lat' dir='ltr'><strong>Christus</strong></span> <span class='ocrx_word' id='word_1_112' title='bbox 1359 1664 1569 1739; x_wconf 79' lang='lat' dir='ltr'><strong>(Matth.</strong></span> <span class='ocrx_word' id='word_1_113' title='bbox 1586 1681 1736 1731; x_wconf 65' lang='grc' dir='ltr'><strong>χχιιι,</strong></span> <span class='ocrx_word' id='word_1_114' title='bbox 1765 1664 1847 1736; x_wconf 89' lang='lat'><strong>8)?</strong></span> 
     </span>
    </p>
   </div>
   <div class='ocr_carea' id='block_1_16' title="bbox 251 1755 1847 1830">
    <p class='ocr_par' dir='ltr' id='par_1_16' title="bbox 251 1755 1847 1830">
     <span class='ocr_line' id='line_1_16' title="bbox 251 1755 1847 1830; baseline 0.003 -20"><span class='ocrx_word' id='word_1_115' title='bbox 251 1755 530 1825; x_wconf 85' lang='lat' dir='ltr'><strong>quomodo</strong></span> <span class='ocrx_word' id='word_1_116' title='bbox 556 1756 825 1828; x_wconf 89' lang='lat' dir='ltr'><strong>negabunt</strong></span> <span class='ocrx_word' id='word_1_117' title='bbox 842 1772 873 1812; x_wconf 90' lang='lat' dir='ltr'><strong>a</strong></span> <span class='ocrx_word' id='word_1_118' title='bbox 891 1756 1107 1813; x_wconf 89' lang='lat' dir='ltr'><strong>Christo</strong></span> <span class='ocrx_word' id='word_1_119' title='bbox 1126 1757 1411 1814; x_wconf 86' lang='lat' dir='ltr'><strong>illuminari</strong></span> <span class='ocrx_word' id='word_1_120' title='bbox 1432 1773 1624 1822; x_wconf 62' lang='lat' dir='ltr'><strong>meos,</strong></span> <span class='ocrx_word' id='word_1_121' title='bbox 1653 1758 1721 1815; x_wconf 90' lang='lat' dir='ltr'><strong>de</strong></span> <span class='ocrx_word' id='word_1_122' title='bbox 1740 1774 1847 1830; x_wconf 90' lang='lat' dir='ltr'><strong>quo</strong></span> 
     </span>
    </p>
   </div>
   <div class='ocr_carea' id='block_1_17' title="bbox 251 1847 1847 1920">
    <p class='ocr_par' dir='ltr' id='par_1_17' title="bbox 251 1847 1847 1920">
     <span class='ocr_line' id='line_1_17' title="bbox 251 1847 1847 1920; baseline 0.001 -19"><span class='ocrx_word' id='word_1_123' title='bbox 251 1847 517 1918; x_wconf 81' lang='lat' dir='ltr'><strong>scriptam</strong></span> <span class='ocrx_word' id='word_1_124' title='bbox 560 1848 762 1919; x_wconf 85' lang='lat' dir='ltr'><strong>legunt,</strong></span> <span class='ocrx_word' id='word_1_125' title='bbox 817 1847 945 1903; x_wconf 86' lang='lat' dir='ltr'><strong>Erat</strong></span> <span class='ocrx_word' id='word_1_126' title='bbox 991 1849 1161 1904; x_wconf 88' lang='lat' dir='ltr'><strong>lumen</strong></span> <span class='ocrx_word' id='word_1_127' title='bbox 1207 1864 1395 1917; x_wconf 79' lang='lat' dir='ltr'><strong>verum,</strong></span> <span class='ocrx_word' id='word_1_128' title='bbox 1428 1849 1566 1920; x_wconf 86' lang='lat' dir='ltr'><strong>quod</strong></span> <span class='ocrx_word' id='word_1_129' title='bbox 1594 1849 1847 1905; x_wconf 83' lang='lat' dir='ltr'><strong>illuminat</strong></span> 
     </span>
    </p>
   </div>
   <div class='ocr_carea' id='block_1_18' title="bbox 251 1941 1844 2016">
    <p class='ocr_par' dir='ltr' id='par_1_18' title="bbox 251 1941 1844 2016">
     <span class='ocr_line' id='line_1_18' title="bbox 251 1941 1844 2016; baseline 0.003 -22"><span class='ocrx_word' id='word_1_130' title='bbox 251 1956 457 1995; x_wconf 77' lang='lat' dir='ltr'><strong>omnem</strong></span> <span class='ocrx_word' id='word_1_131' title='bbox 478 1942 731 1996; x_wconf 84' lang='lat' dir='ltr'><strong>hominem</strong></span> <span class='ocrx_word' id='word_1_132' title='bbox 756 1942 775 2013; x_wconf 96' lang='lat'><strong>(</strong></span> <span class='ocrx_word' id='word_1_133' title='bbox 796 1941 953 1997; x_wconf 75' lang='grc' dir='ltr'><strong>ΙΙοαη.</strong></span> <span class='ocrx_word' id='word_1_134' title='bbox 982 1958 1021 2010; x_wconf 87' lang='grc' dir='ltr'><strong>ι,</strong></span> <span class='ocrx_word' id='word_1_135' title='bbox 1051 1943 1167 2014; x_wconf 85' lang='lat'><strong>9)?</strong></span> <span class='ocrx_word' id='word_1_136' title='bbox 1195 1943 1426 2014; x_wconf 81' lang='lat' dir='ltr'><strong>Spiritus</strong></span> <span class='ocrx_word' id='word_1_137' title='bbox 1455 1958 1584 2016; x_wconf 88' lang='lat' dir='ltr'><strong>ergo</strong></span> <span class='ocrx_word' id='word_1_138' title='bbox 1607 1953 1844 2014; x_wconf 90' lang='lat' dir='ltr'><strong>sanctus,</strong></span> 
     </span>
    </p>
   </div>
   <div class='ocr_carea' id='block_1_19' title="bbox 252 2028 1843 2107">
    <p class='ocr_par' dir='ltr' id='par_1_19' title="bbox 252 2028 1843 2107">
     <span class='ocr_line' id='line_1_19' title="bbox 252 2028 1843 2107; baseline 0.003 -22"><span class='ocrx_word' id='word_1_139' title='bbox 252 2031 394 2086; x_wconf 87' lang='lat' dir='ltr'><strong>sicut</strong></span> <span class='ocrx_word' id='word_1_140' title='bbox 416 2031 538 2087; x_wconf 86' lang='lat' dir='ltr'><strong>sine</strong></span> <span class='ocrx_word' id='word_1_141' title='bbox 564 2028 777 2087; x_wconf 87' lang='lat' dir='ltr'><strong>Christo</strong></span> <span class='ocrx_word' id='word_1_142' title='bbox 802 2048 908 2089; x_wconf 90' lang='lat' dir='ltr'><strong>non</strong></span> <span class='ocrx_word' id='word_1_143' title='bbox 928 2032 1088 2089; x_wconf 89' lang='lat' dir='ltr'><strong>docet</strong></span> <span class='ocrx_word' id='word_1_144' title='bbox 1107 2042 1199 2090; x_wconf 90' lang='lat' dir='ltr'><strong>aut</strong></span> <span class='ocrx_word' id='word_1_145' title='bbox 1218 2034 1478 2090; x_wconf 86' lang='lat' dir='ltr'><strong>illuminat</strong></span> <span class='ocrx_word' id='word_1_146' title='bbox 1500 2050 1843 2107; x_wconf 88' lang='lat' dir='ltr'><strong>quemquam,</strong></span> 
     </span>
    </p>
   </div>
   <div class='ocr_carea' id='block_1_20' title="bbox 255 2123 1845 2199">
    <p class='ocr_par' dir='ltr' id='par_1_20' title="bbox 255 2123 1845 2199">
     <span class='ocr_line' id='line_1_20' title="bbox 255 2123 1845 2199; baseline 0.003 -20"><span class='ocrx_word' id='word_1_147' title='bbox 255 2126 325 2180; x_wconf 79' lang='lat' dir='ltr'><strong>ita</strong></span> <span class='ocrx_word' id='word_1_148' title='bbox 353 2124 476 2181; x_wconf 83' lang='lat' dir='ltr'><strong>sine</strong></span> <span class='ocrx_word' id='word_1_149' title='bbox 502 2123 717 2181; x_wconf 88' lang='lat' dir='ltr'><strong>Christo</strong></span> <span class='ocrx_word' id='word_1_150' title='bbox 737 2140 846 2181; x_wconf 91' lang='lat' dir='ltr'><strong>non</strong></span> <span class='ocrx_word' id='word_1_151' title='bbox 871 2125 1165 2182; x_wconf 78' lang='lat' dir='ltr'><strong>sanctiﬁcat</strong></span> <span class='ocrx_word' id='word_1_152' title='bbox 1189 2127 1498 2199; x_wconf 86' lang='lat' dir='ltr'><strong>quidquam.</strong></span> <span class='ocrx_word' id='word_1_153' title='bbox 1518 2127 1651 2184; x_wconf 91' lang='lat' dir='ltr'><strong>Illud</strong></span> <span class='ocrx_word' id='word_1_154' title='bbox 1663 2136 1845 2184; x_wconf 86' lang='lat' dir='ltr'><strong>autem</strong></span> 
     </span>
    </p>
   </div>
   <div class='ocr_carea' id='block_1_21' title="bbox 251 2217 1846 2292">
    <p class='ocr_par' dir='ltr' id='par_1_21' title="bbox 251 2217 1846 2292">
     <span class='ocr_line' id='line_1_21' title="bbox 251 2217 1846 2292; baseline 0.002 -19"><span class='ocrx_word' id='word_1_155' title='bbox 251 2217 398 2288; x_wconf 85' lang='lat' dir='ltr'><strong>quod</strong></span> <span class='ocrx_word' id='word_1_156' title='bbox 430 2222 530 2288; x_wconf 86' lang='lat' dir='ltr'><strong>per</strong></span> <span class='ocrx_word' id='word_1_157' title='bbox 557 2217 869 2289; x_wconf 83' lang='lat' dir='ltr'><strong>prophetam</strong></span> <span class='ocrx_word' id='word_1_158' title='bbox 916 2218 1059 2275; x_wconf 86' lang='lat' dir='ltr'><strong>Deus</strong></span> <span class='ocrx_word' id='word_1_159' title='bbox 1098 2219 1248 2286; x_wconf 90' lang='lat' dir='ltr'><strong>dicit,</strong></span> <span class='ocrx_word' id='word_1_160' title='bbox 1304 2218 1373 2276; x_wconf 88' lang='lat' dir='ltr'><strong>Ut</strong></span> <span class='ocrx_word' id='word_1_161' title='bbox 1401 2220 1561 2277; x_wconf 75' lang='lat' dir='ltr'><strong>sciant</strong></span> <span class='ocrx_word' id='word_1_162' title='bbox 1594 2222 1713 2292; x_wconf 77' lang='lat' dir='ltr'><strong>quia</strong></span> <span class='ocrx_word' id='word_1_163' title='bbox 1755 2237 1846 2292; x_wconf 90' lang='lat' dir='ltr'><strong>ego</strong></span> 
     </span>
    </p>
   </div>
   <div class='ocr_carea' id='block_1_22' title="bbox 255 2308 1847 2385">
    <p class='ocr_par' dir='ltr' id='par_1_22' title="bbox 255 2308 1847 2385">
     <span class='ocr_line' id='line_1_22' title="bbox 255 2308 1847 2385; baseline 0.002 -21"><span class='ocrx_word' id='word_1_164' title='bbox 255 2326 368 2364; x_wconf 81' lang='lat' dir='ltr'><strong>sum</strong></span> <span class='ocrx_word' id='word_1_165' title='bbox 394 2310 487 2380; x_wconf 76' lang='lat' dir='ltr'><strong>qui</strong></span> <span class='ocrx_word' id='word_1_166' title='bbox 505 2310 772 2381; x_wconf 82' lang='lat' dir='ltr'><strong>sancti/ica</strong></span> <span class='ocrx_word' id='word_1_167' title='bbox 792 2326 875 2366; x_wconf 89' lang='lat' dir='ltr'><strong>eos</strong></span> <span class='ocrx_word' id='word_1_168' title='bbox 904 2308 1101 2381; x_wconf 68' lang='lat' dir='ltr'><strong>(Exod.</strong></span> <span class='ocrx_word' id='word_1_169' title='bbox 1126 2327 1277 2379; x_wconf 68' lang='lat' dir='ltr'><strong>xxxx,</strong></span> <span class='ocrx_word' id='word_1_170' title='bbox 1304 2310 1432 2383; x_wconf 74' lang='lat' dir='ltr'><strong>iii);</strong></span> <span class='ocrx_word' id='word_1_171' title='bbox 1463 2310 1662 2385; x_wconf 87' lang='lat' dir='ltr'><strong>eligant</strong></span> <span class='ocrx_word' id='word_1_172' title='bbox 1689 2325 1717 2365; x_wconf 88' lang='lat' dir='ltr'><strong>a</strong></span> <span class='ocrx_word' id='word_1_173' title='bbox 1740 2326 1847 2382; x_wconf 84' lang='lat' dir='ltr'><strong>quo</strong></span> 
     </span>
    </p>
   </div>
   <div class='ocr_carea' id='block_1_23' title="bbox 253 2399 1847 2474">
    <p class='ocr_par' dir='ltr' id='par_1_23' title="bbox 253 2399 1847 2474">
     <span class='ocr_line' id='line_1_23' title="bbox 253 2399 1847 2474; baseline 0.001 -18"><span class='ocrx_word' id='word_1_174' title='bbox 253 2399 457 2457; x_wconf 89' lang='lat' dir='ltr'><strong>dictum</strong></span> <span class='ocrx_word' id='word_1_175' title='bbox 480 2402 646 2458; x_wconf 84' lang='lat' dir='ltr'><strong>velint</strong></span> <span class='ocrx_word' id='word_1_176' title='bbox 672 2402 914 2459; x_wconf 87' lang='lat' dir='ltr'><strong>credere.</strong></span> <span class='ocrx_word' id='word_1_177' title='bbox 937 2401 994 2458; x_wconf 90' lang='lat' dir='ltr'><strong>Si</strong></span> <span class='ocrx_word' id='word_1_178' title='bbox 1015 2416 1047 2457; x_wconf 88' lang='lat' dir='ltr'><strong>a</strong></span> <span class='ocrx_word' id='word_1_179' title='bbox 1077 2402 1255 2469; x_wconf 73' lang='lat' dir='ltr'><strong>Patre,</strong></span> <span class='ocrx_word' id='word_1_180' title='bbox 1282 2417 1378 2457; x_wconf 89' lang='lat' dir='ltr'><strong>cur</strong></span> <span class='ocrx_word' id='word_1_181' title='bbox 1399 2403 1469 2460; x_wconf 86' lang='lat' dir='ltr'><strong>ab</strong></span> <span class='ocrx_word' id='word_1_182' title='bbox 1491 2403 1558 2460; x_wconf 81' lang='lat' dir='ltr'><strong>eo</strong></span> <span class='ocrx_word' id='word_1_183' title='bbox 1596 2410 1847 2474; x_wconf 87' lang='lat' dir='ltr'><strong>separant</strong></span> 
     </span>
    </p>
   </div>
   <div class='ocr_carea' id='block_1_24' title="bbox 252 2494 1851 2566">
    <p class='ocr_par' dir='ltr' id='par_1_24' title="bbox 252 2494 1851 2566">
     <span class='ocr_line' id='line_1_24' title="bbox 252 2494 1851 2566; baseline 0.002 -17"><span class='ocrx_word' id='word_1_184' title='bbox 252 2508 421 2564; x_wconf 85' lang='lat' dir='ltr'><strong>opera</strong></span> <span class='ocrx_word' id='word_1_185' title='bbox 467 2495 697 2566; x_wconf 89' lang='lat' dir='ltr'><strong>Spiritus</strong></span> <span class='ocrx_word' id='word_1_186' title='bbox 737 2495 979 2564; x_wconf 76' lang='lat' dir='ltr'><strong>sancti&#39;,</strong></span> <span class='ocrx_word' id='word_1_187' title='bbox 1009 2511 1129 2552; x_wconf 90' lang='lat' dir='ltr'><strong>cum</strong></span> <span class='ocrx_word' id='word_1_188' title='bbox 1157 2494 1480 2551; x_wconf 79' lang='lat' dir='ltr'><strong>sanctiﬁcari</strong></span> <span class='ocrx_word' id='word_1_189' title='bbox 1528 2504 1741 2552; x_wconf 86' lang='lat' dir='ltr'><strong>sanctos</strong></span> <span class='ocrx_word' id='word_1_190' title='bbox 1778 2495 1851 2552; x_wconf 86' lang='lat' dir='ltr'><strong>ah</strong></span> 
     </span>
    </p>
   </div>
   <div class='ocr_carea' id='block_1_25' title="bbox 253 2586 1844 2661">
    <p class='ocr_par' dir='ltr' id='par_1_25' title="bbox 253 2586 1844 2661">
     <span class='ocr_line' id='line_1_25' title="bbox 253 2586 1844 2661; baseline 0 -18"><span class='ocrx_word' id='word_1_191' title='bbox 253 2586 457 2657; x_wconf 84' lang='lat' dir='ltr'><strong>Spiritu</strong></span> <span class='ocrx_word' id='word_1_192' title='bbox 500 2596 685 2644; x_wconf 83' lang='lat' dir='ltr'><strong>sancto</strong></span> <span class='ocrx_word' id='word_1_193' title='bbox 725 2596 975 2660; x_wconf 85' lang='lat' dir='ltr'><strong>tanquam</strong></span> <span class='ocrx_word' id='word_1_194' title='bbox 998 2589 1214 2661; x_wconf 85' lang='lat' dir='ltr'><strong>proprie</strong></span> <span class='ocrx_word' id='word_1_195' title='bbox 1257 2602 1322 2644; x_wconf 86' lang='lat' dir='ltr'><strong>ac</strong></span> <span class='ocrx_word' id='word_1_196' title='bbox 1353 2588 1722 2659; x_wconf 86' lang='lat' dir='ltr'><strong>separabiliter</strong></span> <span class='ocrx_word' id='word_1_197' title='bbox 1747 2605 1844 2660; x_wconf 84' lang='lat' dir='ltr'><strong>pu-</strong></span> 
     </span>
    </p>
   </div>
   <div class='ocr_carea' id='block_1_26' title="bbox 256 2680 1845 2753">
    <p class='ocr_par' dir='ltr' id='par_1_26' title="bbox 256 2680 1845 2753">
     <span class='ocr_line' id='line_1_26' title="bbox 256 2680 1845 2753; baseline 0.001 -18"><span class='ocrx_word' id='word_1_198' title='bbox 256 2680 412 2736; x_wconf 83' lang='lat' dir='ltr'><strong>tant?</strong></span> <span class='ocrx_word' id='word_1_199' title='bbox 443 2680 501 2737; x_wconf 91' lang='lat' dir='ltr'><strong>Si</strong></span> <span class='ocrx_word' id='word_1_200' title='bbox 529 2696 559 2735; x_wconf 88' lang='lat' dir='ltr'><strong>a</strong></span> <span class='ocrx_word' id='word_1_201' title='bbox 586 2682 744 2747; x_wconf 90' lang='lat' dir='ltr'><strong>Filio,</strong></span> <span class='ocrx_word' id='word_1_202' title='bbox 790 2681 979 2738; x_wconf 87' lang='lat' dir='ltr'><strong>saltem</strong></span> <span class='ocrx_word' id='word_1_203' title='bbox 1007 2682 1076 2737; x_wconf 89' lang='lat' dir='ltr'><strong>ab</strong></span> <span class='ocrx_word' id='word_1_204' title='bbox 1100 2682 1217 2753; x_wconf 90' lang='lat' dir='ltr'><strong>ipso</strong></span> <span class='ocrx_word' id='word_1_205' title='bbox 1246 2696 1352 2737; x_wconf 92' lang='lat' dir='ltr'><strong>non</strong></span> <span class='ocrx_word' id='word_1_206' title='bbox 1395 2689 1645 2752; x_wconf 87' lang='lat' dir='ltr'><strong>separent</strong></span> <span class='ocrx_word' id='word_1_207' title='bbox 1682 2695 1845 2751; x_wconf 82' lang='lat' dir='ltr'><strong>opera</strong></span> 
     </span>
    </p>
   </div>
   <div class='ocr_carea' id='block_1_27' title="bbox 253 2773 1843 2846">
    <p class='ocr_par' dir='ltr' id='par_1_27' title="bbox 253 2773 1843 2846">
     <span class='ocr_line' id='line_1_27' title="bbox 253 2773 1843 2846; baseline -0.001 -17"><span class='ocrx_word' id='word_1_208' title='bbox 253 2775 658 2831; x_wconf 82' lang='lat' dir='ltr'><strong>sanctiﬁcatoris</strong></span> <span class='ocrx_word' id='word_1_209' title='bbox 686 2774 916 2846; x_wconf 87' lang='lat' dir='ltr'><strong>Spiritus</strong></span> <span class='ocrx_word' id='word_1_210' title='bbox 955 2775 1147 2830; x_wconf 88' lang='lat' dir='ltr'><strong>sancti.</strong></span> <span class='ocrx_word' id='word_1_211' title='bbox 1201 2773 1256 2831; x_wconf 88' lang='lat' dir='ltr'><strong>Si</strong></span> <span class='ocrx_word' id='word_1_212' title='bbox 1300 2775 1368 2831; x_wconf 89' lang='lat' dir='ltr'><strong>ab</strong></span> <span class='ocrx_word' id='word_1_213' title='bbox 1402 2773 1602 2844; x_wconf 89' lang='lat' dir='ltr'><strong>Spiritu</strong></span> <span class='ocrx_word' id='word_1_214' title='bbox 1638 2780 1843 2838; x_wconf 90' lang='lat' dir='ltr'><strong>sancto,</strong></span> 
     </span>
    </p>
   </div>
   <div class='ocr_carea' id='block_1_28' title="bbox 255 2866 1846 2938">
    <p class='ocr_par' dir='ltr' id='par_1_28' title="bbox 255 2866 1846 2938">
     <span class='ocr_line' id='line_1_28' title="bbox 255 2866 1846 2938; baseline 0 -16"><span class='ocrx_word' id='word_1_215' title='bbox 255 2866 397 2922; x_wconf 86' lang='lat' dir='ltr'><strong>Deus</strong></span> <span class='ocrx_word' id='word_1_216' title='bbox 427 2876 514 2923; x_wconf 87' lang='lat' dir='ltr'><strong>est</strong></span> <span class='ocrx_word' id='word_1_217' title='bbox 535 2868 694 2923; x_wconf 87' lang='lat' dir='ltr'><strong>etiam</strong></span> <span class='ocrx_word' id='word_1_218' title='bbox 726 2866 956 2938; x_wconf 89' lang='lat' dir='ltr'><strong>Spiritus</strong></span> <span class='ocrx_word' id='word_1_219' title='bbox 982 2877 1217 2935; x_wconf 90' lang='lat' dir='ltr'><strong>sanctus,</strong></span> <span class='ocrx_word' id='word_1_220' title='bbox 1244 2866 1385 2938; x_wconf 91' lang='lat' dir='ltr'><strong>quod</strong></span> <span class='ocrx_word' id='word_1_221' title='bbox 1414 2867 1487 2921; x_wconf 90' lang='lat' dir='ltr'><strong>illi</strong></span> <span class='ocrx_word' id='word_1_222' title='bbox 1518 2866 1724 2931; x_wconf 88' lang='lat' dir='ltr'><strong>nolunt,</strong></span> <span class='ocrx_word' id='word_1_223' title='bbox 1755 2866 1846 2937; x_wconf 87' lang='lat' dir='ltr'><strong>qui</strong></span> 
     </span>
    </p>
   </div>
   <div class='ocr_carea' id='block_1_29' title="bbox 253 2959 1847 3031">
    <p class='ocr_par' dir='ltr' id='par_1_29' title="bbox 253 2959 1847 3031">
     <span class='ocr_line' id='line_1_29' title="bbox 253 2959 1847 3031; baseline -0.003 -14"><span class='ocrx_word' id='word_1_224' title='bbox 253 2977 348 3031; x_wconf 83' lang='lat' dir='ltr'><strong>per</strong></span> <span class='ocrx_word' id='word_1_225' title='bbox 372 2961 697 3031; x_wconf 89' lang='lat' dir='ltr'><strong>Prophetam</strong></span> <span class='ocrx_word' id='word_1_226' title='bbox 727 2959 878 3025; x_wconf 75' lang='lat' dir='ltr'><strong>dixit,</strong></span> <span class='ocrx_word' id='word_1_227' title='bbox 911 2960 978 3015; x_wconf 90' lang='lat' dir='ltr'><strong>Ut</strong></span> <span class='ocrx_word' id='word_1_228' title='bbox 1002 2959 1163 3015; x_wconf 82' lang='lat' dir='ltr'><strong>sciant</strong></span> <span class='ocrx_word' id='word_1_229' title='bbox 1189 2960 1308 3030; x_wconf 82' lang='lat' dir='ltr'><strong>quia</strong></span> <span class='ocrx_word' id='word_1_230' title='bbox 1330 2975 1420 3031; x_wconf 91' lang='lat' dir='ltr'><strong>ego</strong></span> <span class='ocrx_word' id='word_1_231' title='bbox 1458 2975 1569 3013; x_wconf 88' lang='lat' dir='ltr'><strong>sum</strong></span> <span class='ocrx_word' id='word_1_232' title='bbox 1596 2959 1682 3030; x_wconf 83' lang='lat' dir='ltr'><strong>qui</strong></span> <span class='ocrx_word' id='word_1_233' title='bbox 1726 2974 1847 3013; x_wconf 81' lang='lat' dir='ltr'><strong>san-</strong></span> 
     </span>
    </p>
   </div>
   <div class='ocr_carea' id='block_1_30' title="bbox 250 3048 1846 3122">
    <p class='ocr_par' dir='ltr' id='par_1_30' title="bbox 250 3048 1846 3122">
     <span class='ocr_line' id='line_1_30' title="bbox 250 3048 1846 3122; baseline -0.001 -15"><span class='ocrx_word' id='word_1_234' title='bbox 250 3048 421 3120; x_wconf 73' lang='lat' dir='ltr'><strong>etiﬁco</strong></span> <span class='ocrx_word' id='word_1_235' title='bbox 451 3069 555 3108; x_wconf 88' lang='lat' dir='ltr'><strong>eos.</strong></span> <span class='ocrx_word' id='word_1_236' title='bbox 583 3053 639 3108; x_wconf 91' lang='lat' dir='ltr'><strong>Si</strong></span> <span class='ocrx_word' id='word_1_237' title='bbox 666 3061 864 3118; x_wconf 88' lang='lat' dir='ltr'><strong>autem,</strong></span> <span class='ocrx_word' id='word_1_238' title='bbox 894 3050 1035 3122; x_wconf 91' lang='lat' dir='ltr'><strong>quod</strong></span> <span class='ocrx_word' id='word_1_239' title='bbox 1064 3051 1254 3106; x_wconf 90' lang='lat' dir='ltr'><strong>melius</strong></span> <span class='ocrx_word' id='word_1_240' title='bbox 1275 3050 1603 3120; x_wconf 77' lang='lat' dir='ltr'><strong>intelligitur,</strong></span> <span class='ocrx_word' id='word_1_241' title='bbox 1632 3065 1733 3106; x_wconf 82' lang='lat' dir='ltr'><strong>vox</strong></span> <span class='ocrx_word' id='word_1_242' title='bbox 1760 3051 1846 3106; x_wconf 88' lang='lat' dir='ltr'><strong>illa</strong></span> 
     </span>
    </p>
   </div>
   <div class='ocr_carea' id='block_1_31' title="bbox 254 3139 1844 3213">
    <p class='ocr_par' dir='ltr' id='par_1_31' title="bbox 254 3139 1844 3213">
     <span class='ocr_line' id='line_1_31' title="bbox 254 3139 1844 3213; baseline 0 -17"><span class='ocrx_word' id='word_1_243' title='bbox 254 3143 423 3213; x_wconf 85' lang='lat' dir='ltr'><strong>ipsius</strong></span> <span class='ocrx_word' id='word_1_244' title='bbox 453 3142 725 3198; x_wconf 84' lang='lat' dir='ltr'><strong>Trinitatis</strong></span> <span class='ocrx_word' id='word_1_245' title='bbox 752 3150 833 3198; x_wconf 90' lang='lat' dir='ltr'><strong>est</strong></span> <span class='ocrx_word' id='word_1_246' title='bbox 863 3157 961 3212; x_wconf 89' lang='lat' dir='ltr'><strong>per</strong></span> <span class='ocrx_word' id='word_1_247' title='bbox 987 3141 1305 3212; x_wconf 87' lang='lat' dir='ltr'><strong>Pr0phetam</strong></span> <span class='ocrx_word' id='word_1_248' title='bbox 1326 3180 1340 3206; x_wconf 89' lang='lat'><strong>,</strong></span> <span class='ocrx_word' id='word_1_249' title='bbox 1371 3141 1519 3197; x_wconf 91' lang='lat' dir='ltr'><strong>nullo</strong></span> <span class='ocrx_word' id='word_1_250' title='bbox 1546 3139 1844 3208; x_wconf 87' lang='lat' dir='ltr'><strong>dubitante,</strong></span> 
     </span>
    </p>
   </div>
   <div class='ocr_carea' id='block_1_32' title="bbox 252 3232 1843 3302">
    <p class='ocr_par' dir='ltr' id='par_1_32' title="bbox 252 3232 1843 3302">
     <span class='ocr_line' id='line_1_32' title="bbox 252 3232 1843 3302; baseline -0.001 -13"><span class='ocrx_word' id='word_1_251' title='bbox 252 3250 391 3290; x_wconf 88' lang='lat' dir='ltr'><strong>unus</strong></span> <span class='ocrx_word' id='word_1_252' title='bbox 416 3242 501 3290; x_wconf 89' lang='lat' dir='ltr'><strong>est</strong></span> <span class='ocrx_word' id='word_1_253' title='bbox 529 3234 669 3290; x_wconf 88' lang='lat' dir='ltr'><strong>Deus</strong></span> <span class='ocrx_word' id='word_1_254' title='bbox 696 3235 855 3290; x_wconf 88' lang='lat' dir='ltr'><strong>Pater</strong></span> <span class='ocrx_word' id='word_1_255' title='bbox 879 3244 933 3289; x_wconf 89' lang='lat' dir='ltr'><strong>et</strong></span> <span class='ocrx_word' id='word_1_256' title='bbox 960 3232 1128 3288; x_wconf 87' lang='lat' dir='ltr'><strong>Filius</strong></span> <span class='ocrx_word' id='word_1_257' title='bbox 1171 3240 1226 3288; x_wconf 88' lang='lat' dir='ltr'><strong>et</strong></span> <span class='ocrx_word' id='word_1_258' title='bbox 1264 3232 1492 3302; x_wconf 86' lang='lat' dir='ltr'><strong>Spiritus</strong></span> <span class='ocrx_word' id='word_1_259' title='bbox 1520 3241 1755 3296; x_wconf 86' lang='lat' dir='ltr'><strong>sanctus,</strong></span> <span class='ocrx_word' id='word_1_260' title='bbox 1778 3246 1843 3287; x_wconf 77' lang='lat' dir='ltr'><strong>es</strong></span> 
     </span>
    </p>
   </div>
   <div class='ocr_carea' id='block_1_33' title="bbox 251 3323 1844 3397">
    <p class='ocr_par' dir='ltr' id='par_1_33' title="bbox 251 3323 1844 3397">
     <span class='ocr_line' id='line_1_33' title="bbox 251 3323 1844 3397; baseline -0.001 -17"><span class='ocrx_word' id='word_1_261' title='bbox 251 3341 359 3397; x_wconf 90' lang='lat' dir='ltr'><strong>quo</strong></span> <span class='ocrx_word' id='word_1_262' title='bbox 385 3326 588 3390; x_wconf 90' lang='lat' dir='ltr'><strong>omnia,</strong></span> <span class='ocrx_word' id='word_1_263' title='bbox 620 3341 715 3396; x_wconf 87' lang='lat' dir='ltr'><strong>per</strong></span> <span class='ocrx_word' id='word_1_264' title='bbox 739 3341 895 3396; x_wconf 90' lang='lat' dir='ltr'><strong>quem</strong></span> <span class='ocrx_word' id='word_1_265' title='bbox 923 3325 1123 3389; x_wconf 86' lang='lat' dir='ltr'><strong>omnia,</strong></span> <span class='ocrx_word' id='word_1_266' title='bbox 1155 3325 1209 3379; x_wconf 92' lang='lat' dir='ltr'><strong>in</strong></span> <span class='ocrx_word' id='word_1_267' title='bbox 1234 3340 1339 3395; x_wconf 90' lang='lat' dir='ltr'><strong>quo</strong></span> <span class='ocrx_word' id='word_1_268' title='bbox 1360 3325 1572 3391; x_wconf 88' lang='lat' dir='ltr'><strong>omnia;</strong></span> <span class='ocrx_word' id='word_1_269' title='bbox 1596 3324 1694 3395; x_wconf 89' lang='lat' dir='ltr'><strong>ipsi</strong></span> <span class='ocrx_word' id='word_1_270' title='bbox 1724 3323 1844 3394; x_wconf 83' lang='lat' dir='ltr'><strong>glo-</strong></span> 
     </span>
    </p>
   </div>
   <div class='ocr_carea' id='block_1_34' title="bbox 253 3415 1665 3487">
    <p class='ocr_par' dir='ltr' id='par_1_34' title="bbox 253 3415 1665 3487">
     <span class='ocr_line' id='line_1_34' title="bbox 253 3415 1665 3487; baseline -0.001 -16"><span class='ocrx_word' id='word_1_271' title='bbox 253 3417 330 3473; x_wconf 87' lang='lat' dir='ltr'><strong>ria</strong></span> <span class='ocrx_word' id='word_1_272' title='bbox 360 3418 416 3473; x_wconf 92' lang='lat' dir='ltr'><strong>in</strong></span> <span class='ocrx_word' id='word_1_273' title='bbox 447 3417 640 3472; x_wconf 70' lang='lat' dir='ltr'><strong>saecula</strong></span> <span class='ocrx_word' id='word_1_274' title='bbox 665 3416 1003 3472; x_wconf 63' lang='lat' dir='ltr'><strong>saeculorum.</strong></span> <span class='ocrx_word' id='word_1_275' title='bbox 1034 3416 1207 3471; x_wconf 86' lang='lat' dir='ltr'><strong>Amen</strong></span> <span class='ocrx_word' id='word_1_276' title='bbox 1237 3415 1416 3487; x_wconf 88' lang='lat' dir='ltr'><strong>(Rom.</strong></span> <span class='ocrx_word' id='word_1_277' title='bbox 1449 3431 1524 3483; x_wconf 76' lang='lat' dir='ltr'><strong>si,</strong></span> <span class='ocrx_word' id='word_1_278' title='bbox 1551 3415 1665 3487; x_wconf 79' lang='lat'><strong>56).</strong></span> 
     </span>
    </p>
   </div>
   <div class='ocr_carea' id='block_1_35' title="bbox 320 3506 1845 3577">
    <p class='ocr_par' dir='ltr' id='par_1_35' title="bbox 320 3506 1845 3577">
     <span class='ocr_line' id='line_1_35' title="bbox 320 3506 1845 3577; baseline -0.001 -14"><span class='ocrx_word' id='word_1_279' title='bbox 320 3507 552 3564; x_wconf 87' lang='lat' dir='ltr'><strong>CAPUT</strong></span> <span class='ocrx_word' id='word_1_280' title='bbox 589 3507 829 3563; x_wconf 78' lang='lat' dir='ltr'><strong>XXXIII.</strong></span> <span class='ocrx_word' id='word_1_281' title='bbox 855 3537 924 3546; x_wconf 88' lang='lat'><strong>——</strong></span> <span class='ocrx_word' id='word_1_282' title='bbox 950 3507 1040 3562; x_wconf 75' lang='grc'><strong>51.</strong></span> <span class='ocrx_word' id='word_1_283' title='bbox 1073 3507 1207 3562; x_wconf 88' lang='lat' dir='ltr'><strong>Cum</strong></span> <span class='ocrx_word' id='word_1_284' title='bbox 1239 3506 1414 3577; x_wconf 89' lang='lat' dir='ltr'><strong>itaque</strong></span> <span class='ocrx_word' id='word_1_285' title='bbox 1444 3506 1702 3562; x_wconf 80' lang='lat' dir='ltr'><strong>fateamur</strong></span> <span class='ocrx_word' id='word_1_286' title='bbox 1730 3507 1845 3563; x_wconf 78' lang='lat' dir='ltr'><strong>ﬁeri</strong></span> 
     </span>
    </p>
   </div>
   <div class='ocr_carea' id='block_1_36' title="bbox 254 3600 1840 3672">
    <p class='ocr_par' dir='ltr' id='par_1_36' title="bbox 254 3600 1840 3672">
     <span class='ocr_line' id='line_1_36' title="bbox 254 3600 1840 3672; baseline 0 -17"><span class='ocrx_word' id='word_1_287' title='bbox 254 3601 321 3655; x_wconf 87' lang='lat' dir='ltr'><strong>ab</strong></span> <span class='ocrx_word' id='word_1_288' title='bbox 339 3601 543 3672; x_wconf 88' lang='lat' dir='ltr'><strong>Spiritu</strong></span> <span class='ocrx_word' id='word_1_289' title='bbox 569 3610 775 3668; x_wconf 91' lang='lat' dir='ltr'><strong>sancto,</strong></span> <span class='ocrx_word' id='word_1_290' title='bbox 796 3616 914 3671; x_wconf 64' lang='lat' dir='ltr'><strong>quae</strong></span> <span class='ocrx_word' id='word_1_291' title='bbox 942 3601 1006 3656; x_wconf 87' lang='lat' dir='ltr'><strong>ab</strong></span> <span class='ocrx_word' id='word_1_292' title='bbox 1028 3600 1120 3655; x_wconf 91' lang='lat' dir='ltr'><strong>illo</strong></span> <span class='ocrx_word' id='word_1_293' title='bbox 1140 3600 1251 3655; x_wconf 80' lang='lat' dir='ltr'><strong>ﬁeri</strong></span> <span class='ocrx_word' id='word_1_294' title='bbox 1269 3611 1840 3666; x_wconf 86' lang='lat' dir='ltr'><strong>commemoraverunt,</strong></span> 
     </span>
    </p>
   </div>
   <div class='ocr_carea' id='block_1_37' title="bbox 251 3691 1848 3763">
    <p class='ocr_par' dir='ltr' id='par_1_37' title="bbox 251 3691 1848 3763">
     <span class='ocr_line' id='line_1_37' title="bbox 251 3691 1848 3763; baseline -0.001 -15"><span class='ocrx_word' id='word_1_295' title='bbox 251 3707 360 3748; x_wconf 83' lang='lat' dir='ltr'><strong>non</strong></span> <span class='ocrx_word' id='word_1_296' title='bbox 383 3702 470 3749; x_wconf 88' lang='lat' dir='ltr'><strong>est</strong></span> <span class='ocrx_word' id='word_1_297' title='bbox 496 3708 567 3749; x_wconf 83' lang='lat' dir='ltr'><strong>ex</strong></span> <span class='ocrx_word' id='word_1_298' title='bbox 597 3707 662 3748; x_wconf 89' lang='lat' dir='ltr'><strong>eo</strong></span> <span class='ocrx_word' id='word_1_299' title='bbox 682 3707 1014 3763; x_wconf 88' lang='lat' dir='ltr'><strong>consequens</strong></span> <span class='ocrx_word' id='word_1_300' title='bbox 1030 3691 1172 3763; x_wconf 75' lang='lat' dir='ltr'><strong>quod</strong></span> <span class='ocrx_word' id='word_1_301' title='bbox 1199 3691 1489 3762; x_wconf 87' lang='lat' dir='ltr'><strong>adjnngunt</strong></span> <span class='ocrx_word' id='word_1_302' title='bbox 1517 3708 1531 3746; x_wconf 89' lang='lat'><strong>:</strong></span> <span class='ocrx_word' id='word_1_303' title='bbox 1555 3691 1724 3747; x_wconf 85' lang='lat' dir='ltr'><strong>Alium</strong></span> <span class='ocrx_word' id='word_1_304' title='bbox 1742 3710 1848 3747; x_wconf 88' lang='lat' dir='ltr'><strong>esse</strong></span> 
     </span>
    </p>
   </div>
   <div class='ocr_carea' id='block_1_38' title="bbox 249 3784 1847 3857">
    <p class='ocr_par' dir='ltr' id='par_1_38' title="bbox 249 3784 1847 3857">
     <span class='ocr_line' id='line_1_38' title="bbox 249 3784 1847 3857; baseline -0.001 -19"><span class='ocrx_word' id='word_1_305' title='bbox 249 3802 284 3838; x_wconf 89' lang='lat' dir='ltr'><strong>a</strong></span> <span class='ocrx_word' id='word_1_306' title='bbox 310 3785 451 3841; x_wconf 87' lang='lat' dir='ltr'><strong>Filio</strong></span> <span class='ocrx_word' id='word_1_307' title='bbox 473 3785 727 3857; x_wconf 82' lang='lat' dir='ltr'><strong>Spiritum</strong></span> <span class='ocrx_word' id='word_1_308' title='bbox 744 3794 974 3840; x_wconf 88' lang='lat' dir='ltr'><strong>sanetum</strong></span> <span class='ocrx_word' id='word_1_309' title='bbox 996 3794 1180 3838; x_wconf 87' lang='lat' dir='ltr'><strong>natura</strong></span> <span class='ocrx_word' id='word_1_310' title='bbox 1207 3793 1252 3837; x_wconf 90' lang='lat' dir='ltr'><strong>et</strong></span> <span class='ocrx_word' id='word_1_311' title='bbox 1276 3784 1472 3849; x_wconf 82' lang='lat' dir='ltr'><strong>ordine,</strong></span> <span class='ocrx_word' id='word_1_312' title='bbox 1503 3784 1667 3855; x_wconf 87' lang='lat' dir='ltr'><strong>gradu</strong></span> <span class='ocrx_word' id='word_1_313' title='bbox 1696 3794 1744 3838; x_wconf 92' lang='lat' dir='ltr'><strong>et</strong></span> <span class='ocrx_word' id='word_1_314' title='bbox 1765 3788 1847 3856; x_wconf 76' lang='lat' dir='ltr'><strong>af-</strong></span> 
     </span>
    </p>
   </div>
   <div class='ocr_carea' id='block_1_39' title="bbox 254 3877 1847 3949">
    <p class='ocr_par' dir='ltr' id='par_1_39' title="bbox 254 3877 1847 3949">
     <span class='ocr_line' id='line_1_39' title="bbox 254 3877 1847 3949; baseline 0 -17"><span class='ocrx_word' id='word_1_315' title='bbox 254 3883 410 3949; x_wconf 74' lang='lat' dir='ltr'><strong>fectu,</strong></span> <span class='ocrx_word' id='word_1_316' title='bbox 444 3877 684 3949; x_wconf 89' lang='lat' dir='ltr'><strong>dignitate</strong></span> <span class='ocrx_word' id='word_1_317' title='bbox 704 3886 748 3931; x_wconf 87' lang='lat' dir='ltr'><strong>et</strong></span> <span class='ocrx_word' id='word_1_318' title='bbox 778 3886 1038 3947; x_wconf 83' lang='lat' dir='ltr'><strong>potestate,</strong></span> <span class='ocrx_word' id='word_1_319' title='bbox 1068 3877 1246 3930; x_wconf 84' lang='lat' dir='ltr'><strong>virtute</strong></span> <span class='ocrx_word' id='word_1_320' title='bbox 1265 3887 1311 3929; x_wconf 90' lang='lat' dir='ltr'><strong>et</strong></span> <span class='ocrx_word' id='word_1_321' title='bbox 1338 3877 1647 3946; x_wconf 85' lang='lat' dir='ltr'><strong>operatione.</strong></span> <span class='ocrx_word' id='word_1_322' title='bbox 1666 3877 1847 3946; x_wconf 84' lang='lat' dir='ltr'><strong>Quan-</strong></span> 
     </span>
    </p>
   </div>
   <div class='ocr_carea' id='block_1_40' title="bbox 252 3969 1843 4042">
    <p class='ocr_par' dir='ltr' id='par_1_40' title="bbox 252 3969 1843 4042">
     <span class='ocr_line' id='line_1_40' title="bbox 252 3969 1843 4042; baseline -0.001 -16"><span class='ocrx_word' id='word_1_323' title='bbox 252 3970 541 4042; x_wconf 89' lang='lat' dir='ltr'><strong>doquidem</strong></span> <span class='ocrx_word' id='word_1_324' title='bbox 572 3986 671 4026; x_wconf 91' lang='lat' dir='ltr'><strong>nec</strong></span> <span class='ocrx_word' id='word_1_325' title='bbox 699 3970 972 4026; x_wconf 86' lang='lat' dir='ltr'><strong>hominum</strong></span> <span class='ocrx_word' id='word_1_326' title='bbox 1001 3969 1212 4024; x_wconf 85' lang='lat' dir='ltr'><strong>diversa</strong></span> <span class='ocrx_word' id='word_1_327' title='bbox 1247 3978 1429 4022; x_wconf 88' lang='lat' dir='ltr'><strong>natura</strong></span> <span class='ocrx_word' id='word_1_328' title='bbox 1472 3978 1576 4034; x_wconf 88' lang='lat' dir='ltr'><strong>est,</strong></span> <span class='ocrx_word' id='word_1_329' title='bbox 1616 3985 1843 4039; x_wconf 89' lang='lat' dir='ltr'><strong>quorum</strong></span> 
     </span>
    </p>
   </div>
   <div class='ocr_carea' id='block_1_41' title="bbox 250 4060 1846 4133">
    <p class='ocr_par' dir='ltr' id='par_1_41' title="bbox 250 4060 1846 4133">
     <span class='ocr_line' id='line_1_41' title="bbox 250 4060 1846 4133; baseline -0.001 -15"><span class='ocrx_word' id='word_1_330' title='bbox 250 4062 571 4133; x_wconf 86' lang='lat' dir='ltr'><strong>separabilia</strong></span> <span class='ocrx_word' id='word_1_331' title='bbox 598 4077 759 4133; x_wconf 88' lang='lat' dir='ltr'><strong>opera</strong></span> <span class='ocrx_word' id='word_1_332' title='bbox 794 4077 914 4117; x_wconf 90' lang='lat' dir='ltr'><strong>esse</strong></span> <span class='ocrx_word' id='word_1_333' title='bbox 957 4069 1197 4133; x_wconf 88' lang='lat' dir='ltr'><strong>possunt,</strong></span> <span class='ocrx_word' id='word_1_334' title='bbox 1241 4060 1380 4131; x_wconf 87' lang='lat' dir='ltr'><strong>quod</strong></span> <span class='ocrx_word' id='word_1_335' title='bbox 1416 4060 1686 4116; x_wconf 79' lang='lat' dir='ltr'><strong>Trinitatis</strong></span> <span class='ocrx_word' id='word_1_336' title='bbox 1726 4077 1846 4116; x_wconf 86' lang='lat' dir='ltr'><strong>esse</strong></span> 
     </span>
    </p>
   </div>
   <div class='ocr_carea' id='block_1_42' title="bbox 254 4154 1844 4226">
    <p class='ocr_par' dir='ltr' id='par_1_42' title="bbox 254 4154 1844 4226">
     <span class='ocr_line' id='line_1_42' title="bbox 254 4154 1844 4226; baseline -0.001 -16"><span class='ocrx_word' id='word_1_337' title='bbox 254 4169 361 4210; x_wconf 89' lang='lat' dir='ltr'><strong>non</strong></span> <span class='ocrx_word' id='word_1_338' title='bbox 390 4165 633 4226; x_wconf 87' lang='lat' dir='ltr'><strong>possunt.</strong></span> <span class='ocrx_word' id='word_1_339' title='bbox 664 4155 806 4210; x_wconf 88' lang='lat' dir='ltr'><strong>Ordo</strong></span> <span class='ocrx_word' id='word_1_340' title='bbox 834 4163 1032 4218; x_wconf 88' lang='lat' dir='ltr'><strong>autem,</strong></span> <span class='ocrx_word' id='word_1_341' title='bbox 1063 4154 1274 4224; x_wconf 88' lang='lat' dir='ltr'><strong>gradus,</strong></span> <span class='ocrx_word' id='word_1_342' title='bbox 1307 4154 1549 4220; x_wconf 73' lang='lat' dir='ltr'><strong>allectus,</strong></span> <span class='ocrx_word' id='word_1_343' title='bbox 1576 4154 1664 4224; x_wconf 88' lang='lat' dir='ltr'><strong>qui</strong></span> <span class='ocrx_word' id='word_1_344' title='bbox 1694 4154 1844 4209; x_wconf 88' lang='lat' dir='ltr'><strong>inve-</strong></span> 
     </span>
    </p>
   </div>
   <div class='ocr_carea' id='block_1_43' title="bbox 255 4242 1846 4316">
    <p class='ocr_par' dir='ltr' id='par_1_43' title="bbox 255 4242 1846 4316">
     <span class='ocr_line' id='line_1_43' title="bbox 255 4242 1846 4316; baseline -0.001 -14"><span class='ocrx_word' id='word_1_345' title='bbox 255 4242 400 4302; x_wconf 88' lang='lat' dir='ltr'><strong>nitur</strong></span> <span class='ocrx_word' id='word_1_346' title='bbox 442 4247 496 4302; x_wconf 93' lang='lat' dir='ltr'><strong>in</strong></span> <span class='ocrx_word' id='word_1_347' title='bbox 526 4256 786 4303; x_wconf 67' lang='lat' dir='ltr'><strong>creatura:</strong></span> <span class='ocrx_word' id='word_1_348' title='bbox 822 4246 1170 4316; x_wconf 84' lang='lat' dir='ltr'><strong>disparilitate</strong></span> <span class='ocrx_word' id='word_1_349' title='bbox 1199 4254 1252 4299; x_wconf 86' lang='lat' dir='ltr'><strong>et</strong></span> <span class='ocrx_word' id='word_1_350' title='bbox 1293 4245 1619 4311; x_wconf 83' lang='lat' dir='ltr'><strong>inﬁrmitate,</strong></span> <span class='ocrx_word' id='word_1_351' title='bbox 1668 4246 1846 4300; x_wconf 92' lang='lat' dir='ltr'><strong>nullus</strong></span> 
     </span>
    </p>
   </div>
   <div class='ocr_carea' id='block_1_44' title="bbox 254 4336 1842 4407">
    <p class='ocr_par' dir='ltr' id='par_1_44' title="bbox 254 4336 1842 4407">
     <span class='ocr_line' id='line_1_44' title="bbox 254 4336 1842 4407; baseline -0.002 -12"><span class='ocrx_word' id='word_1_352' title='bbox 254 4350 339 4396; x_wconf 84' lang='lat' dir='ltr'><strong>est</strong></span> <span class='ocrx_word' id='word_1_353' title='bbox 364 4340 418 4394; x_wconf 92' lang='lat' dir='ltr'><strong>in</strong></span> <span class='ocrx_word' id='word_1_354' title='bbox 444 4339 531 4394; x_wconf 90' lang='lat' dir='ltr'><strong>illa</strong></span> <span class='ocrx_word' id='word_1_355' title='bbox 556 4349 822 4394; x_wconf 67' lang='lat' dir='ltr'><strong>coaeterna</strong></span> <span class='ocrx_word' id='word_1_356' title='bbox 853 4347 907 4393; x_wconf 91' lang='lat' dir='ltr'><strong>et</strong></span> <span class='ocrx_word' id='word_1_357' title='bbox 931 4337 1123 4407; x_wconf 78' lang='lat' dir='ltr'><strong>aequali</strong></span> <span class='ocrx_word' id='word_1_358' title='bbox 1149 4345 1203 4392; x_wconf 91' lang='lat' dir='ltr'><strong>ct</strong></span> <span class='ocrx_word' id='word_1_359' title='bbox 1226 4336 1539 4407; x_wconf 91' lang='lat' dir='ltr'><strong>impassihili</strong></span> <span class='ocrx_word' id='word_1_360' title='bbox 1566 4336 1842 4392; x_wconf 86' lang='lat' dir='ltr'><strong>Trinitate.</strong></span> 
     </span>
    </p>
   </div>
   <div class='ocr_carea' id='block_1_45' title="bbox 258 4430 1847 4502">
    <p class='ocr_par' dir='ltr' id='par_1_45' title="bbox 258 4430 1847 4502">
     <span class='ocr_line' id='line_1_45' title="bbox 258 4430 1847 4502; baseline -0.001 -15"><span class='ocrx_word' id='word_1_361' title='bbox 258 4431 500 4502; x_wconf 86' lang='lat' dir='ltr'><strong>Dignitas</strong></span> <span class='ocrx_word' id='word_1_362' title='bbox 521 4447 671 4499; x_wconf 88' lang='lat' dir='ltr'><strong>vero,</strong></span> <span class='ocrx_word' id='word_1_363' title='bbox 702 4440 956 4502; x_wconf 86' lang='lat' dir='ltr'><strong>potestas,</strong></span> <span class='ocrx_word' id='word_1_364' title='bbox 990 4432 1178 4496; x_wconf 88' lang='lat' dir='ltr'><strong>virtus,</strong></span> <span class='ocrx_word' id='word_1_365' title='bbox 1201 4430 1469 4500; x_wconf 90' lang='lat' dir='ltr'><strong>quomodo</strong></span> <span class='ocrx_word' id='word_1_366' title='bbox 1495 4446 1600 4484; x_wconf 89' lang='lat' dir='ltr'><strong>non</strong></span> <span class='ocrx_word' id='word_1_367' title='bbox 1627 4431 1847 4501; x_wconf 70' lang='lat' dir='ltr'><strong>mqualis</strong></span> 
     </span>
    </p>
   </div>
   <div class='ocr_carea' id='block_1_46' title="bbox 256 4522 1847 4596">
    <p class='ocr_par' dir='ltr' id='par_1_46' title="bbox 256 4522 1847 4596">
     <span class='ocr_line' id='line_1_46' title="bbox 256 4522 1847 4596; baseline -0.003 -15"><span class='ocrx_word' id='word_1_368' title='bbox 256 4535 340 4581; x_wconf 81' lang='lat' dir='ltr'><strong>est</strong></span> <span class='ocrx_word' id='word_1_369' title='bbox 379 4525 650 4591; x_wconf 82' lang='lat' dir='ltr'><strong>omnibus,</strong></span> <span class='ocrx_word' id='word_1_370' title='bbox 683 4526 772 4596; x_wconf 92' lang='lat' dir='ltr'><strong>qui</strong></span> <span class='ocrx_word' id='word_1_371' title='bbox 819 4535 873 4580; x_wconf 89' lang='lat' dir='ltr'><strong>et</strong></span> <span class='ocrx_word' id='word_1_372' title='bbox 912 4523 1099 4581; x_wconf 86' lang='lat' dir='ltr'><strong>eadem</strong></span> <span class='ocrx_word' id='word_1_373' title='bbox 1144 4533 1199 4577; x_wconf 89' lang='lat' dir='ltr'><strong>et</strong></span> <span class='ocrx_word' id='word_1_374' title='bbox 1243 4522 1486 4577; x_wconf 89' lang='lat' dir='ltr'><strong>similiter</strong></span> <span class='ocrx_word' id='word_1_375' title='bbox 1522 4523 1847 4593; x_wconf 86' lang='lat' dir='ltr'><strong>operantur?</strong></span> 
     </span>
    </p>
   </div>
   <div class='ocr_carea' id='block_1_47' title="bbox 257 4614 1847 4687">
    <p class='ocr_par' dir='ltr' id='par_1_47' title="bbox 257 4614 1847 4687">
     <span class='ocr_line' id='line_1_47' title="bbox 257 4614 1847 4687; baseline -0.002 -15"><span class='ocrx_word' id='word_1_376' title='bbox 257 4618 410 4687; x_wconf 79' lang='lat' dir='ltr'><strong>Quod</strong></span> <span class='ocrx_word' id='word_1_377' title='bbox 425 4619 568 4674; x_wconf 85' lang='lat' dir='ltr'><strong>enim</strong></span> <span class='ocrx_word' id='word_1_378' title='bbox 593 4617 776 4673; x_wconf 88' lang='lat' dir='ltr'><strong>dicunt</strong></span> <span class='ocrx_word' id='word_1_379' title='bbox 797 4631 891 4673; x_wconf 91' lang='lat' dir='ltr'><strong>eos</strong></span> <span class='ocrx_word' id='word_1_380' title='bbox 911 4615 1221 4687; x_wconf 86' lang='lat' dir='ltr'><strong>operatione</strong></span> <span class='ocrx_word' id='word_1_381' title='bbox 1232 4614 1491 4683; x_wconf 88' lang='lat' dir='ltr'><strong>diversos,</strong></span> <span class='ocrx_word' id='word_1_382' title='bbox 1505 4614 1609 4671; x_wconf 92' lang='lat' dir='ltr'><strong>hoc</strong></span> <span class='ocrx_word' id='word_1_383' title='bbox 1626 4614 1847 4670; x_wconf 90' lang='lat' dir='ltr'><strong>omnino</strong></span> 
     </span>
    </p>
   </div>
   <div class='ocr_carea' id='block_1_48' title="bbox 258 4710 1579 4768">
    <p class='ocr_par' dir='ltr' id='par_1_48' title="bbox 258 4710 1579 4768">
     <span class='ocr_line' id='line_1_48' title="bbox 258 4710 1579 4768; baseline 0 -3"><span class='ocrx_word' id='word_1_384' title='bbox 258 4710 452 4767; x_wconf 80' lang='lat' dir='ltr'><strong>falsum</strong></span> <span class='ocrx_word' id='word_1_385' title='bbox 475 4727 595 4768; x_wconf 85' lang='lat' dir='ltr'><strong>esse</strong></span> <span class='ocrx_word' id='word_1_386' title='bbox 619 4712 965 4768; x_wconf 82' lang='lat' dir='ltr'><strong>convicimus.</strong></span> <span class='ocrx_word' id='word_1_387' title='bbox 1450 4728 1465 4751; x_wconf 70' lang='grc' dir='ltr'><strong><em>ν</em></strong></span> <span class='ocrx_word' id='word_1_388' title='bbox 1578 4730 1579 4733; x_wconf 44' lang='grc' dir='ltr'><strong>η</strong></span> 
     </span>
    </p>
   </div>
   <div class='ocr_carea' id='block_1_49' title="bbox 328 4802 1846 4878">
    <p class='ocr_par' dir='ltr' id='par_1_49' title="bbox 328 4802 1846 4878">
     <span class='ocr_line' id='line_1_49' title="bbox 328 4802 1846 4878; baseline 0 -19"><span class='ocrx_word' id='word_1_389' title='bbox 328 4804 559 4860; x_wconf 83' lang='lat' dir='ltr'><strong>CAPUT</strong></span> <span class='ocrx_word' id='word_1_390' title='bbox 591 4804 829 4859; x_wconf 81' lang='lat' dir='ltr'><strong>XXXIV.</strong></span> <span class='ocrx_word' id='word_1_391' title='bbox 862 4804 1038 4859; x_wconf 69' lang='lat'><strong>~52.</strong></span> <span class='ocrx_word' id='word_1_392' title='bbox 1062 4803 1214 4878; x_wconf 85' lang='lat' dir='ltr'><strong>Quod</strong></span> <span class='ocrx_word' id='word_1_393' title='bbox 1260 4812 1439 4860; x_wconf 90' lang='lat' dir='ltr'><strong>autem</strong></span> <span class='ocrx_word' id='word_1_394' title='bbox 1477 4803 1530 4857; x_wconf 93' lang='lat' dir='ltr'><strong>in</strong></span> <span class='ocrx_word' id='word_1_395' title='bbox 1574 4802 1675 4859; x_wconf 89' lang='lat' dir='ltr'><strong>isto</strong></span> <span class='ocrx_word' id='word_1_396' title='bbox 1727 4816 1846 4859; x_wconf 83' lang='lat' dir='ltr'><strong>ser-</strong></span> 
     </span>
    </p>
   </div>
   <div class='ocr_carea' id='block_1_50' title="bbox 261 4895 1849 4967">
    <p class='ocr_par' dir='ltr' id='par_1_50' title="bbox 261 4895 1849 4967">
     <span class='ocr_line' id='line_1_50' title="bbox 261 4895 1849 4967; baseline -0.001 -16"><span class='ocrx_word' id='word_1_397' title='bbox 261 4912 420 4953; x_wconf 90' lang='lat' dir='ltr'><strong>mone</strong></span> <span class='ocrx_word' id='word_1_398' title='bbox 463 4897 817 4964; x_wconf 88' lang='lat' dir='ltr'><strong>subnectunt,</strong></span> <span class='ocrx_word' id='word_1_399' title='bbox 859 4895 1177 4967; x_wconf 74' lang='lat' dir='ltr'><strong>[inpossibile</strong></span> <span class='ocrx_word' id='word_1_400' title='bbox 1205 4914 1309 4952; x_wconf 87' lang='lat' dir='ltr'><strong>esse</strong></span> <span class='ocrx_word' id='word_1_401' title='bbox 1349 4905 1405 4951; x_wconf 91' lang='lat' dir='ltr'><strong>ut</strong></span> <span class='ocrx_word' id='word_1_402' title='bbox 1441 4912 1573 4951; x_wconf 86' lang='lat' dir='ltr'><strong>unus</strong></span> <span class='ocrx_word' id='word_1_403' title='bbox 1621 4896 1849 4966; x_wconf 86' lang='lat' dir='ltr'><strong>idemque</strong></span> 
     </span>
    </p>
   </div>
   <div class='ocr_carea' id='block_1_51' title="bbox 260 4987 1847 5059">
    <p class='ocr_par' dir='ltr' id='par_1_51' title="bbox 260 4987 1847 5059">
     <span class='ocr_line' id='line_1_51' title="bbox 260 4987 1847 5059; baseline -0.001 -15"><span class='ocrx_word' id='word_1_404' title='bbox 260 4991 324 5044; x_wconf 88' lang='lat' dir='ltr'><strong>sit</strong></span> <span class='ocrx_word' id='word_1_405' title='bbox 346 4988 510 5043; x_wconf 87' lang='lat' dir='ltr'><strong>Pater</strong></span> <span class='ocrx_word' id='word_1_406' title='bbox 531 4998 577 5043; x_wconf 89' lang='lat' dir='ltr'><strong>et</strong></span> <span class='ocrx_word' id='word_1_407' title='bbox 604 4987 791 5054; x_wconf 87' lang='lat' dir='ltr'><strong>Filius,</strong></span> <span class='ocrx_word' id='word_1_408' title='bbox 838 5005 1083 5059; x_wconf 85' lang='lat' dir='ltr'><strong>generans</strong></span> <span class='ocrx_word' id='word_1_409' title='bbox 1124 4998 1169 5042; x_wconf 90' lang='lat' dir='ltr'><strong>et</strong></span> <span class='ocrx_word' id='word_1_410' title='bbox 1220 5003 1467 5051; x_wconf 86' lang='lat' dir='ltr'><strong>nascens;</strong></span> <span class='ocrx_word' id='word_1_411' title='bbox 1510 4989 1591 5041; x_wconf 89' lang='lat' dir='ltr'><strong>cui</strong></span> <span class='ocrx_word' id='word_1_412' title='bbox 1619 4989 1847 5044; x_wconf 84' lang='lat' dir='ltr'><strong>testimo-</strong></span> 
     </span>
    </p>
   </div>
   <div class='ocr_carea' id='block_1_52' title="bbox 262 5080 1849 5151">
    <p class='ocr_par' dir='ltr' id='par_1_52' title="bbox 262 5080 1849 5151">
     <span class='ocr_line' id='line_1_52' title="bbox 262 5080 1849 5151; baseline -0.001 -15"><span class='ocrx_word' id='word_1_413' title='bbox 262 5083 400 5137; x_wconf 82' lang='lat' dir='ltr'><strong>nium</strong></span> <span class='ocrx_word' id='word_1_414' title='bbox 431 5080 732 5151; x_wconf 78' lang='lat' dir='ltr'><strong>perhibetur,</strong></span> <span class='ocrx_word' id='word_1_415' title='bbox 760 5089 806 5134; x_wconf 89' lang='lat' dir='ltr'><strong>et</strong></span> <span class='ocrx_word' id='word_1_416' title='bbox 832 5081 916 5150; x_wconf 88' lang='lat' dir='ltr'><strong>qui</strong></span> <span class='ocrx_word' id='word_1_417' title='bbox 938 5081 1272 5134; x_wconf 86' lang='lat' dir='ltr'><strong>testimonium</strong></span> <span class='ocrx_word' id='word_1_418' title='bbox 1302 5080 1561 5151; x_wconf 80' lang='lat' dir='ltr'><strong>perhibet;</strong></span> <span class='ocrx_word' id='word_1_419' title='bbox 1587 5083 1770 5151; x_wconf 88' lang='lat' dir='ltr'><strong>major,</strong></span> <span class='ocrx_word' id='word_1_420' title='bbox 1803 5090 1849 5134; x_wconf 88' lang='lat' dir='ltr'><strong>et</strong></span> 
     </span>
    </p>
   </div>
   <div class='ocr_carea' id='block_1_53' title="bbox 259 5171 1847 5243">
    <p class='ocr_par' dir='ltr' id='par_1_53' title="bbox 259 5171 1847 5243">
     <span class='ocr_line' id='line_1_53' title="bbox 259 5171 1847 5243; baseline -0.002 -17"><span class='ocrx_word' id='word_1_421' title='bbox 259 5175 301 5227; x_wconf 90' lang='lat' dir='ltr'><strong>is</strong></span> <span class='ocrx_word' id='word_1_422' title='bbox 329 5173 419 5243; x_wconf 86' lang='lat' dir='ltr'><strong>qui</strong></span> <span class='ocrx_word' id='word_1_423' title='bbox 445 5173 690 5240; x_wconf 81' lang='lat' dir='ltr'><strong>maiorem</strong></span> <span class='ocrx_word' id='word_1_424' title='bbox 715 5173 1015 5240; x_wconf 84' lang='lat' dir='ltr'><strong>conﬁtetur;</strong></span> <span class='ocrx_word' id='word_1_425' title='bbox 1042 5172 1085 5225; x_wconf 97' lang='lat' dir='ltr'><strong>is</strong></span> <span class='ocrx_word' id='word_1_426' title='bbox 1109 5172 1194 5243; x_wconf 87' lang='lat' dir='ltr'><strong>qui</strong></span> <span class='ocrx_word' id='word_1_427' title='bbox 1220 5171 1288 5224; x_wconf 88' lang='lat' dir='ltr'><strong>ad</strong></span> <span class='ocrx_word' id='word_1_428' title='bbox 1315 5171 1571 5226; x_wconf 77' lang='lat' dir='ltr'><strong>dexteram</strong></span> <span class='ocrx_word' id='word_1_429' title='bbox 1599 5171 1735 5225; x_wconf 83' lang='lat' dir='ltr'><strong>sedet</strong></span> <span class='ocrx_word' id='word_1_430' title='bbox 1759 5181 1847 5224; x_wconf 89' lang='lat' dir='ltr'><strong>aut</strong></span> 
     </span>
    </p>
   </div>
   <div class='ocr_carea' id='block_1_54' title="bbox 261 5264 1852 5334">
    <p class='ocr_par' dir='ltr' id='par_1_54' title="bbox 261 5264 1852 5334">
     <span class='ocr_line' id='line_1_54' title="bbox 261 5264 1852 5334; baseline -0.002 -15"><span class='ocrx_word' id='word_1_431' title='bbox 261 5276 378 5333; x_wconf 89' lang='lat' dir='ltr'><strong>stat,</strong></span> <span class='ocrx_word' id='word_1_432' title='bbox 412 5277 458 5319; x_wconf 91' lang='lat' dir='ltr'><strong>et</strong></span> <span class='ocrx_word' id='word_1_433' title='bbox 486 5266 528 5319; x_wconf 87' lang='lat' dir='ltr'><strong>is</strong></span> <span class='ocrx_word' id='word_1_434' title='bbox 555 5268 639 5334; x_wconf 86' lang='lat' dir='ltr'><strong>qui</strong></span> <span class='ocrx_word' id='word_1_435' title='bbox 668 5266 800 5319; x_wconf 82' lang='lat' dir='ltr'><strong>sedis</strong></span> <span class='ocrx_word' id='word_1_436' title='bbox 843 5265 929 5317; x_wconf 88' lang='lat' dir='ltr'><strong>dat</strong></span> <span class='ocrx_word' id='word_1_437' title='bbox 962 5264 1234 5327; x_wconf 77' lang='lat' dir='ltr'><strong>honorem;</strong></span> <span class='ocrx_word' id='word_1_438' title='bbox 1260 5265 1346 5334; x_wconf 87' lang='lat' dir='ltr'><strong>qui</strong></span> <span class='ocrx_word' id='word_1_439' title='bbox 1374 5264 1551 5317; x_wconf 85' lang='lat' dir='ltr'><strong>missus</strong></span> <span class='ocrx_word' id='word_1_440' title='bbox 1577 5273 1669 5329; x_wconf 89' lang='lat' dir='ltr'><strong>est,</strong></span> <span class='ocrx_word' id='word_1_441' title='bbox 1717 5272 1763 5317; x_wconf 91' lang='lat' dir='ltr'><strong>et</strong></span> <span class='ocrx_word' id='word_1_442' title='bbox 1806 5264 1852 5316; x_wconf 88' lang='lat' dir='ltr'><strong>is</strong></span> 
     </span>
    </p>
   </div>
   <div class='ocr_carea' id='block_1_55' title="bbox 259 5353 1849 5428">
    <p class='ocr_par' dir='ltr' id='par_1_55' title="bbox 259 5353 1849 5428">
     <span class='ocr_line' id='line_1_55' title="bbox 259 5353 1849 5428; baseline -0.001 -19"><span class='ocrx_word' id='word_1_443' title='bbox 259 5360 345 5428; x_wconf 85' lang='lat' dir='ltr'><strong>qui</strong></span> <span class='ocrx_word' id='word_1_444' title='bbox 384 5359 556 5421; x_wconf 84' lang='lat' dir='ltr'><strong>misit;</strong></span> <span class='ocrx_word' id='word_1_445' title='bbox 585 5374 672 5411; x_wconf 85' lang='lat' dir='ltr'><strong>nec</strong></span> <span class='ocrx_word' id='word_1_446' title='bbox 699 5356 976 5426; x_wconf 83' lang='lat' dir='ltr'><strong>discipulus</strong></span> <span class='ocrx_word' id='word_1_447' title='bbox 1002 5364 1048 5408; x_wconf 92' lang='lat' dir='ltr'><strong>et</strong></span> <span class='ocrx_word' id='word_1_448' title='bbox 1075 5355 1279 5419; x_wconf 88' lang='lat' dir='ltr'><strong>doctor,</strong></span> <span class='ocrx_word' id='word_1_449' title='bbox 1313 5363 1368 5407; x_wconf 88' lang='lat' dir='ltr'><strong>ut</strong></span> <span class='ocrx_word' id='word_1_450' title='bbox 1409 5355 1515 5424; x_wconf 87' lang='lat' dir='ltr'><strong>ipse</strong></span> <span class='ocrx_word' id='word_1_451' title='bbox 1556 5354 1721 5406; x_wconf 88' lang='lat' dir='ltr'><strong>docuit</strong></span> <span class='ocrx_word' id='word_1_452' title='bbox 1767 5353 1849 5407; x_wconf 82' lang='lat' dir='ltr'><strong>di-</strong></span> 
     </span>
    </p>
   </div>
   <div class='ocr_carea' id='block_1_56' title="bbox 260 5430 1848 5519">
    <p class='ocr_par' dir='ltr' id='par_1_56' title="bbox 260 5430 1848 5519">
     <span class='ocr_line' id='line_1_56' title="bbox 260 5430 1848 5519; baseline -0.004 -16"><span class='ocrx_word' id='word_1_453' title='bbox 260 5466 397 5519; x_wconf 85' lang='lat' dir='ltr'><strong>cens,</strong></span> <span class='ocrx_word' id='word_1_454' title='bbox 433 5468 451 5500; x_wconf 80' lang='grc' dir='ltr'><strong>ι</strong></span> <span class='ocrx_word' id='word_1_455' title='bbox 480 5448 642 5503; x_wconf 85' lang='lat' dir='ltr'><strong>Sicuti</strong></span> <span class='ocrx_word' id='word_1_456' title='bbox 664 5447 831 5502; x_wconf 88' lang='lat' dir='ltr'><strong>docuit</strong></span> <span class='ocrx_word' id='word_1_457' title='bbox 862 5430 940 5500; x_wconf 87' lang='lat' dir='ltr'><strong>me</strong></span> <span class='ocrx_word' id='word_1_458' title='bbox 969 5444 1145 5513; x_wconf 84' lang='lat' dir='ltr'><strong>Pater,</strong></span> <span class='ocrx_word' id='word_1_459' title='bbox 1174 5447 1245 5499; x_wconf 89' lang='lat' dir='ltr'><strong>sic</strong></span> <span class='ocrx_word' id='word_1_460' title='bbox 1273 5446 1451 5514; x_wconf 85' lang='lat' dir='ltr'><strong>loquor</strong></span> <span class='ocrx_word' id='word_1_461' title='bbox 1473 5464 1491 5496; x_wconf 75' lang='grc' dir='ltr'><strong>ι</strong></span> <span class='ocrx_word' id='word_1_462' title='bbox 1525 5443 1708 5515; x_wconf 80' lang='lat' dir='ltr'><strong>(Joan.</strong></span> <span class='ocrx_word' id='word_1_463' title='bbox 1736 5461 1848 5511; x_wconf 84' lang='lat' dir='ltr'><strong>vm,</strong></span> 
     </span>
    </p>
   </div>
   <div class='ocr_carea' id='block_1_57' title="bbox 258 5539 1853 5615">
    <p class='ocr_par' dir='ltr' id='par_1_57' title="bbox 258 5539 1853 5615">
     <span class='ocr_line' id='line_1_57' title="bbox 258 5539 1853 5615; baseline -0.004 -17"><span class='ocrx_word' id='word_1_464' title='bbox 258 5543 350 5615; x_wconf 76' lang='grc'>28)</span> <span class='ocrx_word' id='word_1_465' title='bbox 381 5562 394 5598; x_wconf 91' lang='lat'><strong>:</strong></span> <span class='ocrx_word' id='word_1_466' title='bbox 428 5542 607 5599; x_wconf 83' lang='lat' dir='ltr'><strong>similis</strong></span> <span class='ocrx_word' id='word_1_467' title='bbox 636 5552 681 5595; x_wconf 91' lang='lat' dir='ltr'><strong>et</strong></span> <span class='ocrx_word' id='word_1_468' title='bbox 712 5542 951 5603; x_wconf 84' lang='lat' dir='ltr'><strong>imitator,</strong></span> <span class='ocrx_word' id='word_1_469' title='bbox 977 5550 1023 5593; x_wconf 89' lang='lat' dir='ltr'><strong>et</strong></span> <span class='ocrx_word' id='word_1_470' title='bbox 1071 5541 1113 5594; x_wconf 93' lang='lat' dir='ltr'><strong>is</strong></span> <span class='ocrx_word' id='word_1_471' title='bbox 1143 5542 1290 5611; x_wconf 80' lang='lat' dir='ltr'><strong>cujus</strong></span> <span class='ocrx_word' id='word_1_472' title='bbox 1328 5548 1400 5593; x_wconf 85' lang='lat' dir='ltr'><strong>est</strong></span> <span class='ocrx_word' id='word_1_473' title='bbox 1429 5539 1607 5593; x_wconf 84' lang='lat' dir='ltr'><strong>similis</strong></span> <span class='ocrx_word' id='word_1_474' title='bbox 1632 5549 1678 5593; x_wconf 90' lang='lat' dir='ltr'><strong>et</strong></span> <span class='ocrx_word' id='word_1_475' title='bbox 1707 5555 1853 5610; x_wconf 86' lang='lat' dir='ltr'><strong>quem</strong></span> 
     </span>
    </p>
   </div>
   <div class='ocr_carea' id='block_1_58' title="bbox 260 5632 1854 5707">
    <p class='ocr_par' dir='ltr' id='par_1_58' title="bbox 260 5632 1854 5707">
     <span class='ocr_line' id='line_1_58' title="bbox 260 5632 1854 5707; baseline -0.003 -17"><span class='ocrx_word' id='word_1_476' title='bbox 260 5639 517 5703; x_wconf 74' lang='lat' dir='ltr'><strong>imitatur;</strong></span> <span class='ocrx_word' id='word_1_477' title='bbox 548 5637 592 5692; x_wconf 86' lang='lat' dir='ltr'><strong>is</strong></span> <span class='ocrx_word' id='word_1_478' title='bbox 615 5634 702 5707; x_wconf 85' lang='lat' dir='ltr'><strong>qui</strong></span> <span class='ocrx_word' id='word_1_479' title='bbox 731 5644 842 5687; x_wconf 70' lang='lat' dir='ltr'><strong>orat</strong></span> <span class='ocrx_word' id='word_1_480' title='bbox 862 5676 879 5701; x_wconf 91' lang='lat'><strong>,</strong></span> <span class='ocrx_word' id='word_1_481' title='bbox 919 5642 963 5687; x_wconf 91' lang='lat' dir='ltr'><strong>et</strong></span> <span class='ocrx_word' id='word_1_482' title='bbox 990 5633 1033 5686; x_wconf 88' lang='lat' dir='ltr'><strong>is</strong></span> <span class='ocrx_word' id='word_1_483' title='bbox 1059 5633 1144 5702; x_wconf 90' lang='lat' dir='ltr'><strong>qui</strong></span> <span class='ocrx_word' id='word_1_484' title='bbox 1186 5632 1426 5699; x_wconf 75' lang='lat' dir='ltr'><strong>exaudit;</strong></span> <span class='ocrx_word' id='word_1_485' title='bbox 1464 5633 1507 5686; x_wconf 88' lang='lat' dir='ltr'><strong>is</strong></span> <span class='ocrx_word' id='word_1_486' title='bbox 1544 5633 1628 5703; x_wconf 84' lang='lat' dir='ltr'><strong>qui</strong></span> <span class='ocrx_word' id='word_1_487' title='bbox 1664 5633 1854 5703; x_wconf 82' lang='lat' dir='ltr'><strong>gratias</strong></span> 
     </span>
    </p>
   </div>
   <div class='ocr_carea' id='block_1_59' title="bbox 327 5784 1513 5857">
    <p class='ocr_par' dir='ltr' id='par_1_59' title="bbox 327 5784 1513 5857">
     <span class='ocr_line' id='line_1_59' title="bbox 327 5784 1513 5857; baseline -0.003 -20"><span class='ocrx_word' id='word_1_488' title='bbox 327 5792 343 5857; x_wconf 65' lang='grc' dir='ltr'><strong>ξ</strong></span> <span class='ocrx_word' id='word_1_489' title='bbox 369 5791 487 5857; x_wconf 68' lang='lat' dir='ltr'><strong>miti</strong></span> <span class='ocrx_word' id='word_1_490' title='bbox 510 5790 707 5852; x_wconf 88' lang='lat' dir='ltr'><strong>addunt,</strong></span> <span class='ocrx_word' id='word_1_491' title='bbox 733 5784 1031 5857; x_wconf 58' lang='lat' dir='ltr'><strong>donationis;</strong></span> <span class='ocrx_word' id='word_1_492' title='bbox 1053 5786 1179 5857; x_wconf 70' lang='lat' dir='ltr'><strong>quod</strong></span> <span class='ocrx_word' id='word_1_493' title='bbox 1203 5785 1388 5857; x_wconf 78' lang='lat' dir='ltr'><strong>abesta</strong></span> <span class='ocrx_word' id='word_1_494' title='bbox 1412 5793 1513 5836; x_wconf 73' lang='lat' dir='ltr'><strong>Mss.</strong></span> 
     </span>
    </p>
   </div>
   <div class='ocr_carea' id='block_1_60' title="bbox 326 5851 1403 5916">
    <p class='ocr_par' dir='ltr' id='par_1_60' title="bbox 326 5851 1403 5916">
     <span class='ocr_line' id='line_1_60' title="bbox 326 5851 1403 5916; baseline -0.005 -14"><span class='ocrx_word' id='word_1_495' title='bbox 326 5854 346 5886; x_wconf 78' lang='grc'>³</span> <span class='ocrx_word' id='word_1_496' title='bbox 370 5854 452 5904; x_wconf 82' lang='lat' dir='ltr'><strong>uie</strong></span> <span class='ocrx_word' id='word_1_497' title='bbox 474 5859 604 5911; x_wconf 88' lang='lat' dir='ltr'><strong>t.ov.,</strong></span> <span class='ocrx_word' id='word_1_498' title='bbox 626 5851 991 5916; x_wconf 64' lang='lat' dir='ltr'><strong>sanctiﬁcatum</strong></span> <span class='ocrx_word' id='word_1_499' title='bbox 1011 5851 1213 5911; x_wconf 79' lang='lat' dir='ltr'><strong>Spiritus</strong></span> <span class='ocrx_word' id='word_1_500' title='bbox 1236 5851 1403 5899; x_wconf 80' lang='lat' dir='ltr'><strong>sancti.</strong></span> 
     </span>
    </p>
   </div>
   <div class='ocr_carea' id='block_1_61' title="bbox 1686 340 2128 399">
    <p class='ocr_par' dir='ltr' id='par_1_61' title="bbox 1686 340 2128 399">
     <span class='ocr_line' id='line_1_61' title="bbox 1686 340 2128 399; baseline -0.011 0"><span class='ocrx_word' id='word_1_501' title='bbox 1686 341 1889 399; x_wconf 76' lang='lat' dir='ltr'><strong>LIBER</strong></span> <span class='ocrx_word' id='word_1_502' title='bbox 1930 340 2128 399; x_wconf 82' lang='lat' dir='ltr'><strong>UNUS.</strong></span> 
     </span>
    </p>
   </div>
   <div class='ocr_carea' id='block_1_62' title="bbox 3439 366 3542 424">
    <p class='ocr_par' dir='ltr' id='par_1_62' title="bbox 3439 366 3542 424">
     <span class='ocr_line' id='line_1_62' title="bbox 3439 366 3542 424; baseline 0.029 -3"><span class='ocrx_word' id='word_1_503' title='bbox 3439 366 3542 424; x_wconf 83' lang='lat'><strong>706</strong></span> 
     </span>
    </p>
   </div>
   <div class='ocr_carea' id='block_1_63' title="bbox 1960 465 3544 544">
    <p class='ocr_par' dir='ltr' id='par_1_63' title="bbox 1960 465 3544 544">
     <span class='ocr_line' id='line_1_63' title="bbox 1960 465 3544 544; baseline 0.011 -28"><span class='ocrx_word' id='word_1_504' title='bbox 1960 465 2085 533; x_wconf 86' lang='lat' dir='ltr'><strong>agit,</strong></span> <span class='ocrx_word' id='word_1_505' title='bbox 2116 473 2163 518; x_wconf 90' lang='lat' dir='ltr'><strong>et</strong></span> <span class='ocrx_word' id='word_1_506' title='bbox 2188 465 2229 518; x_wconf 88' lang='lat' dir='ltr'><strong>is</strong></span> <span class='ocrx_word' id='word_1_507' title='bbox 2266 466 2350 536; x_wconf 87' lang='lat' dir='ltr'><strong>qui</strong></span> <span class='ocrx_word' id='word_1_508' title='bbox 2378 465 2647 533; x_wconf 87' lang='lat' dir='ltr'><strong>benedieit;</strong></span> <span class='ocrx_word' id='word_1_509' title='bbox 2697 470 2741 523; x_wconf 90' lang='lat' dir='ltr'><strong>is</strong></span> <span class='ocrx_word' id='word_1_510' title='bbox 2780 472 2867 541; x_wconf 87' lang='lat' dir='ltr'><strong>qui</strong></span> <span class='ocrx_word' id='word_1_511' title='bbox 2906 472 3116 543; x_wconf 71' lang='lat' dir='ltr'><strong>suscipit</strong></span> <span class='ocrx_word' id='word_1_512' title='bbox 3142 474 3466 544; x_wconf 67' lang='lat' dir='ltr'><strong>inundantia,</strong></span> <span class='ocrx_word' id='word_1_513' title='bbox 3497 488 3544 533; x_wconf 85' lang='lat' dir='ltr'><strong>et</strong></span> 
     </span>
    </p>
   </div>
   <div class='ocr_carea' id='block_1_64' title="bbox 1956 558 3539 637">
    <p class='ocr_par' dir='ltr' id='par_1_64' title="bbox 1956 558 3539 637">
     <span class='ocr_line' id='line_1_64' title="bbox 1956 558 3539 637; baseline 0.007 -27"><span class='ocrx_word' id='word_1_514' title='bbox 1956 558 2000 611; x_wconf 89' lang='lat' dir='ltr'><strong>is</strong></span> <span class='ocrx_word' id='word_1_515' title='bbox 2024 559 2110 628; x_wconf 89' lang='lat' dir='ltr'><strong>qui</strong></span> <span class='ocrx_word' id='word_1_516' title='bbox 2137 559 2275 614; x_wconf 86' lang='lat' dir='ltr'><strong>dedit</strong></span> <span class='ocrx_word' id='word_1_517' title='bbox 2321 561 2654 628; x_wconf 86' lang='lat' dir='ltr'><strong>mandatum;</strong></span> <span class='ocrx_word' id='word_1_518' title='bbox 2682 563 2927 632; x_wconf 86' lang='lat' dir='ltr'><strong>minister,</strong></span> <span class='ocrx_word' id='word_1_519' title='bbox 2960 576 3005 618; x_wconf 91' lang='lat' dir='ltr'><strong>et</strong></span> <span class='ocrx_word' id='word_1_520' title='bbox 3036 567 3370 637; x_wconf 79' lang='lat' dir='ltr'><strong>prwcipiens;</strong></span> <span class='ocrx_word' id='word_1_521' title='bbox 3415 586 3539 637; x_wconf 87' lang='lat' dir='ltr'><strong>sup-</strong></span> 
     </span>
    </p>
   </div>
   <div class='ocr_carea' id='block_1_65' title="bbox 1957 647 3543 728">
    <p class='ocr_par' dir='ltr' id='par_1_65' title="bbox 1957 647 3543 728">
     <span class='ocr_line' id='line_1_65' title="bbox 1957 647 3543 728; baseline 0.009 -28"><span class='ocrx_word' id='word_1_522' title='bbox 1957 647 2093 717; x_wconf 69' lang='lat' dir='ltr'><strong>pleat,</strong></span> <span class='ocrx_word' id='word_1_523' title='bbox 2133 658 2181 702; x_wconf 91' lang='lat' dir='ltr'><strong>et</strong></span> <span class='ocrx_word' id='word_1_524' title='bbox 2222 650 2475 717; x_wconf 86' lang='lat' dir='ltr'><strong>eminens;</strong></span> <span class='ocrx_word' id='word_1_525' title='bbox 2511 650 2758 720; x_wconf 88' lang='lat' dir='ltr'><strong>subditus,</strong></span> <span class='ocrx_word' id='word_1_526' title='bbox 2788 663 2835 707; x_wconf 90' lang='lat' dir='ltr'><strong>et</strong></span> <span class='ocrx_word' id='word_1_527' title='bbox 2872 656 3135 726; x_wconf 85' lang='lat' dir='ltr'><strong>superior;</strong></span> <span class='ocrx_word' id='word_1_528' title='bbox 3161 658 3465 728; x_wconf 89' lang='lat' dir='ltr'><strong>unigenitus,</strong></span> <span class='ocrx_word' id='word_1_529' title='bbox 3497 671 3543 714; x_wconf 89' lang='lat' dir='ltr'><strong>et</strong></span> 
     </span>
    </p>
   </div>
   <div class='ocr_carea' id='block_1_66' title="bbox 1954 738 3544 817">
    <p class='ocr_par' dir='ltr' id='par_1_66' title="bbox 1954 738 3544 817">
     <span class='ocr_line' id='line_1_66' title="bbox 1954 738 3544 817; baseline 0.011 -28"><span class='ocrx_word' id='word_1_530' title='bbox 1954 738 2234 808; x_wconf 88' lang='lat' dir='ltr'><strong>ingenitus;</strong></span> <span class='ocrx_word' id='word_1_531' title='bbox 2263 741 2514 807; x_wconf 83' lang='lat' dir='ltr'><strong>sacerdos,</strong></span> <span class='ocrx_word' id='word_1_532' title='bbox 2539 752 2584 796; x_wconf 89' lang='lat' dir='ltr'><strong>et</strong></span> <span class='ocrx_word' id='word_1_533' title='bbox 2605 742 2742 798; x_wconf 85' lang='lat' dir='ltr'><strong>Deus</strong></span> <span class='ocrx_word' id='word_1_534' title='bbox 2768 760 2869 800; x_wconf 81' lang='lat' dir='ltr'><strong>:cx</strong></span> <span class='ocrx_word' id='word_1_535' title='bbox 2902 756 3049 816; x_wconf 88' lang='lat' dir='ltr'><strong>parte</strong></span> <span class='ocrx_word' id='word_1_536' title='bbox 3072 747 3245 817; x_wconf 88' lang='lat' dir='ltr'><strong>aliqua</strong></span> <span class='ocrx_word' id='word_1_537' title='bbox 3268 750 3544 806; x_wconf 85' lang='lat' dir='ltr'><strong>verissime</strong></span> 
     </span>
    </p>
   </div>
   <div class='ocr_carea' id='block_1_67' title="bbox 1955 827 3543 903">
    <p class='ocr_par' dir='ltr' id='par_1_67' title="bbox 1955 827 3543 903">
     <span class='ocr_line' id='line_1_67' title="bbox 1955 827 3543 903; baseline 0.01 -21"><span class='ocrx_word' id='word_1_538' title='bbox 1955 827 2157 896; x_wconf 88' lang='lat' dir='ltr'><strong>dicunt,</strong></span> <span class='ocrx_word' id='word_1_539' title='bbox 2189 831 2282 886; x_wconf 90' lang='lat' dir='ltr'><strong>sed</strong></span> <span class='ocrx_word' id='word_1_540' title='bbox 2308 848 2367 887; x_wconf 89' lang='lat' dir='ltr'><strong>ea</strong></span> <span class='ocrx_word' id='word_1_541' title='bbox 2397 841 2580 888; x_wconf 87' lang='lat' dir='ltr'><strong>contra</strong></span> <span class='ocrx_word' id='word_1_542' title='bbox 2606 833 2953 903; x_wconf 88' lang='lat' dir='ltr'><strong>Sabellianos,</strong></span> <span class='ocrx_word' id='word_1_543' title='bbox 2984 853 3090 892; x_wconf 90' lang='lat' dir='ltr'><strong>non</strong></span> <span class='ocrx_word' id='word_1_544' title='bbox 3129 848 3312 894; x_wconf 84' lang='lat' dir='ltr'><strong>contra</strong></span> <span class='ocrx_word' id='word_1_545' title='bbox 3343 840 3543 897; x_wconf 83' lang='lat' dir='ltr'><strong>Catho-</strong></span> 
     </span>
    </p>
   </div>
   <div class='ocr_carea' id='block_1_68' title="bbox 1956 920 3539 989">
    <p class='ocr_par' dir='ltr' id='par_1_68' title="bbox 1956 920 3539 989">
     <span class='ocr_line' id='line_1_68' title="bbox 1956 920 3539 989; baseline 0.009 -14"><span class='ocrx_word' id='word_1_546' title='bbox 1956 920 2087 977; x_wconf 91' lang='lat' dir='ltr'><strong>licos</strong></span> <span class='ocrx_word' id='word_1_547' title='bbox 2114 924 2309 979; x_wconf 89' lang='lat' dir='ltr'><strong>dicant.</strong></span> <span class='ocrx_word' id='word_1_548' title='bbox 2341 926 2419 980; x_wconf 89' lang='lat' dir='ltr'><strong>Illi</strong></span> <span class='ocrx_word' id='word_1_549' title='bbox 2447 927 2590 981; x_wconf 91' lang='lat' dir='ltr'><strong>enim</strong></span> <span class='ocrx_word' id='word_1_550' title='bbox 2623 943 2783 982; x_wconf 83' lang='lat' dir='ltr'><strong>unum</strong></span> <span class='ocrx_word' id='word_1_551' title='bbox 2805 939 2857 983; x_wconf 91' lang='lat' dir='ltr'><strong>ct</strong></span> <span class='ocrx_word' id='word_1_552' title='bbox 2884 931 3129 986; x_wconf 88' lang='lat' dir='ltr'><strong>eumdem</strong></span> <span class='ocrx_word' id='word_1_553' title='bbox 3147 932 3539 989; x_wconf 82' lang='lat' dir='ltr'><strong>dicuntFilium</strong></span> 
     </span>
    </p>
   </div>
   <div class='ocr_carea' id='block_1_69' title="bbox 1953 1017 3539 1095">
    <p class='ocr_par' dir='ltr' id='par_1_69' title="bbox 1953 1017 3539 1095">
     <span class='ocr_line' id='line_1_69' title="bbox 1953 1017 3539 1095; baseline 0.009 -28"><span class='ocrx_word' id='word_1_554' title='bbox 1953 1028 2073 1069; x_wconf 87' lang='lat' dir='ltr'><strong>esse</strong></span> <span class='ocrx_word' id='word_1_555' title='bbox 2100 1017 2190 1085; x_wconf 89' lang='lat' dir='ltr'><strong>qui</strong></span> <span class='ocrx_word' id='word_1_556' title='bbox 2240 1017 2399 1073; x_wconf 85' lang='lat' dir='ltr'><strong>Pater</strong></span> <span class='ocrx_word' id='word_1_557' title='bbox 2427 1026 2511 1073; x_wconf 89' lang='lat' dir='ltr'><strong>est</strong></span> <span class='ocrx_word' id='word_1_558' title='bbox 2541 1035 2554 1071; x_wconf 87' lang='lat'><strong>:</strong></span> <span class='ocrx_word' id='word_1_559' title='bbox 2579 1033 2677 1072; x_wconf 90' lang='lat' dir='ltr'><strong>nos</strong></span> <span class='ocrx_word' id='word_1_560' title='bbox 2701 1029 2875 1074; x_wconf 90' lang='lat' dir='ltr'><strong>autem</strong></span> <span class='ocrx_word' id='word_1_561' title='bbox 2911 1022 3121 1078; x_wconf 87' lang='lat' dir='ltr'><strong>Patrem</strong></span> <span class='ocrx_word' id='word_1_562' title='bbox 3152 1025 3454 1095; x_wconf 87' lang='lat' dir='ltr'><strong>gignentcm</strong></span> <span class='ocrx_word' id='word_1_563' title='bbox 3485 1035 3539 1082; x_wconf 88' lang='lat' dir='ltr'><strong>et</strong></span> 
     </span>
    </p>
   </div>
   <div class='ocr_carea' id='block_1_70' title="bbox 1956 1107 3536 1184">
    <p class='ocr_par' dir='ltr' id='par_1_70' title="bbox 1956 1107 3536 1184">
     <span class='ocr_line' id='line_1_70' title="bbox 1956 1107 3536 1184; baseline 0.009 -24"><span class='ocrx_word' id='word_1_564' title='bbox 1956 1107 2144 1162; x_wconf 83' lang='lat' dir='ltr'><strong>Filium</strong></span> <span class='ocrx_word' id='word_1_565' title='bbox 2170 1111 2406 1179; x_wconf 89' lang='lat' dir='ltr'><strong>genitum</strong></span> <span class='ocrx_word' id='word_1_566' title='bbox 2436 1110 2572 1166; x_wconf 90' lang='lat' dir='ltr'><strong>duas</strong></span> <span class='ocrx_word' id='word_1_567' title='bbox 2596 1110 2825 1166; x_wconf 83' lang='lat' dir='ltr'><strong>dicimus</strong></span> <span class='ocrx_word' id='word_1_568' title='bbox 2855 1128 2972 1168; x_wconf 78' lang='lat' dir='ltr'><strong>esse</strong></span> <span class='ocrx_word' id='word_1_569' title='bbox 3004 1130 3276 1184; x_wconf 86' lang='lat' dir='ltr'><strong>personas,</strong></span> <span class='ocrx_word' id='word_1_570' title='bbox 3307 1117 3401 1173; x_wconf 86' lang='lat' dir='ltr'><strong>sed</strong></span> <span class='ocrx_word' id='word_1_571' title='bbox 3430 1135 3536 1174; x_wconf 88' lang='lat' dir='ltr'><strong>non</strong></span> 
     </span>
    </p>
   </div>
   <div class='ocr_carea' id='block_1_71' title="bbox 1951 1198 3540 1277">
    <p class='ocr_par' dir='ltr' id='par_1_71' title="bbox 1951 1198 3540 1277">
     <span class='ocr_line' id='line_1_71' title="bbox 1951 1198 3540 1277; baseline 0.008 -24"><span class='ocrx_word' id='word_1_572' title='bbox 1951 1198 2085 1255; x_wconf 78' lang='lat' dir='ltr'><strong>duas</strong></span> <span class='ocrx_word' id='word_1_573' title='bbox 2114 1201 2455 1273; x_wconf 86' lang='lat' dir='ltr'><strong>diversasque</strong></span> <span class='ocrx_word' id='word_1_574' title='bbox 2477 1213 2712 1257; x_wconf 89' lang='lat' dir='ltr'><strong>naturas.</strong></span> <span class='ocrx_word' id='word_1_575' title='bbox 2744 1203 2856 1259; x_wconf 90' lang='lat' dir='ltr'><strong>Non</strong></span> <span class='ocrx_word' id='word_1_576' title='bbox 2889 1220 3015 1277; x_wconf 84' lang='lat' dir='ltr'><strong>ergo</strong></span> <span class='ocrx_word' id='word_1_577' title='bbox 3043 1223 3179 1263; x_wconf 90' lang='lat' dir='ltr'><strong>unus</strong></span> <span class='ocrx_word' id='word_1_578' title='bbox 3208 1218 3261 1264; x_wconf 91' lang='lat' dir='ltr'><strong>et</strong></span> <span class='ocrx_word' id='word_1_579' title='bbox 3289 1210 3427 1265; x_wconf 92' lang='lat' dir='ltr'><strong>idem</strong></span> <span class='ocrx_word' id='word_1_580' title='bbox 3457 1219 3540 1266; x_wconf 89' lang='lat' dir='ltr'><strong>est</strong></span> 
     </span>
    </p>
   </div>
   <div class='ocr_carea' id='block_1_72' title="bbox 1954 1291 3540 1369">
    <p class='ocr_par' dir='ltr' id='par_1_72' title="bbox 1954 1291 3540 1369">
     <span class='ocr_line' id='line_1_72' title="bbox 1954 1291 3540 1369; baseline 0.008 -23"><span class='ocrx_word' id='word_1_581' title='bbox 1954 1291 2110 1347; x_wconf 88' lang='lat' dir='ltr'><strong>Pater</strong></span> <span class='ocrx_word' id='word_1_582' title='bbox 2139 1304 2193 1349; x_wconf 90' lang='lat' dir='ltr'><strong>et</strong></span> <span class='ocrx_word' id='word_1_583' title='bbox 2222 1294 2409 1361; x_wconf 88' lang='lat' dir='ltr'><strong>Filius,</strong></span> <span class='ocrx_word' id='word_1_584' title='bbox 2429 1294 2523 1351; x_wconf 87' lang='lat' dir='ltr'><strong>sed</strong></span> <span class='ocrx_word' id='word_1_585' title='bbox 2552 1311 2711 1350; x_wconf 89' lang='lat' dir='ltr'><strong>unum</strong></span> <span class='ocrx_word' id='word_1_586' title='bbox 2740 1304 2863 1351; x_wconf 90' lang='lat' dir='ltr'><strong>sunt</strong></span> <span class='ocrx_word' id='word_1_587' title='bbox 2889 1296 3044 1353; x_wconf 88' lang='lat' dir='ltr'><strong>Pater</strong></span> <span class='ocrx_word' id='word_1_588' title='bbox 3070 1308 3125 1355; x_wconf 90' lang='lat' dir='ltr'><strong>et</strong></span> <span class='ocrx_word' id='word_1_589' title='bbox 3166 1301 3351 1357; x_wconf 86' lang='lat' dir='ltr'><strong>Filius.</strong></span> <span class='ocrx_word' id='word_1_590' title='bbox 3387 1303 3540 1369; x_wconf 83' lang='lat' dir='ltr'><strong>Quod</strong></span> 
     </span>
    </p>
   </div>
   <div class='ocr_carea' id='block_1_73' title="bbox 1951 1387 3539 1464">
    <p class='ocr_par' dir='ltr' id='par_1_73' title="bbox 1951 1387 3539 1464">
     <span class='ocr_line' id='line_1_73' title="bbox 1951 1387 3539 1464; baseline 0.006 -23"><span class='ocrx_word' id='word_1_591' title='bbox 1951 1401 2081 1441; x_wconf 84' lang='lat' dir='ltr'><strong>vero</strong></span> <span class='ocrx_word' id='word_1_592' title='bbox 2124 1387 2294 1457; x_wconf 87' lang='lat' dir='ltr'><strong>major</strong></span> <span class='ocrx_word' id='word_1_593' title='bbox 2322 1396 2403 1443; x_wconf 90' lang='lat' dir='ltr'><strong>est</strong></span> <span class='ocrx_word' id='word_1_594' title='bbox 2433 1387 2621 1454; x_wconf 90' lang='lat' dir='ltr'><strong>Pater,</strong></span> <span class='ocrx_word' id='word_1_595' title='bbox 2654 1403 2760 1443; x_wconf 91' lang='lat' dir='ltr'><strong>non</strong></span> <span class='ocrx_word' id='word_1_596' title='bbox 2814 1389 3044 1459; x_wconf 88' lang='lat' dir='ltr'><strong>pertinet</strong></span> <span class='ocrx_word' id='word_1_597' title='bbox 3083 1392 3150 1445; x_wconf 89' lang='lat' dir='ltr'><strong>ad</strong></span> <span class='ocrx_word' id='word_1_598' title='bbox 3192 1402 3432 1448; x_wconf 88' lang='lat' dir='ltr'><strong>naturam</strong></span> <span class='ocrx_word' id='word_1_599' title='bbox 3459 1395 3539 1464; x_wconf 87' lang='lat' dir='ltr'><strong>gi-</strong></span> 
     </span>
    </p>
   </div>
   <div class='ocr_carea' id='block_1_74' title="bbox 1950 1479 3537 1549">
    <p class='ocr_par' dir='ltr' id='par_1_74' title="bbox 1950 1479 3537 1549">
     <span class='ocr_line' id='line_1_74' title="bbox 1950 1479 3537 1549; baseline 0.005 -17"><span class='ocrx_word' id='word_1_600' title='bbox 1950 1480 2160 1549; x_wconf 88' lang='lat' dir='ltr'><strong>gnentis</strong></span> <span class='ocrx_word' id='word_1_601' title='bbox 2204 1487 2259 1533; x_wconf 91' lang='lat' dir='ltr'><strong>et</strong></span> <span class='ocrx_word' id='word_1_602' title='bbox 2299 1479 2482 1549; x_wconf 88' lang='lat' dir='ltr'><strong>geniti,</strong></span> <span class='ocrx_word' id='word_1_603' title='bbox 2544 1480 2640 1535; x_wconf 90' lang='lat' dir='ltr'><strong>sed</strong></span> <span class='ocrx_word' id='word_1_604' title='bbox 2695 1480 2926 1535; x_wconf 90' lang='lat' dir='ltr'><strong>hominis</strong></span> <span class='ocrx_word' id='word_1_605' title='bbox 2969 1493 3024 1537; x_wconf 91' lang='lat' dir='ltr'><strong>et</strong></span> <span class='ocrx_word' id='word_1_606' title='bbox 3074 1483 3166 1537; x_wconf 89' lang='lat' dir='ltr'><strong>Dei</strong></span> <span class='ocrx_word' id='word_1_607' title='bbox 3200 1500 3213 1536; x_wconf 89' lang='lat'><strong>:</strong></span> <span class='ocrx_word' id='word_1_608' title='bbox 3246 1485 3537 1540; x_wconf 90' lang='lat' dir='ltr'><strong>secundum</strong></span> 
     </span>
    </p>
   </div>
   <div class='ocr_carea' id='block_1_75' title="bbox 1953 1569 3537 1643">
    <p class='ocr_par' dir='ltr' id='par_1_75' title="bbox 1953 1569 3537 1643">
     <span class='ocr_line' id='line_1_75' title="bbox 1953 1569 3537 1643; baseline 0.006 -20"><span class='ocrx_word' id='word_1_609' title='bbox 1953 1585 2111 1640; x_wconf 88' lang='lat' dir='ltr'><strong>quam</strong></span> <span class='ocrx_word' id='word_1_610' title='bbox 2138 1569 2364 1626; x_wconf 83' lang='lat' dir='ltr'><strong>formam</strong></span> <span class='ocrx_word' id='word_1_611' title='bbox 2395 1572 2627 1643; x_wconf 89' lang='lat' dir='ltr'><strong>suscepti</strong></span> <span class='ocrx_word' id='word_1_612' title='bbox 2659 1571 2912 1640; x_wconf 88' lang='lat' dir='ltr'><strong>hominis,</strong></span> <span class='ocrx_word' id='word_1_613' title='bbox 2956 1582 3011 1630; x_wconf 86' lang='lat' dir='ltr'><strong>ct</strong></span> <span class='ocrx_word' id='word_1_614' title='bbox 3041 1575 3106 1629; x_wconf 87' lang='lat' dir='ltr'><strong>ad</strong></span> <span class='ocrx_word' id='word_1_615' title='bbox 3135 1575 3406 1631; x_wconf 78' lang='lat' dir='ltr'><strong>dexteram</strong></span> <span class='ocrx_word' id='word_1_616' title='bbox 3435 1578 3537 1632; x_wconf 81' lang='lat' dir='ltr'><strong>Pa-</strong></span> 
     </span>
    </p>
   </div>
   <div class='ocr_carea' id='block_1_76' title="bbox 1952 1662 3538 1738">
    <p class='ocr_par' dir='ltr' id='par_1_76' title="bbox 1952 1662 3538 1738">
     <span class='ocr_line' id='line_1_76' title="bbox 1952 1662 3538 1738; baseline 0.006 -21"><span class='ocrx_word' id='word_1_617' title='bbox 1952 1663 2049 1717; x_wconf 89' lang='lat' dir='ltr'><strong>tris</strong></span> <span class='ocrx_word' id='word_1_618' title='bbox 2075 1662 2225 1718; x_wconf 86' lang='lat' dir='ltr'><strong>sedct</strong></span> <span class='ocrx_word' id='word_1_619' title='bbox 2253 1664 2334 1718; x_wconf 88' lang='lat' dir='ltr'><strong>vel</strong></span> <span class='ocrx_word' id='word_1_620' title='bbox 2363 1672 2490 1732; x_wconf 87' lang='lat' dir='ltr'><strong>stat,</strong></span> <span class='ocrx_word' id='word_1_621' title='bbox 2517 1673 2570 1720; x_wconf 89' lang='lat' dir='ltr'><strong>et</strong></span> <span class='ocrx_word' id='word_1_622' title='bbox 2600 1673 2734 1730; x_wconf 90' lang='lat' dir='ltr'><strong>orat,</strong></span> <span class='ocrx_word' id='word_1_623' title='bbox 2758 1674 2812 1720; x_wconf 90' lang='lat' dir='ltr'><strong>et</strong></span> <span class='ocrx_word' id='word_1_624' title='bbox 2826 1666 3021 1736; x_wconf 88' lang='lat' dir='ltr'><strong>gratias</strong></span> <span class='ocrx_word' id='word_1_625' title='bbox 3049 1667 3176 1738; x_wconf 86' lang='lat' dir='ltr'><strong>agit,</strong></span> <span class='ocrx_word' id='word_1_626' title='bbox 3204 1677 3258 1723; x_wconf 92' lang='lat' dir='ltr'><strong>et</strong></span> <span class='ocrx_word' id='word_1_627' title='bbox 3284 1670 3538 1726; x_wconf 83' lang='lat' dir='ltr'><strong>sacerdos</strong></span> 
     </span>
    </p>
   </div>
   <div class='ocr_carea' id='block_1_77' title="bbox 1952 1754 3537 1827">
    <p class='ocr_par' dir='ltr' id='par_1_77' title="bbox 1952 1754 3537 1827">
     <span class='ocr_line' id='line_1_77' title="bbox 1952 1754 3537 1827; baseline 0.004 -18"><span class='ocrx_word' id='word_1_628' title='bbox 1952 1761 2054 1819; x_wconf 90' lang='lat' dir='ltr'><strong>est,</strong></span> <span class='ocrx_word' id='word_1_629' title='bbox 2082 1762 2137 1809; x_wconf 92' lang='lat' dir='ltr'><strong>et</strong></span> <span class='ocrx_word' id='word_1_630' title='bbox 2184 1754 2429 1810; x_wconf 90' lang='lat' dir='ltr'><strong>minister</strong></span> <span class='ocrx_word' id='word_1_631' title='bbox 2454 1763 2554 1823; x_wconf 88' lang='lat' dir='ltr'><strong>est,</strong></span> <span class='ocrx_word' id='word_1_632' title='bbox 2584 1766 2640 1811; x_wconf 88' lang='lat' dir='ltr'><strong>et</strong></span> <span class='ocrx_word' id='word_1_633' title='bbox 2657 1757 2881 1827; x_wconf 83' lang='lat' dir='ltr'><strong>supplex</strong></span> <span class='ocrx_word' id='word_1_634' title='bbox 2905 1766 2985 1813; x_wconf 88' lang='lat' dir='ltr'><strong>est</strong></span> <span class='ocrx_word' id='word_1_635' title='bbox 3003 1799 3018 1823; x_wconf 95' lang='lat'><strong>,</strong></span> <span class='ocrx_word' id='word_1_636' title='bbox 3046 1766 3102 1812; x_wconf 87' lang='lat' dir='ltr'><strong>et</strong></span> <span class='ocrx_word' id='word_1_637' title='bbox 3129 1757 3372 1813; x_wconf 88' lang='lat' dir='ltr'><strong>subditus</strong></span> <span class='ocrx_word' id='word_1_638' title='bbox 3407 1769 3491 1815; x_wconf 86' lang='lat' dir='ltr'><strong>est</strong></span> <span class='ocrx_word' id='word_1_639' title='bbox 3522 1778 3537 1815; x_wconf 90' lang='lat'><strong>:</strong></span> 
     </span>
    </p>
   </div>
   <div class='ocr_carea' id='block_1_78' title="bbox 1951 1846 3540 1921">
    <p class='ocr_par' dir='ltr' id='par_1_78' title="bbox 1951 1846 3540 1921">
     <span class='ocr_line' id='line_1_78' title="bbox 1951 1846 3540 1921; baseline 0.004 -20"><span class='ocrx_word' id='word_1_640' title='bbox 1951 1846 2242 1903; x_wconf 89' lang='lat' dir='ltr'><strong>secundum</strong></span> <span class='ocrx_word' id='word_1_641' title='bbox 2288 1857 2465 1904; x_wconf 89' lang='lat' dir='ltr'><strong>autem</strong></span> <span class='ocrx_word' id='word_1_642' title='bbox 2522 1848 2748 1904; x_wconf 76' lang='lat' dir='ltr'><strong>formam</strong></span> <span class='ocrx_word' id='word_1_643' title='bbox 2796 1849 2912 1914; x_wconf 86' lang='lat' dir='ltr'><strong>Dei,</strong></span> <span class='ocrx_word' id='word_1_644' title='bbox 2960 1849 3013 1904; x_wconf 92' lang='lat' dir='ltr'><strong>in</strong></span> <span class='ocrx_word' id='word_1_645' title='bbox 3060 1864 3162 1918; x_wconf 91' lang='lat' dir='ltr'><strong>qua</strong></span> <span class='ocrx_word' id='word_1_646' title='bbox 3204 1852 3424 1921; x_wconf 73' lang='lat' dir='ltr'><strong>aequalis</strong></span> <span class='ocrx_word' id='word_1_647' title='bbox 3455 1861 3540 1907; x_wconf 90' lang='lat' dir='ltr'><strong>est</strong></span> 
     </span>
    </p>
   </div>
   <div class='ocr_carea' id='block_1_79' title="bbox 1952 1926 3541 2011">
    <p class='ocr_par' dir='ltr' id='par_1_79' title="bbox 1952 1926 3541 2011">
     <span class='ocr_line' id='line_1_79' title="bbox 1952 1926 3541 2011; baseline 0.003 -18"><span class='ocrx_word' id='word_1_648' title='bbox 1952 1936 2117 2006; x_wconf 91' lang='lat' dir='ltr'><strong>Patri,</strong></span> <span class='ocrx_word' id='word_1_649' title='bbox 2162 1926 2465 2010; x_wconf 87' lang='lat' dir='ltr'><strong>unigenitus</strong></span> <span class='ocrx_word' id='word_1_650' title='bbox 2500 1948 2664 1995; x_wconf 87' lang='lat' dir='ltr'><strong>estet</strong></span> <span class='ocrx_word' id='word_1_651' title='bbox 2701 1940 2936 2011; x_wconf 84' lang='lat' dir='ltr'><strong>gignenti</strong></span> <span class='ocrx_word' id='word_1_652' title='bbox 2975 1949 3295 1999; x_wconf 73' lang='lat' dir='ltr'><strong>comternus.</strong></span> <span class='ocrx_word' id='word_1_653' title='bbox 3325 1943 3541 1999; x_wconf 84' lang='lat' dir='ltr'><strong>Etlicet</strong></span> 
     </span>
    </p>
   </div>
   <div class='ocr_carea' id='block_1_80' title="bbox 1912 2029 3539 2104">
    <p class='ocr_par' dir='ltr' id='par_1_80' title="bbox 1912 2029 3539 2104">
     <span class='ocr_line' id='line_1_80' title="bbox 1912 2029 3539 2104; baseline 0.004 -21"><span class='ocrx_word' id='word_1_654' title='bbox 1912 2040 1933 2055; x_wconf 58' lang='grc' dir='ltr'><strong><em>ν</em></strong></span> <span class='ocrx_word' id='word_1_655' title='bbox 1951 2029 2021 2084; x_wconf 86' lang='lat' dir='ltr'><strong>sit</strong></span> <span class='ocrx_word' id='word_1_656' title='bbox 2049 2029 2411 2101; x_wconf 77' lang='lat' dir='ltr'><strong>primogenitae</strong></span> <span class='ocrx_word' id='word_1_657' title='bbox 2437 2032 2600 2086; x_wconf 88' lang='lat' dir='ltr'><strong>omnis</strong></span> <span class='ocrx_word' id='word_1_658' title='bbox 2632 2041 2899 2101; x_wconf 73' lang='lat' dir='ltr'><strong>creaturae,</strong></span> <span class='ocrx_word' id='word_1_659' title='bbox 2939 2033 3059 2104; x_wconf 87' lang='lat' dir='ltr'><strong>quia</strong></span> <span class='ocrx_word' id='word_1_660' title='bbox 3107 2034 3161 2089; x_wconf 87' lang='lat' dir='ltr'><strong>in</strong></span> <span class='ocrx_word' id='word_1_661' title='bbox 3203 2034 3293 2090; x_wconf 92' lang='lat' dir='ltr'><strong>illo</strong></span> <span class='ocrx_word' id='word_1_662' title='bbox 3336 2035 3539 2090; x_wconf 85' lang='lat' dir='ltr'><strong>condita</strong></span> 
     </span>
    </p>
   </div>
   <div class='ocr_carea' id='block_1_81' title="bbox 1949 2122 3538 2196">
    <p class='ocr_par' dir='ltr' id='par_1_81' title="bbox 1949 2122 3538 2196">
     <span class='ocr_line' id='line_1_81' title="bbox 1949 2122 3538 2196; baseline 0.006 -23"><span class='ocrx_word' id='word_1_663' title='bbox 1949 2128 2068 2173; x_wconf 89' lang='lat' dir='ltr'><strong>sunt</strong></span> <span class='ocrx_word' id='word_1_664' title='bbox 2095 2122 2267 2176; x_wconf 86' lang='lat' dir='ltr'><strong>omnia</strong></span> <span class='ocrx_word' id='word_1_665' title='bbox 2287 2164 2303 2190; x_wconf 91' lang='lat'><strong>,</strong></span> <span class='ocrx_word' id='word_1_666' title='bbox 2337 2122 2585 2195; x_wconf 85' lang='lat' dir='ltr'><strong>priusque</strong></span> <span class='ocrx_word' id='word_1_667' title='bbox 2611 2122 2700 2180; x_wconf 91' lang='lat' dir='ltr'><strong>ille</strong></span> <span class='ocrx_word' id='word_1_668' title='bbox 2728 2134 2811 2180; x_wconf 91' lang='lat' dir='ltr'><strong>est</strong></span> <span class='ocrx_word' id='word_1_669' title='bbox 2837 2125 3048 2196; x_wconf 88' lang='lat' dir='ltr'><strong>genitus</strong></span> <span class='ocrx_word' id='word_1_670' title='bbox 3076 2141 3235 2196; x_wconf 90' lang='lat' dir='ltr'><strong>quam</strong></span> <span class='ocrx_word' id='word_1_671' title='bbox 3273 2126 3387 2183; x_wconf 71' lang='lat' dir='ltr'><strong>haec</strong></span> <span class='ocrx_word' id='word_1_672' title='bbox 3410 2143 3538 2183; x_wconf 88' lang='lat' dir='ltr'><strong>con-</strong></span> 
     </span>
    </p>
   </div>
   <div class='ocr_carea' id='block_1_82' title="bbox 1950 2209 3537 2290">
    <p class='ocr_par' dir='ltr' id='par_1_82' title="bbox 1950 2209 3537 2290">
     <span class='ocr_line' id='line_1_82' title="bbox 1950 2209 3537 2290; baseline 0.006 -25"><span class='ocrx_word' id='word_1_673' title='bbox 1950 2209 2090 2274; x_wconf 88' lang='lat' dir='ltr'><strong>dita;</strong></span> <span class='ocrx_word' id='word_1_674' title='bbox 2122 2220 2301 2269; x_wconf 85' lang='lat' dir='ltr'><strong>tamen</strong></span> <span class='ocrx_word' id='word_1_675' title='bbox 2346 2216 2705 2285; x_wconf 87' lang='lat' dir='ltr'><strong>sempiternus</strong></span> <span class='ocrx_word' id='word_1_676' title='bbox 2732 2224 2815 2271; x_wconf 89' lang='lat' dir='ltr'><strong>est</strong></span> <span class='ocrx_word' id='word_1_677' title='bbox 2849 2216 2987 2273; x_wconf 84' lang='lat' dir='ltr'><strong>sicut</strong></span> <span class='ocrx_word' id='word_1_678' title='bbox 3025 2216 3202 2284; x_wconf 89' lang='lat' dir='ltr'><strong>Pater,</strong></span> <span class='ocrx_word' id='word_1_679' title='bbox 3231 2233 3332 2274; x_wconf 91' lang='lat' dir='ltr'><strong>nec</strong></span> <span class='ocrx_word' id='word_1_680' title='bbox 3372 2220 3537 2290; x_wconf 67' lang='lat' dir='ltr'><strong>cepit</strong></span> 
     </span>
    </p>
   </div>
   <div class='ocr_carea' id='block_1_83' title="bbox 1949 2305 3536 2384">
    <p class='ocr_par' dir='ltr' id='par_1_83' title="bbox 1949 2305 3536 2384">
     <span class='ocr_line' id='line_1_83' title="bbox 1949 2305 3536 2384; baseline 0.006 -24"><span class='ocrx_word' id='word_1_681' title='bbox 1949 2320 2019 2361; x_wconf 81' lang='lat' dir='ltr'><strong>ex</strong></span> <span class='ocrx_word' id='word_1_682' title='bbox 2049 2314 2309 2378; x_wconf 88' lang='lat' dir='ltr'><strong>tempore.</strong></span> <span class='ocrx_word' id='word_1_683' title='bbox 2340 2305 2473 2363; x_wconf 91' lang='lat' dir='ltr'><strong>Nam</strong></span> <span class='ocrx_word' id='word_1_684' title='bbox 2503 2317 2558 2364; x_wconf 91' lang='lat' dir='ltr'><strong>et</strong></span> <span class='ocrx_word' id='word_1_685' title='bbox 2583 2308 2795 2366; x_wconf 83' lang='lat' dir='ltr'><strong>Patrem</strong></span> <span class='ocrx_word' id='word_1_686' title='bbox 2820 2310 3117 2367; x_wconf 88' lang='lat' dir='ltr'><strong>rectissime</strong></span> <span class='ocrx_word' id='word_1_687' title='bbox 3136 2311 3363 2368; x_wconf 91' lang='lat' dir='ltr'><strong>dicimus</strong></span> <span class='ocrx_word' id='word_1_688' title='bbox 3389 2312 3536 2384; x_wconf 86' lang='lat' dir='ltr'><strong>prio-</strong></span> 
     </span>
    </p>
   </div>
   <div class='ocr_carea' id='block_1_84' title="bbox 1950 2398 3537 2475">
    <p class='ocr_par' dir='ltr' id='par_1_84' title="bbox 1950 2398 3537 2475">
     <span class='ocr_line' id='line_1_84' title="bbox 1950 2398 3537 2475; baseline 0.004 -22"><span class='ocrx_word' id='word_1_689' title='bbox 1950 2411 2067 2453; x_wconf 88' lang='lat' dir='ltr'><strong>rem</strong></span> <span class='ocrx_word' id='word_1_690' title='bbox 2093 2412 2214 2455; x_wconf 85' lang='lat' dir='ltr'><strong>esse</strong></span> <span class='ocrx_word' id='word_1_691' title='bbox 2241 2414 2400 2470; x_wconf 88' lang='lat' dir='ltr'><strong>quam</strong></span> <span class='ocrx_word' id='word_1_692' title='bbox 2445 2398 2689 2456; x_wconf 83' lang='lat' dir='ltr'><strong>universa</strong></span> <span class='ocrx_word' id='word_1_693' title='bbox 2718 2415 2838 2471; x_wconf 64' lang='lat' dir='ltr'><strong>quae</strong></span> <span class='ocrx_word' id='word_1_694' title='bbox 2873 2400 3130 2470; x_wconf 88' lang='lat' dir='ltr'><strong>condidit,</strong></span> <span class='ocrx_word' id='word_1_695' title='bbox 3156 2403 3398 2472; x_wconf 87' lang='lat' dir='ltr'><strong>quamvis</strong></span> <span class='ocrx_word' id='word_1_696' title='bbox 3440 2418 3537 2475; x_wconf 79' lang='lat' dir='ltr'><strong>ge-</strong></span> 
     </span>
    </p>
   </div>
   <div class='ocr_carea' id='block_1_85' title="bbox 1949 2490 3538 2566">
    <p class='ocr_par' dir='ltr' id='par_1_85' title="bbox 1949 2490 3538 2566">
     <span class='ocr_line' id='line_1_85' title="bbox 1949 2490 3538 2566; baseline 0.004 -20"><span class='ocrx_word' id='word_1_697' title='bbox 1949 2490 2093 2546; x_wconf 91' lang='lat' dir='ltr'><strong>nitus</strong></span> <span class='ocrx_word' id='word_1_698' title='bbox 2118 2507 2223 2548; x_wconf 92' lang='lat' dir='ltr'><strong>non</strong></span> <span class='ocrx_word' id='word_1_699' title='bbox 2251 2492 2338 2547; x_wconf 93' lang='lat' dir='ltr'><strong>sit.</strong></span> <span class='ocrx_word' id='word_1_700' title='bbox 2370 2492 2510 2549; x_wconf 87' lang='lat' dir='ltr'><strong>Nihil</strong></span> <span class='ocrx_word' id='word_1_701' title='bbox 2541 2494 2686 2551; x_wconf 91' lang='lat' dir='ltr'><strong>enim</strong></span> <span class='ocrx_word' id='word_1_702' title='bbox 2712 2504 2817 2550; x_wconf 88' lang='lat' dir='ltr'><strong>tam</strong></span> <span class='ocrx_word' id='word_1_703' title='bbox 2844 2495 3093 2566; x_wconf 88' lang='lat' dir='ltr'><strong>primum,</strong></span> <span class='ocrx_word' id='word_1_704' title='bbox 3122 2510 3279 2566; x_wconf 89' lang='lat' dir='ltr'><strong>quam</strong></span> <span class='ocrx_word' id='word_1_705' title='bbox 3306 2496 3377 2552; x_wconf 85' lang='lat' dir='ltr'><strong>id</strong></span> <span class='ocrx_word' id='word_1_706' title='bbox 3413 2508 3538 2553; x_wconf 85' lang='lat' dir='ltr'><strong>ante</strong></span> 
     </span>
    </p>
   </div>
   <div class='ocr_carea' id='block_1_86' title="bbox 1949 2583 3537 2654">
    <p class='ocr_par' dir='ltr' id='par_1_86' title="bbox 1949 2583 3537 2654">
     <span class='ocr_line' id='line_1_86' title="bbox 1949 2583 3537 2654; baseline 0.005 -17"><span class='ocrx_word' id='word_1_707' title='bbox 1949 2583 2091 2653; x_wconf 91' lang='lat' dir='ltr'><strong>quod</strong></span> <span class='ocrx_word' id='word_1_708' title='bbox 2122 2584 2253 2639; x_wconf 85' lang='lat' dir='ltr'><strong>nihil</strong></span> <span class='ocrx_word' id='word_1_709' title='bbox 2284 2592 2385 2640; x_wconf 88' lang='lat' dir='ltr'><strong>est.</strong></span> <span class='ocrx_word' id='word_1_710' title='bbox 2423 2585 2529 2643; x_wconf 86' lang='lat' dir='ltr'><strong>Sed</strong></span> <span class='ocrx_word' id='word_1_711' title='bbox 2570 2587 2723 2643; x_wconf 90' lang='lat' dir='ltr'><strong>sicuti</strong></span> <span class='ocrx_word' id='word_1_712' title='bbox 2751 2586 2883 2641; x_wconf 88' lang='lat' dir='ltr'><strong>nihil</strong></span> <span class='ocrx_word' id='word_1_713' title='bbox 2925 2596 3008 2643; x_wconf 89' lang='lat' dir='ltr'><strong>est</strong></span> <span class='ocrx_word' id='word_1_714' title='bbox 3033 2596 3156 2643; x_wconf 85' lang='lat' dir='ltr'><strong>ante</strong></span> <span class='ocrx_word' id='word_1_715' title='bbox 3191 2588 3434 2654; x_wconf 86' lang='lat' dir='ltr'><strong>Patrem;</strong></span> <span class='ocrx_word' id='word_1_716' title='bbox 3465 2590 3537 2645; x_wconf 81' lang='lat' dir='ltr'><strong>ita</strong></span> 
     </span>
    </p>
   </div>
   <div class='ocr_carea' id='block_1_87' title="bbox 1951 2674 3536 2752">
    <p class='ocr_par' dir='ltr' id='par_1_87' title="bbox 1951 2674 3536 2752">
     <span class='ocr_line' id='line_1_87' title="bbox 1951 2674 3536 2752; baseline 0.006 -24"><span class='ocrx_word' id='word_1_717' title='bbox 1951 2674 2079 2730; x_wconf 91' lang='lat' dir='ltr'><strong>nihil</strong></span> <span class='ocrx_word' id='word_1_718' title='bbox 2108 2685 2191 2731; x_wconf 92' lang='lat' dir='ltr'><strong>est</strong></span> <span class='ocrx_word' id='word_1_719' title='bbox 2214 2684 2338 2732; x_wconf 90' lang='lat' dir='ltr'><strong>ante</strong></span> <span class='ocrx_word' id='word_1_720' title='bbox 2383 2678 2710 2749; x_wconf 88' lang='lat' dir='ltr'><strong>unigenitum</strong></span> <span class='ocrx_word' id='word_1_721' title='bbox 2734 2678 2949 2747; x_wconf 79' lang='lat' dir='ltr'><strong>Filium,</strong></span> <span class='ocrx_word' id='word_1_722' title='bbox 2999 2679 3139 2735; x_wconf 84' lang='lat' dir='ltr'><strong>Patri</strong></span> <span class='ocrx_word' id='word_1_723' title='bbox 3172 2680 3353 2752; x_wconf 82' lang='lat' dir='ltr'><strong>utique</strong></span> <span class='ocrx_word' id='word_1_724' title='bbox 3392 2695 3536 2737; x_wconf 70' lang='lat' dir='ltr'><strong>coae-</strong></span> 
     </span>
    </p>
   </div>
   <div class='ocr_carea' id='block_1_88' title="bbox 1951 2767 3532 2842">
    <p class='ocr_par' dir='ltr' id='par_1_88' title="bbox 1951 2767 3532 2842">
     <span class='ocr_line' id='line_1_88' title="bbox 1951 2767 3532 2842; baseline 0.004 -21"><span class='ocrx_word' id='word_1_725' title='bbox 1951 2774 2181 2821; x_wconf 91' lang='lat' dir='ltr'><strong>ternum.</strong></span> <span class='ocrx_word' id='word_1_726' title='bbox 2211 2767 2396 2839; x_wconf 84' lang='lat' dir='ltr'><strong>Neque</strong></span> <span class='ocrx_word' id='word_1_727' title='bbox 2426 2770 2570 2825; x_wconf 91' lang='lat' dir='ltr'><strong>enim</strong></span> <span class='ocrx_word' id='word_1_728' title='bbox 2596 2771 2718 2842; x_wconf 88' lang='lat' dir='ltr'><strong>quia</strong></span> <span class='ocrx_word' id='word_1_729' title='bbox 2746 2770 2833 2826; x_wconf 90' lang='lat' dir='ltr'><strong>ille</strong></span> <span class='ocrx_word' id='word_1_730' title='bbox 2849 2771 3053 2841; x_wconf 85' lang='lat' dir='ltr'><strong>genuit,</strong></span> <span class='ocrx_word' id='word_1_731' title='bbox 3077 2771 3165 2827; x_wconf 91' lang='lat' dir='ltr'><strong>ille</strong></span> <span class='ocrx_word' id='word_1_732' title='bbox 3188 2773 3396 2842; x_wconf 87' lang='lat' dir='ltr'><strong>genitus</strong></span> <span class='ocrx_word' id='word_1_733' title='bbox 3428 2781 3532 2840; x_wconf 88' lang='lat' dir='ltr'><strong>est,</strong></span> 
     </span>
    </p>
   </div>
   <div class='ocr_carea' id='block_1_89' title="bbox 1950 2857 3536 2932">
    <p class='ocr_par' dir='ltr' id='par_1_89' title="bbox 1950 2857 3536 2932">
     <span class='ocr_line' id='line_1_89' title="bbox 1950 2857 3536 2932; baseline 0.006 -19"><span class='ocrx_word' id='word_1_734' title='bbox 1950 2857 2069 2914; x_wconf 89' lang='lat' dir='ltr'><strong>idco</strong></span> <span class='ocrx_word' id='word_1_735' title='bbox 2096 2870 2179 2915; x_wconf 91' lang='lat' dir='ltr'><strong>est</strong></span> <span class='ocrx_word' id='word_1_736' title='bbox 2206 2859 2363 2916; x_wconf 86' lang='lat' dir='ltr'><strong>Pater</strong></span> <span class='ocrx_word' id='word_1_737' title='bbox 2392 2868 2631 2932; x_wconf 88' lang='lat' dir='ltr'><strong>tempore</strong></span> <span class='ocrx_word' id='word_1_738' title='bbox 2658 2863 2909 2919; x_wconf 87' lang='lat' dir='ltr'><strong>anterior.</strong></span> <span class='ocrx_word' id='word_1_739' title='bbox 2939 2863 3070 2919; x_wconf 87' lang='lat' dir='ltr'><strong>Nam</strong></span> <span class='ocrx_word' id='word_1_740' title='bbox 3097 2865 3141 2919; x_wconf 90' lang='lat' dir='ltr'><strong>si</strong></span> <span class='ocrx_word' id='word_1_741' title='bbox 3162 2865 3300 2920; x_wconf 90' lang='lat' dir='ltr'><strong>inter</strong></span> <span class='ocrx_word' id='word_1_742' title='bbox 3322 2864 3536 2922; x_wconf 83' lang='lat' dir='ltr'><strong>Patrem</strong></span> 
     </span>
    </p>
   </div>
   <div class='ocr_carea' id='block_1_90' title="bbox 1949 2954 3530 3029">
    <p class='ocr_par' dir='ltr' id='par_1_90' title="bbox 1949 2954 3530 3029">
     <span class='ocr_line' id='line_1_90' title="bbox 1949 2954 3530 3029; baseline 0.004 -21"><span class='ocrx_word' id='word_1_743' title='bbox 1949 2954 2251 3025; x_wconf 87' lang='lat' dir='ltr'><strong>gignentem</strong></span> <span class='ocrx_word' id='word_1_744' title='bbox 2305 2964 2360 3011; x_wconf 92' lang='lat' dir='ltr'><strong>et</strong></span> <span class='ocrx_word' id='word_1_745' title='bbox 2406 2956 2641 3027; x_wconf 86' lang='lat' dir='ltr'><strong>genitum</strong></span> <span class='ocrx_word' id='word_1_746' title='bbox 2688 2956 2882 3012; x_wconf 91' lang='lat' dir='ltr'><strong>Filium</strong></span> <span class='ocrx_word' id='word_1_747' title='bbox 2916 2957 3129 3029; x_wconf 91' lang='lat' dir='ltr'><strong>aliquod</strong></span> <span class='ocrx_word' id='word_1_748' title='bbox 3177 2968 3385 3028; x_wconf 89' lang='lat' dir='ltr'><strong>tempus</strong></span> <span class='ocrx_word' id='word_1_749' title='bbox 3428 2969 3530 3026; x_wconf 88' lang='lat' dir='ltr'><strong>est,</strong></span> 
     </span>
    </p>
   </div>
   <div class='ocr_carea' id='block_1_91' title="bbox 1950 3045 3533 3119">
    <p class='ocr_par' dir='ltr' id='par_1_91' title="bbox 1950 3045 3533 3119">
     <span class='ocr_line' id='line_1_91' title="bbox 1950 3045 3533 3119; baseline 0.002 -19"><span class='ocrx_word' id='word_1_750' title='bbox 1950 3045 2189 3116; x_wconf 81' lang='lat' dir='ltr'><strong>profecto</strong></span> <span class='ocrx_word' id='word_1_751' title='bbox 2214 3054 2423 3117; x_wconf 88' lang='lat' dir='ltr'><strong>tempus</strong></span> <span class='ocrx_word' id='word_1_752' title='bbox 2452 3056 2534 3103; x_wconf 90' lang='lat' dir='ltr'><strong>est</strong></span> <span class='ocrx_word' id='word_1_753' title='bbox 2557 3056 2682 3102; x_wconf 86' lang='lat' dir='ltr'><strong>ante</strong></span> <span class='ocrx_word' id='word_1_754' title='bbox 2710 3047 2927 3114; x_wconf 82' lang='lat' dir='ltr'><strong>Filium,</strong></span> <span class='ocrx_word' id='word_1_755' title='bbox 2969 3057 3023 3104; x_wconf 90' lang='lat' dir='ltr'><strong>et</strong></span> <span class='ocrx_word' id='word_1_756' title='bbox 3062 3064 3167 3104; x_wconf 92' lang='lat' dir='ltr'><strong>non</strong></span> <span class='ocrx_word' id='word_1_757' title='bbox 3197 3058 3278 3104; x_wconf 86' lang='lat' dir='ltr'><strong>est</strong></span> <span class='ocrx_word' id='word_1_758' title='bbox 3301 3047 3411 3119; x_wconf 89' lang='lat' dir='ltr'><strong>jam</strong></span> <span class='ocrx_word' id='word_1_759' title='bbox 3441 3047 3533 3103; x_wconf 83' lang='lat' dir='ltr'><strong>Fi-</strong></span> 
     </span>
    </p>
   </div>
   <div class='ocr_carea' id='block_1_92' title="bbox 1950 3139 3535 3213">
    <p class='ocr_par' dir='ltr' id='par_1_92' title="bbox 1950 3139 3535 3213">
     <span class='ocr_line' id='line_1_92' title="bbox 1950 3139 3535 3213; baseline 0.003 -20"><span class='ocrx_word' id='word_1_760' title='bbox 1950 3139 2051 3194; x_wconf 91' lang='lat' dir='ltr'><strong>lius</strong></span> <span class='ocrx_word' id='word_1_761' title='bbox 2075 3141 2436 3213; x_wconf 71' lang='lat' dir='ltr'><strong>primogenitae</strong></span> <span class='ocrx_word' id='word_1_762' title='bbox 2458 3142 2622 3197; x_wconf 89' lang='lat' dir='ltr'><strong>omnis</strong></span> <span class='ocrx_word' id='word_1_763' title='bbox 2650 3150 2895 3197; x_wconf 72' lang='lat' dir='ltr'><strong>creatum</strong></span> <span class='ocrx_word' id='word_1_764' title='bbox 2911 3184 2927 3211; x_wconf 94' lang='lat'><strong>,</strong></span> <span class='ocrx_word' id='word_1_765' title='bbox 2956 3143 3078 3212; x_wconf 88' lang='lat' dir='ltr'><strong>quia</strong></span> <span class='ocrx_word' id='word_1_766' title='bbox 3112 3150 3169 3198; x_wconf 90' lang='lat' dir='ltr'><strong>et</strong></span> <span class='ocrx_word' id='word_1_767' title='bbox 3196 3152 3404 3213; x_wconf 88' lang='lat' dir='ltr'><strong>tempus</strong></span> <span class='ocrx_word' id='word_1_768' title='bbox 3428 3143 3535 3198; x_wconf 78' lang='lat' dir='ltr'><strong>uti—</strong></span> 
     </span>
    </p>
   </div>
   <div class='ocr_carea' id='block_1_93' title="bbox 1949 3230 3534 3304">
    <p class='ocr_par' dir='ltr' id='par_1_93' title="bbox 1949 3230 3534 3304">
     <span class='ocr_line' id='line_1_93' title="bbox 1949 3230 3534 3304; baseline 0.003 -19"><span class='ocrx_word' id='word_1_769' title='bbox 1949 3246 2053 3301; x_wconf 92' lang='lat' dir='ltr'><strong>que</strong></span> <span class='ocrx_word' id='word_1_770' title='bbox 2082 3230 2345 3287; x_wconf 82' lang='lat' dir='ltr'><strong>creatura</strong></span> <span class='ocrx_word' id='word_1_771' title='bbox 2372 3242 2495 3289; x_wconf 88' lang='lat' dir='ltr'><strong>est:</strong></span> <span class='ocrx_word' id='word_1_772' title='bbox 2531 3249 2629 3289; x_wconf 91' lang='lat' dir='ltr'><strong>nec</strong></span> <span class='ocrx_word' id='word_1_773' title='bbox 2675 3234 2846 3288; x_wconf 87' lang='lat' dir='ltr'><strong>omnia</strong></span> <span class='ocrx_word' id='word_1_774' title='bbox 2891 3251 2981 3303; x_wconf 88' lang='lat' dir='ltr'><strong>per</strong></span> <span class='ocrx_word' id='word_1_775' title='bbox 3020 3234 3221 3304; x_wconf 84' lang='lat' dir='ltr'><strong>ipsum,</strong></span> <span class='ocrx_word' id='word_1_776' title='bbox 3249 3235 3293 3289; x_wconf 89' lang='lat' dir='ltr'><strong>si</strong></span> <span class='ocrx_word' id='word_1_777' title='bbox 3327 3242 3534 3303; x_wconf 89' lang='lat' dir='ltr'><strong>tempus</strong></span> 
     </span>
    </p>
   </div>
   <div class='ocr_carea' id='block_1_94' title="bbox 1947 3325 3531 3400">
    <p class='ocr_par' dir='ltr' id='par_1_94' title="bbox 1947 3325 3531 3400">
     <span class='ocr_line' id='line_1_94' title="bbox 1947 3325 3531 3400; baseline 0.004 -23"><span class='ocrx_word' id='word_1_778' title='bbox 1947 3332 2072 3379; x_wconf 85' lang='lat' dir='ltr'><strong>ante</strong></span> <span class='ocrx_word' id='word_1_779' title='bbox 2101 3325 2305 3395; x_wconf 87' lang='lat' dir='ltr'><strong>ipsum;</strong></span> <span class='ocrx_word' id='word_1_780' title='bbox 2333 3325 2427 3381; x_wconf 88' lang='lat' dir='ltr'><strong>sed</strong></span> <span class='ocrx_word' id='word_1_781' title='bbox 2458 3327 2626 3381; x_wconf 89' lang='lat' dir='ltr'><strong>omnia</strong></span> <span class='ocrx_word' id='word_1_782' title='bbox 2653 3343 2741 3396; x_wconf 88' lang='lat' dir='ltr'><strong>per</strong></span> <span class='ocrx_word' id='word_1_783' title='bbox 2777 3327 2944 3397; x_wconf 82' lang='lat' dir='ltr'><strong>ipsum</strong></span> <span class='ocrx_word' id='word_1_784' title='bbox 2977 3326 3192 3398; x_wconf 89' lang='lat' dir='ltr'><strong>(Coloss.</strong></span> <span class='ocrx_word' id='word_1_785' title='bbox 3224 3342 3260 3392; x_wconf 89' lang='grc' dir='ltr'><strong>ι,</strong></span> <span class='ocrx_word' id='word_1_786' title='bbox 3291 3328 3380 3395; x_wconf 73' lang='grc'><strong>15,</strong></span> <span class='ocrx_word' id='word_1_787' title='bbox 3405 3326 3492 3400; x_wconf 89' lang='lat' dir='ltr'><strong>I6)</strong></span> <span class='ocrx_word' id='word_1_788' title='bbox 3514 3368 3531 3395; x_wconf 91' lang='lat'><strong>,</strong></span> 
     </span>
    </p>
   </div>
   <div class='ocr_carea' id='block_1_95' title="bbox 1948 3415 3529 3493">
    <p class='ocr_par' dir='ltr' id='par_1_95' title="bbox 1948 3415 3529 3493">
     <span class='ocr_line' id='line_1_95' title="bbox 1948 3415 3529 3493; baseline 0.003 -22"><span class='ocrx_word' id='word_1_789' title='bbox 1948 3415 2151 3471; x_wconf 88' lang='lat' dir='ltr'><strong>nullum</strong></span> <span class='ocrx_word' id='word_1_790' title='bbox 2194 3433 2325 3489; x_wconf 82' lang='lat' dir='ltr'><strong>ergo</strong></span> <span class='ocrx_word' id='word_1_791' title='bbox 2347 3427 2557 3487; x_wconf 87' lang='lat' dir='ltr'><strong>tempus</strong></span> <span class='ocrx_word' id='word_1_792' title='bbox 2595 3419 3026 3493; x_wconf 86' lang='lat' dir='ltr'><strong>anteipsum.Ac</strong></span> <span class='ocrx_word' id='word_1_793' title='bbox 3052 3434 3147 3488; x_wconf 89' lang='lat' dir='ltr'><strong>per</strong></span> <span class='ocrx_word' id='word_1_794' title='bbox 3181 3418 3304 3484; x_wconf 91' lang='lat' dir='ltr'><strong>hoc,</strong></span> <span class='ocrx_word' id='word_1_795' title='bbox 3336 3434 3529 3488; x_wconf 88' lang='lat' dir='ltr'><strong>quem-</strong></span> 
     </span>
    </p>
   </div>
   <div class='ocr_carea' id='block_1_96' title="bbox 1947 3507 3531 3581">
    <p class='ocr_par' dir='ltr' id='par_1_96' title="bbox 1947 3507 3531 3581">
     <span class='ocr_line' id='line_1_96' title="bbox 1947 3507 3531 3581; baseline 0.003 -20"><span class='ocrx_word' id='word_1_796' title='bbox 1947 3507 2232 3563; x_wconf 89' lang='lat' dir='ltr'><strong>admodum</strong></span> <span class='ocrx_word' id='word_1_797' title='bbox 2282 3510 2418 3580; x_wconf 85' lang='lat' dir='ltr'><strong>ignis</strong></span> <span class='ocrx_word' id='word_1_798' title='bbox 2449 3519 2503 3565; x_wconf 89' lang='lat' dir='ltr'><strong>et</strong></span> <span class='ocrx_word' id='word_1_799' title='bbox 2541 3510 2795 3579; x_wconf 88' lang='lat' dir='ltr'><strong>splendor</strong></span> <span class='ocrx_word' id='word_1_800' title='bbox 2819 3512 2907 3581; x_wconf 89' lang='lat' dir='ltr'><strong>qui</strong></span> <span class='ocrx_word' id='word_1_801' title='bbox 2956 3525 3022 3565; x_wconf 84' lang='lat' dir='ltr'><strong>ex</strong></span> <span class='ocrx_word' id='word_1_802' title='bbox 3062 3512 3181 3581; x_wconf 83' lang='lat' dir='ltr'><strong>igne</strong></span> <span class='ocrx_word' id='word_1_803' title='bbox 3215 3510 3450 3581; x_wconf 83' lang='lat' dir='ltr'><strong>gignitur</strong></span> <span class='ocrx_word' id='word_1_804' title='bbox 3471 3524 3531 3566; x_wconf 87' lang='lat' dir='ltr'><strong>et</strong></span> 
     </span>
    </p>
   </div>
   <div class='ocr_carea' id='block_1_97' title="bbox 1950 3601 3533 3672">
    <p class='ocr_par' dir='ltr' id='par_1_97' title="bbox 1950 3601 3533 3672">
     <span class='ocr_line' id='line_1_97' title="bbox 1950 3601 3533 3672; baseline 0.001 -17"><span class='ocrx_word' id='word_1_805' title='bbox 1950 3601 2362 3672; x_wconf 89' lang='lat' dir='ltr'><strong>circumquaque</strong></span> <span class='ocrx_word' id='word_1_806' title='bbox 2401 3601 2733 3669; x_wconf 74' lang='lat' dir='ltr'><strong>dilfunditur,</strong></span> <span class='ocrx_word' id='word_1_807' title='bbox 2780 3602 2934 3657; x_wconf 89' lang='lat' dir='ltr'><strong>simul</strong></span> <span class='ocrx_word' id='word_1_808' title='bbox 2966 3616 3086 3657; x_wconf 87' lang='lat' dir='ltr'><strong>esse</strong></span> <span class='ocrx_word' id='word_1_809' title='bbox 3127 3601 3405 3671; x_wconf 88' lang='lat' dir='ltr'><strong>incipiunt,</strong></span> <span class='ocrx_word' id='word_1_810' title='bbox 3436 3617 3533 3657; x_wconf 86' lang='lat' dir='ltr'><strong>nec</strong></span> 
     </span>
    </p>
   </div>
   <div class='ocr_carea' id='block_1_98' title="bbox 1948 3693 3534 3765">
    <p class='ocr_par' dir='ltr' id='par_1_98' title="bbox 1948 3693 3534 3765">
     <span class='ocr_line' id='line_1_98' title="bbox 1948 3693 3534 3765; baseline -0.001 -16"><span class='ocrx_word' id='word_1_811' title='bbox 1948 3693 2158 3763; x_wconf 85' lang='lat' dir='ltr'><strong>genitus</strong></span> <span class='ocrx_word' id='word_1_812' title='bbox 2209 3709 2239 3747; x_wconf 91' lang='lat' dir='ltr'><strong>a</strong></span> <span class='ocrx_word' id='word_1_813' title='bbox 2285 3695 2535 3765; x_wconf 82' lang='lat' dir='ltr'><strong>gignente</strong></span> <span class='ocrx_word' id='word_1_814' title='bbox 2580 3694 2936 3765; x_wconf 66' lang='lat' dir='ltr'><strong>prazceditur:</strong></span> <span class='ocrx_word' id='word_1_815' title='bbox 2969 3693 3047 3748; x_wconf 91' lang='lat' dir='ltr'><strong>sic</strong></span> <span class='ocrx_word' id='word_1_816' title='bbox 3089 3693 3230 3748; x_wconf 90' lang='lat' dir='ltr'><strong>Deus</strong></span> <span class='ocrx_word' id='word_1_817' title='bbox 3275 3693 3431 3748; x_wconf 85' lang='lat' dir='ltr'><strong>Pater</strong></span> <span class='ocrx_word' id='word_1_818' title='bbox 3481 3703 3534 3748; x_wconf 89' lang='lat' dir='ltr'><strong>ct</strong></span> 
     </span>
    </p>
   </div>
   <div class='ocr_carea' id='block_1_99' title="bbox 1953 3783 3535 3855">
    <p class='ocr_par' dir='ltr' id='par_1_99' title="bbox 1953 3783 3535 3855">
     <span class='ocr_line' id='line_1_99' title="bbox 1953 3783 3535 3855; baseline -0.003 -14"><span class='ocrx_word' id='word_1_819' title='bbox 1953 3786 2091 3840; x_wconf 88' lang='lat' dir='ltr'><strong>Deus</strong></span> <span class='ocrx_word' id='word_1_820' title='bbox 2115 3785 2181 3841; x_wconf 89' lang='lat' dir='ltr'><strong>de</strong></span> <span class='ocrx_word' id='word_1_821' title='bbox 2216 3786 2325 3841; x_wconf 89' lang='lat' dir='ltr'><strong>Deo</strong></span> <span class='ocrx_word' id='word_1_822' title='bbox 2345 3786 2511 3841; x_wconf 86' lang='lat' dir='ltr'><strong>Filius</strong></span> <span class='ocrx_word' id='word_1_823' title='bbox 2534 3800 2655 3841; x_wconf 89' lang='lat' dir='ltr'><strong>esse</strong></span> <span class='ocrx_word' id='word_1_824' title='bbox 2687 3785 2843 3841; x_wconf 88' lang='lat' dir='ltr'><strong>simul</strong></span> <span class='ocrx_word' id='word_1_825' title='bbox 2875 3784 3146 3855; x_wconf 86' lang='lat' dir='ltr'><strong>incipiunt,</strong></span> <span class='ocrx_word' id='word_1_826' title='bbox 3186 3784 3307 3854; x_wconf 88' lang='lat' dir='ltr'><strong>quia</strong></span> <span class='ocrx_word' id='word_1_827' title='bbox 3338 3783 3535 3853; x_wconf 87' lang='lat' dir='ltr'><strong>pariter</strong></span> 
     </span>
    </p>
   </div>
   <div class='ocr_carea' id='block_1_100' title="bbox 1949 3876 3536 3947">
    <p class='ocr_par' dir='ltr' id='par_1_100' title="bbox 1949 3876 3536 3947">
     <span class='ocr_line' id='line_1_100' title="bbox 1949 3876 3536 3947; baseline -0.002 -14"><span class='ocrx_word' id='word_1_828' title='bbox 1949 3878 2066 3933; x_wconf 90' lang='lat' dir='ltr'><strong>sine</strong></span> <span class='ocrx_word' id='word_1_829' title='bbox 2092 3878 2197 3932; x_wconf 91' lang='lat' dir='ltr'><strong>ullo</strong></span> <span class='ocrx_word' id='word_1_830' title='bbox 2219 3878 2368 3931; x_wconf 89' lang='lat' dir='ltr'><strong>initio</strong></span> <span class='ocrx_word' id='word_1_831' title='bbox 2399 3877 2656 3947; x_wconf 83' lang='lat' dir='ltr'><strong>temporis</strong></span> <span class='ocrx_word' id='word_1_832' title='bbox 2679 3885 2824 3942; x_wconf 91' lang='lat' dir='ltr'><strong>sunt,</strong></span> <span class='ocrx_word' id='word_1_833' title='bbox 2857 3891 2955 3931; x_wconf 91' lang='lat' dir='ltr'><strong>nec</strong></span> <span class='ocrx_word' id='word_1_834' title='bbox 2992 3876 3204 3947; x_wconf 86' lang='lat' dir='ltr'><strong>genitus</strong></span> <span class='ocrx_word' id='word_1_835' title='bbox 3232 3890 3261 3929; x_wconf 90' lang='lat' dir='ltr'><strong>a</strong></span> <span class='ocrx_word' id='word_1_836' title='bbox 3288 3876 3536 3947; x_wconf 86' lang='lat' dir='ltr'><strong>gignente</strong></span> 
     </span>
    </p>
   </div>
   <div class='ocr_carea' id='block_1_101' title="bbox 1952 3965 3536 4040">
    <p class='ocr_par' dir='ltr' id='par_1_101' title="bbox 1952 3965 3536 4040">
     <span class='ocr_line' id='line_1_101' title="bbox 1952 3965 3536 4040; baseline -0.003 -17"><span class='ocrx_word' id='word_1_837' title='bbox 1952 3969 2283 4040; x_wconf 71' lang='lat' dir='ltr'><strong>prmceditur.</strong></span> <span class='ocrx_word' id='word_1_838' title='bbox 2319 3969 2388 4023; x_wconf 82' lang='lat' dir='ltr'><strong>Et</strong></span> <span class='ocrx_word' id='word_1_839' title='bbox 2413 3970 2549 4023; x_wconf 88' lang='lat' dir='ltr'><strong>sicut</strong></span> <span class='ocrx_word' id='word_1_840' title='bbox 2573 3969 2710 4039; x_wconf 83' lang='lat' dir='ltr'><strong>ignis</strong></span> <span class='ocrx_word' id='word_1_841' title='bbox 2726 3968 2947 4038; x_wconf 87' lang='lat' dir='ltr'><strong>gignens</strong></span> <span class='ocrx_word' id='word_1_842' title='bbox 2968 3976 3022 4022; x_wconf 88' lang='lat' dir='ltr'><strong>et</strong></span> <span class='ocrx_word' id='word_1_843' title='bbox 3047 3965 3300 4037; x_wconf 89' lang='lat' dir='ltr'><strong>splendor</strong></span> <span class='ocrx_word' id='word_1_844' title='bbox 3323 3966 3536 4036; x_wconf 82' lang='lat' dir='ltr'><strong>genitus</strong></span> 
     </span>
    </p>
   </div>
   <div class='ocr_carea' id='block_1_102' title="bbox 1948 4057 3537 4130">
    <p class='ocr_par' dir='ltr' id='par_1_102' title="bbox 1948 4057 3537 4130">
     <span class='ocr_line' id='line_1_102' title="bbox 1948 4057 3537 4130; baseline -0.004 -13"><span class='ocrx_word' id='word_1_845' title='bbox 1948 4062 2116 4117; x_wconf 69' lang='lat' dir='ltr'><strong>comvi</strong></span> <span class='ocrx_word' id='word_1_846' title='bbox 2161 4069 2313 4126; x_wconf 87' lang='lat' dir='ltr'><strong>sunt;</strong></span> <span class='ocrx_word' id='word_1_847' title='bbox 2362 4061 2433 4115; x_wconf 90' lang='lat' dir='ltr'><strong>ita</strong></span> <span class='ocrx_word' id='word_1_848' title='bbox 2474 4060 2616 4115; x_wconf 92' lang='lat' dir='ltr'><strong>Deus</strong></span> <span class='ocrx_word' id='word_1_849' title='bbox 2664 4058 2821 4114; x_wconf 85' lang='lat' dir='ltr'><strong>Pater</strong></span> <span class='ocrx_word' id='word_1_850' title='bbox 2855 4059 3076 4130; x_wconf 86' lang='lat' dir='ltr'><strong>gignens</strong></span> <span class='ocrx_word' id='word_1_851' title='bbox 3106 4066 3158 4113; x_wconf 91' lang='lat' dir='ltr'><strong>ct</strong></span> <span class='ocrx_word' id='word_1_852' title='bbox 3190 4059 3331 4113; x_wconf 89' lang='lat' dir='ltr'><strong>Deus</strong></span> <span class='ocrx_word' id='word_1_853' title='bbox 3370 4057 3537 4112; x_wconf 88' lang='lat' dir='ltr'><strong>Filius</strong></span> 
     </span>
    </p>
   </div>
   <div class='ocr_carea' id='block_1_103' title="bbox 1948 4148 3536 4223">
    <p class='ocr_par' dir='ltr' id='par_1_103' title="bbox 1948 4148 3536 4223">
     <span class='ocr_line' id='line_1_103' title="bbox 1948 4148 3536 4223; baseline -0.004 -15"><span class='ocrx_word' id='word_1_854' title='bbox 1948 4153 2158 4223; x_wconf 85' lang='lat' dir='ltr'><strong>genitus</strong></span> <span class='ocrx_word' id='word_1_855' title='bbox 2187 4152 2437 4206; x_wconf 58' lang='lat' dir='ltr'><strong>consterni</strong></span> <span class='ocrx_word' id='word_1_856' title='bbox 2468 4160 2609 4207; x_wconf 90' lang='lat' dir='ltr'><strong>sunt.</strong></span> <span class='ocrx_word' id='word_1_857' title='bbox 2643 4150 2748 4206; x_wconf 88' lang='lat' dir='ltr'><strong>Sed</strong></span> <span class='ocrx_word' id='word_1_858' title='bbox 2778 4151 2899 4221; x_wconf 88' lang='lat' dir='ltr'><strong>quia</strong></span> <span class='ocrx_word' id='word_1_859' title='bbox 2943 4151 3041 4205; x_wconf 90' lang='lat' dir='ltr'><strong>iste</strong></span> <span class='ocrx_word' id='word_1_860' title='bbox 3076 4157 3158 4205; x_wconf 92' lang='lat' dir='ltr'><strong>est</strong></span> <span class='ocrx_word' id='word_1_861' title='bbox 3189 4148 3255 4205; x_wconf 89' lang='lat' dir='ltr'><strong>de</strong></span> <span class='ocrx_word' id='word_1_862' title='bbox 3284 4148 3396 4212; x_wconf 92' lang='lat' dir='ltr'><strong>illo,</strong></span> <span class='ocrx_word' id='word_1_863' title='bbox 3430 4165 3536 4203; x_wconf 87' lang='lat' dir='ltr'><strong>non</strong></span> 
     </span>
    </p>
   </div>
   <div class='ocr_carea' id='block_1_104' title="bbox 1950 4240 3536 4312">
    <p class='ocr_par' dir='ltr' id='par_1_104' title="bbox 1950 4240 3536 4312">
     <span class='ocr_line' id='line_1_104' title="bbox 1950 4240 3536 4312; baseline -0.003 -14"><span class='ocrx_word' id='word_1_864' title='bbox 1950 4244 2041 4299; x_wconf 88' lang='lat' dir='ltr'><strong>ille</strong></span> <span class='ocrx_word' id='word_1_865' title='bbox 2066 4243 2132 4299; x_wconf 86' lang='lat' dir='ltr'><strong>de</strong></span> <span class='ocrx_word' id='word_1_866' title='bbox 2174 4244 2295 4308; x_wconf 88' lang='lat' dir='ltr'><strong>isto,</strong></span> <span class='ocrx_word' id='word_1_867' title='bbox 2326 4243 2444 4298; x_wconf 91' lang='lat' dir='ltr'><strong>idco</strong></span> <span class='ocrx_word' id='word_1_868' title='bbox 2488 4252 2542 4297; x_wconf 89' lang='lat' dir='ltr'><strong>et</strong></span> <span class='ocrx_word' id='word_1_869' title='bbox 2571 4242 2877 4297; x_wconf 89' lang='lat' dir='ltr'><strong>mandatum</strong></span> <span class='ocrx_word' id='word_1_870' title='bbox 2918 4240 3110 4312; x_wconf 90' lang='lat' dir='ltr'><strong>accipit</strong></span> <span class='ocrx_word' id='word_1_871' title='bbox 3150 4255 3180 4295; x_wconf 73' lang='grc' dir='ltr'><strong>ιι</strong></span> <span class='ocrx_word' id='word_1_872' title='bbox 3211 4240 3386 4303; x_wconf 85' lang='lat' dir='ltr'><strong>Patre,</strong></span> <span class='ocrx_word' id='word_1_873' title='bbox 3416 4256 3536 4295; x_wconf 86' lang='lat' dir='ltr'><strong>cum</strong></span> 
     </span>
    </p>
   </div>
   <div class='ocr_carea' id='block_1_105' title="bbox 1951 4331 3535 4407">
    <p class='ocr_par' dir='ltr' id='par_1_105' title="bbox 1951 4331 3535 4407">
     <span class='ocr_line' id='line_1_105' title="bbox 1951 4331 3535 4407; baseline -0.004 -16"><span class='ocrx_word' id='word_1_874' title='bbox 1951 4335 2258 4391; x_wconf 81' lang='lat' dir='ltr'><strong>mandatum</strong></span> <span class='ocrx_word' id='word_1_875' title='bbox 2288 4335 2401 4404; x_wconf 84' lang='lat' dir='ltr'><strong>ipse</strong></span> <span class='ocrx_word' id='word_1_876' title='bbox 2444 4334 2512 4388; x_wconf 90' lang='lat' dir='ltr'><strong>sit</strong></span> <span class='ocrx_word' id='word_1_877' title='bbox 2550 4333 2759 4400; x_wconf 86' lang='lat' dir='ltr'><strong>Patris;</strong></span> <span class='ocrx_word' id='word_1_878' title='bbox 2791 4342 2845 4387; x_wconf 92' lang='lat' dir='ltr'><strong>et</strong></span> <span class='ocrx_word' id='word_1_879' title='bbox 2876 4331 3030 4407; x_wconf 84' lang='lat' dir='ltr'><strong>docet</strong></span> <span class='ocrx_word' id='word_1_880' title='bbox 3058 4347 3178 4386; x_wconf 88' lang='lat' dir='ltr'><strong>eum</strong></span> <span class='ocrx_word' id='word_1_881' title='bbox 3205 4331 3381 4396; x_wconf 72' lang='lat' dir='ltr'><strong>Pater,</strong></span> <span class='ocrx_word' id='word_1_882' title='bbox 3416 4347 3535 4386; x_wconf 89' lang='lat' dir='ltr'><strong>cum</strong></span> 
     </span>
    </p>
   </div>
   <div class='ocr_carea' id='block_1_106' title="bbox 1950 4423 3537 4499">
    <p class='ocr_par' dir='ltr' id='par_1_106' title="bbox 1950 4423 3537 4499">
     <span class='ocr_line' id='line_1_106' title="bbox 1950 4423 3537 4499; baseline -0.002 -17"><span class='ocrx_word' id='word_1_883' title='bbox 1950 4429 2065 4499; x_wconf 88' lang='lat' dir='ltr'><strong>ipse</strong></span> <span class='ocrx_word' id='word_1_884' title='bbox 2095 4429 2164 4483; x_wconf 92' lang='lat' dir='ltr'><strong>sit</strong></span> <span class='ocrx_word' id='word_1_885' title='bbox 2210 4437 2431 4498; x_wconf 85' lang='lat' dir='ltr'><strong>paterna</strong></span> <span class='ocrx_word' id='word_1_886' title='bbox 2481 4424 2743 4480; x_wconf 90' lang='lat' dir='ltr'><strong>doctrina.</strong></span> <span class='ocrx_word' id='word_1_887' title='bbox 2785 4423 2873 4479; x_wconf 91' lang='lat' dir='ltr'><strong>Sic</strong></span> <span class='ocrx_word' id='word_1_888' title='bbox 2902 4424 3041 4479; x_wconf 83' lang='lat' dir='ltr'><strong>enim</strong></span> <span class='ocrx_word' id='word_1_889' title='bbox 3086 4424 3279 4493; x_wconf 89' lang='lat' dir='ltr'><strong>accipit</strong></span> <span class='ocrx_word' id='word_1_890' title='bbox 3316 4438 3343 4476; x_wconf 92' lang='lat' dir='ltr'><strong>a</strong></span> <span class='ocrx_word' id='word_1_891' title='bbox 3384 4424 3537 4479; x_wconf 65' lang='lat' dir='ltr'><strong>Putre</strong></span> 
     </span>
    </p>
   </div>
   <div class='ocr_carea' id='block_1_107' title="bbox 1952 4516 3537 4587">
    <p class='ocr_par' dir='ltr' id='par_1_107' title="bbox 1952 4516 3537 4587">
     <span class='ocr_line' id='line_1_107' title="bbox 1952 4516 3537 4587; baseline -0.003 -12"><span class='ocrx_word' id='word_1_892' title='bbox 1952 4520 2140 4585; x_wconf 83' lang='lat' dir='ltr'><strong>vitam,</strong></span> <span class='ocrx_word' id='word_1_893' title='bbox 2183 4534 2304 4573; x_wconf 92' lang='lat' dir='ltr'><strong>cum</strong></span> <span class='ocrx_word' id='word_1_894' title='bbox 2343 4517 2481 4572; x_wconf 90' lang='lat' dir='ltr'><strong>sicut</strong></span> <span class='ocrx_word' id='word_1_895' title='bbox 2500 4517 2658 4573; x_wconf 86' lang='lat' dir='ltr'><strong>Pater</strong></span> <span class='ocrx_word' id='word_1_896' title='bbox 2687 4517 2800 4587; x_wconf 90' lang='lat' dir='ltr'><strong>ipse</strong></span> <span class='ocrx_word' id='word_1_897' title='bbox 2827 4516 2895 4573; x_wconf 86' lang='lat' dir='ltr'><strong>sit</strong></span> <span class='ocrx_word' id='word_1_898' title='bbox 2925 4516 3028 4573; x_wconf 83' lang='lat' dir='ltr'><strong>vita</strong></span> <span class='ocrx_word' id='word_1_899' title='bbox 3061 4533 3075 4569; x_wconf 75' lang='grc' dir='ltr'><strong>ε</strong></span> <span class='ocrx_word' id='word_1_900' title='bbox 3107 4517 3176 4570; x_wconf 88' lang='lat' dir='ltr'><strong>ita</strong></span> <span class='ocrx_word' id='word_1_901' title='bbox 3204 4524 3285 4571; x_wconf 87' lang='lat' dir='ltr'><strong>est</strong></span> <span class='ocrx_word' id='word_1_902' title='bbox 3316 4526 3367 4571; x_wconf 86' lang='lat' dir='ltr'><strong>et</strong></span> <span class='ocrx_word' id='word_1_903' title='bbox 3396 4516 3537 4571; x_wconf 84' lang='lat' dir='ltr'><strong>Patri</strong></span> 
     </span>
    </p>
   </div>
   <div class='ocr_carea' id='block_1_108' title="bbox 1951 4610 3539 4679">
    <p class='ocr_par' dir='ltr' id='par_1_108' title="bbox 1951 4610 3539 4679">
     <span class='ocr_line' id='line_1_108' title="bbox 1951 4610 3539 4679; baseline -0.001 -10"><span class='ocrx_word' id='word_1_904' title='bbox 1951 4614 2162 4679; x_wconf 87' lang='lat' dir='ltr'><strong>similis,</strong></span> <span class='ocrx_word' id='word_1_905' title='bbox 2188 4622 2247 4667; x_wconf 90' lang='lat' dir='ltr'><strong>ut</strong></span> <span class='ocrx_word' id='word_1_906' title='bbox 2288 4613 2340 4667; x_wconf 92' lang='lat' dir='ltr'><strong>in</strong></span> <span class='ocrx_word' id='word_1_907' title='bbox 2385 4612 2531 4667; x_wconf 89' lang='lat' dir='ltr'><strong>nullo</strong></span> <span class='ocrx_word' id='word_1_908' title='bbox 2566 4612 2634 4666; x_wconf 89' lang='lat' dir='ltr'><strong>sit</strong></span> <span class='ocrx_word' id='word_1_909' title='bbox 2672 4612 2889 4667; x_wconf 89' lang='lat' dir='ltr'><strong>omnino</strong></span> <span class='ocrx_word' id='word_1_910' title='bbox 2929 4610 3221 4666; x_wconf 87' lang='lat' dir='ltr'><strong>dissimilis.</strong></span> <span class='ocrx_word' id='word_1_911' title='bbox 3278 4611 3539 4667; x_wconf 86' lang='lat' dir='ltr'><strong>Testimo-</strong></span> 
     </span>
    </p>
   </div>
   <div class='ocr_carea' id='block_1_109' title="bbox 1951 4701 3538 4771">
    <p class='ocr_par' dir='ltr' id='par_1_109' title="bbox 1951 4701 3538 4771">
     <span class='ocr_line' id='line_1_109' title="bbox 1951 4701 3538 4771; baseline -0.002 -12"><span class='ocrx_word' id='word_1_912' title='bbox 1951 4706 2095 4759; x_wconf 87' lang='lat' dir='ltr'><strong>nium</strong></span> <span class='ocrx_word' id='word_1_913' title='bbox 2129 4718 2254 4758; x_wconf 87' lang='lat' dir='ltr'><strong>vero</strong></span> <span class='ocrx_word' id='word_1_914' title='bbox 2278 4717 2399 4757; x_wconf 88' lang='lat' dir='ltr'><strong>cum</strong></span> <span class='ocrx_word' id='word_1_915' title='bbox 2428 4703 2651 4757; x_wconf 90' lang='lat' dir='ltr'><strong>invicem</strong></span> <span class='ocrx_word' id='word_1_916' title='bbox 2677 4702 2776 4756; x_wconf 87' lang='lat' dir='ltr'><strong>sibi</strong></span> <span class='ocrx_word' id='word_1_917' title='bbox 2826 4701 3140 4771; x_wconf 88' lang='lat' dir='ltr'><strong>perhibeant</strong></span> <span class='ocrx_word' id='word_1_918' title='bbox 3186 4701 3343 4756; x_wconf 88' lang='lat' dir='ltr'><strong>Pater</strong></span> <span class='ocrx_word' id='word_1_919' title='bbox 3365 4712 3417 4756; x_wconf 90' lang='lat' dir='ltr'><strong>et</strong></span> <span class='ocrx_word' id='word_1_920' title='bbox 3446 4702 3538 4756; x_wconf 88' lang='lat' dir='ltr'><strong>Fi-</strong></span> 
     </span>
    </p>
   </div>
   <div class='ocr_carea' id='block_1_110' title="bbox 1952 4792 3537 4866">
    <p class='ocr_par' dir='ltr' id='par_1_110' title="bbox 1952 4792 3537 4866">
     <span class='ocr_line' id='line_1_110' title="bbox 1952 4792 3537 4866; baseline -0.002 -16"><span class='ocrx_word' id='word_1_921' title='bbox 1952 4796 2073 4862; x_wconf 90' lang='lat' dir='ltr'><strong>lius,</strong></span> <span class='ocrx_word' id='word_1_922' title='bbox 2104 4794 2369 4866; x_wconf 87' lang='lat' dir='ltr'><strong>quomodo</strong></span> <span class='ocrx_word' id='word_1_923' title='bbox 2391 4795 2477 4850; x_wconf 90' lang='lat' dir='ltr'><strong>isti</strong></span> <span class='ocrx_word' id='word_1_924' title='bbox 2497 4794 2720 4850; x_wconf 86' lang='lat' dir='ltr'><strong>alterum</strong></span> <span class='ocrx_word' id='word_1_925' title='bbox 2742 4809 2925 4848; x_wconf 88' lang='lat' dir='ltr'><strong>eorum</strong></span> <span class='ocrx_word' id='word_1_926' title='bbox 2957 4792 3151 4849; x_wconf 83' lang='lat' dir='ltr'><strong>faciant</strong></span> <span class='ocrx_word' id='word_1_927' title='bbox 3178 4792 3537 4848; x_wconf 90' lang='lat' dir='ltr'><strong>testimonium</strong></span> 
     </span>
    </p>
   </div>
   <div class='ocr_carea' id='block_1_111' title="bbox 1954 4882 3531 4959">
    <p class='ocr_par' dir='ltr' id='par_1_111' title="bbox 1954 4882 3531 4959">
     <span class='ocr_line' id='line_1_111' title="bbox 1954 4882 3531 4959; baseline -0.003 -16"><span class='ocrx_word' id='word_1_928' title='bbox 1954 4888 2339 4959; x_wconf 87' lang='lat' dir='ltr'><strong>perhibentem,</strong></span> <span class='ocrx_word' id='word_1_929' title='bbox 2359 4895 2413 4941; x_wconf 91' lang='lat' dir='ltr'><strong>et</strong></span> <span class='ocrx_word' id='word_1_930' title='bbox 2431 4887 2654 4941; x_wconf 88' lang='lat' dir='ltr'><strong>alterum</strong></span> <span class='ocrx_word' id='word_1_931' title='bbox 2676 4885 2760 4941; x_wconf 92' lang='lat' dir='ltr'><strong>cui</strong></span> <span class='ocrx_word' id='word_1_932' title='bbox 2779 4884 3137 4940; x_wconf 88' lang='lat' dir='ltr'><strong>testimonium</strong></span> <span class='ocrx_word' id='word_1_933' title='bbox 3164 4882 3531 4954; x_wconf 88' lang='lat' dir='ltr'><strong>perhibeatur,</strong></span> 
     </span>
    </p>
   </div>
   <div class='ocr_carea' id='block_1_112' title="bbox 1953 4975 3538 5051">
    <p class='ocr_par' dir='ltr' id='par_1_112' title="bbox 1953 4975 3538 5051">
     <span class='ocr_line' id='line_1_112' title="bbox 1953 4975 3538 5051; baseline -0.003 -18"><span class='ocrx_word' id='word_1_934' title='bbox 1953 4982 2157 5051; x_wconf 85' lang='lat' dir='ltr'><strong>ignoro.</strong></span> <span class='ocrx_word' id='word_1_935' title='bbox 2183 4979 2369 5035; x_wconf 90' lang='lat' dir='ltr'><strong>Nonne</strong></span> <span class='ocrx_word' id='word_1_936' title='bbox 2400 4978 2559 5032; x_wconf 87' lang='lat' dir='ltr'><strong>Pater</strong></span> <span class='ocrx_word' id='word_1_937' title='bbox 2591 4977 2737 5041; x_wconf 91' lang='lat' dir='ltr'><strong>dicit,</strong></span> <span class='ocrx_word' id='word_1_938' title='bbox 2770 4976 2869 5030; x_wconf 84' lang='lat' dir='ltr'><strong>Hic</strong></span> <span class='ocrx_word' id='word_1_939' title='bbox 2905 4986 2977 5031; x_wconf 89' lang='lat' dir='ltr'><strong>est</strong></span> <span class='ocrx_word' id='word_1_940' title='bbox 3027 4975 3076 5029; x_wconf 89' lang='lat' dir='ltr'><em>F</em></span> <span class='ocrx_word' id='word_1_941' title='bbox 3079 4976 3197 5029; x_wconf 89' lang='lat' dir='ltr'><strong>ilius</strong></span> <span class='ocrx_word' id='word_1_942' title='bbox 3239 4992 3379 5029; x_wconf 86' lang='lat' dir='ltr'><strong>meus</strong></span> <span class='ocrx_word' id='word_1_943' title='bbox 3409 4975 3538 5029; x_wconf 85' lang='lat' dir='ltr'><strong>dile-</strong></span> 
     </span>
    </p>
   </div>
   <div class='ocr_carea' id='block_1_113' title="bbox 1953 5066 3544 5143">
    <p class='ocr_par' dir='ltr' id='par_1_113' title="bbox 1953 5066 3544 5143">
     <span class='ocr_line' id='line_1_113' title="bbox 1953 5066 3544 5143; baseline -0.003 -18"><span class='ocrx_word' id='word_1_944' title='bbox 1953 5082 2061 5126; x_wconf 90' lang='lat' dir='ltr'><strong>ctus</strong></span> <span class='ocrx_word' id='word_1_945' title='bbox 2094 5070 2304 5143; x_wconf 81' lang='lat' dir='ltr'><strong>(Matth.</strong></span> <span class='ocrx_word' id='word_1_946' title='bbox 2339 5086 2415 5134; x_wconf 87' lang='grc' dir='ltr'><strong>ιιι,</strong></span> <span class='ocrx_word' id='word_1_947' title='bbox 2448 5068 2573 5141; x_wconf 84' lang='lat' dir='ltr'><strong>l7)?</strong></span> <span class='ocrx_word' id='word_1_948' title='bbox 2600 5070 2786 5124; x_wconf 88' lang='lat' dir='ltr'><strong>Nonne</strong></span> <span class='ocrx_word' id='word_1_949' title='bbox 2814 5068 2983 5127; x_wconf 82' lang='lat' dir='ltr'><strong>Filius</strong></span> <span class='ocrx_word' id='word_1_950' title='bbox 3002 5067 3150 5133; x_wconf 89' lang='lat' dir='ltr'><strong>dicit,</strong></span> <span class='ocrx_word' id='word_1_951' title='bbox 3184 5066 3544 5121; x_wconf 85' lang='lat' dir='ltr'><strong>Testimonium</strong></span> 
     </span>
    </p>
   </div>
   <div class='ocr_carea' id='block_1_114' title="bbox 1955 5157 3546 5233">
    <p class='ocr_par' dir='ltr' id='par_1_114' title="bbox 1955 5157 3546 5233">
     <span class='ocr_line' id='line_1_114' title="bbox 1955 5157 3546 5233; baseline -0.003 -18"><span class='ocrx_word' id='word_1_952' title='bbox 1955 5162 2175 5233; x_wconf 86' lang='lat' dir='ltr'><strong>perhibet</strong></span> <span class='ocrx_word' id='word_1_953' title='bbox 2204 5163 2266 5215; x_wconf 86' lang='lat' dir='ltr'><strong>de</strong></span> <span class='ocrx_word' id='word_1_954' title='bbox 2294 5177 2394 5226; x_wconf 90' lang='lat' dir='ltr'><strong>me,</strong></span> <span class='ocrx_word' id='word_1_955' title='bbox 2416 5161 2504 5231; x_wconf 88' lang='lat' dir='ltr'><strong>qui</strong></span> <span class='ocrx_word' id='word_1_956' title='bbox 2531 5161 2663 5214; x_wconf 90' lang='lat' dir='ltr'><strong>misit</strong></span> <span class='ocrx_word' id='word_1_957' title='bbox 2693 5176 2789 5225; x_wconf 87' lang='lat' dir='ltr'><strong>me,</strong></span> <span class='ocrx_word' id='word_1_958' title='bbox 2822 5157 2978 5212; x_wconf 83' lang='lat' dir='ltr'><strong>Pater</strong></span> <span class='ocrx_word' id='word_1_959' title='bbox 3009 5158 3025 5229; x_wconf 91' lang='lat'><strong>(</strong></span> <span class='ocrx_word' id='word_1_960' title='bbox 3055 5158 3212 5213; x_wconf 83' lang='lat' dir='ltr'><strong>Joan.</strong></span> <span class='ocrx_word' id='word_1_961' title='bbox 3239 5174 3352 5222; x_wconf 82' lang='lat' dir='ltr'><strong>vm,</strong></span> <span class='ocrx_word' id='word_1_962' title='bbox 3387 5158 3454 5213; x_wconf 80' lang='grc'>18</span> <span class='ocrx_word' id='word_1_963' title='bbox 3482 5158 3546 5227; x_wconf 85' lang='lat'><strong>)?</strong></span> 
     </span>
    </p>
   </div>
   <div class='ocr_carea' id='block_1_115' title="bbox 1955 5250 3545 5323">
    <p class='ocr_par' dir='ltr' id='par_1_115' title="bbox 1955 5250 3545 5323">
     <span class='ocr_line' id='line_1_115' title="bbox 1955 5250 3545 5323; baseline -0.004 -14"><span class='ocrx_word' id='word_1_964' title='bbox 1955 5253 2060 5309; x_wconf 89' lang='lat' dir='ltr'><strong>Cur</strong></span> <span class='ocrx_word' id='word_1_965' title='bbox 2090 5270 2217 5323; x_wconf 85' lang='lat' dir='ltr'><strong>ergo</strong></span> <span class='ocrx_word' id='word_1_966' title='bbox 2243 5268 2339 5307; x_wconf 85' lang='lat' dir='ltr'><strong>eos</strong></span> <span class='ocrx_word' id='word_1_967' title='bbox 2386 5254 2456 5306; x_wconf 89' lang='lat' dir='ltr'><strong>ita</strong></span> <span class='ocrx_word' id='word_1_968' title='bbox 2497 5252 2846 5319; x_wconf 83' lang='lat' dir='ltr'><strong>distinguunt,</strong></span> <span class='ocrx_word' id='word_1_969' title='bbox 2885 5259 2939 5303; x_wconf 93' lang='lat' dir='ltr'><strong>ut</strong></span> <span class='ocrx_word' id='word_1_970' title='bbox 2980 5251 3190 5304; x_wconf 85' lang='lat' dir='ltr'><strong>Patrem</strong></span> <span class='ocrx_word' id='word_1_971' title='bbox 3235 5250 3414 5304; x_wconf 88' lang='lat' dir='ltr'><strong>dicant</strong></span> <span class='ocrx_word' id='word_1_972' title='bbox 3460 5251 3545 5305; x_wconf 90' lang='lat' dir='ltr'><strong>cui</strong></span> 
     </span>
    </p>
   </div>
   <div class='ocr_carea' id='block_1_116' title="bbox 1958 5343 3548 5415">
    <p class='ocr_par' dir='ltr' id='par_1_116' title="bbox 1958 5343 3548 5415">
     <span class='ocr_line' id='line_1_116' title="bbox 1958 5343 3548 5415; baseline -0.003 -14"><span class='ocrx_word' id='word_1_973' title='bbox 1958 5347 2317 5402; x_wconf 87' lang='lat' dir='ltr'><strong>testimonium</strong></span> <span class='ocrx_word' id='word_1_974' title='bbox 2350 5344 2677 5415; x_wconf 85' lang='lat' dir='ltr'><strong>perhibetur,</strong></span> <span class='ocrx_word' id='word_1_975' title='bbox 2709 5354 2762 5397; x_wconf 88' lang='lat' dir='ltr'><strong>et</strong></span> <span class='ocrx_word' id='word_1_976' title='bbox 2794 5343 2983 5397; x_wconf 89' lang='lat' dir='ltr'><strong>Filium</strong></span> <span class='ocrx_word' id='word_1_977' title='bbox 3014 5343 3102 5412; x_wconf 90' lang='lat' dir='ltr'><strong>qui</strong></span> <span class='ocrx_word' id='word_1_978' title='bbox 3133 5343 3413 5413; x_wconf 87' lang='lat' dir='ltr'><strong>perhibet?</strong></span> <span class='ocrx_word' id='word_1_979' title='bbox 3438 5345 3548 5397; x_wconf 79' lang='lat' dir='ltr'><strong>Cur</strong></span> 
     </span>
    </p>
   </div>
   <div class='ocr_carea' id='block_1_117' title="bbox 1958 5435 3549 5512">
    <p class='ocr_par' dir='ltr' id='par_1_117' title="bbox 1958 5435 3549 5512">
     <span class='ocr_line' id='line_1_117' title="bbox 1958 5435 3549 5512; baseline -0.004 -16"><span class='ocrx_word' id='word_1_980' title='bbox 1958 5458 2125 5512; x_wconf 87' lang='lat' dir='ltr'><strong>usque</strong></span> <span class='ocrx_word' id='word_1_981' title='bbox 2152 5440 2217 5495; x_wconf 90' lang='lat' dir='ltr'><strong>ad</strong></span> <span class='ocrx_word' id='word_1_982' title='bbox 2250 5441 2345 5494; x_wconf 87' lang='lat' dir='ltr'><strong>ista</strong></span> <span class='ocrx_word' id='word_1_983' title='bbox 2374 5449 2498 5493; x_wconf 88' lang='lat' dir='ltr'><strong>sunt</strong></span> <span class='ocrx_word' id='word_1_984' title='bbox 2519 5437 2658 5501; x_wconf 79' lang='lat' dir='ltr'><strong>vani,</strong></span> <span class='ocrx_word' id='word_1_985' title='bbox 2685 5452 2851 5507; x_wconf 88' lang='lat' dir='ltr'><strong>usque</strong></span> <span class='ocrx_word' id='word_1_986' title='bbox 2880 5435 2945 5490; x_wconf 87' lang='lat' dir='ltr'><strong>ad</strong></span> <span class='ocrx_word' id='word_1_987' title='bbox 2976 5437 3070 5489; x_wconf 88' lang='lat' dir='ltr'><strong>ista</strong></span> <span class='ocrx_word' id='word_1_988' title='bbox 3100 5435 3265 5499; x_wconf 87' lang='lat' dir='ltr'><strong>surdi,</strong></span> <span class='ocrx_word' id='word_1_989' title='bbox 3294 5450 3460 5505; x_wconf 85' lang='lat' dir='ltr'><strong>usque</strong></span> <span class='ocrx_word' id='word_1_990' title='bbox 3483 5436 3549 5490; x_wconf 85' lang='lat' dir='ltr'><strong>ad</strong></span> 
     </span>
    </p>
   </div>
   <div class='ocr_carea' id='block_1_118' title="bbox 1958 5528 3547 5592">
    <p class='ocr_par' dir='ltr' id='par_1_118' title="bbox 1958 5528 3547 5592">
     <span class='ocr_line' id='line_1_118' title="bbox 1958 5528 3547 5592; baseline -0.006 -5"><span class='ocrx_word' id='word_1_991' title='bbox 1958 5535 2057 5589; x_wconf 86' lang='lat' dir='ltr'><strong>ista</strong></span> <span class='ocrx_word' id='word_1_992' title='bbox 2079 5532 2242 5588; x_wconf 62' lang='lat' dir='ltr'><strong>caeci?</strong></span> <span class='ocrx_word' id='word_1_993' title='bbox 2276 5533 2347 5587; x_wconf 88' lang='lat' dir='ltr'><strong>De</strong></span> <span class='ocrx_word' id='word_1_994' title='bbox 2378 5531 2535 5586; x_wconf 87' lang='lat' dir='ltr'><strong>Patre</strong></span> <span class='ocrx_word' id='word_1_995' title='bbox 2578 5540 2754 5585; x_wconf 90' lang='lat' dir='ltr'><strong>autem</strong></span> <span class='ocrx_word' id='word_1_996' title='bbox 2807 5529 3051 5583; x_wconf 87' lang='lat' dir='ltr'><strong>mittente</strong></span> <span class='ocrx_word' id='word_1_997' title='bbox 3092 5538 3147 5582; x_wconf 88' lang='lat' dir='ltr'><strong>et</strong></span> <span class='ocrx_word' id='word_1_998' title='bbox 3194 5528 3358 5583; x_wconf 88' lang='lat' dir='ltr'><strong>misso</strong></span> <span class='ocrx_word' id='word_1_999' title='bbox 3389 5528 3547 5592; x_wconf 83' lang='lat' dir='ltr'><strong>Filio,</strong></span> 
     </span>
    </p>
   </div>
   <div class='ocr_carea' id='block_1_119' title="bbox 1953 5619 3547 5698">
    <p class='ocr_par' dir='ltr' id='par_1_119' title="bbox 1953 5619 3547 5698">
     <span class='ocr_line' id='line_1_119' title="bbox 1953 5619 3547 5698; baseline -0.004 -18"><span class='ocrx_word' id='word_1_1000' title='bbox 1953 5627 2064 5698; x_wconf 88' lang='lat' dir='ltr'><strong>jam</strong></span> <span class='ocrx_word' id='word_1_1001' title='bbox 2087 5626 2139 5680; x_wconf 93' lang='lat' dir='ltr'><strong>in</strong></span> <span class='ocrx_word' id='word_1_1002' title='bbox 2170 5624 2531 5695; x_wconf 82' lang='lat' dir='ltr'><strong>superioribus</strong></span> <span class='ocrx_word' id='word_1_1003' title='bbox 2559 5622 2715 5693; x_wconf 89' lang='lat' dir='ltr'><strong>hujus</strong></span> <span class='ocrx_word' id='word_1_1004' title='bbox 2743 5620 3113 5693; x_wconf 79' lang='lat' dir='ltr'><strong>disputationis</strong></span> <span class='ocrx_word' id='word_1_1005' title='bbox 3140 5619 3378 5689; x_wconf 77' lang='lat' dir='ltr'><strong>partibus</strong></span> <span class='ocrx_word' id='word_1_1006' title='bbox 3418 5621 3547 5673; x_wconf 84' lang='lat' dir='ltr'><strong>satis</strong></span> 
     </span>
    </p>
   </div>
   <div class='ocr_carea' id='block_1_120' title="bbox 1960 5738 2706 5806">
    <p class='ocr_par' dir='ltr' id='par_1_120' title="bbox 1960 5738 2706 5806">
     <span class='ocr_line' id='line_1_120' title="bbox 1960 5738 2706 5806; baseline -0.008 -11"><span class='ocrx_word' id='word_1_1007' title='bbox 1960 5738 2273 5806; x_wconf 86' lang='lat' dir='ltr'><strong>abundeque</strong></span> <span class='ocrx_word' id='word_1_1008' title='bbox 2302 5746 2580 5792; x_wconf 88' lang='lat' dir='ltr'><strong>tractatum</strong></span> <span class='ocrx_word' id='word_1_1009' title='bbox 2602 5746 2706 5792; x_wconf 88' lang='lat' dir='ltr'><strong>cst.</strong></span> 
     </span>
    </p>
   </div>
   <div class='ocr_carea' id='block_1_121' title="bbox 2033 5823 3551 5898">
    <p class='ocr_par' dir='ltr' id='par_1_121' title="bbox 2033 5823 3551 5898">
     <span class='ocr_line' id='line_1_121' title="bbox 2033 5823 3551 5898; baseline -0.007 -10"><span class='ocrx_word' id='word_1_1010' title='bbox 2033 5828 2255 5888; x_wconf 72' lang='lat' dir='ltr'><strong>CAPUT</strong></span> <span class='ocrx_word' id='word_1_1011' title='bbox 2297 5828 2510 5883; x_wconf 78' lang='lat' dir='ltr'><strong>XXXV.</strong></span> <span class='ocrx_word' id='word_1_1012' title='bbox 2544 5860 2612 5868; x_wconf 93' lang='lat'><strong>—</strong></span> <span class='ocrx_word' id='word_1_1013' title='bbox 2642 5830 2730 5886; x_wconf 75' lang='lat'><strong>55.</strong></span> <span class='ocrx_word' id='word_1_1014' title='bbox 2791 5829 3064 5898; x_wconf 87' lang='lat' dir='ltr'><strong>Nunquam</strong></span> <span class='ocrx_word' id='word_1_1015' title='bbox 3096 5844 3250 5895; x_wconf 88' lang='lat' dir='ltr'><strong>sane,</strong></span> <span class='ocrx_word' id='word_1_1016' title='bbox 3287 5834 3341 5880; x_wconf 91' lang='lat' dir='ltr'><strong>ut</strong></span> <span class='ocrx_word' id='word_1_1017' title='bbox 3364 5823 3551 5894; x_wconf 85' lang='lat' dir='ltr'><strong>impie-</strong></span> 
     </span>
    </p>
   </div>
  </div>
