4028 6422
549 335 654 390 ’107

547 448 773 505 sas-ista
818 446 1038 512 delirat,
1087 445 1244 498 Pater
1289 441 1526 510 prascius
1553 449 1658 492 erat
1685 455 1738 491 se
1762 438 2001 508 unigeniti
2052 436 2139 489 Det

555 541 760 594 Patrem
789 539 1056 608 futurum:
1086 534 1206 604 quia
1245 546 1512 600 nunquam
1554 544 1657 584 non
1698 529 1856 584 Pater
1883 537 2020 594 erat,
2051 528 2141 580 ba-

551 633 686 687 bens
708 631 901 685 Filium
943 635 1296 688 coaeternum,
1323 631 1400 680 ,et
1438 636 1699 691 generans
1745 622 1860 674 sine
1905 628 2142 688 tempore

547 739 651 794 per
679 738 836 794 quem
881 719 1118 774 condidit
1161 727 1422 784 tempora.
1468 715 1532 768 Et
1573 715 1711 767 sicut
1748 714 1916 768 Deum
1948 728 2005 767 se
2037 729 2139 766 non

552 815 818 884 prtescivit
838 811 1071 865 futurum
1099 807 1238 875 quod
1263 823 1475 876 semper
1497 813 1610 860 crat
1634 822 1647 869 ;
1682 806 1756 859 sic
1782 819 1879 858 nec
1904 805 2136 867 Patrem,

550 907 674 976 quia
705 919 824 964 cum
865 902 1001 957 Filio
1028 915 1240 968 semper
1269 907 1382 952 erat
1416 917 1428 951 ε
1455 914 1543 951 nec
1574 913 1755 966 magno
1787 895 1925 949 Filio
1954 895 2136 962 major,

549 1015 639 1052 nec
668 998 796 1050 bono
821 994 1032 1054 melior;
1062 991 1183 1060 quia
1207 1005 1310 1044 non
1339 989 1480 1043 Patri
1511 996 1736 1051 tantum,
1759 985 1852 1040 sed
1879 986 2140 1039 univerSm

549 1088 792 1142 Trinitati
819 1085 1019 1138 dictum
1054 1092 1157 1147 est,
1192 1081 1269 1134 Tu
1295 1097 1346 1134 es
1375 1079 1512 1133 Deus
1541 1081 1679 1132 solus
1708 1094 1919 1148 magnus
1944 1077 1963 1147 (
1994 1076 2136 1130 Paul.

549 1197 750 1242 Lxxxv,
785 1177 913 1248 10).
952 1176 1060 1231 Nec
1089 1175 1155 1229 de
1188 1175 1342 1229 Patre
1388 1182 1613 1238 tantum,
1664 1171 1755 1226 sed
1795 1171 1863 1225 de
1895 1172 2135 1224 univerSa

545 1274 806 1330 Trinitate
832 1279 976 1326 recte
1005 1268 1314 1337 intelligitur
1342 1267 1538 1320 dixisse
1567 1266 1705 1318 idem
1739 1264 1902 1318 Filius
1928 1304 1942 1330 ,
1973 1261 2138 1316 Nemo

546 1368 724 1430 bonus,
783 1363 882 1418 nisi
920 1379 1052 1416 unus
1099 1360 1233 1414 Deus
1261 1356 1278 1430 (
1305 1357 1470 1411 Marc.
1503 1374 1556 1423 ι,
1588 1357 1654 1412 18
1681 1355 1699 1428 )
1728 1372 1741 1420 ;
1774 1353 1986 1426 quando
2017 1370 2137 1409 eum

545 1460 831 1531 appellavit
854 1457 1162 1527 magistrum
1180 1455 1397 1516 bonum,
1423 1451 1512 1519 qui
1536 1467 1656 1505 eum
1684 1451 1916 1505 nondum
1937 1449 2133 1504 intelli-

545 1553 706 1623 gebat
728 1552 1170 1618 Deumztauquam
1190 1546 1410 1608 diceret,
1430 1545 1486 1598 Si
1500 1543 1886 1607 voeasbonmn,
1906 1542 2139 1611 intelligo

549 1646 747 1709 Deum;
779 1657 936 1697 nemo
961 1641 1100 1696 enim
1145 1639 1331 1702 bonus,
1377 1636 1478 1690 nisi
1521 1651 1660 1689 unus
1706 1636 1864 1689 Deus.
1907 1633 2139 1689 Trinittts

547 1751 673 1805 ergo
701 1750 835 1788 unus
866 1733 1007 1788 Deus
1045 1731 1192 1785 solus
1235 1741 1460 1798 magnus
1489 1736 1544 1781 et
1581 1726 1788 1793 bonus,
1831 1727 1916 1781 cui
1957 1726 2050 1779 uni
2086 1734 2139 1780 et

546 1828 668 1892 soli,
714 1827 852 1880 sicut
882 1823 1120 1893 praecipit
1169 1822 1257 1877 lett
1289 1821 1430 1890 ejus,
1456 1819 1544 1874 illa
1576 1835 1697 1889 qua:
1748 1818 1900 1872 latria
1944 1818 2139 1872 dicitur

546 1917 801 1972 servitute
830 1915 1114 1969 servimus.
1733 1898 1741 1909 “

615 2006 839 2062 CAPUT
879 2003 1118 2058 XXXVI.
1149 2033 1213 2041 —
1243 2002 1332 2056 54.
1381 2000 1535 2056 Absit
1572 2009 1748 2056 autem
1778 2009 1834 2054 ut
1863 2000 2098 2055 dicamus
2123 2017 2166 2065 ,ε

548 2099 881 2163 humilitatis,
917 2113 1022 2151 non
1053 2095 1291 2151 veritatis
1321 2095 1487 2164 gratia
1520 2093 1713 2148 Filium
1749 2093 2038 2163 aliquando
2061 2094 2139 2148 sic

546 2193 713 2264 loqui,
747 2199 806 2245 ut
823 2206 883 2245 se
914 2189 1056 2244 Patri
1085 2187 1332 2256 subjiciat
1361 2201 1590 2256 eumque
1628 2185 1887 2254 majorem
1912 2201 2033 2240 esse
2065 2197 2136 2240 te-

545 2294 734 2342 stetur.
768 2283 1025 2339 Novimus
1051 2282 1248 2351 quippe
1287 2281 1339 2335 in
1372 2280 1506 2335 Filio
1551 2279 1780 2335 formam
1827 2280 1989 2345 servi,
2023 2295 2137 2333 non

546 2379 724 2434 lietam
751 2376 1183 2443 simulatamque,
1216 2372 1310 2428 sed
1351 2387 1566 2426 veram:
1597 2380 1814 2440 propter
1843 2386 1998 2439 quem
2032 2371 2138 2424 sci-

546 2473 677 2526 licet
721 2470 1010 2524 humanum
1057 2465 1321 2530 habitum,
1365 2473 1421 2518 et
1469 2471 1689 2534 propter
1723 2462 1866 2531 quod
1916 2463 2029 2532 ipse
2073 2462 2140 2516 de

548 2565 728 2632 Patre,
757 2577 865 2618 non
899 2561 1056 2616 Pater
1085 2558 1153 2614 de
1182 2558 1274 2612 illo
1301 2558 1441 2612 Deus
1465 2564 1568 2621 est,
1591 2555 1720 2609 dicit
1745 2555 1832 2609 illa
1861 2555 2140 2615 omnia,de

548 2656 740 2727 quibus
766 2653 856 2710 isti
902 2650 1237 2708 occasionem
1268 2648 1575 2717 accipiunt,
1617 2646 1855 2702 diversas
1886 2646 2059 2700 Patris
2087 2657 2140 2700 et

549 2749 671 2805 Filii
699 2745 920 2802 credere
956 2758 1020 2798 ac
1049 2741 1340 2812 pratdicare
1369 2749 1606 2794 naturas.
1651 2739 1717 2793 Et
1755 2753 1874 2792 eum
1907 2753 1966 2793 se
1998 2748 2137 2793 tanta

547 2843 651 2898 ista
674 2838 928 2908 voragine
952 2833 1240 2904 impietatis
1263 2833 1600 2901 immergant,
1629 2844 1728 2885 nos
1757 2839 2003 2898 tanquam
2041 2843 2139 2898 op-

550 2931 768 3003 probrio
798 2927 920 2983 novi
947 2924 1177 2980 nominis
1222 2923 1611 2979 Ilomousianos
1647 2931 1858 2976 vocant.
1892 2920 1968 2976 lla
1997 2921 2137 2976 enim

549 3037 674 3079 sese
696 3020 856 3075 habet
878 3015 1158 3072 catholica:
1182 3012 1421 3068 veritatis
1458 3011 1769 3081 antiquitas,
1797 3020 1852 3066 ut
1881 3011 1928 3066 ei
1955 3026 2140 3066 omnes

551 3119 787 3172 haeretici
815 3116 1026 3170 diversa
1047 3115 1260 3170 nomina
1291 3113 1586 3183 imponant,
1622 3126 1745 3166 cum
1780 3111 1880 3180 ipsi
1907 3124 2002 3166 sua
2031 3111 2141 3166 sin-

546 3211 694 3282 gula,
727 3210 864 3265 sicut
893 3209 961 3264 ab
985 3207 1606 3278 omnibus'appcllantur,
1631 3205 1930 3262 obtineant.
1959 3207 2140 3260 Ariani

551 3302 747 3373 quippe
767 3309 821 3356 et
850 3301 1186 3365 Eunomiani,
1223 3315 1330 3355 non
1358 3298 1449 3353 alii
1491 3297 1749 3364 hatretici,
1779 3312 1878 3352 nos
1909 3297 2142 3352 vocitant

554 3395 979 3459 llomousianos,
1025 3394 1147 3464 quia
1194 3404 1378 3449 contra
1430 3407 1614 3448 eorum
1659 3407 1917 3456 errorem,
1966 3407 2141 3462 grtcco

553 3486 814 3540 vocabulo
855 3492 1099 3554 ὁμοούσιον
1139 3483 1473 3540 defendimus
1518 3483 1727 3536 Patrem
1767 3493 1821 3537 et
1863 3482 2051 3538 Filium
2089 3491 2143 3539 et

551 3579 807 3650 Spiritum
835 3589 1102 3643 sanctum,
1131 3578 1182 3632 id
1205 3587 1308 3642 est,
1333 3577 1491 3632 unius
1521 3575 1870 3646 ejusdemque
1897 3576 2140 3631 substan-

554 3675 666 3741 tiae,
698 3674 802 3740 vel,
842 3681 901 3727 ut
941 3672 1254 3742 expressius
1290 3671 1515 3733 dicatur,
1546 3670 1813 3736 essentne,
1853 3685 1973 3740 qua:
2008 3673 2144 3724 οὐσία

553 3779 727 3835 grmce
760 3763 1097 3835 appellatur:
1124 3761 1264 3834 quod
1305 3761 1514 3832 planius
1541 3760 1759 3824 dicitur,
1805 3761 1963 3815 unius
1996 3761 2139 3830 ejus-

554 3857 784 3926 demque
833 3866 1054 3910 naturze.
1087 3855 1154 3909 Et
1183 3864 1358 3909 tamen
1402 3853 1448 3908 si
1491 3854 1612 3924 quis
1649 3854 1872 3908 istorum
1915 3854 2004 3923 qui
2047 3869 2144 3908 nos

551 3947 945 4000 Homousianos
986 3953 1201 4011 vocant,
1243 3945 1408 4000 tilium
1458 3960 1614 3999 suum
1664 3959 1771 3998 non
1823 3944 1975 4013 cujus
2030 3945 2144 4013 ipse

555 4049 720 4104 esset,
761 4039 852 4094 sed
882 4040 1106 4094 diversa:
1147 4039 1350 4094 diceret
1387 4053 1508 4094 esse
1550 4039 1788 4105 natura},
1814 4037 2141 4094 exltazrcdari

551 4148 618 4188 se
642 4133 708 4185 ab
735 4146 800 4187 eo
831 4132 1013 4186 mallet
1039 4133 1178 4186 filius
1205 4147 1361 4201 quam
1389 4130 1491 4186 hoc
1513 4134 1706 4200 putari.
1729 4132 1936 4197 Quanta
1971 4132 2146 4201 itaque

553 4225 830 4296 impietate
879 4225 964 4278 isti
1000 4234 1302 4289 caecantur,
1354 4225 1443 4294 qui
1479 4239 1601 4278 cum
1643 4224 1999 4278 conﬁteantur
2030 4225 2146 4277 nni-

556 4317 795 4387 genitum
841 4316 935 4370 Dei
969 4316 1180 4380 Filium,
1227 4317 1414 4370 nolunt
1458 4311 1698 4384 ejusdem
1747 4325 1951 4370 naturm
1995 4315 2147 4386 cujus

557 4408 717 4463 Pater
763 4415 844 4461 est
882 4407 1145 4471 confiteri,
1201 4406 1296 4461 sed
1337 4407 1563 4461 diversae
1615 4415 1774 4476 atque
1821 4407 2042 4476 imparis
2094 4417 2149 4460 et

557 4500 742 4557 multis
777 4499 950 4554 modis
988 4499 1254 4568 rebusque
1296 4498 1590 4565 dissimilis,
1637 4510 1888 4570 tanquam
1933 4515 2036 4554 non
2081 4499 2147 4553 de

559 4592 672 4645 Deo
708 4597 882 4657 natus,
916 4589 1010 4645 sed
1051 4590 1118 4644 ab
1157 4590 1250 4644 illo
1290 4590 1357 4645 de
1389 4591 1554 4646 nihilo
1584 4589 1654 4645 sit
1678 4601 1928 4656 creatus;
1961 4607 2023 4646 ac
2051 4607 2145 4660 per

565 4682 668 4736 hoc
717 4681 926 4752 ct‘ipse
967 4690 1209 4736 creatura
1238 4683 1326 4745 sit,
1360 4682 1527 4750 gratia
1559 4682 1717 4748 ﬁlius,
1762 4698 1868 4735 non
1919 4681 2149 4735 natura?

559 4777 700 4834 Ecce
727 4776 814 4846 qui
844 4777 954 4830 nos’
969 4776 1118 4846 quasi
1139 4775 1344 4829 macula
1374 4775 1497 4829 novi
1521 4776 1533 4806 ¹
1560 4774 1790 4828 nominis
1817 4783 2006 4828 vocant
2037 4772 2146 4828 llo-

621 5015 636 5044 ι
665 5013 827 5074 Abest,
847 5011 969 5072 novi,
993 5024 1022 5061 a
1041 5017 1144 5060 Mss.

569 5165 674 5176 7—.—
685 5165 700 5172 -
711 5154 851 5174 ——'—.—
861 5163 1256 5174 -.—-.—.——-r————--~
1269 5164 1280 5168 η
1317 5163 1458 5176 1—7,?

1009 325 1380 385 ADMONITIO
1421 324 1484 378 ΙΝ
1522 320 1999 378 COLLATIONEM
2043 319 2130 375 ET

2255 320 2414 377 BROS
2454 322 2630 380 DUOS
2659 323 2931 381 CONTRA
2971 325 3380 384 M.\Xl.\llNUM.

2161 5163 2542 5172 -—-———————.—.—

1683 5302 2732 5418 ADMONITIO

3731 331 3840 387 7'33

2257 439 2584 502 mousianos,
2618 455 2716 494 nec
2759 456 2819 495 se
2863 442 3024 511 ipsos,
3055 459 3173 498 eum
3205 444 3302 498 ista
3333 445 3588 509 sentiunt,
3624 445 3840 502 intuea-

2253 539 2336 582 tur
2361 530 2600 584 insanos.

2321 621 2544 677 CAPUT
2585 622 2849 676 XXXVII.
2878 654 2947 664 —
2974 623 3123 691 Quod
3169 633 3347 680 autem
3388 634 3512 680 ante
3539 627 3720 681 omnia
3739 641 3842 681 Sne-

2249 712 2367 767 cula
2398 723 2578 768 natum
2620 712 2852 769 fatentur
2897 715 3108 779 Filium,
3147 717 3416 786 quomodo
3447 734 3551 772 non
3581 719 3684 773 sibi
3734 718 3836 789 ipsi

2249 807 2501 860 contrarii
2532 817 2675 869 sunt,
2697 824 2818 862 eum
2851 819 3028 863 natum
3057 810 3236 864 dicere
3261 820 3385 866 ante
3413 813 3589 866 omnia
3617 814 3837 879 sarcula,

2247 898 2402 967 cujus
2447 900 2705 954 nativitati
2743 911 3073 970 anteponunt
3115 902 3315 972 aliquid
3364 904 3647 972 temporis;
3687 906 3839 974 quasi

2249 1004 2354 1045 non
2407 999 2498 1045 aut
2551 993 2745 1048 saecula
2792 1003 2884 1048 aut
2923 995 3239 1049 saeculorum
3284 1003 3462 1066 partes
3487 1012 3840 1069 qnxcumqu.

2247 1084 2354 1137 sint
2380 1091 2616 1154 tempora
2642 1086 2664 1138 ?

2317 1175 2470 1242 Quod
2501 1193 2627 1231 veru
2653 1177 2782 1232 dicit
2830 1178 3137 1249 Apostolus,
3169 1180 3328 1234 etiam
3356 1181 3407 1234 in
3439 1181 3614 1235 futuro
3644 1183 3844 1236 smculn

2248 1267 2393 1324 Patri
2422 1268 2614 1324 Filium
2643 1271 2944 1340 subjectum
2972 1270 3226 1337 futurum,
3262 1274 3349 1327 ubi
3377 1274 3468 1337 ait,
3491 1273 3635 1327 Tum:
3665 1284 3716 1327 et
3740 1276 3845 1343 ipse

2245 1361 2500 1433 subjectus
2533 1364 2630 1416 erit
2657 1364 2704 1417 ei
2727 1365 2813 1433 qui
2834 1363 2912 1418 illi
2934 1364 3146 1435 subjecit
3179 1367 3346 1419 omnia
3380 1367 3420 1437 (Ι
3451 1364 3570 1422 Cor.
3601 1382 3696 1428 xv,
3723 1367 3842 1431 28);

2247 1453 2370 1523 quid
2395 1455 2608 1518 mirum,
2624 1455 3050 1526 quandoquidem
3073 1457 3161 1510 illa
3191 1459 3240 1511 in
3269 1458 3399 1512 Filio
3418 1457 3584 1512 forma
3607 1459 3843 1512 humana

2246 1561 2495 1601 mansura
2525 1557 2627 1613 est,
2659 1564 2761 1618 qua
2803 1563 3016 1619 semper
3042 1551 3213 1618 major
3241 1561 3322 1606 est
3355 1545 3558 1607 Pater?
3585 1552 3846 1619 Quamvis

2247 1653 2350 1692 non
2409 1638 2700 1702 defuerint,
2752 1641 2841 1710 qui
2893 1640 3035 1694 illam
3079 1650 3206 1696 tunc
3259 1642 3377 1696 Filii
3429 1643 3842 1713 subjectionem,

2248 1728 2414 1799 ipsius
2445 1729 2690 1785 humanae
2719 1731 2902 1786 forma:
2933 1732 2984 1786 in
3030 1733 3272 1787 divinam
3316 1734 3672 1790 substantiam
3699 1751 3845 1789 corn-

2247 1821 2596 1876 mutationem
2629 1822 3028 1893 intelligendam
3063 1828 3381 1893 putaverint,
3437 1837 3692 1896 tauquam
3744 1827 3843 1882 hoc

2247 1913 2439 1982 cuique
2469 1913 2546 1966 rei
2571 1913 2900 1984 subjiciatur,
2931 1915 3072 1984 quod
3112 1917 3162 1970 in
3188 1933 3306 1970 eam
3326 1919 3550 1973 vertitur
3575 1928 3632 1972 et
3664 1929 3844 1973 mutas

2249 2012 2352 2057 tur.
2382 2004 2486 2059 Sed
2508 2021 2606 2060 nos
2631 2006 2758 2075 quid
2806 2007 2930 2062 hinc
2967 2009 3262 2064 sentiamus
3291 2010 3643 2077 ostendimus,
3672 2013 3844 2084 magis

2245 2096 2367 2153 ideo
2409 2097 2610 2153 dixisse
2653 2101 2967 2169 Apostolum
2997 2103 3158 2156 etiam
3192 2111 3318 2157 ttmc
3336 2103 3478 2157 Patri
3503 2103 3848 2160 Filiumsnb—

2242 2187 2444 2256 jectum
2487 2189 2740 2256 futurum,
2765 2217 2767 2220 ‹
2794 2207 2859 2246 ne
2897 2193 3016 2261 quis
3059 2194 3114 2247 in
3161 2209 3227 2248 eo
3256 2203 3466 2262 putaret
3499 2196 3754 2264 Spiritum
3792 2207 3847 2251 et

2245 2293 2441 2348 corpus
2467 2280 2764 2337 humanum
2808 2283 2982 2352 aliqua
3035 2287 3386 2340 conversione
3425 2288 3762 2356 periturum:
3790 2299 3846 2340 ut

2243 2371 2309 2424 sit
2330 2371 2684 2435 Deusonmia,
2717 2387 2824 2427 non
2873 2381 3076 2437 tantum
3120 2376 3172 2429 in
3203 2375 3345 2430 illius
3377 2376 3544 2431 forma
3579 2376 3843 2440 hominis,

2245 2463 2364 2529 Sed,
2403 2464 2458 2518 in
2504 2465 2755 2533 omnibus,
2803 2465 2856 2521 id
2901 2475 3004 2532 est,
3038 2477 3094 2521 ut
3117 2468 3181 2522 ad
3226 2469 3523 2524 habendam
3565 2470 3764 2537 vitam,
3795 2480 3849 2525 et

2248 2555 2548 2611 satiandum
2578 2557 2629 2612 in
2661 2558 2818 2615 bonis
2854 2559 3176 2615 desiderium
3216 2572 3480 2627 nostrum,
3534 2574 3733 2619 natura
3762 2564 3845 2620 di-

2248 2646 2370 2701 vina
2396 2646 2645 2703 sufﬁciat.
2679 2649 2830 2706 Tunc
2869 2651 3012 2706 enim
3056 2651 3198 2707 Deus
3235 2655 3412 2708 omnia
3441 2655 3546 2709 erit
3584 2658 3638 2709 in
3667 2658 3848 2710 oni-

2248 2740 2370 2806 bus,
2413 2756 2534 2796 eum
2565 2751 2761 2812 prteter
2802 2742 2976 2812 ipSum
3019 2744 3152 2798 nihil
3199 2747 3418 2800 omnino
3463 2746 3666 2803 habere
3711 2749 3847 2804 velle

2246 2831 2590 2900 coeperimus.
2639 2833 2828 2890 Omnia
2871 2837 3066 2907 quippe
3103 2837 3215 2907 ipse
3263 2839 3417 2894 nobis
3462 2841 3592 2908 erit,
3627 2841 3848 2912 quando

2247 2924 2366 2993 ipso
2397 2923 2698 2980 Sufficiente
2718 2926 2853 2981 nihil
2874 2927 3066 2984 deerit.

2317 3014 2543 3072 CAPUT
2565 3012 2709 3071 XXX
2725 3017 2854 3072 Vlll.
2882 3049 2953 3059 -—
2976 3019 3190 3075 Jussum
3214 3035 3341 3077 vero
3363 3023 3628 3078 obaudisse
3648 3023 3847 3079 Filiam

2248 3114 2516 3177 antequam
2543 3108 2789 3178 acciperet
2815 3126 3060 3175 cernant,
3093 3112 3230 3168 unde
3271 3112 3357 3167 isti
3401 3115 3718 3170 existiment
3753 3133 3846 3172 ne—

2246 3197 2382 3256 scio.
2415 3197 2500 3253 An
2529 3199 2772 3269 accipere
2799 3201 3213 3272 carnemjussus
3236 3213 3342 3270 est,
3375 3215 3432 3260 ut
3473 3207 3572 3261 hoc
3597 3207 3850 3263 videatur

2244 3288 2439 3346 fecisse
2461 3289 2663 3360 jussus,
2686 3292 2828 3361 quod
2859 3292 2982 3349 fecit
3002 3295 3233 3349 missus?
3260 3296 3453 3351 lterum
3482 3314 3614 3368 ergo
3653 3301 3728 3352 ad
3762 3300 3848 3353 illa

2249 3383 2493 3449 redeant,
2543 3399 2662 3454 qua:
2709 3387 2956 3455 superius
2997 3386 3262 3457 disputata
3308 3398 3454 3455 sunt,
3503 3406 3556 3446 et
3600 3403 3851 3458 omni-ant

2244 3485 2410 3546 atque
2450 3476 2745 3543 inveniant,
2776 3479 2820 3532 si
2853 3488 3094 3547 possunt,
3143 3480 3302 3535 Pater
3329 3483 3486 3536 unico
3525 3482 3702 3536 Verbo
3737 3499 3849 3554 quo

2248 3569 2355 3624 alio
2373 3569 2594 3639 jusserit
2632 3570 2824 3634 verbo;
2852 3581 2906 3626 et
2949 3579 3122 3626 utrum
3164 3572 3381 3643 dignum
3434 3573 3590 3628 fuerit
3621 3584 3680 3628 ut
3714 3584 3850 3630 tem-

2251 3663 2416 3730 porali
2449 3662 2686 3730 jubentis
2714 3663 2876 3717 verbo
2910 3663 3141 3718 Verbum
3170 3665 3488 3720 subderetur
3535 3676 3804 3722 :eternum
3834 3686 3846 3720 :

2250 3764 2409 3824 atque
2458 3755 2581 3810 hinc
2632 3756 2928 3826 intelligant
2975 3758 3095 3827 quia
3142 3774 3248 3811 non
3279 3775 3399 3813 cum
3441 3759 3614 3814 Patris
3649 3762 3847 3829 jussio,

2251 3855 2499 3915 tanquam
2546 3862 2657 3902 sum
2699 3865 2801 3901 non
2847 3847 3008 3902 fuerit
3053 3851 3345 3918 potestatis,
3397 3851 3486 3904 sed
3523 3855 3850 3922 semetipsum

2249 3938 2554 4001 exinanirit,
2585 3939 2800 4008 [oratam
2840 3941 2966 3993 servi
3005 3941 3277 4009 accipiens.
3321 3941 3472 4007 Quod
3522 3953 3702 3997 autem
3749 3946 3848 3996 Im-

2253 4029 2461 4084 initiavit
2490 4031 2830 4101 semetipsum,
2877 4034 3042 4101 factus
3087 4032 3320 4086 obediens
3349 4050 3503 4103 usque
3540 4036 3610 4087 ad
3637 4044 3853 4090 mortem

2253 4125 2511 4196 (Philipp.
2541 4142 2598 4189 ιι,
2633 4127 2684 4188 7,
2709 4125 2797 4194 8).
2824 4126 2934 4194 jam
2963 4127 3142 4196 utique
3166 4139 3446 4198 acet-perat
3473 4145 3716 4185 cantem.

2323 4219 2548 4273 CAPUT
2585 4219 2824 4274 XXXIX.
2856 4249 2927 4259 —-
2951 4220 3196 4275 Arbitror
3223 4238 3306 4276 me
3325 4223 3391 4275 ad
3413 4225 3592 4277 omnia
3612 4225 3850 4292 respon-

2253 4312 2396 4364 disse
2435 4327 2553 4380 qua:
2582 4315 2824 4367 continet.
2869 4313 3189 4367 Arianorum
3233 4330 3434 4382 sermo,
3465 4317 3552 4385 qui
3599 4318 3762 4371 nobis
3797 4330 3855 4372 ut

2253 4406 2301 4460 ci
2331 4405 2797 4474 responderemus,
2839 4422 2869 4460 a
2891 4408 3205 4477 quibusdam
3235 4410 3484 4464 fratribus
3513 4410 3714 4465 missus
3744 4425 3848 4468 est.

2255 4499 2352 4566 Qui
2391 4508 2448 4553 ut
2477 4510 2657 4570 posset
2686 4501 2875 4570 inspici
2903 4502 2971 4555 ab
3003 4502 3065 4555 iis
3087 4504 3176 4571 qui
3205 4502 3319 4556 hate
3344 4503 3559 4574 legunt,
3585 4514 3644 4558 et
3671 4514 3852 4559 utrum

2255 4589 2322 4644 ad
2371 4596 2548 4644 omnia
2600 4606 2916 4660 responsum
2965 4591 3122 4647 fuerit
3165 4593 3445 4663 explorare
3500 4595 3852 4658 desiderant,

2257 4681 2379 4737 huic
2405 4698 2526 4736 eum
2555 4692 2752 4737 nostra:
2775 4683 3124 4753 disputationi
3154 4687 3611 4755 praescribendum
3643 4690 3855 4757 putavi-

2257 4790 2404 4839 mus;
2435 4782 2492 4826 ut
2522 4774 2666 4842 prius
2709 4775 2912 4842 legatur
2936 4777 3080 4846 ipse,
3109 4790 3170 4831 ac
3195 4776 3386 4832 deinde
3413 4790 3596 4833 nostra
3627 4796 3857 4850 ωερε-ηι-

2257 4864 2357 4919 sio.
2407 4864 2666 4931 Quoniam
2722 4881 2828 4919 non
2885 4867 3078 4937 ubique
3132 4877 3333 4924 textum
3388 4870 3678 4925 verborum
3736 4874 3859 4940 ejus

2259 4956 2705 5025 interposuimus;
2737 4972 2804 5012 ne
2831 4957 2988 5012 nimis
3011 4959 3225 5028 longum
3257 4959 3555 5015 faceremus
3583 4961 3687 5016 hoc
3717 4977 3857 5032 Opus

2259 5056 2521 5114 nostrum,
2550 5047 2689 5118 quod
2715 5049 2925 5104 tandem
2955 5051 3054 5106 isto
3077 5051 3182 5106 line
3211 5053 3602 5108 concludimus.

3157 5171 3390 5181 ψ-η-ω--ρ

3391 5175 3582 5182 —-.._.._.

2680 5175 3830 5214 NW
2795 5175 3061 5214 iii:
3140 5175 3390 5214 γέ*-

2693 5209 2908 5218 —_-___.

2915 5211 3175 5220 _-.—.._-—
3187 5214 3253 5220 ...η
3267 5215 3490 5222 -ωως--ιψ

3491 5215 3732 5225 —-——_—

3737 5215 3824 5225 -οο

1109 5506 1186 5566 lN
1218 5499 1792 5565 COLLATIONEM
1817 5499 1920 5560 ET
1956 5497 2239 5559 LIBROS
2281 5497 2484 5562 DUOS
2526 5497 2846 5561 CONTRA
2889 5499 3396 5564 MAXIMINUM.

636 5649 762 5703 11το
797 5650 1048 5717 opuscula
1092 5648 1142 5700 iu
1182 5646 1669 5702 Retractationibus
1721 5646 1996 5718 Augustini
2035 5646 2232 5702 frustra
2272 5663 2516 5718 qumras,
2549 5663 2667 5704 cum
2710 5650 2818 5704 sint
2857 5654 3120 5720 posterius
3161 5659 3436 5721 conlecta,
3481 5672 3625 5712 anno
3652 5657 3864 5714 Christi

561 5735 924 5796 videlicet'aut
943 5738 1045 5793 427
1067 5781 1080 5802 ,
1113 5745 1204 5793 aut
1227 5739 1350 5795 428.
1381 5739 1514 5794 Nam
1541 5727 1896 5810 Ségisvultum
1927 5741 2177 5794 comitem
2199 5781 2214 5805 ,
2245 5754 2274 5793 a
2304 5755 2408 5810 quo
2436 5755 2494 5796 se
2523 5743 2740 5798 missum
2769 5739 3062 5814 Hipponem
3097 5747 3412 5805 Maximinus
3444 5750 3493 5805 in
3529 5750 3866 5811 Collationis

565 5835 940 5908 subsequentis
966 5833 1187 5892 cvordic
1213 5834 1508 5906 profitetur,
1528 5835 1736 5892 venisse
1765 5834 1816 5888 in
1843 5833 2071 5892 Africam
2101 5843 2285 5893 contra
2317 5834 2644 5891 Bonifacium
2675 5837 2851 5896 Hierio
2877 5849 2927 5896 et
2959 5841 3228 5902 Ardubcre
3257 5845 3433 5913 (loss,
3468 5845 3570 5898 hoc
3598 5855 3682 5902 est
3707 5864 3866 5905 anno
