4094 6440
268 327 369 384 769
1041 327 1380 386 COLLATIO
1417 327 1556 384 CUM
1599 327 1899 384 MAXMth

1972 322 2130 376 ΛΒΙΛ
2140 323 2375 382 NORUM
2417 329 2763 388 EPISCOPO.
3449 339 3550 397 71³)

265 443 465 499 Clu-isti
495 443 621 513 427,
649 442 834 499 scribit
863 441 1089 513 Prosper
1116 443 1168 497 in
1195 442 1479 499 Chronico.
1526 443 1640 497 lluc
1663 453 1866 514 spectat
1891 444 2163 499 Sermonis
2191 445 2291 501 MO
2320 445 2447 516 (qui
2476 447 2603 503 olim
2631 448 2769 504 inter
2806 447 3209 503 Sirmondianos
3240 451 3338 524 16)
3368 453 3552 510 titulus

267 543 319 594 in
347 539 494 594 hunc
521 538 738 594 modum
768 555 780 590 :
816 538 1004 590 Contra
1022 535 1278 606 quoddam
1302 535 1490 589 dictum
1521 535 1788 589 Maximini
1815 534 2114 588 Arianorum
2137 537 2392 607 episcopi,
2417 539 2501 608 qui
2523 555 2636 593 cum
2665 540 2946 610 Segisvulto
2976 541 3156 596 comite
3182 545 3476 600 constitutus
3501 547 3554 599 in

269 633 443 702 Africa
472 629 872 700 blasphemabal.
908 629 1025 697 Quo
1059 629 1109 683 in
1146 628 1404 684 Sermone
1436 628 1484 681 id
1513 628 1580 682 ab
1618 626 1911 696 Augustino
1937 627 2345 696 reprelienditur
2365 671 2381 695 ,
2409 631 2552 700 quod
2583 632 2897 688 Maximinus
2923 675 2937 697 ,
2969 633 3288 691 dominicam
3332 648 3550 694 senten—

269 727 397 780 ιίειηι
438 726 660 782 Joannis
683 768 698 792 ,
729 740 847 794 cap.
880 725 944 780 lt)
968 765 983 790 ,
1030 724 1064 792 ᾖ
1090 761 1102 774 .
1133 724 1202 778 50
1227 764 1238 785 ,
1263 720 1372 792 Ego
1402 730 1446 775 et
1473 720 1632 774 Pater
1659 736 1814 773 unum
1843 735 2018 774 sumus
2043 761 2057 784 ,
2108 721 2176 776 de
2228 722 2554 778 voluntatum
2580 726 2864 781 concordia
2905 725 3132 796 maligne
3161 727 3516 800 interpretans
3538 775 3552 798 ,

266 819 634 888 respondebat
663 819 806 888 ipsos
831 819 990 872 etiam
1022 817 1060 870 Α
1073 816 1306 885 postolos
1331 829 1496 870 unum
1527 827 1647 868 esse
1675 827 1796 866 cum
1835 812 1991 866 Patre
2015 821 2068 866 et
2093 813 2228 868 Filio
2252 854 2269 882 ,
2301 814 2423 884 quia
2459 816 2718 872 voluntati
2741 818 2915 874 Patris
2941 829 2993 874 et
3022 817 3139 875 Filii
3165 820 3553 892 obsequuntur.

260 908 348 965 Sic
379 910 471 964 ille
503 909 836 978 blaspliemat
862 907 914 961 in
943 907 1046 962 hac
1070 906 1363 962 Collatione
1383 947 1396 971 ,
1424 903 1782 973 disputatione
1805 917 1898 956 sua
1931 911 2197 971 postrema
2216 945 2229 964 ,
2265 921 2318 966 η,
2349 905 2440 959 29..

331 1000 410 1056 De
436 1001 625 1055 eadem
655 1000 951 1055 Collatione
978 998 1250 1053 Possidius
1278 997 1329 1051 in
1359 994 1636 1066 Augustini
1672 994 1784 1048 Vita
1809 1033 1822 1055 ,
1849 1008 1969 1062 cap.
2001 995 2066 1047 17
2093 1012 2107 1046 ;
2152 993 2280 1047 Cum
2317 996 2542 1064 ipsorum
2567 1014 2762 1069 quoque
2803 999 3109 1054 Arianorum
3149 1004 3382 1073 episcopo
3419 1022 3541 1074 quo-

265 1093 382 1146 dam
418 1093 704 1148 Maximino
732 1109 845 1145 cum
883 1089 1059 1145 Gothis
1096 1090 1163 1143 ad
1205 1089 1434 1160 Africam
1470 1087 1693 1141 ueniente
1715 1127 1730 1149 ,
1769 1085 1906 1156 apud
1937 1083 2226 1156 Hipponem
2253 1105 2402 1157 quam
2430 1089 2660 1159 plurimis
2689 1090 2963 1146 volentibus
2990 1103 3136 1165 atque
3159 1097 3435 1162 petentibus
3460 1138 3474 1160 ,
3503 1108 3550 1151 et

267 1188 535 1256 praeclaris
561 1185 871 1256 interpositis
899 1185 1017 1238 viris
1041 1183 1294 1247 contulit;
1335 1190 1381 1234 et
1421 1180 1544 1251 quid
1586 1180 1802 1250 singqu
1829 1179 2131 1232 asserucrint
2172 1190 2338 1250 partes
2361 1223 2375 1245 ,
2418 1182 2662 1252 scriptum
2690 1191 2781 1237 est.
2813 1185 2938 1252 Quir
2969 1186 3014 1240 si
3051 1187 3262 1258 studiosi
3290 1189 3556 1260 diligenter

261 1283 433 1348 legere
456 1277 762 1340 curaverint,
793 1278 968 1348 procul
995 1275 1146 1330 dubio
1172 1273 1504 1344 iudagabunt,
1536 1271 1610 1326 rel
1639 1272 1759 1338 quid
1786 1271 1973 1324 callida
1999 1281 2044 1324 et
2071 1272 2432 1328 irrationabilis
2463 1274 2664 1330 hwresis
2682 1276 2748 1327 ad
2771 1277 3107 1330 seduceudum
3135 1289 3180 1334 et
3206 1279 3554 1349 decipiendum

262 1371 598 1439 proﬁteatur,
623 1369 700 1424 uel
723 1369 845 1439 quid
877 1367 1103 1422 Ecclesia
1130 1366 1378 1420 catholica
1407 1364 1469 1417 de
1501 1363 1671 1418 divina
1696 1372 1857 1418 teneat
1884 1373 1928 1416 et
1961 1364 2196 1432 praztlicet
2225 1362 2490 1420 Trinitate.
2523 1364 2628 1420 Sed
2653 1369 2890 1438 quoniam
2921 1369 3005 1422 ille
3044 1370 3305 1426 hwreticus
3334 1373 3395 1426 de
3422 1373 3554 1444 Ilip;

260 1478 390 1531 pone
415 1463 617 1516 rediens
645 1462 712 1514 ad
738 1459 1093 1530 Carthaginem
1111 1499 1130 1526 ,
1159 1458 1220 1511 de
1247 1474 1340 1512 sua
1371 1457 1527 1510 multa
1552 1456 1604 1509 in
1631 1456 1898 1510 collatione
1924 1455 2222 1526 loquacitate
2248 1456 2479 1509 victorem
2517 1473 2568 1510 se
2594 1460 2655 1510 de
2685 1459 2794 1526 ipsa
2848 1457 3127 1515 Collatione
3166 1465 3428 1518 recessisse
3460 1467 3552 1534 ja-

248 1552 410 1604 .ctavit
436 1593 450 1615 ,
482 1563 529 1605 et
557 1552 788 1604 mentitus
813 1560 882 1604 est
905 1565 926 1614 ;
953 1565 1065 1619 qua:
1093 1549 1262 1619 utique
1290 1563 1392 1601 non
1419 1547 1570 1618 facile
1605 1562 1636 1600 a
1679 1545 1860 1600 divina:
1889 1546 2011 1616 legis
2035 1547 2226 1615 ignaris
2254 1548 2532 1601 examinari
2561 1559 2606 1601 et
2635 1549 2908 1616 diiudicari
2954 1562 3195 1620 possent:
3219 1571 3250 1608 α
3287 1558 3554 1611 uenerabili

260 1645 366 1698 viro
394 1642 682 1714 Augustino
712 1641 959 1712 sequentis
983 1640 1222 1710 temporis
1247 1639 1360 1694 stilo
1384 1679 1398 1707 ,
1426 1648 1470 1692 et
1511 1638 1648 1692 illius
1673 1637 1822 1691 totius
1862 1636 2157 1692 Collatiouis
2181 1637 2244 1691 de
2269 1638 2482 1709 singulis
2514 1640 2720 1710 objectis
2745 1651 2790 1694 et
2819 1646 3069 1713 responsis
3099 1645 3237 1714 facta
3265 1659 3334 1701 est
3361 1652 3553 1720 recapi-

260 1737 439 1790 tulatio
465 1775 480 1799 ,
509 1746 555 1789 et
583 1751 731 1805 quant
761 1735 888 1788 nihil
911 1734 998 1786 ille
1028 1732 1232 1802 objectis
1261 1731 1450 1801 referre
1477 1731 1728 1800 potuerit,
1759 1729 2086 1782 nihilominus
2111 1728 2509 1812 demonstratum
2539 1742 2613 1786 est
2638 1775 2651 1797 ,
2687 1733 2878 1787 additis
2917 1735 3278 1806 supplementis
3300 1779 3316 1806 ,
3355 1756 3466 1809 qua:
3503 1742 3554 1793 in

262 1837 487 1896 tempore
530 1824 829 1881 Collationis
873 1832 1090 1896 augusto
1129 1832 1311 1877 cuncta
1351 1821 1528 1890 inferri
1555 1831 1599 1873 et
1630 1819 1779 1873 scribi
1814 1819 2016 1872 minime
2043 1830 2331 1888 potuerunt.
2366 1820 2433 1874 1d
2472 1823 2605 1875 enim
2632 1835 2799 1893 egerat
2840 1827 3060 1893 nequitia
3088 1827 3305 1882 hominis
3331 1871 3345 1895 ,
3375 1838 3426 1882 ut
3461 1846 3556 1896 sua

259 1921 533 1974 novissima
561 1919 904 1989 prosecutione
929 1918 1089 1971 multo
1117 1917 1412 1988 longissima
1437 1923 1593 1968 totum
1625 1914 1758 1982 quod
1785 1922 2090 1966 remanserat
2119 1913 2220 1965 diei
2255 1915 2475 1983 spatium
2505 1926 2789 1986 occuparet.
2837 1917 2903 1971 Et
2943 1918 2992 1971 in
3026 1918 3263 1975 ludieulo
3286 1962 3302 1988 ,
3341 1936 3458 1992 cap.
3481 1923 3515 1977 5
3533 1957 3554 1988 ,

261 2022 593 2073 rcccnsclur,
622 2010 840 2067 Collatia
869 2027 984 2064 cum
1011 2009 1294 2063 Maximino
1323 2007 1626 2061 Arianorum
1652 2006 1884 2077 episcopo
1912 2019 1930 2058 :
1959 2014 2010 2060 cl
2037 2005 2311 2070 continuo,
2342 2005 2423 2058 Ad
2447 2023 2590 2075 quem
2621 2025 2776 2079 supra
2804 2010 2920 2066 libri
2945 2011 3066 2064 duo.
3099 2012 3196 2068 Ubi
3229 2013 3495 2070 Possidius
3523 2030 3554 2068 a

265 2103 564 2158 Collatione
596 2103 825 2176 sejungit
853 2103 1017 2156 libros
1039 2144 1057 2170 ,
1087 2102 1176 2172 qui
1204 2101 1254 2156 in
1283 2109 1408 2154 ante
1431 2098 1590 2154 editis
1613 2097 1692 2154 sic
1716 2097 1888 2152 cidem
1920 2095 2262 2151 cobmrcbant
2287 2096 2569 2152 Collationi
2595 2140 2609 2163 ,
2657 2108 2712 2153 ut
2753 2099 2868 2155 lucc
2898 2103 3099 2172 primus
3127 2102 3260 2157 liber
3282 2145 3298 2167 ,
3328 2105 3416 2158 alii
3447 2101 3553 2160 duo

263 2196 376 2250 libri
407 2195 676 2250 secundus
701 2210 764 2248 ae
791 2194 986 2250 tertius
1013 2192 1253 2262 inscripti
1285 2192 1637 2274 It-gercutur.:
1667 2203 1772 2259 quo
1798 2203 1982 2244 errore
2009 2187 2261 2242 carebant
2294 2197 2502 2243 veteres
2531 2190 2771 2257 codices,
2806 2201 2913 2248 tum
2945 2194 3150 2258 nostri,
3181 2205 3290 2250 tum
3322 2197 3396 2252 illi
3421 2213 3554 2268 quos

264 2287 387 2342 vidit
421 2287 564 2342 Beda
592 2302 684 2341 seu
719 2286 945 2352 Florus;
975 2285 1325 2342 Collationcm
1373 2283 1568 2354 quippe
1609 2290 1795 2351 aperte
1834 2280 2112 2350 distinguit
2156 2295 2186 2334 a
2233 2280 2381 2334 libris
2423 2292 2606 2336 contra
2651 2283 3034 2354 Maximinum,
3064 2287 3128 2342 ad
3159 2287 3316 2342 Rom.
3345 2304 3463 2360 cap.
3494 2294 3552 2352 8.,

265 2381 622 2435 Postcriorem
656 2380 846 2434 librum
879 2395 1000 2434 cum
1029 2376 1308 2447 Augustini
1340 2375 1493 2431 laude
1522 2375 1650 2428 citat
1675 2373 1836 2428 etiam
1867 2371 2072 2450 Agatho
2099 2387 2230 2442 papa
2258 2371 2310 2426 in
2339 2374 2545 2444 synodo
2573 2376 2605 2430 6
2625 2418 2640 2443 ,
2671 2385 2775 2432 act.
2805 2381 2857 2433 4.

1387 2493 1680 2502 .____——————

741 2500 998 2507 Μ

272 2499 340 2506 --.
351 2499 578 2506 -.η-...-
597 2499 864 2506 ___.___

1127 2537 1384 2545 __._—-——.

1761 2531 2200 2540 ’κώ-ψ-

864 2535 2920 2778 {Iuniani—iamut“

2539 2502 2755 2510 ——-———-—

2783 2500 2836 2511 -ι--ν
2845 2501 2990 2510 o——-—
3013 2502 3051 2507 .-
3062 2502 3292 2510 ~._..-.-————..——
3306 2503 3533 2511 ——_._._.._

2205 2531 2380 2542 ...-

2920 2516 3535 2552 m

1447 2817 1735 2880 HIPPON
1747 2815 1962 2876 ENSIS
2005 2813 2359 2877 EPISCOPI

372 3023 1520 3170 COLLATIO
1691 3022 1899 3160 CI

1956 3021 2121 3158 M
2293 3022 3424 3167 ΜΑΧΙΜΙΝΟ

1049 3301 1833 3446 adauctum
1927 3293 2548 3477 @piscopo
2597 3351 2719 3441 (α).

1700 3522 2122 3577 02W

1802 3557 1866 3575 ὸν
1945 3563 1991 3576 ’κ

1802 3557 1991 3576 ὸνΜ

330 3624 380 3676 1.
428 3621 561 3677 Cum
610 3623 934 3694 Augustinus
986 3631 1040 3677 et
1085 3621 1399 3676 Maximinus
1428 3619 1848 3690 Hippone-regio

260 3728 423 3768 unum
455 3713 507 3767 in
550 3714 725 3768 locum
778 3714 1182 3777 convenissent,
1236 3712 1588 3782 praesentibus
1638 3711 1847 3777 multis,

263 3817 366 3859 tam
424 3805 636 3860 clericis
675 3821 835 3876 quam
864 3805 1034 3873 laicis,
1069 3805 1369 3859 MAXIMINUS
1396 3803 1527 3858 dixit
1554 3819 1566 3855 :
1599 3801 1714 3872 Ego
1744 3815 1849 3854 non

258 3899 328 3953 ob
353 3899 512 3953 istam
539 3911 755 3952 causam
785 3901 836 3953 iu
876 3899 1014 3952 hanc
1046 3896 1311 3952 civitatem
1342 3895 1552 3961 adveni,
1594 3903 1651 3948 ut
1687 3893 1848 3947 alter-

257 3996 526 4049 cationem
549 4009 840 4066 proponam
864 4010 984 4049 eum
1007 3991 1284 4063 Rcligione
1315 4000 1422 4055 tua,
1456 3988 1550 4045 sed
1593 3989 1790 4044 missus
1820 4002 1848 4042 a

257 4087 456 4142 comite
481 4087 812 4158 Segisvnlto'
840 4086 1289 4156 contemplatione
1315 4085 1459 4155 pacis
1499 4082 1709 4138 adveni.
1740 4082 1850 4137 lle-

257 4195 382 4234 vera
405 4184 547 4235 enim
581 4181 786 4235 Eraclio
809 4180 1117 4251 presbytero
1141 4177 1345 4232 amicali
1369 4175 1612 4246 pactione
1640 4189 1848 4228 mecum

265 4273 537 4337 tractanti,
568 4286 878 4342 responsum
907 4270 1026 4325 dedi
1055 4280 1110 4324 ut
1139 4269 1297 4332 valui,
1333 4269 1402 4322 ita
1431 4275 1608 4321 tamen
1637 4265 1704 4319 ab
1736 4266 1850 4334 ipso

259 4374 616 4434 provocatus;
649 4365 845 4435 quique
885 4363 936 4418 in
982 4371 1183 4417 tantum
1211 4362 1428 4425 exarsit,
1477 4367 1536 4414 ut
1560 4359 1718 4415 etiam
1751 4357 1847 4412 ad-

258 4465 476 4511 ventum
505 4466 648 4510 tuum
674 4465 858 4510 contra
911 4469 996 4509 me
1040 4462 1373 4524 provocarct.
1400 4451 1465 4505 Et
1487 4449 1607 4520 quia
1638 4449 1848 4520 dignata

260 4557 341 4602 est
384 4547 591 4618 Religio
622 4558 706 4602 tua
737 4548 836 4602 sibi
874 4549 1046 4602 facere
1075 4544 1319 4614 injuriam
1344 4546 1387 4610 ’,
1436 4545 1478 4598 si
1527 4543 1843 4612 interrogas,

265 4643 314 4694 iu
345 4641 540 4712 quibus
568 4642 722 4697 valeo
742 4655 1056 4711 responsum
1088 4638 1246 4693 dabo.
1287 4636 1341 4692 Si
1373 4635 1573 4706 aliquid
1611 4636 1847 4689 rationa-

264 4732 365 4786 bile
389 4732 622 4800 dixeris,
655 4747 875 4788 neecssc
913 4741 995 4787 est.
1031 4741 1090 4785 ut
1113 4744 1325 4801 sequar.
1369 4727 1425 4783 Si
1457 4727 1584 4798 quid
1612 4727 1751 4781 cnim
1783 4725 1849 4779 de

261 4822 454 4876 divinis
481 4822 772 4892 Scripturis
797 4822 1102 4893 protuleris,
1132 4820 1271 4891 quod
1299 4834 1583 4874 commune
1621 4825 1705 4874 est
1726 4832 1848 4873 cum

263 4913 528 4979 omnibus,
584 4927 806 4969 necesse
850 4921 1015 4969 estut
1061 4912 1338 4967 audiamus
1364 4931 1375 4965 :
1405 4926 1482 4966 eae
1521 4925 1649 4965 vero
1690 4925 1850 4964 voces

263 5020 377 5072 qute
399 5014 550 5061 extra
578 5005 903 5075 Scripturam
936 5015 1079 5072 sunt,
1107 5005 1254 5058 nullo
1291 5019 1415 5058 casu
1445 5018 1474 5057 a
1498 5003 1652 5057 nobis
1680 5004 1848 5058 susci-

264 5098 477 5166 piuntur
508 5113 523 5152 :
555 5106 810 5167 praeterea
837 5111 957 5151 cum
979 5096 1093 5167 ipse
1122 5095 1376 5150 Dominus
1410 5103 1623 5148 moneat
1669 5099 1764 5147 nos
1793 5103 1846 5148 et

1957 3617 2130 3683 dicat,
2169 3618 2293 3672 Siue
2341 3633 2498 3671 causa
2548 3619 2719 3674 colunt
2763 3639 2878 3688 me,
2920 3623 3153 3678 docentes
3203 3623 3445 3677 mandata
3499 3635 3546 3679 et

1957 3718 2210 3781 prwcepta
2240 3710 2502 3765 hominum
2533 3712 2743 3779 (Matth.
2773 3731 2866 3778 xv,
2898 3715 2976 3788 9).

2025 3803 2080 3855 2.
2106 3804 2440 3859 Aucusrmns
2485 3804 2619 3859 dixit
2652 3805 2742 3861 :Si
2785 3809 2850 3862 ad
2884 3809 2977 3862 ista
3005 3811 3183 3864 omnia
3223 3811 3547 3883 respondere

1956 3893 2197 3960 voluero,
2228 3894 2280 3948 id
2322 3897 2480 3949 etiam
2510 3913 2609 3966 ego
2657 3894 3080 3968 agere'videbor,
3115 3917 3180 3956 ne
3210 3903 3453 3957 veniatur
3480 3905 3547 3959 ad

1956 3999 2197 4038 oausam.
2231 3984 2459 4040 Proinde
2482 3995 2537 4040 ut
2565 3988 2671 4042 cito
2695 4004 2911 4058 agamus
2941 3992 3079 4060 quod
3105 3992 3284 4059 instat,
3309 3993 3395 4049 die
3419 3995 3547 4050 milii

1958 4074 2115 4130 ﬁdem
2150 4085 2293 4130 tuam
2323 4077 2389 4133 de
2413 4079 2570 4134 Patre
2595 4089 2646 4134 et
2671 4079 2807 4136 Filio
2837 4090 2890 4136 et
2915 4083 3111 4152 Spiritu
3143 4095 3347 4140 sancto.

2028 4168 2170 4222 Max.
2200 4170 2473 4239 restiondit
2502 4170 2592 4226 :Si
2619 4171 2773 4226 ﬁdem
2807 4189 2976 4227 meam
3006 4176 3259 4244 postulas,
3284 4193 3382 4247 ego
3405 4179 3547 4234 illam

1959 4265 2114 4313 teneo
2163 4259 2320 4313 ﬁdem
2367 4277 2485 4331 qum
2528 4263 2750 4317 Arimini
2790 4265 2806 4296 ί
2852 4279 2880 4317 a
2937 4267 3189 4321 trecentis
3237 4278 3289 4322 et
3332 4269 3542 4339 triginta

1957 4351 2239 4421 episcopis,
2274 4369 2376 4407 non
2405 4356 2576 4409 solum
2595 4359 2856 4427 exposita,
2893 4359 2986 4413 sed
3014 4361 3172 4414 etiam
3202 4361 3549 4431 subscriptio-

1957 4444 2108 4498 nibus
2135 4443 2340 4499 ﬁrmata
2372 4455 2474 4502 est.

2032 4538 2083 4591 ’5.
2115 4537 2248 4594 Anc.
2278 4539 2414 4594 dixit
2441 4558 2452 4592 :
2477 4540 2592 4595 Jam
2619 4541 2750 4608 dixi,
2784 4551 2837 4597 et
2867 4542 2968 4598 hoc
2989 4543 3161 4613 ipsum
3186 4553 3392 4614 repeto,
3425 4545 3547 4614 quia

1955 4627 2281 4696 respondere
2307 4630 2520 4685 noluisti
2553 4650 2565 4684 :
2599 4631 2694 4687 Dic
2719 4631 2879 4687 {idem
2911 4641 3052 4687 tuam
3097 4633 3163 4687 de
3193 4633 3350 4688 Patre
3383 4643 3434 4688 et
3463 4632 3549 4686 Fi-

1957 4718 2025 4772 lio
2051 4728 2105 4774 et
2124 4719 2324 4789 Spiritu
2350 4731 2555 4777 sancto.

2025 4809 2633 4884 Max.respondit:Cum
2651 4816 2792 4871 enim
2824 4831 2928 4871 non
2961 4815 3242 4872 defecerim
3274 4830 3547 4886 arespou-

1954 4902 2125 4972 sione,
2153 4920 2246 4960 cur
2275 4921 2498 4964 accusor
2530 4924 2558 4962 a
2597 4916 2681 4964 tua
2706 4909 3003 4980 Rcligione,
3038 4911 3186 4981 quasi
3233 4925 3546 4980 responsum

1957 5009 2061 5049 non
2086 4995 2350 5052 dederim?

2035 5092 2087 5144 4.
2121 5094 2250 5148 Are.
2295 5094 2426 5149 dixit
2458 5113 2470 5149 :
2504 5095 2792 5166 Propterea
2822 5095 2928 5149 dixi
2973 5102 3029 5149 te
3076 5093 3402 5163 respondere
3453 5111 3548 5150 no-

1452 5201 1478 5237 Α
1488 5198 1734 5237 DMONITIO
1772 5198 1852 5236 PP.
1897 5201 2356 5241 BENEDICTINORUH
2366 5226 2378 5238 .

269 5303 276 5308 -
319 5277 632 5349 C._ollatio_nem
655 5292 764 5330 cum
784 5280 1038 5349 Maximino
1055 5285 1105 5329 et
1125 5278 1274 5349 libros
1294 5278 1638 5349 contraipsum
1663 5275 1784 5349 duos
1802 5277 2139 5349 castigavimus
2156 5281 2435 5349 juvantibus
2456 5286 2575 5349 M_ss._
2596 5278 2784 5349 duobus
2807 5279 3041 5349 Vaticanis
3064 5285 3115 5328 et
3144 5278 3370 5349 undecim
3394 5279 3545 5349 palli-

260 5343 408 5401 cauis,
431 5341 706 5403 Sorbonico,
733 5343 1020 5404 Fossatensi,
1059 5340 1396 5404 aruulphensi,
1421 5337 2062 5404 aticliaclino,ttisterciensi,
2089 5337 2384 5404 Remigium),
2406 5343 2706 5404 Corbeiensi,
2747 5341 3044 5391 Landuncnsi
3075 5343 3270 5404 majoris
3304 5340 3547 5400 Ecclesiae,

261 5399 518 5452 I’arisieusi
539 5410 581 5451 S.
608 5399 792 5453 Martini
815 5404 878 5452 de
895 5399 1095 5465 Campis,
1113 5399 1267 5451 alte—ro
1293 5402 1541 5449 Parisiensi
1567 5399 1760 5462 collegii
1787 5399 2202 5463 BernardinOrum,
2222 5399 2280 5454 'et
2303 5403 2568 5453 't‘bolosano
2591 5404 2767 5452 domini
2784 5404 2847 5452 de
2867 5410 3038 5452 Maran.

371 5486 872 5567 Comparauimus
897 5494 1198 5577 praetcrea
1225 5503 1323 5545 cas
1355 5501 1556 5544 omnes
1585 5481 1884 5546 editiones
1909 5486 2098 5548 initio
2129 5487 2300 5548 lielr.
2326 5496 2381 5546 et
2397 5487 2710 5560 Conl'ess.,
2741 5494 2784 5545 t.
2818 5486 2874 5561 1,
2907 5495 3292 5548 memoratas.
3378 5485 3464 5548 Μ.

328 5589 342 5618 ¹
370 5593 419 5650 tu
439 5593 576 5650 ante,
594 5586 756 5650 editis,
781 5583 957 5650 Comite
980 5585 1105 5650 regis
1127 5582 1307 5650 ηιιιιια.⁸
1342 5590 1391 5631 In
1418 5592 1520 5650 Mss.
1549 5583 1852 5650 quibusdam,

263 5648 440 5700 Comite
464 5643 749 5712 regis-vulta.
772 5655 821 5696 tu
839 5647 944 5696 aliis
960 5643 1150 5712 veiius,
1175 5643 1647 5712 cantitesegisvulto.

331 5713 349 5742 ί
373 5713 445 5760 sic
466 5705 570 5761 Mss.
597 5711 717 5760 Editi
738 5723 878 5769 vero,
901 5707 1020 5759 mihi
1041 5705 1202 5772 facere
1225 5705 1472 5770 injuriam.

2032 5699 2045 5726 ¹
2077 5702 2203 5752 Mss,
2230 5692 2455 5743 Arimino.

319 5855 390 5918 (is)
425 5857 590 5907 ttabita
612 5868 738 5908 anno
758 5856 926 5907 Christi
951 5854 1037 5904 4°27
1061 5863 1140 5904 aut
1163 5854 1267 5903 ηδ.
1300 5853 1438 5904 Alias.
1461 5861 1628 5904 Contra
1648 5853 1948 5904 Maximinum
1969 5849 2243 5902 arianorum
2267 5844 2544 5908 episcopum
2569 5848 2690 5898 liber
2713 5849 2911 5911 primus.
