4028 6432
531 333 629 389 7H

533 452 717 518 luisse,
749 449 872 520 quia
893 445 1016 502 dum
1049 459 1147 515 ego
1174 455 1466 515 quaererem
1487 447 1543 494 nt
1570 438 1778 495 diceres
1804 438 1933 493 mihi
1961 437 2117 493 ﬁdem

536 552 681 598 tuam
710 542 777 597 de
826 540 981 595 Patre
1018 546 1071 592 et
1113 536 1246 590 Filio
1290 543 1344 588 et
1372 532 1573 602 Spiritu
1617 541 1822 597 sancto,
1875 533 2018 602 quod
2066 539 2119 585 et

537 647 680 689 nunc
727 648 911 703 posco,
942 640 997 685 tu
1038 628 1168 684 mihi
1218 642 1324 681 non
1374 624 1555 680 dixisti
1603 624 1758 679 ﬁdem
1814 633 1980 691 tuam,
2025 624 2116 678 sed

534 726 818 783 nominasti
860 724 1196 779 Ariniinense
1233 718 1537 774 concilium.
1581 716 1770 772 Fidem
1813 724 1955 771 tuam
2002 718 2121 772 volo

533 837 713 888 nosse,
751 818 877 890 quid
907 817 1111 880 credas,
1132 814 1256 886 quid
1281 814 1476 869 sentias
1503 813 1572 869 de
1612 813 1772 869 Patre
1796 822 1851 868 et
1890 812 2025 868 Filio
2066 821 2122 869 et

532 914 728 984 Spiritu
757 918 958 967 sancto.
989 909 1045 964 Si
1086 907 1340 978 dignaris,
1384 922 1478 962 ore
1500 915 1589 961 tuo
1613 906 1843 962 audiam.
1873 905 1990 961 Noli
2032 921 2118 961 me

532 1007 743 1061 mittere
791 1002 857 1057 ad
899 1017 961 1057 ea
1014 1002 1231 1071 scripta,
1283 1017 1401 1071 qua:
1454 1000 1615 1055 modo
1661 1008 1752 1054 aut
1805 1016 1913 1069 pra:
1956 1015 2116 1054 manu

532 1112 637 1151 non
681 1102 836 1160 sunt,
889 1103 980 1149 aut
1022 1109 1207 1149 eorum
1255 1093 1571 1147 auctoritate
1627 1107 1733 1147 non
1773 1101 1979 1148 teneor.
2024 1092 2117 1147 Dic

529 1186 655 1258 quid
682 1186 868 1241 credas
888 1186 954 1241 de
982 1186 1136 1240 Patre
1158 1194 1211 1239 et
1239 1184 1370 1238 Filio
1400 1194 1454 1238 et
1480 1183 1679 1251 Spiritu
1710 1195 1917 1239 sancto.

599 1280 741 1334 Max.
777 1277 1050 1348 respondit
1080 1296 1093 1333 :
1121 1277 1235 1332 Non
1279 1277 1345 1331 ad
1397 1277 1756 1331 excusandum
1783 1292 1869 1331 me
1913 1277 2113 1331 Arimi-

530 1374 711 1428 nensis
766 1372 977 1427 concilii
1032 1371 1305 1426 decretum
1356 1370 1618 1425 interesse
1678 1370 1859 1436 volui,
1911 1369 2007 1425 sed
2056 1378 2114 1425 ut

528 1465 806 1521 ostendam
825 1465 1192 1519 auctoritatem
1217 1464 1455 1529 Patrum,
1479 1464 1567 1533 qui
1588 1464 1878 1519 secundum
1904 1463 2111 1519 divinas

529 1556 832 1627 Scripturas
868 1557 1025 1611 ﬁdem
1066 1555 1220 1610 nobis
1250 1553 1582 1611 tradiderunt
1602 1556 1743 1610 illam
1771 1570 1928 1626 quam
1959 1571 1989 1610 a
2031 1556 2114 1610 di-

527 1648 665 1704 vinis
714 1648 1002 1719 Scripturis
1059 1647 1378 1703 didicerunt.
1433 1646 1528 1703 Sin
1581 1662 1711 1704 vero
1745 1648 1952 1719 placet;
1989 1648 2111 1719 quia

525 1740 679 1795 corde
701 1739 919 1793 creditur
945 1740 1013 1793 ad
1035 1740 1309 1810 justitiam,
1347 1756 1433 1795 ore
1466 1748 1633 1793 autem
1670 1741 1917 1811 confessio
1958 1740 2018 1809 [it
2043 1739 2112 1793 ad

525 1832 741 1887 salutem
774 1829 947 1903 (Rom.
973 1848 1028 1898 x,
1062 1830 1155 1901 l0)
1190 1848 1202 1884 :
1233 1830 1472 1886 instructi
1499 1831 1695 1887 etenim
1725 1845 1909 1886 sumus
1938 1839 1992 1886 et
2014 1845 2109 1900 pa-

523 1923 627 1978 rati
652 1922 720 1977 ad
758 1921 1188 1993 respondendum
1227 1922 1374 1978 omni
1414 1922 1720 1993 exposcenti
1751 1923 1818 1978 de
1848 1922 2001 1978 nobis
2024 1937 2109 1978 ra-

524 2014 724 2071 tionem
741 2014 808 2068 de
822 2013 923 2069 (ide
948 2025 1003 2069 et
1025 2029 1120 2084 spe
1136 2030 1254 2086 qua:
1280 2015 1332 2069 in
1359 2013 1516 2070 nobis
1530 2023 1613 2071 est
1632 2013 1679 2087 (l
1701 2014 1841 2070 Petr.
1866 2032 1939 2083 ιιι,
1973 2016 2064 2085 15)
2091 2034 2105 2071 :

522 2115 579 2162 et
605 2117 862 2176 praeterea
908 2120 1029 2161 cum
1058 2106 1313 2161 Dominus
1349 2106 1465 2177 ipse
1498 2105 1655 2162 Jesus
1688 2107 1861 2176 dicat,
1895 2109 1995 2174 Qui
2028 2125 2110 2165 me

521 2199 781 2269 confessus
806 2197 959 2267 fuerit
983 2212 1155 2251 coram
1179 2197 1486 2264 hminibus,
1511 2198 1784 2268 conﬁtebor
1810 2209 1857 2254 et
1881 2216 1973 2271 ego
1993 2217 2108 2256 eum

520 2306 692 2346 coram
721 2290 879 2345 Patre
900 2306 1009 2346 meo
1040 2290 1130 2362 qui
1152 2300 1226 2347 est
1261 2292 1314 2346 in
1342 2292 1519 2361 cretis;
1548 2302 1594 2347 et
1622 2292 1713 2362 qui
1737 2294 1987 2365 negaverit
2029 2311 2111 2352 me

521 2398 694 2438 eorum
707 2384 1008 2449 hominibus,
1022 2384 1212 2457 negabo
1230 2394 1279 2440 et
1303 2401 1395 2457 ego
1408 2400 1523 2441 eum
1538 2400 1707 2441 coram
1727 2382 1882 2440 Patre
1897 2403 2006 2443 meo
2022 2388 2110 2458 qui

521 2477 577 2530 in
599 2476 738 2532 cretis
765 2486 837 2532 est
862 2474 1075 2549 (Matth.
1116 2492 1174 2543 ι,
1215 2476 1306 2545 32,
1351 2478 1442 2549 55)
1472 2495 1487 2534 :
1515 2476 1656 2534 istud
1697 2477 1989 2548 periculum
2037 2479 2107 2534 ti-

522 2584 698 2637 mens,
741 2571 981 2640 quamvis
1028 2571 1176 2641 leges
1214 2570 1516 2641 imperiales
1549 2586 1655 2628 non
1692 2572 1900 2643 ignoro,
1928 2578 2107 2629 tamen

521 2670 789 2733 praecepto
814 2660 1106 2719 Salvatoris
1128 2662 1371 2729 edoctus,
1400 2664 1491 2735 qui
1518 2664 1725 2719 monuit
1749 2679 1848 2720 nos
1873 2674 1925 2720 et
1949 2664 2104 2733 dixit,

525 2753 700 2810 Nolite
722 2755 895 2810 timere
927 2771 1011 2811 eos
1034 2755 1123 2826 qui
1166 2756 1399 2810 occidunt
1436 2772 1639 2826 corpus,
1675 2758 1897 2812 animum
1939 2768 2107 2813 autem

521 2861 625 2900 non
646 2854 851 2916 possunt
872 2846 1095 2901 occidere
1127 2845 1444 2917 (Ibid.,28);
1473 2850 1771 2918 respondeo
1794 2849 2102 2906 evidenter:

521 2934 699 2992 Credo
723 2935 864 3006 quod
886 2951 1024 2991 unus
1061 2947 1144 2991 est
1188 2937 1327 2993 Dens
1357 2938 1535 3001 Pater,
1565 2941 1653 3009 qui
1681 2956 1709 2993 a
1752 2940 1897 2995 nullo
1942 2941 2104 2996 vitam

522 3026 838 3097 accepit;et
865 3028 987 3097 quia
1015 3043 1151 3084 unus
1182 3028 1461 3098 estFilius,
1489 3029 1578 3099 qui
1609 3030 1749 3100 quod
1771 3039 1854 3085 est
1882 3041 1935 3086 et
1964 3030 2106 3101 quod

522 3116 725 3185 vivit,a
750 3116 909 3172 Patre
945 3119 1148 3190 accepit
1174 3127 1230 3173 ut
1256 3130 1435 3186 esset;
1465 3129 1519 3176 et
1547 3122 1669 3192 quia
1699 3137 1834 3177 unus
1861 3133 1946 3178 est
1986 3123 2107 3193 Spi-

524 3207 658 3262 ritus
686 3217 902 3263 sanctus
922 3209 1237 3279 paracletus,
1257 3211 1345 3281 qui
1371 3218 1454 3266 est
1481 3212 1808 3268 illuminator
1829 3222 1881 3268 et
1911 3215 2106 3271 sancti-

523 3299 710 3355 ﬁcator
754 3302 1050 3357 animarum
1106 3313 1427 3359 nostrarum.
1507 3303 1577 3359 Et
1632 3306 1732 3361 hoc
1786 3307 1856 3363 de
1912 3307 2106 3364 divinis

524 3391 814 3462 Scripturis
865 3408 1066 3448 assero.
1099 3393 1154 3449 Si
1195 3394 1353 3464 jubes
1375 3437 1390 3463 ,
1424 3412 1718 3469 prosequor
1755 3400 2056 3455 testimonia
2089 3418 2103 3456 :

422 3558 425 3559 ν
524 3483 571 3538 si
590 3484 640 3537 in
654 3484 832 3553 aliquo
850 3482 1252 3552 reprehenderit
1272 3486 1476 3557 Religio
1503 3488 1764 3555 tua,dabo
1791 3505 2105 3561 responsum

526 3568 580 3624 in
622 3569 704 3625 his
736 3571 790 3623 in
838 3569 1029 3639 quibus
1059 3571 1376 3641 reprehendi
1409 3571 1611 3629 videor.

594 3662 649 3718 5.
678 3662 812 3717 Auc.
844 3660 977 3716 dixit
1001 3681 1014 3717 :
1043 3662 1219 3717 Movet
1241 3678 1349 3729 me,
1376 3663 1519 3736 quod
1546 3665 1616 3719 ita
1645 3666 1866 3735 posuisti
1896 3670 2105 3738 proprie

524 3747 938 3807 illuminatorem
1001 3762 1243 3809 nostrum
1299 3754 1555 3825 Spiritum
1614 3768 1891 3825 sanctum;
1954 3761 2106 3830 quasi

523 3843 766 3899 Christus
801 3860 906 3899 non
936 3844 1007 3899 sit
1045 3844 1371 3901 illuminator
1400 3856 1604 3903 noster.
1637 3848 1773 3904 Hinc
1792 3850 1965 3918 primo
2009 3851 2107 3908 abs

525 3945 578 3992 te
611 3938 735 3992 volo
764 3937 947 3993 audire
976 3937 1101 4007 quid
1126 3938 1346 3993 sentias.

595 4029 733 4083 Max.
766 4029 1077 4098 respondit:
1113 4029 1222 4084 Nos
1256 4029 1397 4084 enim
1441 4046 1603 4085 unum
1634 4040 1905 4088 auctorem
1936 4033 2104 4089 Deum

525 4120 737 4175 Patrem
786 4121 1177 4190 cognoscimus,
1234 4136 1262 4173 a
1294 4136 1399 4189 quo
1429 4121 1742 4178 illuminatio
1785 4125 1959 4178 omnis
2012 4140 2107 4195 per

524 4213 719 4285 gradus
743 4211 1039 4275 descendit.
1091 4211 1222 4266 Nam
1249 4211 1478 4282 denique
1505 4224 1560 4268 et
1604 4215 1877 4283 apostolus
1911 4216 2106 4274 Paulus

523 4306 727 4377 profert
749 4306 814 4360 de
854 4320 911 4359 se
946 4305 1307 4359 testimonium
1346 4304 1399 4359 in
1443 4305 1664 4360 Aetibus
1702 4308 2102 4377 Apostolorum,

522 4401 707 4455 dicens
728 4439 742 4452 .
778 4398 865 4453 Sic
891 4398 1021 4452 enim
1048 4398 1306 4452 mandavit
1331 4399 1471 4452 nobis
1494 4398 1670 4463 Deus;
1697 4411 1751 4456 et
1781 4402 1918 4458 inter
1945 4413 2104 4460 caue-

522 4508 616 4557 ra,
666 4489 827 4546 Posui
870 4500 917 4545 te
960 4491 1013 4544 in
1050 4490 1218 4544 lumen
1245 4490 1469 4561 gentium
1518 4491 1657 4560 (Act.
1713 4508 1827 4559 xm,
1881 4494 1996 4565 47).
2047 4496 2103 4551 Si

523 4581 811 4653 Apostolus
849 4582 903 4636 in
929 4580 1129 4637 lumine
1174 4581 1408 4652 gentium
1452 4582 1653 4652 positus
1680 4592 1848 4639 estut
1889 4585 2100 4655 doctor,

520 4684 721 4746 quanto
764 4673 934 4743 magis
975 4673 1200 4744 Spiritus
1241 4682 1475 4739 sanctus,
1524 4673 1613 4744 qui
1656 4675 1982 4733 illuminator
2022 4689 2105 4735 est

520 4768 762 4838 Apostoli
786 4784 800 4833 ;
830 4768 1009 4838 inquo
1036 4774 1091 4821 et
1130 4767 1415 4837 Apostolus
1442 4769 1648 4824 locutus
1677 4779 1781 4837 est,
1809 4774 2099 4829 secundum

519 4862 688 4933 ipsius
713 4861 954 4931 Apostoli
999 4860 1159 4926 dicta,
1185 4860 1307 4931 quia
1350 4877 1493 4914 nemo
1522 4871 1683 4931 potest
1731 4863 1897 4918 dicere
1924 4864 2103 4921 Domi-

520 4970 644 5007 num
668 4952 867 5020 Iesum,
900 4952 997 5007 nisi
1020 4954 1074 5005 in
1097 4950 1297 5022 Spiritu
1318 4961 1491 5006 sancto
1522 4952 1567 5022 (Ι
1590 4951 1707 5007 Cor.
1737 4970 1829 5020 xu,
1859 4956 1956 5028 3)?
1986 4957 2102 5014 Uti-

519 5061 624 5115 que
668 5046 992 5101 illuminator
1020 5051 1103 5099 est
1148 5043 1373 5113 Spiritus
1407 5052 1639 5110 sanctus,
1672 5049 1759 5116 qui
1786 5048 2102 5107 illuminavit

521 5137 857 5206 Apostolum.
908 5134 1014 5189 Sed
1054 5134 1280 5203 Spiritus
1314 5143 1529 5189 sanctus
1556 5151 1587 5190 a
1616 5134 1828 5193 Christo
1874 5144 2098 5211 accepit,

520 5227 814 5283 secundum
856 5227 1022 5297 ipsius
1066 5226 1261 5282 Christi
1306 5227 1687 5295 testimonium,
1742 5232 1881 5287 sicut
1926 5235 2001 5290 ait
2046 5236 2097 5290 in

521 5319 811 5389 Evangelio
825 5319 1069 5374 Christus
1094 5337 1107 5372 :
1141 5318 1307 5374 Multa
1332 5320 1489 5374 habeo
1518 5322 1654 5376 vobis
1676 5324 1856 5392 dicere,
1886 5328 1974 5381 sed
2000 5345 2099 5382 non

524 5414 729 5483 patestis
754 5422 955 5483 portare
982 5415 1131 5468 modo
1155 5429 1173 5467 :
1196 5431 1308 5469 cum
1346 5425 1512 5469 autem
1535 5418 1719 5471 venerit
1745 5418 1831 5474 ille
1876 5418 2101 5490 Spiritus

520 5506 760 5569 veritatis,
785 5507 963 5577 diriget
989 5523 1074 5562 vos
1102 5508 1155 5561 in
1180 5524 1376 5563 omnem
1400 5511 1676 5564 ueritatem.
1714 5510 1835 5566 Non
1865 5514 1997 5568 enim
2026 5516 2100 5569 lo-

520 5604 739 5667 quetura
762 5614 833 5663 se,
855 5599 943 5652 sed
966 5615 1289 5670 quaecumque
1313 5601 1527 5656 audierit
1548 5603 1796 5674 loquetur,
1819 5615 1867 5660 et
1894 5617 2100 5663 uentura

521 5688 838 5742 annuntiabit
872 5689 1025 5743 vobis.
1060 5689 1158 5745 Ille
1182 5708 1258 5745 me
1283 5693 1598 5761 clariﬁcabit,
1629 5695 1747 5766 quia
1772 5696 1835 5749 de
1882 5714 1990 5751 meo
2015 5716 2100 5752 ac-

521 5782 691 5848 cipiet,
718 5792 764 5837 et
791 5784 1107 5838 annuntiabit
1156 5787 1289 5844 vobis
1332 5785 1506 5856 (Joan.
1550 5805 1658 5855 xu,
1705 5791 1770 5844 12
1806 5793 1912 5863 ii).
1960 5796 2098 5871 Ergo

1774 322 1831 377 s.
1874 315 2238 378 AUCUSTINI
2281 289 2582 381 censeo”

3700 342 3810 400 ’112

2232 439 2459 509 Spiritus
2510 452 2727 501 sanctus
2768 448 2973 517 accepit
3012 464 3040 502 a
3068 448 3299 520 Christo,
3330 455 3622 511 secundum
3664 460 3821 514 testi-

2229 534 2461 589 monium
2481 535 2693 593 Christi.
2714 537 2839 594 Sine
2865 540 3027 597 dubio
3046 552 3223 599 autem
3243 542 3483 603 Christus
3508 550 3624 620 ipse
3649 552 3821 607 conli-

2228 633 2368 682 tetur
2392 629 2553 699 quod,
2586 630 2831 687 Doctrina
2860 650 2969 688 mea
2994 653 3097 692 non
3118 648 3187 693 est
3216 656 3346 707 mea,
3377 645 3464 695 sed
3484 643 3594 712 ejus
3619 646 3706 714 qui
3732 662 3814 700 me

2226 720 2362 774 misit
2382 720 2555 808 Patris
2580 722 2759 794 (Joan.
2781 743 2871 791 vu,
2891 728 3000 799 i6);
3022 738 3098 797 et,
3115 731 3266 796 Quod
3292 734 3394 787 vidi
3407 744 3454 788 et
3473 736 3648 791 audivi
3670 740 3818 808 apud

2226 802 2644 884 Patrem‘meum,
2676 818 2853 889 loquor
2872 820 2982 891 (Id.
3007 839 3117 889 vtu,
3145 824 3258 897 58).
3278 824 3401 883 Sive
3420 843 3548 900 ergo
3563 802 3816 888 Christus

2224 902 2423 960 docens
2444 921 2540 962 nos
2568 909 2843 978 illuminat,
2876 912 3034 969 Pater
3072 916 3335 973 illuminat
3377 921 3466 991 qui
3487 937 3610 977 eum
3637 922 3813 979 desti—

2223 996 2403 1063 navit;
2431 999 2543 1054 sive
2575 999 2806 1072 Spiritus
2831 1015 3047 1062 sanctus
3084 1008 3365 1075 illuminat,
3404 1012 3721 1072 illuminatio
3745 1019 3817 1073 ad

2222 1097 2491 1144 auctorem
2522 1094 2767 1162 recurrit,
2796 1097 2884 1166 qui
2922 1108 3007 1153 est
3035 1099 3155 1154 fons
3179 1102 3465 1161 bonitatis:
3492 1121 3523 1161 a
3545 1123 3652 1177 quo
3674 1122 3817 1164 con-

2221 1187 2458 1247 secutus,
2496 1184 2609 1239 sive
2655 1187 2841 1242 beatus
2889 1191 3196 1260 Apostolus,
3252 1197 3364 1251 sive
3414 1201 3574 1255 etiam
3620 1216 3817 1259 omnes

2219 1272 2411 1341 sancti,
2440 1274 2739 1334 illuminant
2762 1282 2976 1351 quidem
3004 1286 3308 1355 credentes,
3342 1291 3435 1347 sed
3462 1293 3578 1350 haec
3605 1295 3815 1353 illumi-

2220 1364 2364 1419 natio
2386 1366 2452 1420 ad
2475 1383 2636 1423 unum
2665 1382 2937 1429 auctorem
2968 1380 3216 1435 recurrit.
3248 1381 3315 1437 Et
3336 1398 3398 1440 ea
3434 1384 3502 1442 de
3538 1402 3700 1445 causa
3731 1390 3817 1446 di-

2217 1454 2371 1510 cebat
2413 1459 2713 1528 propheta:
2746 1463 2990 1522 Dominus
3024 1470 3333 1528 illuminatio
3388 1493 3524 1546 mea,
3574 1489 3624 1535 et
3664 1484 3813 1538 salus

2216 1564 2328 1602 mea
2349 1564 2529 1619 ;quem
2554 1554 2734 1610 timebo
2765 1556 2935 1629 (Psal.
2964 1576 3109 1630 χχιιι,
3136 1562 3231 1635 i)?

2285 1640 2338 1697 6.
2372 1645 2506 1700 Aua.
2536 1645 2707 1703 dixit:
2749 1649 2861 1721 Ego
2910 1667 3017 1708 non
3046 1669 3185 1727 nego
3208 1657 3509 1718 illuminare
3545 1663 3807 1736 Spiritum

2214 1743 2477 1797 sanctum;
2497 1736 2592 1793 sed
2612 1748 2783 1796 utrum
2803 1752 2856 1797 et
2876 1742 3118 1802 Christus
3135 1748 3394 1808 illuminet
3408 1769 3505 1825 per
3519 1771 3579 1812 se
3604 1758 3805 1829 ipsum,

2214 1834 2267 1879 et
2287 1826 2445 1883 Pater
2464 1829 2727 1888 illuminet
2748 1848 2844 1904 per
2868 1850 2927 1892 se
2950 1838 3144 1907 ipsum,
3167 1856 3235 1897 an
3270 1858 3374 1899 non
3393 1826 3694 1906 illuminent
3719 1826 3811 1909 isti

2210 2286 2379 2355 gnitas
2402 2296 2452 2342 et
2478 2289 2767 2348 humanitas
2791 2298 3032 2367 apparuit
3059 2298 3343 2358 Saluatoris
3371 2307 3532 2361 nostri
3550 2307 3667 2377 Dei,
3692 2327 3808 2368 non

2210 2393 2276 2432 ea:
2301 2381 2537 2451 operibus
2567 2385 2787 2456 justitite
2834 2405 2950 2458 quia
2988 2392 3197 2464 fecimus
3238 2412 3349 2465 nos,
3396 2400 3487 2455 sed
3522 2403 3809 2459 secundum

2209 2485 2354 2525 suam
2371 2473 2765 2533 misericordiam
2795 2480 2962 2536 salvos
2990 2499 3083 2539 nos
3109 2486 3247 2557 fecit,
3289 2504 3380 2559 per
3420 2490 3680 2548 lumen
3703 2511 3795 2550 re.

2210 2566 2548 2632 generationis
2562 2579 2611 2624 et
2635 2574 2972 2630 renovationis
2994 2576 3220 2649 Spiritus
3240 2584 3423 2651 sancti,
3451 2601 3597 2656 quem
3617 2586 3809 2655 effudit

2209 2657 2263 2712 in
2288 2676 2380 2715 nos
2403 2660 2621 2731 abunde,
2648 2682 2738 2736 per
2762 2667 2941 2724 Iesum
2954 2670 3211 2729 Christum
3230 2674 3546 2734 Salvatorem
3569 2691 3806 2736 nostrum

2213 2748 2338 2823 (Tit.
2370 2767 2448 2821 ιιι,
2470 2755 2609 2828 4-6).
2642 2758 2944 2818 Secundum
2970 2763 3109 2822 hanc
3135 2769 3372 2840 regulam
3393 2770 3513 2827 dico
3540 2771 3804 2844 Spiritum

2209 2851 2450 2899 sanctum
2489 2855 2545 2902 et
2591 2850 2845 2918 profiteor
2877 2853 3285 2915 illuminatorem
3338 2876 3433 2932 per
3472 2862 3664 2919 Filium
3696 2883 3712 2920 :
3743 2875 3808 2922 ιιι

2209 2942 2332 2989 ante
2360 2935 2559 2993 dictum
2586 2949 2687 3007 est,
2735 2942 2894 3010 Quem
2919 2946 3098 3015 effudit
3127 2951 3181 3005 in
3218 2968 3310 3007 nos
3335 2954 3553 3024 abunde,
3586 2974 3677 3028 per
3703 2958 3805 3014 Je-

2208 3041 2321 3081 sum
2346 3028 2600 3087 Christum
2629 3034 2945 3093 Saluatorem
2969 3052 3217 3097 nostrum.
3256 3045 3375 3103 iam
3419 3047 3541 3103 dedi
3569 3064 3803 3122 respone

2209 3133 2327 3174 sum
2358 3138 2371 3175 :
2408 3126 2658 3192 quoniam
2686 3128 2798 3184 sive
2848 3130 3043 3189 Paulus
3094 3136 3372 3205 illuminat,
3406 3139 3473 3194 ad
3520 3153 3801 3199 auctorem

2210 3208 2376 3266 Deum
2395 3213 2606 3272 Patrem
2635 3223 2860 3278 recurrit
2888 3225 3004 3281 hrec
3041 3226 3387 3298 illuminatio;
3416 3233 3528 3289 sive
3569 3235 3807 3306 Spiritus

2208 3315 2425 3361 sanctus
2439 3306 2790 3381 illuminat,ad
2801 3326 3070 3374 auctorem
3084 3325 3311 3379 recurrit
3325 3325 3635 3383 illuminatio
3653 3347 3667 3383 :
3684 3330 3807 3385 sive

2208 3395 2451 3455 Christus
2467 3401 2744 3470 illuminat,
2762 3407 2828 3462 ad
2846 3420 3112 3466 auctorem
3131 3418 3357 3471 recurrit
3372 3418 3706 3476 illuminatio.
3732 3424 3807 3479 Et

2210 3485 2313 3544 hoc
2324 3493 2634 3563 magisterio
2646 3498 2838 3555 Christi
2853 3502 3410 3579 edoctus,prosequor,
3430 3513 3559 3567 sicut
3581 3513 3654 3568 ait
3675 3515 3805 3585 ipse

2212 3578 2453 3638 Christus
2482 3601 2497 3639 :
2531 3585 2660 3642 Oves
2688 3607 2811 3646 mete
2838 3608 3005 3649 vocem
3042 3614 3203 3652 meam
3228 3578 3461 3670 audiunt,
3507 3614 3550 3658 et
3574 3621 3805 3674 sequun-

2214 3679 2296 3724 tur
2325 3689 2433 3740 me;
2462 3684 2508 3730 et
2529 3693 2621 3748 ego
2642 3680 2793 3734 vitam
2811 3694 3050 3740 retentam
3066 3688 3133 3743 do
3153 3691 3241 3752 eis,
3279 3701 3326 3745 et
3349 3710 3448 3747 non
3487 3696 3721 3762 peribunt
3749 3699 3807 3752 in

2210 3773 2473 3837 internum,
2501 3780 2549 3823 et
2567 3788 2667 3827 non
2687 3776 2848 3846 rapiet
2866 3794 2950 3834 eas
2978 3781 3239 3851 quicquam
3265 3786 3329 3839 de
3353 3803 3504 3841 manu
3531 3805 3658 3843 mea.
3700 3789 3809 3845 Pa-

2211 3865 2286 3912 ter
2313 3875 2452 3915 meus
2472 3864 2608 3932 quod
2632 3866 2769 3919 dedit
2803 3869 2947 3935 mihi,
2980 3874 3146 3943 majus
3172 3876 3402 3931 ontnibus
3446 3890 3539 3943 est,
3566 3892 3613 3934 et
3642 3898 3799 3937 nemo

2210 3951 2371 4011 potest
2387 3961 2565 4017 rapere
2584 3949 2715 4004 illud
2741 3954 2802 4006 de
2824 3970 2979 4010 manu
3010 3955 3185 4012 Patris
3226 3962 3343 4016 mei.
3374 3962 3441 4017 Et
3486 3965 3681 4020 iterum
3718 3969 3807 4024 sic

2209 4034 2329 4106 ait;
2354 4034 2465 4108 Ego
2482 4048 2527 4093 et
2559 4039 2715 4097 Pater
2737 4060 2894 4099 unum
2918 4065 3093 4105 sumus
3116 4049 3292 4118 (Joan.
3319 4070 3371 4118 Χ,
3394 4054 3613 4128 27-50).
3650 4057 3807 4130 Ergo

2208 4124 2277 4180 ad
2304 4126 2666 4188 defendendas
2688 4150 2842 4204 oves,
2865 4139 2930 4194 ad
2951 4140 3343 4210 illuminandus,
3372 4147 3529 4204 Pater
3542 4124 3595 4205 et
3624 4124 3808 4208 Filius

2212 4234 2373 4273 unum
2426 4234 2571 4291 sunt,
2624 4230 2916 4285 concordes
2962 4244 3122 4303 atque
3174 4239 3454 4295 unanimes
3496 4242 3803 4300 secundum

2210 4312 2348 4369 hanc
2380 4317 2638 4374 rationem
2688 4337 2844 4392 quam
2885 4327 3100 4395 audisti,
3152 4330 3410 4396 Quoniam
3437 4350 3586 4388 nemo
3613 4345 3811 4406 potest

2210 4420 2396 4475 rapere
2425 4408 2492 4464 de
2526 4426 2682 4466 manu
2714 4428 2831 4469 mea
2852 4429 2980 4471 oves
3000 4434 3134 4488 quas
3155 4421 3282 4476 mihi
3309 4423 3454 4479 dedit
3478 4425 3632 4481 Pater
3661 4445 3674 4480 :
3727 4431 3811 4484 si-

2208 4496 2319 4551 mili
2343 4499 2502 4555 modo
2518 4517 2616 4557 nec
2636 4503 2703 4559 de
2728 4521 2885 4561 manu
2912 4508 3102 4565 Patris.

2196 4612 2199 4615 δ
2280 4592 2330 4645 7.
2352 4594 2483 4650 Aua.
2512 4594 2643 4651 dixit
2672 4616 2685 4652 :
2709 4597 2813 4654 Res
2839 4600 3069 4672 loqueris
3097 4607 3420 4662 necessarias
3437 4610 3672 4680 quidem,
3704 4616 3809 4670 sed

2208 4697 2313 4737 non
2335 4684 2400 4738 ad
2421 4700 2653 4743 causam.
2672 4690 2754 4745 Ad
2772 4691 3234 4765 interrogationem
3256 4715 3427 4756 meam
3452 4720 3556 4758 non
3575 4721 3658 4760 res
3667 4724 3816 4775 pon-

2213 4774 2357 4840 dir“,
2372 4786 2425 4831 et
2445 4787 2617 4835 tamen
2634 4783 2796 4838 multa
2817 4785 3010 4841 dixisti.
3032 4786 3086 4844 Si
3111 4792 3260 4856 velis,
3289 4794 3471 4850 relicta
3497 4774 3811 4867 quaestione

2210 4867 2485 4936 quaeinter
2510 4886 2607 4925 nos
2631 4875 2871 4942 vertitur,
2896 4877 3117 4934 reddere
3145 4890 3310 4939 totum
3325 4885 3813 4963 Evangelium,qui

2207 4957 2320 5014 dies
2363 4961 2647 5030 solliciunt,
2690 4976 2944 5036 quantum
2990 4975 3240 5043 temporis
3268 4957 3494 5046 spatium
3541 4957 3811 5038 necessa-

2207 5054 2345 5108 rium
2375 5055 2488 5109 est?
2512 5058 2755 5115 Breviter
2785 5062 2911 5117 mihi
2959 5064 3063 5134 die,
3093 5071 3338 5138 quoniam
3368 5072 3694 5145 interrogavi
3727 5088 3813 5145 te,

2206 5155 2383 5198 utrum
2406 5146 2664 5204 illuminet
2687 5167 2781 5220 per
2804 5155 3047 5225 seipsum
3078 5159 3334 5227 Christus,
3362 5180 3428 5218 an
3457 5182 3563 5220 non
3595 5170 3815 5226 illumi-

2207 5247 2297 5292 net
2318 5239 2420 5293 nisi
2448 5257 2541 5310 pcr
2570 5243 2823 5313 Spiritum
2857 5260 3119 5306 sanctum.
3146 5253 3262 5309 Non
3287 5256 3458 5311 solum
3481 5262 3546 5313 ad
3578 5261 3685 5317 hoc
3720 5282 3818 5320 re-

2206 5331 2470 5398 spondere
2488 5333 2722 5401 noluisti,
2749 5339 2839 5393 sed
2862 5341 2905 5394 si
2927 5358 3011 5396 me
3029 5359 3132 5398 non
3156 5345 3440 5420 fallitquod
3461 5353 3661 5419 audivi,
3688 5372 3820 5409 ma-

2207 5423 2288 5493 gis
2317 5423 2568 5494 Spiritum
2596 5441 2833 5485 sanctum
2861 5448 2957 5502 per
2976 5435 3241 5494 Christum
3269 5442 3565 5501 illuminare
3592 5447 3817 5504 dixisti.

2280 5519 2426 5573 Max.
2478 5525 2749 5591 respondit
2771 5543 2783 5579 :
2808 5526 2918 5580 Non
2948 5528 3099 5584 decet
3130 5534 3177 5584 in
3210 5534 3487 5605 religione,
3534 5549 3819 5607 praeterea

2207 5627 2325 5666 cum
2356 5613 2423 5668 de
2456 5616 2563 5668 Deo
2591 5617 2886 5687 loquamur,
2915 5623 3230 5679 calumniam
3258 5626 3473 5683 inferre.
3501 5632 3613 5702 Ego
3633 5644 3690 5688 et
3719 5653 3824 5693 re-

2207 5718 2460 5774 sponsum
2492 5707 2635 5775 dedi,
2662 5719 2713 5764 et
2738 5712 2780 5765 si
2814 5729 2916 5766 non
2948 5715 3214 5773 sufficiunt
3242 5736 3362 5790 qua:
3390 5722 3646 5793 diximus,
3696 5728 3818 5782 ad-

2209 5797 2380 5854 dimus
2413 5802 2733 5873 testimonia,
2766 5807 2885 5877 quia
2915 5825 3009 5880 per
3037 5810 3214 5868 Jesum
3244 5814 3512 5872 Christum
3560 5816 3814 5890 Spititus
