4094 6492
253 467 356 528 715

248 594 466 641 sanctus
490 583 691 640 eﬂusus
711 591 794 638 est
821 583 871 636 in
895 596 1082 636 oumes
1105 579 1405 636 credentes.
1431 579 1520 633 Sic
1541 577 1683 632 enim
1707 572 1835 642 legi-

245 692 369 734 mus
397 677 613 732 beatum
652 675 868 730 Petrum
913 673 1142 728 dixisse:
1169 671 1320 726 Hunc
1359 670 1537 725 Jesum
1581 664 1836 722 suscitavit

247 766 410 834 Deus,
436 768 583 838 cujus
610 783 702 821 nos
722 782 894 821 omnes
925 775 1068 820 testes
1094 779 1285 818 sumus.
1315 760 1532 816 Dextera
1551 761 1720 828 itaque
1741 755 1838 810 Dei

246 861 524 924 mitulus,
567 869 614 912 et
653 858 984 929 promissione
1010 855 1236 926 Spiritus
1259 852 1420 908 sancti
1446 860 1654 921 accepta
1673 865 1704 901 a
1731 847 1837 900 Pa-

247 960 347 1015 sre,
370 947 552 1014 e/fudit
579 948 674 1002 hoc
699 949 888 1002 donum
915 946 1049 1018 quod
1077 960 1212 999 nunc
1236 959 1322 998 vos
1347 953 1392 997 et
1422 941 1598 995 videtis
1618 948 1664 994 et
1690 938 1839 992 audi-

248 1042 316 1095 tis
345 1041 483 1114 (Act.
514 1058 570 1106 ιι,
599 1042 685 1106 52,
719 1039 835 1111 55).
861 1039 974 1094 Dixi
1010 1039 1149 1094 enim
1190 1037 1332 1108 quod
1360 1035 1537 1092 omnia
1564 1049 1837 1106 quaecum-

247 1146 356 1202 que
382 1132 619 1202 suggerit
647 1132 801 1186 nobis
830 1130 1060 1200 Spiritus
1087 1138 1321 1194 sanctus,
1352 1143 1383 1181 a
1403 1125 1615 1182 Christo
1642 1139 1839 1180 conse-

246 1235 408 1281 cutus
437 1224 526 1280 sit.
551 1224 788 1282 Recurre
817 1223 882 1279 ad
915 1222 1213 1279 testimonia
1233 1230 1357 1278 ante
1377 1221 1504 1290 lata,
1527 1227 1582 1276 et
1600 1219 1842 1275 invenies

247 1315 344 1372 ita.
785 1379 794 1386 ι

322 1408 378 1464 8.
420 1411 556 1465 Auc.
585 1407 720 1464 dixit
753 1423 767 1461 :
797 1406 932 1462 Cum
961 1405 1041 1462 vis
1069 1406 1254 1460 conari
1302 1403 1529 1474 probare
1555 1400 1699 1473 quod
1727 1401 1842 1471 ipse

252 1515 359 1556 non
397 1513 560 1570 nego,
601 1502 657 1554 in
698 1499 861 1554 rebus
902 1494 1184 1567 superﬂuis
1227 1494 1588 1550 necessarium
1635 1502 1844 1562 tempus

249 1588 510 1644 absumis.
544 1589 658 1659 Ego
688 1604 796 1644 non
824 1603 962 1658 nego
986 1602 1083 1658 per
1105 1585 1380 1642 Christum
1407 1584 1656 1641 diffusum
1677 1583 1842 1640 fuisse

249 1695 415 1751 super
431 1680 718 1736 credentes
733 1679 988 1749 Spiritum
1010 1687 1272 1734 sanctum.
1290 1675 1418 1732 Sine
1438 1691 1596 1732 eausa
1624 1674 1725 1730 hoc
1750 1689 1845 1744 per

246 1781 434 1828 tantas
461 1787 640 1827 moras
675 1772 993 1827 testimoniis
1021 1769 1247 1841 probare
1278 1767 1514 1834 voluisti,
1554 1766 1697 1837 quod
1727 1766 1842 1836 ipse

246 1864 537 1920 conﬁteor.
567 1863 680 1934 Ego
701 1864 804 1919 hoc
818 1862 949 1930 dixi,
972 1861 1074 1917 hoc
1092 1860 1335 1933 quaesivi,
1363 1859 1465 1914 hoc
1481 1859 1673 1913 iterum
1690 1855 1841 1912 dico:

247 1965 434 2012 utrum
463 1956 710 2015 Christus
751 1971 848 2028 per
875 1955 1131 2026 Spiritum
1179 1960 1421 2009 sanctum
1464 1951 1748 2017 illuminet,
1776 1965 1844 2004 an

248 2049 488 2118 Spiritus
517 2060 735 2106 sanctus
761 2065 855 2120 per
882 2048 1153 2103 Christum
1178 2045 1474 2109 illuminet;
1502 2043 1624 2113 quia
1663 2041 1847 2097 dixisti

252 2142 506 2212 superius
529 2157 625 2212 per
647 2139 917 2197 Christum
957 2138 1264 2194 illuminare
1289 2136 1544 2206 Spiritum
1580 2142 1842 2190 sanctum.

253 2232 312 2290 Si
338 2243 524 2288 autem
554 2249 661 2288 non
688 2233 902 2298 recolis,
934 2232 1224 2287 recitentur
1247 2229 1408 2284 verba
1440 2237 1526 2310 tua
1554 2227 1606 2282 in
1645 2225 1844 2290 Gestis,

252 2335 314 2382 ut
339 2337 596 2396 appareat
615 2341 679 2383 ea
706 2340 804 2382 nos
819 2325 1044 2396 jussisse
1065 2322 1299 2388 recitari,
1326 2330 1380 2377 et
1407 2319 1644 2391 probabo
1673 2329 1724 2376 te
1762 2319 1847 2374 di-

258 2417 406 2472 xisse
429 2417 573 2488 quod
601 2432 803 2488 quaero.

324 2509 478 2563 Max.
509 2507 786 2579 respondit
822 2525 835 2562 :
864 2507 1116 2563 Probatio
1144 2513 1261 2561 erat
1287 2505 1613 2570 necessaria,
1663 2503 1708 2559 si
1738 2517 1848 2559 non

251 2603 374 2674 ipse
400 2602 739 2672 temetipsum
762 2601 1051 2671 placasses.
1075 2599 1190 2655 Jam
1217 2599 1697 2666 eniniprosecutus
1719 2611 1778 2652 es
1793 2595 1848 2651 in

255 2694 581 2750 testimoniis
624 2708 744 2763 qua:
786 2691 1001 2762 protuli,
1032 2692 1117 2746 vel
1146 2692 1200 2744 in
1241 2691 1446 2745 ratione
1491 2704 1648 2759 quam
1701 2687 1846 2756 dedi,

255 2785 399 2854 quod
447 2793 502 2840 et
546 2784 660 2854 ipse
700 2784 778 2839 sic
827 2783 1042 2838 habeas.
1095 2780 1230 2838 Cum
1285 2781 1433 2836 [inita
1476 2780 1547 2835 sit
1594 2795 1722 2851 ergo
1750 2780 1850 2836 ista

255 2875 506 2944 quaestio,
537 2889 776 2946 propone
819 2875 977 2930 aliam
1019 2874 1087 2928 ad
1129 2889 1288 2944 quam
1333 2871 1427 2926 tibi
1472 2871 1846 2941 respondeam.

255 2967 391 3023 Nam
414 2967 690 3040 professus
707 2981 766 3025 es
775 2967 957 3038 jamgin
972 2967 1266 3038 quaestione
1283 2965 1384 3021 ista
1405 2963 1732 3032 satisfactum
1758 2965 1851 3022 tibi

258 3059 452 3117 fuisse.

328 3153 386 3210 9.
429 3153 567 3212 Ave.
607 3153 775 3210 dixit:
804 3153 998 3208 Dixisti
1017 3151 1274 3222 Spiritum
1302 3160 1545 3207 sanctum
1572 3166 1669 3222 per
1692 3151 1850 3207 Chri-

259 3253 404 3299 stum
429 3243 757 3312 illuminare,
783 3259 851 3299 an
879 3259 988 3300 non
1005 3243 1221 3299 dixisti?
1246 3243 1394 3316 Rogo
1419 3251 1471 3298 te
1507 3255 1565 3298 ut
1595 3258 1755 3296 unum
1786 3242 1854 3298 de

260 3335 474 3392 duobus
497 3336 731 3393 breviter
758 3335 890 3392 mihi
920 3335 1250 3406 respondere
1274 3335 1528 3406 digneris.
1556 3334 1765 3404 Dixisti,
1784 3349 1853 3390 an

262 3443 368 3484 non
389 3428 608 3484 dixisti?

331 3520 484 3574 Msx.
515 3519 828 3590 respondit:
856 3519 968 3590 Ego
995 3518 1251 3589 Spiritum
1295 3525 1538 3572 sanctum
1583 3515 1856 3588 professus

263 3628 382 3669 sum
405 3612 701 3668 secundum
721 3612 1009 3668 Salvatoris
1038 3611 1424 3682 magisterium,
1447 3611 1570 3680 quia
1596 3610 1709 3666 sive
1737 3611 1852 3666 illu-

265 3705 455 3769 minat,
493 3718 520 3756 a
561 3703 776 3758 Christo
802 3703 1034 3773 accepit;
1063 3704 1176 3757 sive
1206 3702 1380 3767 docet,
1404 3717 1435 3756 a
1461 3701 1675 3756 Christo
1703 3717 1858 3758 acce-

263 3797 373 3867 pit;
401 3797 584 3850 omnia
611 3811 958 3867 quaecumque
977 3794 1116 3866 gerit
1139 3793 1367 3862 Spiritus
1391 3803 1628 3861 sanctus,
1651 3795 1720 3850 ab
1740 3795 1857 3850 uni-

260 3888 448 3958 genito
473 3888 585 3944 Deo
603 3896 919 3944 consecutus
938 3895 1020 3944 est
1040 3905 1052 3944 :
1072 3896 1125 3943 et
1141 3887 1185 3942 si
1203 3901 1364 3957 parva
1385 3896 1510 3942 sunt
1525 3886 1852 3955 testimonia,

261 3979 425 4036 addo.

336 4071 432 4126 10.
473 4072 610 4129 Avo.
641 4072 807 4128 dixit:
838 4071 916 4128 Ne
941 4072 1082 4128 dicat
1123 4085 1222 4126 nos
1245 4068 1582 4138 calumniari,
1611 4068 1856 4140 legantur

265 4163 430 4218 verba
456 4162 622 4232 ipsius
647 4165 802 4234 paulo
830 4163 1095 4234 superius.

336 4256 606 4311 Antonius
634 4257 874 4312 notarius
919 4256 985 4311 ad
1025 4258 1199 4312 locum
1225 4255 1499 4312 recitavit:
1527 4255 1657 4310 Dico
1681 4254 1852 4324 Spiri-

267 4355 376 4401 tum
415 4356 659 4402 sanctum
688 4357 742 4403 et
771 4347 1024 4418 proﬁteor
1062 4347 1474 4403 illuminatorcm
1513 4363 1606 4416 per
1635 4347 1853 4415 Filium,

264 4446 324 4491 ut
351 4447 479 4492 ante
503 4437 704 4494 dictum
729 4447 831 4505 est,
862 4454 1009 4508 quem
1048 4437 1228 4505 e/I‘udit
1277 4438 1474 4492 abunde
1521 4438 1574 4491 in
1616 4454 1728 4506 nos,
1767 4455 1857 4510 per

267 4527 447 4582 Iesum
475 4528 730 4584 Christum
773 4529 1088 4586 Salvatorem
1117 4541 1362 4586 nostrum.
1392 4528 1634 4600 Cumque
1658 4531 1855 4586 recita-

268 4624 378 4673 tum
405 4628 530 4674 est:

338 4734 483 4788 Max.
533 4733 934 4803 responditzllt
981 4733 1206 4797 videtur,
1260 4733 1375 4803 ipse
1411 4734 1588 4803 potius
1613 4733 1857 4790 dilatioui

270 4825 476 4893 studes,
513 4835 704 4881 utnon
741 4827 810 4882 ad
846 4826 1188 4896 principalem
1234 4841 1448 4881 causam
1491 4841 1852 4896 recurramus,

271 4916 363 4972 sed
389 4933 487 4988 per
514 4926 684 4972 totum
713 4918 853 4973 diem
882 4917 961 4971 vis
985 4918 1309 4987 argumentis
1335 4933 1434 4973 nos
1473 4919 1527 4973 in
1562 4933 1668 4973 una
1712 4918 1855 4973 deti~

271 5025 399 5066 nere
442 5010 758 5080 quaestione.
799 5009 909 5065 Nos
935 5010 1078 5065 enim
1108 5011 1415 5078 recitamus,
1446 5012 1589 5081 quod
1627 5027 1722 5081 per
1761 5013 1855 5067 Fi-

272 5101 401 5157 lium
447 5101 676 5172 Spiritus
702 5112 916 5159 sanctus
946 5104 1015 5156 sit
1039 5101 1257 5168 ell'usus,
1289 5111 1342 5157 et
1370 5117 1473 5158 non
1501 5112 1703 5158 tantum
1729 5105 1856 5160 bea-

269 5203 379 5248 tum
399 5194 632 5250 Paulum
658 5202 846 5249 testem
874 5192 1240 5263 produximus.
1267 5210 1453 5249 verum
1479 5197 1640 5250 etiam
1667 5203 1720 5251 et
1748 5197 1854 5252 Pe—

271 5292 410 5338 trum
460 5285 692 5353 priorem
734 5285 1131 5354 Apostolorum.
1163 5285 1333 5340 Habet
1373 5286 1514 5340 enim
1556 5289 1856 5357 prosecutio

272 5386 478 5441 nostra,
509 5377 652 5446 quod
694 5377 922 5446 Spiritus
949 5388 1216 5433 sanetusa
1244 5377 1457 5434 Christo
1500 5382 1724 5450 accepit,
1767 5396 1856 5437 se-

271 5467 502 5522 cundum
529 5468 836 5536 prmeedens
864 5469 1222 5524 testimonium
1249 5487 1262 5522 :
1306 5469 1407 5525 Ille
1433 5488 1511 5525 me
1535 5472 1854 5540 clari/icabit,

271 5558 386 5624 quia
412 5557 476 5610 de
500 5575 610 5612 meo
634 5559 847 5630 accipiet
871 5569 916 5614 et
941 5561 1258 5615 annuntiabit
1282 5563 1442 5616 vobis.
1480 5562 1624 5618 ldem
1672 5565 1855 5620 itidem

272 5650 579 5718 compulsus
609 5650 804 5706 iterum
832 5651 971 5719 dico,
1010 5654 1133 5722 quia
1176 5653 1287 5709 sive
1329 5653 1591 5709 illuminat
1629 5655 1858 5727 Spiritus

273 5750 506 5804 sanctus,
530 5741 647 5796 sive
667 5741 842 5806 docet,
868 5743 980 5796 sive
1003 5743 1234 5808 instruit,
1253 5745 1429 5798 omnia
1454 5760 1483 5799 a
1505 5745 1718 5802 Christo
1736 5762 1858 5802 con-

274 5839 485 5885 secutus
512 5840 622 5894 est;
665 5832 787 5900 quia
826 5846 920 5900 per
944 5830 1216 5888 Christum
1258 5840 1394 5906 facta
1432 5848 1549 5891 sunt
1588 5839 1777 5905 omnia,
1810 5851 1856 5893 et

276 5922 377 5978 sine
415 5923 507 5978 illo
549 5926 740 5993 factum
777 5933 848 5978 est
893 5924 1020 5978 nihil
1049 5923 1227 5993 (Joan.
1271 5943 1309 5992 ι,
1341 5926 1418 5997 5).
1462 5927 1704 5986 Christus
1729 5931 1858 5988 dicit

551 6014 780 6077 Sanc'r.
830 6019 1112 6080 Ausus'r.
1159 6017 1325 6080 VIII.

1013 461 1349 522 COLLATIO
1386 459 1525 518 CUM
1563 449 1898 514 MAXIMINO
1939 452 2344 513 ARIANORUM
2383 455 2733 515 EPISCOPO.

3423 462 3528 523 7M

1944 571 2065 641 quia
2091 588 2120 626 a
2148 574 2386 643 genitore
2414 589 2510 631 suo
2530 577 2706 631 omnia
2731 576 2845 631 haec
2863 587 3184 633 consecutus
3204 587 3305 646 est,
3328 589 3382 635 et
3401 582 3529 638 vivit

1945 673 2162 736 propter
2189 667 2422 731 Patrem,
2450 677 2505 723 et
2530 669 2704 725 omnis
2731 671 2908 740 lingua
2951 671 3236 727 confitetur
3271 675 3396 744 quia
3426 677 3530 731 Do-

1942 757 2118 813 minus
2146 758 2302 814 Jcsus
2327 759 2567 816 Christus
2595 761 2646 815 in
2670 761 2836 832 gloria
2855 772 2936 817 est
2953 762 3047 817 Dei
3074 762 3247 818 Patris
3267 763 3530 838 (Philipp.

1944 863 2002 913 tt,
2018 849 2130 919 H).
2147 848 2215 904 Et
2239 851 2362 920 quia
2380 852 2396 882 ¹
2424 852 2586 906 omnis
2605 853 2699 906 viri
2722 863 2876 922 caput
2896 853 3125 910 Christus
3144 865 3245 921 est;
3266 867 3418 928 caput
3438 873 3532 912 au-

1945 947 2042 992 tem
2068 940 2312 1006 mulieris,
2339 941 2446 1005 vir;
2466 951 2618 1012 caput
2641 953 2809 997 autent
2835 943 3042 1008 Christi,
3074 943 3214 1000 Deus
3235 945 3281 1015 (ι
3301 946 3420 1001 Cor.
3453 964 3530 1015 xu,

1945 1029 2024 1100 3).
2055 1030 2122 1085 Et
2159 1032 2282 1100 quia
2329 1031 2464 1087 Filio
2501 1033 2729 1102 Spiritus
2775 1043 2990 1090 sanctus
3031 1045 3114 1091 est
3153 1037 3533 1107 subjectus:et

1946 1123 2068 1193 quia
2095 1123 2262 1180 Filius
2279 1125 2424 1180 Patri
2447 1134 2529 1181 est
2545 1125 2836 1195 subjectus,
2860 1136 2916 1181 ut
2942 1128 3308 1197 charissimus,
3331 1141 3388 1186 ut
3408 1132 3536 1188 obe-

1946 1214 2122 1283 diens,
2153 1226 2210 1272 ut
2238 1216 2410 1274 bonus
2443 1233 2471 1271 a
2502 1217 2645 1273 bono
2669 1219 2899 1288 genitus.
2924 1219 3031 1276 Nec
3049 1221 3191 1276 enim
3217 1221 3374 1277 Pater
3401 1238 3532 1278 ροη-

1947 1309 2172 1364 trarium
2198 1309 2299 1366 sibi
2320 1310 2537 1380 genuit:
2561 1309 2658 1364 sed
2691 1311 2848 1364 talem
2875 1312 3080 1380 genuit,
3107 1313 3198 1383 qui
3237 1313 3396 1368 etiam
3426 1317 3527 1370 cla~

1946 1411 2058 1457 mat
2079 1411 2134 1458 et
2155 1402 2305 1470 dicit,
2339 1402 2448 1473 Ego
2471 1418 2585 1473 quia
2611 1402 2800 1473 placita
2817 1413 2936 1459 sunt
2973 1403 3141 1473 Patri,
3179 1407 3312 1476 facio
3339 1424 3512 1478 sempo

1948 1492 2128 1564 (Joan.
2160 1510 2276 1560 vm,
2307 1494 2426 1564 29).

2022 1587 2112 1641 H.
2151 1585 2286 1642 Anc.
2314 1585 2480 1642 dixit:
2504 1585 2562 1642 Si
2596 1595 2652 1642 et
2685 1587 2930 1642 Christus
2955 1587 3220 1645 illuminat
3246 1605 3340 1660 per
3367 1589 3535 1660 Spiri-

1950 1685 2060 1753 tum
2084 1687 2348 1747 sanctum,
2371 1686 2428 1734 et
2453 1678 2683 1748 Spiritus
2711 1689 2926 1734 sanctus
2951 1680 3216 1736 illuminat
3255 1697 3350 1752 per
3382 1681 3536 1736 Chri-

1949 1777 2111 1834 stum,
2141 1784 2239 1839 par
2265 1779 2504 1840 potestas
2527 1778 2629 1826 est.
2657 1769 2798 1842 Lege
2813 1781 2991 1826 autem
3019 1781 3073 1826 tu
3090 1772 3220 1827 mihi
3239 1774 3538 1842 subjectum

1949 1859 2163 1916 Christo
2191 1861 2450 1930 Spiritum
2493 1871 2759 1927 sanctum,
2801 1865 2941 1933 quod
2971 1865 3140 1934 paulo
3181 1874 3305 1920 ante
3336 1865 3537 1920 dixisti.

1950 1953 2101 2020 Quod
2129 1966 2306 2011 autem
2333 1955 2466 2010 dicis
2486 1956 2768 2011 Dominum
2789 1957 2990 2014 dixisse
3019 1957 3086 2012 de
3110 1957 3308 2027 Spiritu
3329 1968 3538 2024 sancto,

1950 2043 2029 2100 De
2053 2063 2161 2101 meo
2185 2047 2432 2116 accipiet;
2462 2048 2582 2104 ideo
2601 2049 2802 2106 dictum
2838 2060 2938 2116 est,
2961 2052 3084 2121 quia
3110 2051 3177 2106 de
3205 2053 3361 2107 Patre
3389 2068 3544 2108 acce-

1949 2139 2046 2208 pit,
2070 2149 2125 2194 et
2148 2141 2327 2195 omnia
2351 2156 2470 2211 quae
2496 2150 2621 2196 sunt
2653 2143 2844 2209 Patris,
2869 2143 2985 2198 sine
3003 2143 3167 2198 dubio
3181 2151 3238 2199 et
3254 2143 3374 2198 Filii
3395 2156 3536 2198 sunt.

1948 2227 2084 2284 Nam
2104 2229 2217 2299 ipse
2240 2245 2360 2284 cum
2393 2230 2495 2286 hoc
2523 2231 2766 2298 dixisset,
2793 2232 3002 2302 adjecit,
3032 2231 3161 2287 Ideo
3190 2233 3318 2300 dixi,
3338 2233 3417 2288 De
3431 2251 3542 2289 meo

1953 2322 2199 2391 accipiet;
2235 2323 2353 2397 quia
2382 2324 2552 2378 omnia
2595 2339 2708 2393 qute
2732 2324 2877 2378 habet
2906 2323 3084 2391 Pater,
3128 2342 3240 2380 mea
3278 2337 3395 2380 sunt
3427 2326 3538 2396 (Id.

1951 2430 2061 2478 xvi,
2089 2415 2177 2483 14,
2210 2415 2323 2487 15).
2349 2415 2442 2470 Dic
2457 2431 2586 2486 ergo
2606 2417 2748 2487 quod
2773 2417 3116 2489 interrogavi,
3144 2426 3198 2474 et
3224 2419 3544 2475 testimoniis

1952 2489 2464 2576 proba,'subjectum
2489 2506 2701 2562 Christo
2723 2507 2977 2580 Spiritum
2999 2519 3238 2565 sanctum
3261 2527 3274 2564 :
3301 2526 3422 2566 cum
3448 2527 3542 2581 po-

1951 2597 2060 2654 tius
2087 2599 2322 2669 legamus
2360 2599 2534 2669 ipsum
2581 2599 2868 2668 dicentem,
2903 2600 3128 2672 Spiritus
3157 2601 3365 2657 Domini
3390 2619 3544 2673 super

1953 2707 2048 2756 me,
2093 2700 2298 2762 propter
2349 2692 2486 2761 quod
2532 2693 2678 2748 unxit
2723 2710 2801 2748 me
2829 2695 3172 2764 evangelizare
3197 2697 3542 2766 pauperibus'

1955 2781 2108 2852 (Luc.
2140 2799 2215 2850 ιν,
2248 2784 2359 2855 l8).
2382 2784 2438 2841 Si
2463 2800 2624 2854 super
2638 2801 2698 2842 se
2722 2787 2836 2856 ipse
2856 2787 2992 2841 dixit
3004 2786 3255 2855 Spiritum
3273 2798 3540 2856 sanctum,

1954 2875 2223 2944 quomodo
2244 2883 2300 2930 tu
2324 2876 2458 2932 dicis
2478 2877 2733 2946 Spiritum
2762 2888 3002 2934 sanctum
3027 2879 3240 2935 Christo
3265 2895 3387 2937 esse
3413 2882 3541 2937 sub-

1954 2965 2188 3036 jectum?
2216 2966 2358 3021 Dixit
2385 2977 2561 3023 autem
2587 2967 2852 3034 Christus,
2869 3041 2873 3042 ί
2888 2985 3050 3040 super
3069 2987 3127 3027 se
3142 2971 3397 3042 Spiritum
3417 2987 3542 3028 san-

1953 3065 2100 3112 ctum
2121 3075 2132 3110 :
2157 3058 2402 3128 nonquia
2427 3072 2587 3128 super
2609 3059 2846 3116 Verbum
2864 3041 3084 3128 'Deiest,
3113 3041 3254 3130 quod
3279 3073 3362 3118 est
3383 3063 3542 3128 Deus;

1955 3149 2050 3205 sed
2090 3151 2214 3220 quia
2254 3166 2414 3222 super
2442 3151 2734 3218 hominem,
2764 3155 2905 3225 quod
2933 3154 3165 3210 Verbum
3195 3171 3322 3212 caro
3351 3158 3544 3213 factum

1955 3236 2058 3296 est.
2091 3241 2190 3297 Ubi
2221 3243 2364 3298 enim
2391 3245 2648 3314 scriptum
2687 3255 2789 3310 est,
2837 3244 3053 3301 Verbum
3093 3263 3211 3302 caro
3256 3252 3446 3319 factum
3475 3260 3548 3303 est

1957 3332 2130 3403 (Joan.
2163 3334 2198 3398 i,
2231 3332 2353 3406 M);
2382 3335 2515 3390 nihil
2542 3336 2685 3391 aliud
2712 3346 2795 3392 est
2820 3353 3000 3407 quam,
3025 3339 3258 3395 Verbum
3283 3341 3443 3396 homo
3465 3342 3547 3396 fa-

1956 3433 2100 3478 ctum
2120 3434 2221 3480 est.
2249 3425 2404 3494 Quia,
2444 3425 2640 3482 Videbit
2664 3429 2828 3482 omnis
2864 3445 2982 3482 caro
3005 3430 3227 3484 salutare
3253 3431 3350 3485 Dei
3387 3431 3544 3501 (Ism‘.

1955 3530 2045 3580 ιι,
2068 3516 2157 3585 5);
2177 3515 2307 3571 nihil
2333 3525 2416 3572 est
2441 3517 2586 3574 aliud
2610 3533 2790 3588 quam,
2813 3518 2999 3574 Omnis
3025 3521 3204 3576 homo.
3233 3523 3321 3589 Et,
3349 3521 3416 3577 In
3437 3525 3546 3593 lege

1957 3623 2059 3661 non
2077 3608 2444 3676 justi/imbitur
2484 3610 2646 3663 omnis
2673 3625 2792 3664 caro
2834 3610 3013 3680 (Rom.
3043 3629 3116 3679 ιιι,
3148 3613 3270 3685 9.0);
3305 3615 3434 3670 nihil
3465 3625 3548 3672 est

1957 3699 2100 3754 aliud
2121 3714 2302 3769 quam,
2329 3698 2516 3756 Omnis
2535 3700 2717 3757 homo.
2749 3702 2974 3773 Propter
3001 3705 3142 3774 quod
3163 3720 3291 3776 ergo
3326 3705 3544 3761 Verbum

1958 3807 2077 3845 caro
2106 3791 2296 3861 factum
2322 3800 2418 3860 est,
2449 3803 2503 3847 et
2530 3793 2621 3848 ille
2647 3795 2972 3864 semetipsum
3003 3796 3294 3862 exinanivit,
3325 3801 3545 3869 formant

1959 3881 2088 3936 servi
2130 3881 2381 3950 accipiens
2426 3881 2683 3954 (Philipp.
2715 3899 2774 3952 ιι,
2808 3883 2887 3954 7),
2931 3900 2998 3939 ex
3042 3886 3154 3955 ipsa
3197 3886 3366 3942 forma
3405 3891 3544 3943 servi

1957 3974 2112 4042 dixit,
2142 3974 2365 4043 Spiritus
2393 3973 2599 4028 Domini
2623 3992 2776 4046 super
2801 3992 2898 4030 me.
2925 3976 3059 4031 Nam
3082 3993 3178 4047 par
3195 3988 3426 4047 potestas
3442 3990 3544 4044 est,

1958 4081 2064 4122 una
2079 4067 2372 4122 substantia
2389 4077 2487 4134 est,
2513 4067 2699 4124 eadem
2721 4069 2989 4125 divinitas.
3015 4069 3138 4126 Ideo
3161 4072 3403 4141 quamvis
3431 4072 3550 4127 Tri-

1959 4157 2182 4213 nitatem
2210 4157 2470 4225 eolamus,
2500 4159 2622 4228 quia
2653 4160 2810 4216 Pater
2849 4176 2955 4216 non
2987 4172 3070 4218 est
3096 4162 3281 4230 Filius,
3328 4179 3426 4219 nec
3455 4163 3546 4220 Fi-

1959 4247 2062 4304 lius
2087 4259 2169 4305 est
2195 4249 2375 4316 Pater,
2407 4265 2506 4306 nec
2534 4249 2764 4320 Spiritus
2792 4262 3007 4308 sanctus
3034 4263 3126 4309 aut
3154 4254 3313 4310 Pater
3335 4266 3424 4310 aut
3452 4256 3543 4311 Fi-

1960 4339 2098 4396 lius:
2123 4350 2298 4396 tamen
2325 4356 2487 4396 unum
2508 4341 2674 4397 Deum
2693 4342 2938 4411 colimus,
2959 4346 3081 4415 quia
3108 4347 3217 4417 ipsa
3250 4346 3547 4404 Trinitatis'

1960 4433 2244 4490 ineii'abilis
2268 4442 2323 4489 et
2347 4434 2557 4490 excelsa
2586 4433 2890 4505 conjunctio
2916 4453 3076 4493 unum
3101 4439 3268 4495 Deum
3292 4442 3543 4508 ostendit,

1961 4542 2126 4582 unum
2154 4527 2457 4582 Dominum.
2492 4526 2721 4597 Ideoque
2761 4529 2962 4584 dictum
3015 4541 3128 4588 est:
3161 4535 3316 4604 Audi,
3349 4536 3548 4605 Israel;

1897 4694 1900 4697 Δ
1960 4617 2212 4673 Dominus
2246 4617 2384 4673 Deus
2417 4628 2550 4684 tuus,
2590 4617 2842 4674 Dominus
2878 4638 3008 4678 unus
3051 4636 3121 4680 est
3151 4625 3325 4697 (Deut.
3361 4645 3434 4697 vr,
3467 4630 3544 4703 τί).

1960 4709 2096 4777 Quid
2120 4709 2276 4765 nobis
2301 4710 2461 4766 vultis
2491 4709 2664 4765 facere
2691 4711 2829 4768 duos
2857 4713 2987 4770 deos
3024 4727 3079 4771 et
3105 4717 3240 4773 duos
3264 4720 3548 4776 dominos?

1962 4800 2149 4856 Dicitis
2174 4801 2452 4856 Dominum
2479 4802 2690 4858 Patrem
2713 4811 2768 4859 et
2796 4805 2960 4862 Deum
2990 4807 3219 4876 Patrem,
3251 4812 3422 4869 dicitis
3445 4815 3549 4871 Do-

1961 4895 2163 4950 minum
2187 4891 2454 4950 Christum
2481 4903 2534 4951 et
2551 4896 2713 4952 Deum
2736 4897 3007 4954 Christum
3028 4918 3042 4955 :
3060 4902 3351 4975 interrogo,
3369 4917 3544 4962 utrum

1961 4989 2122 5044 ambo
2147 4989 2304 5044 simul
2331 5003 2468 5044 unus
2492 4989 2581 5044 sit.
2611 4989 2986 5061 Respondetis,
3019 4993 3132 5050 Duo
3158 4995 3252 5050 dii.
3288 4996 3548 5068 Superest

1965 5089 2022 5136 ut
2044 5081 2122 5135 eis
2143 5089 2198 5135 et
2224 5080 2415 5149 templa
2443 5089 2497 5134 et
2523 5079 2663 5134 idola
2687 5080 2908 5136 faciatis.

2032 5171 2172 5226 Max.
2192 5171 2496 5240 respondit:
2522 5171 2812 5242 Religionis
2831 5183 3074 5230 auctores
3097 5191 3366 5247 nunquam
3388 5181 3440 5236 in
3461 5199 3548 5238 cas

1963 5264 2218 5318 lumniam
2239 5270 2534 5318 vertuntur.
2557 5262 2896 5332 Interrogasti
2924 5266 3248 5336 testimonia,
3273 5281 3328 5325 ut
3350 5288 3410 5327 ea
3432 5291 3548 5344 qua:

1961 5355 2234 5428 professus
2262 5371 2379 5410 sum
2410 5356 2727 5410 testimoniis
2755 5355 3034 5412 docerem:
3058 5368 3113 5414 et
3141 5361 3253 5429 ipse
3283 5378 3438 5431 pares
3471 5378 3549 5420 at-

1962 5463 2066 5518 que
2089 5447 2320 5518 aequales
2342 5446 2605 5516 proﬁteris
2627 5456 2755 5513 tres,
2783 5446 2991 5502 Patrem
3019 5459 3072 5504 et
3099 5451 3289 5508 Filium
3311 5464 3365 5510 et
3384 5456 3552 5526 Spiri-

1963 5549 2074 5594 tum
2095 5548 2355 5596 sanctum.
2381 5539 2446 5593 Et
2468 5547 2718 5608 praeterea
2748 5554 2868 5595 cum
2892 5549 2999 5596 tres
3020 5544 3252 5613 aequales
3279 5549 3551 5617 professus

2026 5697 2042 5727 ί
2070 5695 2327 5758 Mss.:0uid
2347 5701 2415 5758 est
2435 5702 2479 5744 et
2503 5693 2637 5758 quia,
2653 5704 2745 5744 etc.

2024 5759 2045 5788 ⁸
2069 5763 2118 5804 ln
2143 5757 2286 5806 editis
2307 5756 2656 5815 additur,'misit
2678 5770 2768 5805 me.
2795 5757 2937 5807 Abest
2959 5771 2986 5807 a
3009 5765 3116 5809 Mss.
3142 5761 3233 5812 hoc
3257 5761 3388 5812 loco:
3410 5767 3548 5815 abest

1962 5820 2024 5869 ab
2043 5821 2158 5882 ipsis
2179 5832 2374 5882 quoque
2406 5819 2548 5882 editis
2571 5821 2618 5867 in
2635 5821 2889 5882 superiore
2911 5820 3032 5870 libro
3046 5857 3060 5881 ,
3084 5832 3249 5874 contra
3270 5833 3550 5878 Sermonem

1963 5879 2256 5948 Arianorum,
2280 5879 2384 5942 cap.
2409 5879 2504 5948 22._
2545 5940 2553 5948 _

2029 5945 2050 5977 ³
2073 5942 2258 6006 Aliquot
2277 5950 2399 6006 Mss,
2427 5942 2643 5995 Trinitas.

2849 6028 3330 6112 (Vingt-trot's.)
