4084 6424
549 531 629 590 sis
675 528 872 584 iterum
901 531 1191 579 conversus
1234 508 1501 586 protulisti
1526 507 1741 580 quidem
1772 503 2136 561 testimonium

554 621 852 680 divinarum
888 613 1300 684 Scripturarum,
1330 619 1440 665 non
1477 601 1544 657 ad
1571 599 1931 670 mqualitatem
1973 595 2140 669 perti-

556 727 714 780 nens,
755 707 850 766 sed
888 705 956 761 ad
996 700 1412 772 singtdaritatem
1442 691 1823 764 omnipotentis
1851 690 1973 760 Dei,
1997 687 2139 761 quod

553 819 692 862 unus
719 803 789 859 sit
815 795 1050 854 omnium
1071 799 1273 847 auctor.
1295 787 1436 859 Ergo
1452 785 1576 856 quia
1602 793 1657 839 et
1681 790 1835 839 aptate
1861 781 2138 854 prtecedis,

557 907 608 954 et
634 893 946 952 auctoritate
970 886 1141 956 major
1159 897 1238 949 es,
1266 881 1463 953 profer,
1497 878 1700 934 instrue
1724 875 1869 947 prius
1895 875 2138 932 testimo-

553 989 677 1054 niis,
719 981 860 1056 quod
901 989 1011 1036 tres
1037 977 1144 1032 sint
1177 973 1431 1045 aequales,
1458 978 1568 1028 tres
1589 967 2001 1039 omnipotentes,
2032 974 2141 1024 tres

555 1079 744 1146 innati,
775 1088 882 1132 tres
923 1070 1235 1131 invisibiles,
1280 1074 1390 1122 tres
1430 1062 1782 1135 incapabiles:
1814 1069 1870 1120 et
1900 1069 2024 1116 tunc
2042 1059 2140 1126 de-

554 1189 702 1231 mum
730 1182 948 1228 necesse
969 1174 1053 1223 est
1081 1160 1392 1218 testimoniis
1419 1165 1477 1212 ut
1499 1155 1918 1225 acquiescamus.
1947 1151 2002 1210 Si
2035 1165 2141 1222 quo

553 1268 730 1323 minus
759 1260 985 1318 reddere
1011 1259 1272 1312 rationem
1302 1251 1369 1308 dc
1397 1248 1590 1306 divinis
1613 1245 1902 1318 Scripturis
1921 1257 2028 1301 non
2052 1256 2145 1298 va-

557 1359 741 1425 lueris,
765 1366 983 1414 necesse
1005 1364 1093 1404 me
1106 1355 1207 1413 est,
1237 1352 1294 1402 ut
1309 1344 1377 1399 ad
1398 1342 1576 1398 omnia
1595 1354 1716 1410 quae
1740 1339 1792 1392 in
1818 1335 2141 1408 precedenti

553 1451 701 1506 dixi:
730 1447 840 1502 sive
867 1442 1010 1499 enim
1037 1440 1247 1495 Patrem
1294 1433 1466 1488 solum
1502 1431 1589 1501 qui
1620 1428 1764 1500 quod
1809 1427 1937 1482 vivit
1973 1441 2003 1486 a
2043 1439 2142 1487 ne-

551 1543 701 1600 mine
728 1537 1017 1608 accipiens,
1063 1532 1176 1588 sive
1219 1527 1410 1584 Filium
1439 1524 1481 1590 ¹,
1526 1521 1668 1594 quod
1695 1535 1814 1581 sum
1845 1517 2141 1591 professus,

555 1636 680 1708 quia
732 1629 873 1703 quod
913 1626 1045 1682 vivit
1087 1638 1119 1678 a
1171 1621 1329 1678 Patre
1375 1615 1611 1687 accepit,
1638 1613 1776 1708 sive
1825 1611 1893 1668 de
1944 1609 2144 1708 Spiritu

553 1699 887 1793 sancto—quae
927 1713 1253 1775 dixizetiam
1294 1717 1492 1781 quanta
1540 1703 1812 1764 desideras
1843 1699 2145 1758 testimonia

558 1818 849 1892 proferam.

634 1910 720 1965 η.
761 1908 898 1964 Ave.
927 1901 1092 1959 dixit:
1119 1897 1231 1967 Ego
1256 1891 1398 1966 quod
1427 1887 1648 1962 quaesivi
1674 1893 1731 1944 ut
1753 1884 1933 1942 dicere
1957 1882 2145 1954 digna-

560 2002 719 2066 reris,
742 2013 848 2053 non
875 1991 1078 2058 dixisti,
1108 2002 1213 2059 quo
1240 1981 1544 2040 testimonio
1564 1979 1818 2051 probares
1846 1974 2147 2046 subjectum

559 2097 773 2155 Christo
800 2087 1057 2160 Spiritum
1103 2087 1346 2140 sanctum
1385 2094 1399 2130 :
1444 2072 1745 2144 respondeo
1772 2078 1949 2126 tamen
1989 2066 2056 2122 ad
2085 2081 2148 2124 ea

553 2204 678 2261 qua:
703 2178 1042 2256 proposuisti.
1081 2174 1172 2230 Sic
1197 2187 1303 2232 non
1339 2168 1566 2227 dicimus
1595 2174 1706 2261 tres
1731 2163 2144 2261 omnipotentes,

560 2252 828 2353 quomodo
853 2287 965 2330 non
989 2268 1216 2326 dicimus
1241 2272 1352 2320 tres
1394 2259 1545 2317 deos.
1572 2256 1630 2314 Si
1668 2255 1809 2313 enim
1836 2253 1902 2310 de
1928 2252 2149 2353 singulis

557 2344 971 2440 interrogemur,
998 2370 1178 2418 utrum
1215 2357 1355 2412 Deus
1396 2352 1468 2408 sit
1508 2351 1696 2415 Pater;
1742 2344 2147 2416 respondemus,

561 2468 736 2522 Deus:
760 2437 936 2516 utrum
985 2455 1128 2510 Deus
1170 2449 1238 2507 sit
1279 2444 1476 2509 Filius;
1515 2439 1926 2512 respondemus,
1971 2437 2146 2496 Deus:

557 2568 743 2616 utrum
767 2554 910 2610 Deus
927 2549 998 2604 sit
1023 2543 1254 2616 Spiritus
1277 2545 1528 2602 sanctus;
1555 2532 1957 2616 respondemus,
1987 2529 2148 2586 Deus.

553 2649 695 2704 Cum
720 2651 901 2700 autem
937 2638 1004 2694 de
1034 2633 1281 2690 omnibus
1316 2625 1629 2696 interrogati
1659 2622 1936 2688 fuerimus,
1969 2628 2150 2678 utrum

561 2746 672 2796 tres
693 2734 828 2797 sint;
857 2728 1136 2786 referimus
1163 2737 1260 2778 nos
1284 2720 1348 2775 ad
1370 2717 1602 2774 divinam
1623 2713 1951 2784 Scriptorum
1971 2709 2154 2766 dicen-

565 2839 696 2894 tem,
726 2823 884 2890 Audi,
915 2817 1114 2881 Israel;
1139 2813 1388 2869 Dominus
1414 2809 1552 2866 Deus
1581 2817 1715 2872 tuus,
1744 2803 1997 2864 Dominus
2020 2819 2152 2859 unus

563 2931 654 2980 est.
687 2921 755 2976 Et
801 2917 855 2972 in
905 2915 928 2946 ³
968 2912 1070 2966 hac
1118 2907 1294 2966 divina
1339 2901 1740 2975 praescriptione
1767 2898 2149 2963 condiscimus,

561 3013 807 3074 eamdem
836 3010 1006 3079 ipsam
1035 3001 1344 3058 Trinitatem
1389 3011 1557 3052 unum
1602 3007 1722 3051 esse
1764 2992 1952 3046 Deum.
1983 2987 2071 3046 Sic
2098 2997 2154 3047 et

562 3109 632 3165 de
655 3102 880 3174 singulis
905 3099 952 3154 si
979 3102 1271 3168 quzeratur,
1301 3100 1476 3145 utrum
1507 3087 1668 3142 Pater
1693 3083 2040 3152 omnipotens
2059 3081 2150 3149 sit;

559 3195 972 3268 respondemus,
1019 3186 1407 3255 Omnipotens:
1441 3179 1486 3236 si
1529 3176 1730 3241 Filius;
1757 3175 1860 3232 hoc
1888 3174 2028 3231 idem
2063 3188 2153 3230 re-

561 3282 991 3362 spondemuszsi
1019 3278 1247 3350 Spiritus
1280 3282 1524 3338 sanctus;
1561 3285 1662 3330 nec
1688 3271 1866 3341 ipsum
1896 3280 2154 3336 negamus

563 3361 1002 3454 omnipotentem.
1022 3373 1134 3429 Nec
1149 3380 1329 3426 tamen
1351 3366 1575 3425 dicimus
1597 3372 1711 3420 tres
1736 3361 2151 3431 omnipotentes,

560 3475 832 3552 quomodo
871 3486 978 3528 non
1005 3468 1231 3525 dicimus
1269 3472 1380 3519 tres
1405 3461 1571 3518 deos:
1603 3457 1703 3516 sed.
1725 3457 1864 3514 sicut
1891 3454 2047 3552 simul
2077 3453 2156 3508 illi

562 3547 674 3630 tres
699 3580 838 3625 unus
866 3566 1032 3630 Deus,
1063 3559 1142 3614 sic
1179 3553 1342 3612 simul
1386 3552 1462 3610 illi
1504 3561 1614 3610 tres
1641 3564 1778 3606 tuus
1816 3547 2155 3616 omnipotens

562 3673 670 3730 est,
699 3669 757 3717 et
778 3653 1060 3714 invisibilis
1077 3665 1215 3706 unus
1236 3648 1378 3703 Deus
1399 3643 1558 3700 Pater
1581 3649 1635 3699 et
1660 3639 1830 3700 Filius
1849 3646 1903 3694 et
1926 3637 2155 3708 Spiritus

563 3760 783 3811 sanctus
810 3756 912 3804 est.
939 3745 1070 3801 Sine
1097 3754 1259 3798 causa
1289 3751 1418 3807 ergo
1447 3742 1604 3804 putas
1631 3743 1984 3790 nosnumero
2005 3743 2156 3784 coar-

563 3843 722 3911 cteri,
747 3855 871 3898 cum
896 3833 1190 3894 divinitatis
1219 3827 1454 3902 potentia
1473 3825 1632 3881 etiam
1655 3822 1917 3878 rationem
1944 3819 2156 3876 numeri

565 3934 811 3993 excedat.
845 3930 904 3987 Si
927 3927 1072 3984 enim
1097 3923 1291 3980 anima:
1315 3919 1604 3976 multorum
1635 3913 1908 3968 hominum
1936 3918 2156 3982 accepto

562 4026 768 4098 Spiritu
793 4030 980 4081 sancto
1019 4025 1076 4074 et
1103 4013 1333 4086 quodam
1374 4007 1532 4065 modo
1555 4004 1798 4062 conﬂata:
1828 4005 1948 4074 igne
1975 4002 2154 4060 chari~

568 4095 694 4178 tatis
721 4130 882 4174 uuam
908 4113 1142 4168 animam
1177 4104 1443 4169 iecerunt,
1473 4099 1542 4156 de
1569 4113 1672 4170 qua
1699 4096 1830 4155 dicit
1857 4095 2152 4166 apostolus,

571 4211 698 4267 Erat
728 4207 861 4264 mitis
902 4203 972 4258 eis
1017 4199 1192 4255 anima
1234 4203 1282 4250 et
1322 4209 1410 4248 cor
1439 4207 1593 4246 unum
1641 4189 1774 4262 (Act.
1805 4205 1878 4256 tv,
1919 4187 2045 4257 52):
2079 4194 2158 4244 tot

565 4303 752 4368 corda,
785 4307 864 4354 tot
903 4295 1066 4352 miliia
1107 4288 1373 4353 sordium,
1429 4299 1595 4342 unum
1637 4297 1732 4345 cor
1773 4281 1902 4340 fecit
1923 4279 2158 4339 cbaritas

568 4399 798 4470 Spiritus
848 4390 1053 4458 sancti;
1079 4395 1160 4445 tet
1184 4385 1354 4444 millia
1379 4383 1678 4440 animarum
1729 4392 1892 4434 unum
1920 4376 2154 4470 animum

567 4467 705 4546 dixit
727 4485 958 4557 Spiritus
980 4486 1216 4543 sanctus,
1245 4489 1403 4547 quam
1419 4473 1534 4544 ipse
1559 4486 1721 4528 unam
1736 4469 1970 4530 animam
1992 4467 2153 4527 iecit:

570 4586 769 4651 quanto
794 4573 964 4646 magis
1002 4585 1103 4628 nos
1127 4583 1290 4627 unum
1321 4566 1489 4623 Deum
1528 4562 1778 4627 dicimus,
1807 4575 2022 4631 semper
2055 4557 2156 4618 sibi

568 4671 799 4728 invicem
825 4675 884 4724 et
908 4659 1333 4735 inseparabiliter
1350 4666 1405 4716 et
1425 4654 1679 4712 ineﬂ‘abili
1700 4651 2158 4710 eharitate-cohat-

567 4771 749 4822 rentes
773 4761 985 4817 Patrem
1007 4764 1066 4814 et
1087 4753 1284 4812 Filium
1307 4757 1371 4806 et
1391 4747 1650 4819 Spiritum
1675 4745 1958 4805 sanctum?

638 4855 782 4912 In.
813 4845 1350 4921 responditzbeper
1390 4841 1496 4900 hoc
1536 4852 1694 4909 pares
1729 4845 1890 4908 atque
1921 4835 2157 4906 sequelae

567 4946 768 5014 dixisti,
795 4943 941 5017 quod
975 4939 1190 5014 quidem
1209 4931 1537 4994 testimoniis
1565 4931 1761 4989 docere
1788 4944 1894 4988 non
1923 4927 2154 4995 valuisti,

485 5016 498 5080 έ
569 5051 624 5099 et
647 5043 718 5097 ob
745 5016 902 5094 istam
927 5049 1041 5092 rem
1071 5031 1139 5088 ad
1167 5030 1328 5086 aliam
1351 5038 1567 5084 causam
1591 5020 2155 5080 diremistiNoseuim

570 5149 680 5191 non
699 5129 1012 5195 difﬁdimus,
1037 5124 1132 5183 sed
1153 5130 1298 5179 certa
1319 5124 1706 5191 cognoscentes
1731 5115 1858 5183 ﬁde,
1879 5114 2022 5186 quod
2042 5122 2159 5170 erat

571 5238 668 5281 cor
691 5231 747 5278 et
773 5219 950 5276 anima
974 5231 1081 5273 una
1102 5212 1342 5274 emm'um
1365 5208 1722 5268 credentium.
1743 5205 1855 5264 Nec
1881 5206 2024 5263 enim
2054 5206 2156 5264 hoc

573 5311 884 5386 prmjndicat
919 5305 1168 5379 religioni
1217 5311 1450 5371 nostrai,
1499 5300 1593 5360 sed
1636 5299 1808 5371 magis
1845 5297 2154 5356 concordat.

570 5406 701 5465 Sine
724 5403 887 5462 dubio
929 5401 1073 5460 enim
1114 5399 1161 5456 si
1193 5397 1432 5456 omnium
1472 5393 1803 5452 credentium
1835 5399 1954 5448 erat
1977 5405 2076 5447 eor
2102 5399 2159 5447 et

571 5498 751 5555 anima
774 5511 900 5564 una,
929 5509 1098 5567 quare
1122 5501 1299 5552 autem
1328 5504 1435 5548 non
1463 5488 1624 5545 Pater
1649 5494 1706 5543 et
1729 5485 1902 5543 Filius
1937 5492 1995 5542 et
2037 5483 2158 5555 Spi-

569 5591 706 5648 ritus
730 5597 947 5645 sanctus
975 5588 1030 5642 in
1056 5598 1346 5652 consensu,
1388 5582 1444 5638 in
1485 5577 1876 5645 convenientia,
1918 5578 1971 5631 in
2029 5578 2154 5632 cha~

570 5685 750 5751 ritate,
799 5681 855 5737 in
896 5678 1274 5745 unanimitate,
1320 5687 1486 5732 unum
1537 5686 1658 5733 esse
1697 5670 1977 5731 dicantur?
2013 5669 2153 5740 Quid

641 5837 992 5899 1Intiss.,tsive

637 5903 658 5933 ³
684 5907 890 5953 veteres
910 5899 1038 5961 libri,
1064 5903 1110 5949 et
1131 5909 1210 5949 ex.

1783 392 1843 448 S.
1882 387 2250 448 AUGUSTINI
2290 389 2594 448 EPISCOPI

3717 394 3834 455 ’116

2253 505 2397 560 enim
2424 505 2550 561 fecit
2570 505 2758 573 Filius,
2789 505 2930 578 quod
2960 521 3066 562 non
3093 505 3292 578 placuit
3317 507 3499 564 Patri?
3529 507 3668 577 Quid
3701 525 3846 581 pras-

2245 597 2387 666 cepit
2433 597 2627 664 Pater,
2683 599 2734 652 in
2783 600 2974 669 quibus
3033 615 3140 656 non
3197 600 3587 670 obtemperavit
3634 601 3843 656 Filius?

2243 686 2468 756 Quando
2495 688 2640 746 enim
2679 687 2909 759 Spiritus
2937 699 3152 746 sanctus
3181 691 3445 747 contraria
3489 691 3706 748 Christo
3748 703 3847 748 aut

2243 779 2390 836 Patri
2411 780 2629 839 tradidit
2653 781 2931 842 mandata?
2957 782 3024 838 Et
3047 793 3256 840 constat
3276 784 3572 840 secundum
3594 784 3845 841 Salvato-

2243 873 2321 928 ris
2363 874 2712 939 sententiam,
2751 875 2892 944 quod
2917 875 3011 943 ait,
3046 874 3160 946 Ego
3196 883 3246 930 et
3282 873 3438 930 Pater
3474 893 3634 932 unum
3662 893 3843 933 autne:

2243 963 2426 1036 (Joan.
2464 981 2499 1022 ι
2521 1006 2537 1033 ,
2560 965 2684 1037 5ὒ);
2713 980 2833 1022 esse
2869 966 2986 1021 illos
3020 967 3072 1020 in
3095 967 3379 1022 concordia
3410 975 3465 1022 et
3497 967 3549 1026 in
3573 981 3845 1024 consensu

2248 1073 2432 1114 unum.
2466 1056 2614 1116 Sicut
2635 1069 2812 1112 autem
2833 1057 2948 1127 ipse
2974 1056 3249 1126 professus
3269 1073 3350 1124 es,
3373 1058 3532 1113 Pater
3553 1058 3713 1114 Pater
3729 1067 3840 1126 est,

2245 1150 2339 1221 qui
2358 1165 2632 1219 nunquam
2658 1149 2757 1204 fuit
2797 1148 3002 1215 Filius;
3041 1148 3210 1204 Filius
3237 1149 3406 1206 Filius
3432 1159 3516 1205 est
3539 1192 3552 1212 ,
3581 1151 3672 1220 qui
3695 1165 3843 1206 sem-

2247 1255 2344 1310 per
2380 1241 2545 1295 Filius
2591 1251 2811 1306 manet;
2853 1249 2908 1296 et
2943 1241 3174 1310 Spiritus
3207 1250 3418 1295 sanctus
3460 1241 3688 1310 Spiritus
3713 1257 3842 1297 san-

2241 1340 2366 1392 ctus
2387 1340 2510 1401 est,
2555 1331 2700 1402 quod
2725 1340 2810 1388 est
2846 1340 2902 1392 et
2941 1331 3086 1402 quod
3125 1331 3371 1402 legimus,
3417 1332 3734 1403 proﬁtemur
3771 1332 3868 1393 de.

2243 1423 2448 1496 Spiritu
2475 1433 2681 1490 sancto,
2715 1425 2768 1479 in
2795 1424 2936 1484 hunc
2953 1412 3222 1494 Spiritum
3243 1432 3510 1492 sanetum,
3542 1424 3633 1494 qui
3654 1433 3845 1484 tantus

2242 1531 2314 1573 ac
2349 1517 2468 1576 talis
2497 1524 2618 1582 est,
2662 1524 2723 1572 ut
2766 1517 2928 1572 etiam
2966 1515 3158 1586 Angeli
3199 1515 3302 1586 ipsi
3343 1516 3728 1585 concupiscant
3781 1517 3842 1574 in

2241 1623 2372 1668 eum
2410 1609 2721 1680 prospicere
2743 1608 2788 1680 (1
2816 1607 2962 1663 Petr.
3003 1623 3022 1662 ι
3042 1649 3057 1674 ,
3099 1607 3209 1678 12).
3255 1607 3461 1664 Tantus
3484 1616 3568 1662 est
3591 1607 3695 1664 iste
3720 1607 3846 1676 Spi-

2244 1700 2384 1760 ritus
2412 1708 2650 1765 sanctus,
2684 1707 2744 1756 ut
2781 1697 3012 1756 sufﬁciat
3049 1697 3243 1767 ubique
3265 1699 3506 1757 omnium
3535 1696 3846 1766 postumo-

2247 1807 2348 1856 nes
2381 1791 2657 1861 suscipere
2677 1833 2692 1858 ,
2734 1798 2789 1846 et
2827 1789 3178 1850 advocathe
3217 1789 3361 1860 fungi
3389 1789 3428 1846 ³,
3461 1787 3530 1846 Et
3557 1788 3608 1843 iu
3633 1787 3741 1846 hoc
3765 1795 3846 1844 teu-

2247 1892 2391 1946 atem
2413 1884 2625 1956 profero
2654 1881 2870 1944 beatum
2893 1880 3142 1948 Paulum,
3172 1880 3262 1950 qui
3289 1880 3384 1944 ait,
3417 1877 3558 1932 Nam
3580 1879 3706 1949 quid
3729 1894 3847 1934 ore—

2246 1994 2382 2046 mus,
2412 1977 2544 2032 sicut
2571 1984 2783 2047 Oportet,
2811 1976 3057 2030 nescium
3079 1991 3098 2040 ;
3124 1973 3212 2029 sed
3235 1975 3342 2044 ipse
3365 1972 3596 2044 Spiritus
3617 1971 3847 2044 postulat

2252 2089 2347 2145 pro
2391 2072 2534 2127 nobis
2577 2070 2843 2142 gemitibus
2887 2066 3306 2126 inenarrabilith
3347 2064 3523 2139 (Rom.
3553 2081 3678 2132 vni,
3721 2064 3844 2136 26).

2252 2163 2404 2232 Quod
2433 2163 2556 2234 lego
2579 2161 2765 2229 credo,
2787 2162 2910 2232 quia
2933 2160 3196 2232 gentilibus
3221 2157 3646 2218 inenarrabitibus
3663 2168 3850 2228 postu—

2255 2255 2330 2310 lat
2357 2255 2583 2326 Spiritus
2613 2262 2837 2308 sanctus.
2865 2251 2934 2310 Et
2970 2251 3092 2306 ideo
3119 2251 3226 2306 isto
3253 2249 3497 2308 eruditus
3535 2250 3852 2320 magisterio

2253 2348 2307 2402 in
2332 2355 2535 2402 tantum
2562 2345 2683 2400 dico
2719 2345 3015 2415 subjectum
3043 2357 3164 2400 esse
3189 2343 3449 2412 Spiritum
3477 2352 3713 2399 sanctum
3734 2384 3750 2408 ,
3779 2351 3852 2400 ut

2249 2438 2540 2511 gemitibus
2568 2437 2801 2509 postulet
2828 2451 2926 2506 pro
2955 2435 3130 2494 nobis.
3171 2434 3349 2492 Unum
3377 2435 3851 2510 autemproiiteor

2252 2533 2427 2591 Deum
2449 2573 2467 2600 ,
2505 2546 2612 2590 non
2635 2539 2698 2586 ut
2727 2539 2838 2586 tres
2863 2543 3001 2584 unus
3025 2529 3132 2599 sit;
3159 2527 3258 2584 sed
3281 2542 3422 2590 unus
3452 2527 3596 2588 Deus
3623 2536 3738 2595 eet,
3763 2529 3852 2586 inv-

2256 2625 2656 2697 comparabilis,
2683 2623 2999 2688 immensus,
3027 2619 3300 2688 infinitus,
3332 2621 3569 2687 innatus,
3597 2619 3852 2677 invisibi:

2255 2719 2342 2786 iis,
2381 2734 2544 2790 quem
2572 2725 2629 2773 et
2651 2716 2816 2772 Filius
2840 2716 2954 2785 ipse
2980 2723 3034 2770 et
3057 2714 3229 2772 oravit
3255 2723 3313 2772 et
3336 2723 3492 2780 orat,
3518 2713 3660 2784 apud
3688 2728 3852 2784 quem

2255 2825 2312 2872 et
2347 2813 2577 2885 Spiritus
2619 2819 2836 2867 sanctus
2877 2808 3225 2865 advocatione
3263 2807 3519 2877 iungitur.
3549 2806 3683 2867 Nam
3721 2807 3852 2877 quia

2251 2915 2374 2961 erat
2399 2904 2567 2962 Filius
2586 2902 2799 2960 Patrem
2824 2916 2840 2968 ;
2871 2901 3114 2971 quamvis
3139 2899 3281 2956 enim
3306 2899 3527 2960 soleatis
3547 2898 3730 2954 omnia
3759 2899 3852 2955 illa

2260 2996 2562 3052 testimonia
2592 3009 2712 3065 quae
2738 2994 2792 3048 in
2818 3000 3006 3048 sancto
3034 2992 3258 3063 legimus
3284 2990 3594 3061 Evangelio,
3633 2989 3852 3059 corpori

2257 3089 2562 3160 applicare;
2597 3094 2834 3142 attamen
2871 3093 3116 3142 nostr-tim
3149 3091 3239 3140 est
3278 3082 3628 3154 perscrutatis
3651 3081 3853 3140 divinis

2251 3182 2548 3252 Scripturis
2572 3179 2858 3238 ostendere
2876 3221 2891 3247 ,
2933 3178 3055 3250 quia
3081 3187 3137 3234 et
3163 3191 3306 3234 nunc
3343 3175 3538 3234 sedens
3561 3175 3632 3232 ad
3659 3176 3853 3231 deste-

2254 3288 2374 3332 ram
2413 3271 2589 3328 Patris
2626 3269 2934 3341 interpellat
2962 3284 3060 3340 pro
3092 3269 3266 3327 nobis.
3303 3267 3382 3326 Ea
3419 3268 3566 3324 enim
3591 3267 3662 3324 de
3686 3282 3853 3324 musa

2259 3364 2390 3431 dixi,
2431 3371 2487 3420 et
2523 3362 2696 3418 oravit
2726 3370 2783 3418 et
2824 3369 2968 3427 orat;
3002 3359 3127 3431 quia
3165 3373 3308 3414 nunc
3335 3359 3516 3429 utique
3536 3358 3853 3428 interpellat

2255 3470 2358 3527 pro
2384 3454 2540 3511 nobis
2563 3495 2578 3520 ,
2607 3454 2748 3511 sicut
2771 3452 2848 3508 ait
2871 3451 3158 3523 Apostolus
3185 3468 3198 3506 :
3229 3451 3355 3517 Quis
3378 3451 3631 3510 amabit
3663 3450 3854 3506 aduer-

2258 3563 2346 3603 sus
2385 3547 2566 3602 electos
2592 3544 2735 3600 Dei?
2760 3544 2898 3601 Deus
2931 3543 3019 3616 qui
3043 3531 3338 3614 justiﬁcat?
3363 3542 3492 3608 Quis
3517 3551 3586 3598 est
3613 3543 3698 3613 qui
3723 3559 3856 3598 cun-

2257 3640 2455 3695 damnet
2470 3640 2497 3696 ἵ
2521 3636 2754 3695 Christus
2773 3637 2862 3708 qui
2887 3645 3114 3692 utortuus
3140 3645 3232 3702 est,
3260 3637 3363 3691 imo
3389 3641 3553 3707 magis
3582 3636 3668 3706 qui
3694 3644 3741 3690 et
3766 3651 3853 3690 re-

2257 3730 2499 3796 surrexit,
2529 3729 2616 3801 qui
2639 3737 2686 3784 et
2711 3738 2787 3785 est
2809 3728 2864 3783 in
2888 3727 3094 3783 dextera
3118 3725 3234 3791 Dei,
3257 3727 3344 3798 qui
3367 3736 3417 3783 et
3445 3725 3731 3797 interpellat
3760 3741 3852 3796 pro

2259 3821 2404 3878 nobis
2433 3819 2621 3895 (Ibid,
2655 3820 2755 3888 53,
2779 3818 2912 3889 ειη
2953 3817 3130 3888 Eque
3153 3833 3278 3874 cum
3319 3817 3604 3886 discipulis
3649 3817 3853 3885 positam

2259 3915 2527 3982 Christus,
2565 3914 2644 3969 sic
2671 3927 2730 3968 se
2754 3921 3059 3984 rogaturum
3087 3911 3354 3981 promisit,
3380 3910 3566 3965 dicens
3592 3928 3606 3964 :
3636 3910 3697 3965 Si
3725 3909 3852 3964 diti-

2255 4009 2376 4080 gieis
2398 4023 2507 4074 me,
2535 4005 2777 4064 madida
2806 4021 2917 4062 utea
2942 4012 3164 4068 servate;
3193 4012 3241 4057 et
3265 4019 3356 4074 ego
3383 4001 3572 4072 rogabo
3601 4000 3811 4058 Patrem
3831 4040 3850 4068 ,

2259 4108 2309 4155 et
2337 4097 2494 4152 alium
2524 4096 2820 4151 advocatum
2849 4095 2986 4148 dabit
3004 4094 3160 4159 vobis,
3185 4094 3514 4149 “uobiscum
3536 4093 3601 4148 ait
3625 4094 3683 4150 in
3708 4101 3855 4147 αω-

2260 4206 2400 4256 uatm,
2434 4189 2686 4259 Spiritum
2710 4187 2952 4254 unitatis,
2972 4202 3123 4258 quem
3141 4186 3225 4242 bic
3249 4185 3471 4242 munda
3501 4186 3730 4256 accipere
3751 4201 3855 4239 non

2260 4288 2438 4352 potest,
2463 4279 2708 4350 quoniam
2725 4295 2828 4334 non
2851 4276 2983 4333 uidet
3012 4294 3150 4345 eam,
3179 4293 3271 4333 nec
3297 4277 3435 4332 norit
3458 4292 3572 4331 sunt
3598 4291 3620 4332 .°
3645 4291 3733 4332 uos
3757 4291 3856 4329 αι-

2258 4380 2362 4428 tem
2384 4370 2577 4444 uidistis
2604 4386 2753 4438 eum,
2777 4377 2831 4426 et
2867 4370 3166 4441 cognoscitis
3196 4370 3218 4402 ³
3237 4385 3356 4430 euut
3379 4410 3398 4437 ,
3432 4369 3550 4439 quia
3583 4368 3727 4439 apud
3766 4383 3857 4424 vos

2261 4472 2450 4530 manet,
2476 4471 2525 4520 et
2546 4463 2602 4518 in
2625 4462 2861 4520 vobisut
2885 4459 3061 4534 (Ιιοαη.
3091 4477 3212 4529 xw,
3249 4461 3463 4532 15-17).
3496 4460 3559 4517 Si
3579 4458 3857 4516 sufﬁciunt

2262 4553 2411 4621 btec,
2439 4554 2578 4609 bene
2600 4562 2686 4610 est
2711 4570 2726 4608 :
2754 4554 2800 4609 si
2830 4552 3114 4624 quominus
3140 4551 3162 4584 ³
3180 4593 3197 4620 ,
3236 4551 3429 4608 addam
3465 4559 3664 4622 quanta
3696 4550 3854 4622 jubet

2262 4645 2589 4702 testimonia.

2333 4740 2421 4796 15.
2455 4741 2589 4798 Acs.
2614 4737 2747 4794 dixit
2779 4755 2793 4792 :
2822 4736 2903 4799 Ea
2924 4752 3044 4809 qua:
3065 4751 3163 4794 nos
3187 4735 3525 4803 conﬁtemur,
3548 4733 3709 4792 nobis
3728 4749 3851 4807 pro-

2261 4830 2390 4888 bare
2428 4846 2535 4884 non
2565 4828 2748 4886 debes.
2771 4827 2883 4884 Hoc
2919 4827 3362 4895 enimiaciendo,
3390 4827 3526 4883 nihil
3556 4826 3724 4893 aliud,
3754 4826 3856 4885 sic-

2261 4928 2320 4975 ut
2346 4919 2592 4990 superius
2636 4919 2767 4986 dixi,
2792 4933 2949 4988 quam
2974 4919 3338 4978 necessarium
3362 4927 3573 4990 tempus
3587 4917 3850 4976 absumis.

2261 5010 2472 5068 Scimus
2500 5009 2690 5066 Filium
2712 5010 2804 5070 Dei
2828 5009 3021 5070 Filium
3047 5024 3165 5066 esse
3196 5009 3288 5067 Dei
3319 5028 3334 5066 :
3363 5009 3564 5069 scimus
3589 5023 3622 5064 a
3647 5022 3710 5063 se
3738 5008 3855 5080 ipso

2260 5118 2368 5160 non
2410 5118 2550 5168 esse,
2593 5101 2688 5157 sed
2729 5102 2969 5174 genitum
3011 5116 3132 5162 esse
3173 5116 3205 5158 a
3244 5102 3422 5157 Patre.
3465 5101 3680 5158 Patrem
3729 5114 3855 5158 vero

2261 5202 2437 5274 ipsum
2464 5198 2755 5278 ingenitum
2781 5212 2922 5266 esse,
2945 5212 2976 5252 e
3001 5197 3146 5256 nullo
3166 5211 3306 5262 esse,
3335 5211 3365 5252 a
3396 5196 3541 5256 nullo
3565 5196 3732 5254 vitam
3759 5181 3854 5251 ac.

2261 5293 2508 5364 cepisse:
2538 5289 2731 5351 Filium
2770 5303 2898 5346 vero
2935 5303 2965 5343 a
3005 5283 3162 5346 Patre
3199 5288 3474 5359 accepisse
3510 5287 3677 5342 vitam
3701 5327 3718 5353 ,
3759 5284 3854 5340 sed

2261 5401 2372 5444 non
2398 5384 2472 5440 ita
2499 5392 2749 5455 tanquam
2779 5381 2939 5442 tuerit
2965 5380 3248 5454 aliquando
3287 5379 3405 5437 sine
3437 5380 3574 5445 vita,
3605 5387 3666 5436 ut
3703 5377 3852 5433 acci-

2261 5486 2413 5550 peret
2438 5475 2624 5532 vitam.
2652 5472 2809 5531 Dedit
2839 5473 2983 5534 enim
3021 5471 3072 5533 ei
3109 5471 3272 5532 vitam
3297 5512 3313 5538 ,
3348 5468 3618 5544 gignendo
3640 5469 3807 5524 vitam
3833 5483 3850 5521 :

2323 5635 2344 5666 ¹
2365 5640 2419 5684 tn
2438 5630 3232 5696 lss.,etaduocationemftmgere.
3263 5634 3481 5692 itemque
3504 5625 3645 5687 infra,
3679 5631 3727 5676 et
3748 5623 3851 5688 Spi—

2258 5695 2382 5750 ritus
2403 5692 2969 5762 adwcatt'ancm
2985 5692 3154 5762 magi.

2323 5762 2345 5793 ³
2366 5758 2470 5809 Sola
2495 5759 2642 5809 editio
2667 5763 2797 5816 Lov.,

2265 5823 2468 5936 δαῖεΑᾶ
2493 5827 2567 5874 Er.
2588 5827 2640 5874 et
2654 5811 2853 5871 mssast
2872 5811 3111 5884 sufﬁciunt
3131 5814 3155 5868 ?
3173 5813 3218 5870 si
3237 5824 3329 5881 quo
3349 5826 3479 5879 non;
3503 5814 3711 5876 omissis,
3727 5811 3847 5876 lucc,
