4084 6440
253 402 376 462 717·

251 515 522 592 gignendo
549 527 668 570 eum
695 511 879 574 vitam,
897 509 1042 566 dedit
1067 511 1116 564 ei
1145 509 1324 563 vitam.
1341 503 1720 576 Equalitatem
1744 513 1838 554 au-

255 621 362 666 tem
391 606 628 662 ostendit
651 605 880 660 dicendo
911 623 923 658 :
957 604 1098 658 Sicut
1125 603 1270 656 habet
1299 599 1456 656 Pater
1484 598 1636 652 vitam
1670 599 1723 650 in
1761 611 1839 650 se-

253 707 367 760 ηιαὲ
377 719 486 768 nso,
499 702 572 756 sic
584 701 721 756 dcuit
741 717 784 756 et
807 698 944 754 Fiiio
955 698 1000 751 si
1005 708 1108 752 tam
1125 695 1306 756 habere
1315 692 1644 768 iniserttctipso
1657 688 1836 768 (Joan.

249 795 306 846 v,
353 775 472 846 26).
517 775 690 830 Vitam
735 775 786 826 in
837 771 1124 842 semetipso
1170 767 1332 824 habet
1361 767 1547 832 Pater;
1584 767 1844 836 aequalem

249 873 370 928 vita:
399 869 576 924 Patris
616 869 776 924 vitam
807 865 860 922 in
891 881 952 924 se
978 865 1136 924 habet
1164 865 1330 924 Filius
1362 881 1376 918 :
1404 863 1499 920 sed
1543 871 1717 918 tamen
1749 861 1842 917 Fi-

251 962 351 1020 lius
381 978 410 1018 a
443 978 502 1020 se
529 963 646 1036 ipso
690 961 853 1018 vitam
885 975 988 1016 non
1025 959 1254 1028 accepit,
1286 955 1406 1028 quia
1443 972 1546 1010 non
1574 972 1604 1011 a
1643 971 1702 1011 se
1727 957 1846 1028 ipso

251 1065 408 1112 natus
439 1064 542 1120 est,
576 1069 607 1110 a
637 1054 795 1116 Patre
837 1061 994 1112 natus
1042 1061 1143 1108 est.
1190 1047 1467 1122 Gigneudo
1518 1049 1684 1116 dedit,
1739 1065 1846 1106 non

252 1150 374 1226 quia
401 1151 512 1220 jam
545 1157 660 1204 erat
685 1147 849 1206 Filius
877 1148 992 1206 sine
1019 1147 1148 1214 vita,
1177 1153 1231 1204 et
1255 1145 1402 1200 dedit
1426 1145 1474 1208 ei
1502 1145 1686 1214 vitam,
1710 1160 1844 1216 quo-

255 1241 416 1302 modo
446 1257 546 1296 nos
571 1251 880 1312 peccatores
908 1239 1034 1296 facti
1063 1253 1248 1298 sumus
1276 1237 1390 1294 sine
1418 1238 1544 1301 vita,
1573 1247 1630 1292 et
1647 1253 1746 1308 per
1765 1238 1846 1292 in-

257 1335 582 1406 dulgentiam
631 1342 684 1390 et
726 1333 952 1406 gratiam
997 1335 1300 1402 accepimus
1331 1333 1643 1394 vitamzillc
1683 1334 1846 1392 vitam

257 1428 464 1498 accepit
491 1440 523 1482 a
553 1427 730 1492 Patre,
763 1426 884 1494 quia
933 1425 1036 1486 vita
1065 1435 1225 1484 natus
1254 1433 1338 1480 est
1377 1440 1408 1482 a
1437 1426 1613 1482 Patre.
1647 1427 1726 1480 Ac
1754 1441 1850 1498 per

259 1519 360 1586 hoc
389 1528 448 1584 tu
477 1535 588 1578 non
611 1518 826 1588 potuisti
857 1517 1036 1574 dicere
1071 1516 1374 1586 subjectum
1417 1531 1534 1574 esse
1561 1517 1698 1574 Filio
1725 1516 1848 1587 Spi-

257 1611 420 1668 ritum
465 1619 730 1678 sanctum,
785 1609 886 1664 nisi
929 1609 1052 1682 quia
1089 1609 1380 1680 gemitibus
1407 1610 1710 1680 interpellat
1753 1625 1850 1680 pro

257 1703 436 1760 nobis.
491 1703 710 1762 Videtur
753 1703 898 1760 enim
927 1702 1022 1758 tibi
1051 1703 1138 1758 illa
1169 1702 1427 1772 perfectio
1469 1703 1766 1758 sanctitatis
1793 1701 1851 1758 in

257 1796 550 1868 gemitibus
573 1810 784 1866 semper
809 1809 946 1860 esse,
977 1810 1078 1858 nec
1113 1795 1379 1866 respirare
1421 1810 1452 1850 a
1491 1795 1776 1866 gemenda.
1805 1795 1851 1854 Ο

257 1899 464 1948 eterna
491 1887 736 1946 miseria!
761 1887 1004 1958 Intelligo
1023 1887 1368 1955 locutionem,
1390 1895 1444 1943 et
1463 1888 1852 1960 blaSpbemiam

257 1980 544 2040 devitabis.
573 1979 663 2038 Sic
689 1981 832 2044 enim
858 1980 1058 2038 dictum
1081 1989 1188 2048 est,
1221 1979 1497 2040 Gemitibtts
1523 1982 1854 2054 interpellat;

259 2085 318 2130 ut
347 2075 798 2144 intelligeremus,
830 2073 1130 2134 Gentilibus
1173 2073 1516 2144 interpellare
1557 2091 1658 2132 nos
1703 2075 1852 2132 facit.

261 2166 432 2222 Adest
457 2167 598 2222 enim
643 2166 820 2232 nobis,
875 2173 928 2220 et
971 2165 1300 2222 infundendo
1327 2167 1642 2222 charitatem
1671 2167 1852 2238 nobis,

263 2259 390 2322 iacit
425 2275 526 2316 nos
555 2259 896 2330 interpellare
945 2259 1252 2330 gemitibus.
1295 2259 1538 2330 Denique
1581 2259 1689 2314 alio
1734 2260 1854 2316 loco

261 2369 382 2409 cum
407 2353 542 2416 dicit
559 2352 866 2421 Apostolus,
891 2349 1224 2416 Clementem,
1256 2350 1417 2418 Abba,
1453 2348 1614 2404 Pater
1653 2349 1852 2421 (.Galat.

261 2465 340 2510 tv.
365 2448 458 2518 6);
487 2448 598 2504 alio
629 2448 748 2504 loco
788 2446 933 2512 dicit,
977 2445 1046 2502 In
1071 2463 1171 2518 quo
1199 2447 1500 2514 clamamus,
1547 2445 1708 2514 Abba,
1741 2446 1854 2502 Pa-

259 2551 338 2598 ter
391 2539 572 2610 (Rom.
617 2555 731 2606 vin,
775 2539 900 2608 l5):
931 2540 1186 2610 exposuit
1214 2537 1340 2608 quid
1381 2537 1472 2608 sit,
1515 2537 1854 2610 Clamntent,

261 2632 426 2702 Abba,
457 2634 646 2700 Pater;
669 2633 917 2702 dicendo,
945 2631 1014 2688 In
1039 2650 1136 2702 qna
1161 2631 1460 2690 clamamus.
1503 2633 1581 2688 Ac
1621 2647 1716 2702 per
1750 2630 1857 2690 hoc

261 2730 394 2799 quid
441 2738 544 2794 est,
585 2719 922 2792 Chunantem,
973 2727 1098 2793 nisi,
1150 2727 1383 2782 clamare
1427 2727 1708 2784 facientem
1723 2725 1856 2799 tDo

269 2797 578 2878 exemplum
603 2804 888 2866 locutionis
913 2803 1088 2872 huius.
1119 2801 1307 2858 Nonne
1335 2801 1474 2854 Deus
1503 2808 1583 2852 est
1613 2797 1852 2852 omnium

269 2897 532 2972 pratscius
559 2894 896 2956 hiturorum?
919 2894 1048 2964 Quis
1079 2893 1179 2946 hoc
1211 2891 1424 2962 negabit
1465 2887 1719 2944 insanus?
1753 2885 1856 2942 Ta-

267 3006 400 3050 men
429 2991 506 3052 ait
533 2989 820 3059 Apostolus
839 3028 856 3052 ,
890 2985 1044 3038 Nunc
1074 2993 1242 3044 autem
1267 2989 1616 3052 cognoscentes
1645 2977 1810 3030 Deum
1834 3015 1851 3044 ,

269 3084 372 3140 into
399 3083 588 3156 cogniti
613 3099 646 3136 ιι
671 3080 776 3134 Deo
806 3078 1000 3152 (Calai.
1023 3094 1096 3144 ιν,
1123 3076 1202 3146 9).
1231 3075 1282 3134 Si
1323 3089 1460 3128 nunc
1489 3087 1586 3128 eos
1609 3069 1859 3141 cognovit

269 3177 438 3244 Deus,
467 3191 578 3234 non
605 3190 700 3234 eos
725 3180 982 3242 noverat,
1007 3185 1112 3226 non
1140 3169 1404 3240 elegerat,
1433 3179 1540 3222 non
1577 3161 1858 3235 praedesti-

267 3277 496 3326 naverat
535 3277 658 3332 ante
697 3265 880 3328 mundi
921 3261 1381 3318 constitutionem.
1425 3258 1528 3313 Sed
1568 3258 1643 3312 sic
1681 3257 1857 3322 dixit,

273 3359 434 3416 Nam:
457 3367 623 3412 autem
649 3363 1000 3428 cognoscentes
1029 3351 1210 3416 Deum,
1241 3351 1342 3404 imo
1367 3347 1554 3420 cogniti
1578 3364 1610 3400 a
1637 3346 1779 3412 Deo;
1806 3352 1863 3399 ut

273 3454 638 3523 intelligerent
677 3451 842 3505 Deum
883 3446 1078 3504 fecisse
1107 3447 1162 3500 in
1191 3444 1268 3500 eis
1297 3443 1652 3512 cognitionem
1686 3454 1860 3494 suam.

277 3546 646 3617 Cognoscentes
691 3542 874 3596 Deum.
920 3539 1056 3606 Quid
1099 3547 1198 3604 est,
1249 3536 1610 3608 Cognoscentes
1653 3531 1863 3586 Deum?

277 3638 452 3696 Nolite
479 3637 630 3692 vobis
653 3649 934 3706 arrogare,
975 3633 1142 3688 nolite
1181 3629 1456 3702 superbire
1482 3647 1494 3682 :
1527 3627 1723 3698 Cogniti
1748 3626 1864 3682 estis

279 3747 312 3786 α
337 3730 470 3786 Deo.
501 3727 634 3796 Quid
665 3734 768 3792 est,
793 3725 980 3796 cogniti
1007 3725 1124 3780 estis
1152 3739 1184 3776 a
1211 3721 1365 3778 Deo?
1394 3720 1708 3791 Cognitores
1737 3733 1864 3776 suos

277 3821 422 3878 Deus
447 3834 546 3874 vos
567 3817 694 3874 fecit
723 3836 738 3874 :
767 3818 908 3872 Deus
931 3815 1082 3872 vobis
1101 3813 1248 3874 dedit
1267 3821 1326 3869 ut
1343 3811 1696 3884 cognoscatis.
1721 3810 1868 3878 Quo-

276 3912 440 3970 modo
460 3923 543 3968 est
561 3921 616 3966 et
633 3909 765 3966 illud
787 3907 996 3964 Domini
1023 3925 1036 3960 :
1065 3905 1220 3962 Nunc
1238 3905 1467 3978 cognovi,
1489 3903 1619 3966 dicit
1636 3901 1866 3960 Abrabze

281 4003 576 4070 horninus,
627 3999 782 4062 Nunc
823 4000 1032 4070 cognovi
1075 3998 1313 4069 quoniam
1357 3999 1536 4052 timeas
1587 3994 1866 4054 Dominum

279 4094 436 4168 (Gen.
465 4110 574 4149 xxu
595 4135 614 4162 ,
642 4093 756 4162 12).
784 4091 1009 4160 Quando
1033 4091 1211 4150 attulit
1235 4090 1402 4150 tilium
1429 4104 1586 4146 suum
1611 4089 1678 4144 ad
1707 4087 1866 4144 holo-

279 4197 526 4244 caustum
551 4185 842 4252 Abraham,
873 4184 1000 4240 dicit
1028 4185 1078 4240 ei
1101 4184 1278 4250 Deus,
1312 4181 1467 4238 Nunc
1490 4182 1718 4254 cognovi.
1748 4181 1868 4250 Ipsa

279 4288 366 4336 est
391 4286 504 4334 tota
529 4278 622 4334 Dei
643 4277 1017 4348 praiseieutia?
1038 4285 1166 4334 tunc
1187 4276 1452 4348 cognovit,
1479 4274 1692 4346 quando
1713 4273 1864 4340 dixit,

285 4371 440 4428 Nunc
477 4371 733 4442 cognovi?
759 4370 862 4428 Sed
889 4370 1016 4441 quid
1041 4378 1124 4426 est
1141 4411 1158 4438 ,
1209 4368 1362 4424 Nunc
1387 4367 1638 4440 cognovi?
1663 4367 1723 4424 ld
1749 4374 1832 4422 est
1849 4406 1868 4434 ,

281 4464 440 4522 Nunc
465 4478 792 4534 cognoscere
813 4471 866 4519 te
889 4461 1014 4526 feci.
1043 4459 1100 4518 Si
1127 4476 1254 4534 ergo
1283 4464 1380 4518 has
1403 4462 1700 4520 locutiones
1727 4460 1868 4516 sicut

279 4555 462 4618 Libris
485 4554 686 4618 divinis
719 4553 962 4612 eruditus
985 4567 1322 4624 agnosceres,
1355 4552 1422 4608 de
1449 4552 1734 4622 gemitibus
1761 4551 1870 4606 illis

283 4645 484 4717 quibus
497 4645 696 4708 dictum
719 4653 800 4702 est
816 4643 1102 4714 gemitibus
1119 4643 1458 4714 interpellare
1473 4643 1726 4714 Spiritum
1747 4657 1870 4700 san-

279 4745 454 4804 ctum,
475 4753 582 4794 non
607 4752 730 4802 eum
756 4735 959 4794 faceres
978 4737 1253 4800 miserum.
1281 4735 1416 4804 Quid
1439 4735 1582 4796 enim
1601 4744 1684 4792 est
1701 4734 1867 4802 aliud,

285 4842 503 4900 semper
529 4843 752 4898 gemens
773 4868 790 4894 ,
821 4842 978 4898 quam
1007 4841 1220 4898 semper
1253 4826 1451 4882 miser?
1481 4826 1605 4882 Ideo
1641 4841 1742 4890 nos
1773 4841 1870 4898 ge-

287 4923 506 4988 mimus,
529 4921 652 4996 quia
679 4921 856 4980 miseri
889 4935 1090 4976 sumus.
1119 4921 1189 4976 Et
1207 4921 1408 4990 gratias
1425 4919 1644 4989 Spiritui
1663 4929 1867 4988 sancto,

290 5013 414 5084 quia
445 5011 706 5074 cbaritate
737 5011 924 5066 aeterni
949 5010 1135 5070 saeculi
1175 5009 1300 5066 facit
1328 5025 1426 5066 nos
1451 5025 1700 5080 gemere,
1743 4999 1871 5080 pro-

288 5114 410 5176 pter
431 5103 580 5174 quod
610 5103 784 5158 dictus
812 5109 896 5156 est
916 5116 1154 5176 gemens.
1177 5100 1328 5158 Facit
1359 5115 1460 5158 nos
1495 5101 1724 5156 clamare
1749 5115 1872 5170 pro-

287 5210 413 5274 pter
439 5199 584 5272 qupd
607 5199 783 5256 dictus
821 5207 905 5254 est
933 5199 1187 5256 clamans.
1227 5195 1380 5252 Facit
1419 5210 1518 5250 nos
1545 5209 1868 5264 cognoscere

289 5293 460 5350 Deum
479 5333 494 5360 ,
536 5301 756 5362 propter
780 5289 922 5362 quod
947 5289 1144 5346 dictum
1169 5295 1254 5342 est
1275 5327 1292 5354 ,
1322 5283 1438 5340 Ima
1469 5287 1655 5356 cogniti
1681 5302 1714 5340 a
1743 5285 1867 5342 Deo.

289 5383 444 5440 Facit
471 5383 744 5444 Abraham
769 5384 910 5440 Deus
935 5389 1366 5454 cognoscentem,
1399 5388 1618 5450 propter
1642 5378 1784 5450 quod
1815 5378 1872 5434 ei

289 5477 456 5544 dixit,
483 5475 638 5532 Nunc
659 5475 886 5546 cognoui.

361 5569 506 5624 Max.
551 5567 828 5638 respondit
869 5582 886 5622 :
923 5565 980 5628 In
1021 5565 1212 5636 quibus
1257 5579 1358 5620 nos
1401 5562 1768 5634 reprehendis,
1811 5562 1872 5618 in

293 5661 426 5730 ipsis
455 5662 568 5732 ipse
593 5659 877 5730 detegcris.
911 5657 1126 5720 Certum
1147 5665 1232 5712 est
1257 5656 1398 5716 enim
1429 5696 1444 5720 ,
1488 5665 1538 5708 ct
1569 5655 1742 5716 divina
1772 5668 1870 5708 nos

293 5761 478 5808 monet
505 5753 800 5822 Scriptura,
839 5751 980 5822 quod
1019 5766 1082 5804 ex
1119 5751 1454 5822 multiloquio
1497 5763 1604 5804 non
1649 5746 1868 5818 eiiugics

295 5853 606 5920 peccatum;
633 5861 858 5920 parcens
886 5853 1059 5904 autem
1087 5844 1270 5916 labiis,
1301 5844 1515 5918 sapiens
1551 5843 1656 5901 eris
1685 5841 1864 5916 (Prov.

1013 393 1351 452 COLLATIO
1388 387 1528 446 CUM
1563 378 1900 444 MAXIMINO
1937 380 2343 442 ARIANORUM
2381 381 2728 443 EPISCOPO.

1941 511 2006 564 x,
2041 497 2150 568 19).
2179 498 2428 564 Quamvis
2455 499 2612 552 etiam
2653 500 2752 554 etsi
2788 515 2884 571 per
2917 509 3086 562 totum
3125 505 3267 570 diem
3295 511 3519 586 quisque

1940 588 2008 644 de
2035 587 2226 644 divinis
2251 588 2536 660 Scripturis
2565 590 2796 661 proferat
2824 597 3144 666 testimonia,
3177 616 3282 656 non
3315 603 3366 658 in
3395 621 3521 660 ver-

1939 679 2165 736 bositate
2187 680 2264 736 illi
2289 682 2628 752 imputabitur
2646 699 2828 740 revera
2860 687 2876 718 ί
2908 705 2919 740 :
2954 689 3096 760 quod
3126 691 3170 746 si
3200 700 3292 748 aut
3315 693 3521 751 littera-

1941 773 2018 826 ria
2048 783 2162 828 arte
2191 790 2316 830 usus
2335 815 2352 844 ,
2373 845 2376 848 '
2397 785 2487 829 aut
2514 779 2854 850 expressione
2881 782 2902 812 ²
2929 781 3145 852 spiritus
3185 785 3267 840 sui
3296 787 3524 860 quisque

1941 865 2226 921 concinnet
2241 871 2400 924 verba
2420 883 2538 938 qua:
2563 885 2667 924 non
2687 873 2960 929 continent
2977 885 3174 932 sanctae
3199 876 3518 950 Scriptura};

1941 963 1997 1011 et
2021 960 2192 1012 otiosa
2218 967 2338 1014 sunt
2359 966 2412 1014 et
2436 961 2721 1032 superﬂua.
2751 961 2956 1028 Sufﬁcit
2983 967 3132 1036 mihi,
3160 971 3250 1040 qui
3275 971 3342 1028 ad
3363 973 3520 1028 istam

1941 1048 2178 1118 regulam
2212 1059 2261 1102 te
2286 1049 2516 1116 adduxi,
2559 1061 2618 1106 ut
2646 1052 2944 1122 proﬁtearis
2988 1057 3128 1128 quod
3168 1059 3327 1116 Pater
3363 1061 3523 1118 Pater

1943 1146 2044 1202 est,
2070 1139 2190 1208 quia
2220 1140 2431 1194 innatus
2459 1150 2558 1206 est,
2584 1143 2705 1214 quia
2732 1158 2762 1197 a
2793 1145 3006 1202 nemine
3026 1150 3229 1220 accepit
3251 1151 3442 1220 vitam;
3469 1163 3524 1210 et

1942 1229 2068 1300 quia
2109 1227 2277 1286 Filius
2317 1245 2346 1284 a
2391 1231 2544 1286 Patre
2587 1246 2905 1290 consecutus
2936 1245 3023 1292 est
3063 1239 3258 1308 vitam;
3299 1249 3356 1298 et
3397 1231 3529 1314 quia

1942 1320 2170 1392 Spiritus
2196 1331 2411 1379 sanctus
2438 1324 2666 1394 Spiritus
2694 1337 2910 1384 sanctus
2939 1337 3038 1384 est.
3073 1330 3306 1388 Dicenda
3337 1343 3515 1390 autem

1943 1428 2107 1468 unum
2157 1411 2354 1482 Deum,
2407 1415 2544 1472 bene
2586 1419 2800 1490 quidem
2855 1419 3078 1490 faceres,
3127 1425 3172 1479 si
3220 1425 3522 1484 conﬁtendo

1944 1517 2108 1558 unum
2139 1503 2304 1560 Deum
2326 1548 2340 1572 ,
2374 1521 2478 1562 non
2501 1507 2714 1564 Patrem
2741 1518 2795 1565 et
2819 1509 3012 1568 Filium
3041 1522 3094 1569 et
3121 1513 3374 1588 Spiritum
3400 1533 3526 1574 san-

1944 1601 2088 1648 ctum
2117 1611 2280 1650 .unum
2309 1596 2516 1652 diceres
2559 1599 2760 1664 Deum,
2800 1611 2984 1658 contra
3026 1612 3170 1662 tuam
3207 1611 3524 1665 sententiam

1943 1686 2185 1744 veniens.
2217 1688 2260 1741 A
2304 1687 2458 1744 nobis
2493 1705 2629 1746 unus
2663 1692 2854 1750 colitur
2881 1693 3056 1762 Deus,
3099 1696 3344 1766 innatus,
3386 1701 3524 1757 infe-

1946 1789 2080 1846 ctus,
2133 1781 2429 1850 invisibilis,
2475 1783 2565 1856 qui
2605 1784 2672 1840 ad
2703 1785 2933 1842 humana
2962 1789 3204 1862 contagia
3243 1801 3296 1846 et
3329 1792 3396 1848 ad
3427 1793 3527 1854 hu-

1946 1888 2158 1928 manam
2211 1889 2425 1930 carnem
2477 1891 2584 1931 non
2637 1877 2934 1934 descendit.
2988 1879 3086 1938 Est
3125 1891 3298 1938 autem
3343 1891 3399 1940 et
3438 1883 3528 1940 Fi-

1946 1963 2050 2020 lius
2074 1965 2367 2024 secundum
2400 1967 2712 2036 Apostolum
2735 2009 2750 2036 ,
2781 1987 2886 2026 non
2913 1969 3154 2041 pusillus,
3183 1973 3277 2028 sed
3299 1990 3528 2048 magnus

1949 2055 2090 2112 Deus
2119 2075 2130 2110 :
2161 2057 2298 2111 sicut
2335 2057 2407 2112 ait
2449 2058 2635 2113 beatus
2677 2057 2902 2128 Paulus,
2941 2059 3302 2133 Exspectantes
3337 2065 3530 2122 beatam

1946 2164 2088 2216 spem
2116 2157 2162 2201 et
2185 2147 2453 2202 adventum
2481 2150 2658 2220 gloria:
2699 2151 2870 2224 magni
2907 2151 3003 2206 Dei
3041 2162 3088 2208 et
3125 2153 3406 2212 Saluatoris
3441 2177 3531 2212 no-

1949 2239 2040 2293 stri
2081 2237 2206 2292 Jcsu
2237 2237 2422 2294 Christi
2449 2237 2572 2314 (Tit.
2601 2255 2636 2295 ll
2659 2282 2672 2306 ,
2706 2241 2818 2313 l3).
2849 2241 2952 2298 Iste
2977 2243 3118 2299 enim
3145 2262 3366 2317 magnus
3391 2249 3532 2306 Deus

1947 2328 2193 2386 Christus
2217 2330 2361 2399 dicit,
2391 2331 2533 2402 quod
2569 2335 2784 2388 ascendo
2807 2335 2876 2389 ad
2903 2333 3110 2392 Patrem
3143 2355 3309 2394 meum
3332 2349 3382 2395 et
3423 2341 3534 2396 Pa-

1951 2425 2076 2474 trem
2123 2430 2358 2488 vestrum,
2400 2421 2565 2477 Deum
2610 2441 2778 2484 meum
2819 2433 2865 2479 et
2899 2423 3063 2480 Deum
3099 2437 3313 2486 vestrum
3351 2429 3532 2503 (Joan.

1952 2528 2068 2582 xx,
2125 2511 2238 2588 {7).
2293 2515 2368 2570 De
2413 2530 2510 2570 sua
2563 2516 2706 2571 enim
2757 2519 3092 2590 subiectione
3141 2537 3307 2577 unum
3353 2525 3535 2582 statuit

1952 2605 2142 2662 Deum.
2190 2605 2294 2660 iste
2340 2615 2424 2662 est
2462 2622 2591 2678 ergo
2627 2624 2765 2666 unus
2803 2607 2977 2676 Deus,
3028 2619 3087 2666 ut
3133 2611 3245 2682 jam
3285 2613 3535 2672 recitavi-

1953 2710 2074 2752 mus
2113 2695 2463 2766 teStimoniis,
2506 2714 2664 2768 quem
2707 2699 2952 2756 Christus
2986 2708 3039 2758 et
3071 2701 3299 2776 Spiritus
3322 2713 3538 2762 sanctus

1955 2786 2197 2854 adorant,
2239 2793 2294 2843 et
2337 2788 2510 2850 omnis
2552 2799 2795 2845 creatura
2837 2799 3122 2848 veneratur
3159 2801 3213 2850 et
3239 2795 3406 2852 colit:
3439 2795 3538 2854 hac

1956 2878 2162 2934 ratione
2212 2895 2374 2934 unum
2424 2880 2756 2950 profitemur.
2811 2881 2926 2937 Non
2963 2891 3140 2940 tamen
3192 2887 3333 2956 quod
3370 2903 3539 2960 copu-

1956 2967 2084 3023 latio
2121 2969 2203 3024 vel
2257 2971 2532 3040 permistio
2581 2971 2698 3028 Filii
2755 2986 2876 3028 cum
2921 2971 3101 3042 Patre,
3145 2983 3238 3030 aut
3273 2977 3357 3032 vel
3397 2985 3542 3034 certe

1959 3059 2188 3132 Spiritus
2239 3063 2406 3116 sancti
2463 3077 2583 3118 cum
2631 3061 2768 3118 Filio
2816 3063 2902 3120 vel
2955 3079 3080 3122 cum
3129 3067 3285 3124 Patre
3313 3111 3329 3136 ,
3383 3067 3544 3127 faciat

1960 3167 2123 3206 unum
2167 3151 2354 3206 Deum.
2397 3149 2502 3208 Sed
2539 3153 2661 3224 quia
2699 3153 2790 3209 ille
2822 3153 2969 3214 solus
2993 3171 3132 3212 unus
3157 3159 3423 3228 perlectus
3463 3169 3545 3222 est

1961 3239 2124 3308 Deus,
2149 3244 2255 3313 qui,
2287 3251 2346 3298 ut
2371 3244 2486 3312 ipse
2514 3252 2826 3314 prosecutus
2855 3261 2934 3314 es,
2961 3247 3126 3303 vitam
3150 3263 3181 3304 a
3208 3251 3421 3306 nemine
3449 3267 3545 3308 ac-

1963 3335 2140 3405 cepit,
2173 3335 2263 3406 qui
2304 3333 2440 3390 Filio
2466 3335 2610 3391 dedit
2638 3351 2735 3392 suo
2784 3339 3031 3407 exemplo
3059 3339 3256 3395 habere
3295 3341 3460 3397 vitam
3487 3342 3545 3399 in

1964 3427 2254 3498 semetipso
2285 3446 2300 3484 ;
2333 3429 2605 3500 cepulatos
2629 3429 2842 3500 quidem
2869 3429 3093 3486 dicimus
3121 3432 3173 3486 in
3201 3431 3459 3489 charitate
3488 3439 3546 3500 et

1965 3519 2022 3574 in
2048 3519 2354 3574 concordia.
2394 3519 2510 3574 .lam
2540 3527 2599 3574 ut
2621 3522 2866 3591 superius
2889 3521 3217 3578 reddidimus
3241 3523 3500 3578 rationem
3523 3566 3540 3592 ,

1965 3611 2191 3666 alterum
2234 3624 2352 3664 esse
2377 3611 2609 3676 Patrem,
2638 3619 2691 3666 et
2717 3625 2819 3666 non
2853 3611 3024 3682 ipsum
3053 3611 3266 3681 Filium,
3295 3613 3409 3684 ipse
3447 3627 3546 3669 nos

1965 3701 2182 3756 instruit
2200 3699 2466 3770 Salvator,
2495 3699 2719 3756 dicendo
2749 3717 2764 3756 :
2789 3701 2852 3758 Si
2871 3717 2961 3774 ego
2983 3703 3320 3759 testimonium
3348 3702 3462 3757 dico
3483 3703 3546 3758 de

1967 3810 2068 3862 me,
2098 3793 2436 3849 testimonium
2465 3810 2630 3847 meum
2654 3810 2754 3848 non
2784 3801 2856 3848 est
2881 3809 3087 3860 verum;
3113 3793 3244 3849 alius
3269 3801 3343 3850 est
3365 3795 3450 3866 qui
3481 3802 3548 3849 te-

1966 3887 2218 3956 stiﬁcatur
2241 3885 2304 3942 de
2327 3901 2423 3940 me.
2473 3883 2542 3939 Et
2579 3899 2648 3942 ne
2685 3885 3088 3955 prresumptorio
3116 3885 3304 3955 spiritu
3327 3883 3547 3958 quidam

1967 3985 2237 4052 putarent,
2269 3975 2411 4048 quod
2443 3983 2536 4032 aut
2562 3975 2628 4031 de
2656 3975 2860 4032 Joanne
2887 3977 3120 4047 Baptista
3143 3976 3336 4032 dixerit
3360 3977 3546 4047 alium,

1969 4081 2061 4128 aut
2085 4069 2224 4126 forte
2249 4069 2318 4126 de
2345 4069 2506 4125 Petro
2543 4069 2786 4140 apostolo
2809 4067 2894 4125 vel
2917 4067 3118 4134 Paulo;
3147 4067 3262 4140 ipse
3290 4083 3548 4140 prosecu-

1970 4151 2054 4218 tus
2107 4171 2188 4218 est
2220 4179 2234 4216 :
2270 4159 2372 4216 Vos
2407 4161 2612 4216 misistis
2662 4161 2730 4216 ad
2779 4159 3059 4229 Joannem,
3119 4169 3166 4216 et
3205 4163 3545 4216 testimonium

1969 4254 2192 4310 reddidit
2217 4253 2430 4308 veritati.
2461 4249 2572 4326 Ego
2592 4260 2758 4307 autem
2786 4251 3122 4306 testimonium
3147 4250 3208 4306 ab
3230 4252 3430 4307 homine
3447 4267 3550 4307 non

1974 4347 2168 4418 accipio
2199 4363 2217 4400 :
2243 4345 2330 4400 sed
2357 4345 2460 4400 hac
2486 4345 2620 4414 dico,
2653 4353 2707 4398 ut
2745 4359 2832 4398 oos
2865 4343 3148 4399 salaemini.
3176 4341 3310 4413 Ille,
3341 4345 3510 4416 inquit
3529 4387 3545 4408 ,

1973 4437 2179 4492 lucerna
2205 4435 2304 4506 fuit
2339 4437 2521 4490 ardens
2558 4443 2606 4488 et
2642 4433 2850 4502 lucens;
2891 4451 2980 4490 eos
3020 4445 3188 4490 autem
3223 4435 3447 4491 voluistis
3481 4437 3550 4490 ad

1973 4529 2151 4582 horam
2179 4527 2431 4581 exsultare
2456 4526 2510 4579 in
2538 4526 2726 4580 lumine
2745 4527 2873 4598 ejus.
2897 4523 3010 4597 Ego
3029 4533 3197 4581 autem
3222 4525 3378 4580 habeo
3404 4527 3551 4581 testi-

1972 4619 2198 4672 monium
2224 4617 2392 4686 majus
2416 4614 2636 4670 Joanne.
2666 4613 2835 4685 Opera
2861 4629 2973 4685 quat
2999 4613 3139 4670 dedit
3164 4616 3287 4670 mihi
3313 4613 3470 4670 Pater
3493 4626 3552 4670 ut

1973 4709 2236 4784 perﬁciam
2264 4725 2342 4774 ea,
2375 4707 2487 4780 ipsa
2513 4723 2664 4778 Opera
2693 4721 2805 4778 quae
2835 4721 2926 4778 ego
2953 4707 3108 4777 facio,
3133 4707 3463 4776 testificantur
3487 4705 3552 4760 de

2094 4801 2214 4874 quia
2239 4799 2396 4856 Pater
2419 4816 2497 4853 me
2518 4799 2671 4854 misit.
2693 4795 2762 4853 Et
2780 4799 2866 4870 qui
2891 4799 3028 4853 misit
3045 4813 3124 4852 me
3152 4797 3324 4864 Pater,
3347 4799 3456 4867 ipse
3480 4805 3553 4852 te-

1973 4894 2222 4962 stiﬁcatur
2251 4889 2313 4946 de
2337 4907 2418 4946 me
2445 4887 2556 4962 (Id.
2585 4905 2637 4957 v,
2665 4889 2728 4944 5i
2768 4891 2879 4960 57).
2911 4889 3042 4958 Quis
3073 4897 3176 4943 tam
3205 4887 3400 4943 stultus
3424 4895 3506 4943 est
3529 4931 3546 4960 ,

1974 4995 2033 5041 ut
2065 4999 2168 5040 non
2196 4983 2455 5054 intelligat
2494 4981 2744 5052 quoniam
2775 4980 2908 5036 alius
2945 4979 3013 5036 de
3051 4977 3156 5034 alio
3185 4979 3552 5035 testimonium

1979 5078 2260 5150 perhibuit,
2289 5077 2448 5131 Pater
2467 5077 2534 5132 de
2559 5073 2698 5130 Filio
2717 5115 2734 5142 ,
2771 5075 2861 5145 qui
2884 5071 3066 5144 utique
3091 5080 3146 5128 et
3165 5071 3374 5128 dicebat
3405 5091 3420 5127 :
3449 5071 3553 5128 Hic

1976 5181 2048 5226 est
2073 5169 2240 5225 Filius
2265 5186 2402 5224 meus
2431 5168 2661 5234 dilectus,
2696 5167 2748 5221 in
2777 5181 2876 5237 quo
2899 5165 3020 5220 bene
3046 5165 3328 5236 complacui
3342 5177 3364 5230 ;
3387 5165 3554 5236 ipsum

1976 5263 2146 5322 audite
2177 5259 2385 5334 (Matth.
2409 5275 2546 5327 xvn,
2576 5255 2672 5332 5)?
2697 5257 2955 5312 Dilectum
2983 5257 3121 5328 lego,
3147 5265 3200 5312 et
3224 5256 3386 5312 credo
3411 5255 3556 5327 quod

1976 5355 2134 5410 Pater
2160 5361 2244 5409 est
2266 5353 2354 5438 qui
2379 5351 2586 5423 diligit,
2619 5357 2674 5406 et
2699 5349 2867 5405 Filius
2896 5349 2986 5420 qui
3011 5347 3268 5420 diligitur.
3296 5347 3556 5420 Unigeni-

1979 5455 2093 5500 tum
2119 5437 2283 5499 audior
2316 5443 2585 5499 Christum
2611 5483 2626 5508 ,
2676 5451 2730 5496 et
2767 5455 2873 5494 non
2914 5439 3100 5496 dubito
3142 5440 3264 5510 quia
3301 5455 3437 5496 unus
3484 5437 3553 5495 ab

1976 5551 2085 5592 uno
2124 5543 2206 5591 est
2250 5535 2475 5606 genitus.
2523 5533 2938 5603 Primogenitum
2981 5529 3176 5587 Paulus
3208 5531 3436 5596 clamat,
3465 5529 3554 5584 di-

1975 5643 2103 5684 cens
2139 5645 2150 5679 :
2189 5625 2288 5693 Qui
2315 5633 2384 5680 est
2409 5625 2574 5693 imago
2605 5621 2698 5678 Dei
2723 5623 3012 5692 invisibilis,
3054 5625 3414 5695 primogenita:
3436 5621 3553 5675 ani-

2039 5789 2058 5854 ξ
2081 5783 2298 5837 Nonnulli
2321 5791 2444 5854 Mss"
2463 5793 2538 5832 res
2555 5794 2681 5834 uera.

2043 5853 2064 5882 ¹
2084 5857 2216 5908 Lov.,
2239 5851 2544 5910 expositione.
