4042 6422
549 404 655 463 719

550 536 707 578 versa:
755 528 1020 577 creatum.
1068 518 1138 573 Et
1166 515 1433 587 proﬁteor
1473 512 1767 571 secundum
1813 512 2134 569 sententiam

555 614 855 671 divinarum
905 600 1331 681 Scripturarum,
1385 607 1528 679 quod
1581 615 1664 663 est
1713 606 1880 663 Filius
1936 606 2135 677 primo—

551 709 794 780 genitus,
844 714 899 761 et
956 720 1063 760 non
1122 702 1432 774 ingenitus:
1471 708 1525 758 et
1571 701 1694 772 quia
1731 702 1785 755 in
1831 699 1922 755 illo
1966 707 2137 754 creata

551 808 671 855 sunt
716 797 885 852 omnia
915 812 1027 866 qua:
1061 803 1177 849 sunt
1214 794 1267 847 in
1310 792 1468 860 cwlis,
1500 800 1546 846 et
1579 807 1693 861 quae
1726 799 1842 845 sunt
1874 792 1928 845 in
1967 800 2131 857 terra,

550 890 769 944 visibilia
808 896 854 942 et
896 886 1185 951 invisibilia,
1208 885 1310 939 sive
1336 882 1551 949 Throni,
1591 884 1694 937 sive
1729 882 2132 949 Dominationes,

548 982 652 1036 sive
694 980 1040 1051 Principatus,
1082 979 1183 1033 sive
1238 974 1563 1042 Potestates;
1626 976 1795 1030 omnia
1834 992 1923 1047 per
1965 975 2136 1046 ipsum

552 1078 689 1145 facta
726 1080 880 1135 sunt,
927 1081 973 1124 et
1012 1071 1066 1123 in
1115 1070 1225 1141 ipso
1261 1079 1431 1123 creata
1464 1077 1612 1133 sunt;
1658 1077 1704 1123 et
1748 1069 1855 1138 ipse
1898 1076 1969 1121 est
2019 1077 2137 1121 ante

553 1182 742 1232 omnes,
785 1174 830 1218 et
871 1164 1042 1217 omnia
1084 1162 1137 1216 in
1180 1163 1291 1231 ipso
1333 1170 1564 1216 constant
1598 1158 1817 1230 (Coloss.
1844 1158 2131 1229 i,l5-l7):

549 1267 603 1315 et
642 1260 741 1313 iste
785 1257 952 1312 Filius
994 1256 1108 1323 Dei,
1159 1255 1298 1309 Deus
1347 1252 1688 1323 unigenitus,
1736 1267 1858 1307 cum
1903 1252 1972 1304 sit
2015 1258 2138 1305 ante

549 1365 759 1406 omnes.
808 1348 925 1419 Ipse
978 1348 1121 1403 enim
1168 1346 1298 1401 dicit
1348 1363 1361 1400 :
1411 1344 1559 1413 Quod
1610 1344 1713 1397 vidi
1754 1342 1890 1415 apud
1929 1341 2137 1395 Patrem

551 1462 739 1509 meum,
773 1445 951 1513 loquor
980 1440 1156 1510 (Joan.
1183 1455 1298 1504 Vill,
1321 1437 1436 1508 58).
1460 1436 1566 1492 Iste
1594 1436 1761 1492 Filius
1788 1436 1971 1501 etiam,
1996 1434 2138 1504 quod

552 1550 650 1590 vos
676 1533 823 1589 carni
852 1530 1118 1587 ascribitis
1141 1572 1156 1599 ,
1197 1531 1249 1584 in
1276 1537 1460 1583 sancto
1488 1528 1563 1583 ait
1589 1527 1881 1597 Evangelio
1912 1543 1925 1579 :
1959 1526 2021 1581 Si
2046 1526 2125 1579 di-

551 1625 769 1697 ligeretis
800 1641 897 1688 me,
938 1621 1221 1693 gauderetis
1246 1619 1447 1689 utique,
1488 1619 1725 1688 quoniam
1754 1617 1883 1672 vado
1921 1617 1989 1671 ad
2026 1615 2137 1670 Pa-

552 1729 709 1785 trem;
737 1717 977 1789 quoniam
1019 1714 1175 1769 Pater
1204 1715 1368 1785 major
1404 1728 1482 1765 me
1520 1720 1594 1766 est
1632 1710 1808 1781 (Joan.
1858 1725 1949 1765 XIV
1973 1752 1987 1777 ,
2019 1709 2134 1780 28).

552 1810 659 1866 Ista
687 1810 827 1864 enim
851 1808 1091 1879 legentes
1109 1805 1398 1869 credimus,
1426 1811 1483 1859 et
1509 1801 1821 1872 proﬁtemur
1845 1800 2138 1857 secundum

553 1900 868 1973 Apostolum
891 1941 906 1967 ,
950 1898 1090 1969 quod
1130 1897 1181 1952 ei
1221 1896 1401 1951 omnia
1431 1894 1670 1963 subjecta
1708 1894 1816 1949 sint
1860 1902 1915 1949 ut
1946 1908 2139 1963 magno

552 1993 665 2049 Deo
691 1993 737 2064 (l
764 1990 883 2048 Cor.
916 2007 989 2045 xv
1014 2033 1028 2056 ,
1056 1990 1170 2061 25).
1209 1988 1314 2044 lste
1347 1988 1491 2042 enim
1524 2001 1748 2057 magnus
1772 1986 1911 2041 Deus
1931 2028 1946 2053 ,
1980 2000 2138 2056 quem

554 2084 713 2140 talem
743 2083 925 2153 genuit
966 2082 1159 2148 Pater,
1193 2088 1250 2134 ut
1288 2079 1403 2149 ipse
1452 2087 1768 2147 prosecutus
1808 2092 1866 2131 es
1890 2117 1906 2145 ,
1954 2077 2140 2147 utique

550 2176 808 2245 majorem
832 2174 1045 2228 Patrem
1066 2170 1343 2227 confessus
1362 2178 1464 2233 est,
1496 2178 1553 2224 ut
1574 2176 1773 2223 statuat
1800 2168 1947 2222 illum
1977 2183 2139 2222 unum

551 2266 741 2332 Deum,
776 2265 829 2319 in
854 2264 1007 2335 cujus
1036 2271 1091 2318 et
1118 2262 1238 2316 sinu
1268 2259 1590 2316 describitur
1616 2274 1645 2312 a
1674 2258 1881 2313 Joanne
1912 2272 2142 2327 evange-

551 2360 695 2415 lista.
722 2357 861 2412 Audi
887 2355 1071 2426 utique
1098 2354 1114 2386 ¹
1145 2355 1317 2422 ipsum
1352 2352 1671 2406 clamantem
1701 2359 1756 2405 et
1779 2349 2046 2404 dicentem
2072 2347 2141 2403 de

552 2450 918 2506 invisibilitate
957 2446 1339 2515 omnipotentis
1376 2444 1470 2498 Dei
1493 2485 1507 2509 ,
1536 2442 1678 2512 quod
1710 2442 1873 2496 Deum
1903 2457 2048 2495 nemo
2078 2441 2143 2493 vi-

551 2544 626 2596 dit
656 2555 912 2611 unquam;
949 2538 1238 2608 unigenitus
1275 2534 1325 2589 F
1327 2536 1445 2589 ilius
1488 2535 1574 2605 qui
1610 2543 1682 2588 est
1716 2534 1768 2587 in
1807 2534 1923 2587 sinu
1968 2531 2142 2585 Patris

552 2638 661 2707 ipse
690 2635 913 2689 narravit
960 2631 1139 2703 (Joan.
1184 2647 1243 2697 1,
1276 2628 1389 2698 18).
1439 2628 1573 2682 llinc
1614 2628 1903 2681 instructus
1946 2624 2141 2679 Paulus

549 2730 763 2791 clamat,
796 2735 850 2782 et
878 2725 1005 2781 dicit
1032 2741 1045 2778 :
1076 2722 1263 2776 Beatus
1290 2730 1336 2775 et
1359 2721 1496 2776 solus
1520 2728 1717 2791 potens,
1750 2718 1861 2773 Rea:
1889 2734 2065 2788 regum
2094 2726 2141 2770 et

552 2818 800 2873 Dominus
828 2815 1234 2877 dominantium;
1256 2814 1340 2883 qui
1362 2814 1499 2866 solus
1521 2811 1666 2864 habet
1690 2810 2135 2874 immortalitatem,

552 2921 597 2967 et
636 2911 798 2965 lucem
840 2910 1029 2962 habitat
1070 2905 1495 2969 inaccessibilem;
1539 2920 1685 2973 quem
1723 2902 1845 2956 vidit
1882 2902 2142 2956 hominum

550 3019 718 3068 nemo,
749 3016 903 3069 neque
924 2999 1093 3053 videre
1122 3005 1315 3069 potest;
1339 2997 1419 3048 cui
1450 2996 1610 3049 honor
1638 3003 1684 3047 et
1712 3003 1931 3065 potestas
1968 2994 2022 3046 in
2047 3007 2141 3047 sa:-

551 3094 689 3147 cula.
730 3093 889 3146 Amen
930 3091 971 3159 (l
996 3090 1130 3143 Tim.
1154 3105 1227 3155 vi,
1258 3089 1343 3151 l5,
1377 3085 1490 3158 to).
1521 3086 1596 3140 De
1622 3086 1723 3140 hoc
1750 3086 1943 3140 iterum
1967 3083 2097 3139 dicit
2123 3100 2137 3137 :

555 3184 672 3241 Soli
694 3184 909 3255 sapienti
936 3182 1044 3237 Deo
1066 3224 1080 3248 ,
1114 3198 1203 3252 per
1232 3179 1411 3233 Jesum
1448 3178 1731 3242 Christum,
1772 3178 1849 3231 cui
1886 3177 2049 3247 gloria
2086 3176 2141 3230 in

551 3277 759 3333 swcula.
800 3276 958 3328 Amen
987 3273 1165 3344 (Rom.
1204 3288 1313 3337 xw,
1347 3270 1459 3340 27).
1492 3272 1559 3325 Ει
1597 3270 1716 3325 ideo
1756 3284 1894 3323 unus
1931 3269 2072 3323 Deus
2109 3283 2140 3322 a

551 3368 708 3423 nobis
740 3367 1133 3435 pronuntiatur,
1167 3365 1289 3435 quia
1330 3380 1467 3419 unus
1494 3372 1575 3418 est
1604 3377 1767 3431 super
1792 3362 1969 3415 omnia
1998 3361 2140 3415 Deus

551 3460 767 3517 innatus
791 3503 806 3527 ,
837 3460 1084 3524 infectus,
1114 3468 1173 3513 ut
1200 3458 1469 3528 prosecuti
1504 3470 1706 3511 sumus.
1739 3454 1929 3509 Filium
1962 3464 2137 3508 autem

549 3562 733 3609 natum
778 3553 823 3607 si
862 3552 1041 3607 Paulo
1075 3566 1182 3606 non
1227 3550 1399 3605 credis
1442 3547 1680 3612 dicenti,
1723 3546 2137 3617 primogenitum

550 3645 813 3699 universa:
843 3650 1102 3697 creatura:
1130 3660 1143 3697 :
1170 3642 1254 3696 vel
1301 3642 1398 3710 ipsi
1445 3639 1583 3694 Filio
1626 3637 1789 3693 crede
1831 3636 2030 3691 dicenti
2072 3635 2140 3691 ad

552 3737 803 3800 Pilatum,
833 3750 953 3790 cum
994 3734 1043 3789 ei
1084 3734 1307 3799 diceret,
1340 3731 1477 3801 Ergo
1521 3740 1575 3783 tu
1615 3745 1705 3783 rea:
1738 3728 1836 3782 es?
1875 3728 1964 3781 Ait
1982 3726 2139 3780 Chri—

550 3838 685 3892 stus,
716 3828 826 3898 Ego
860 3829 912 3881 in
940 3827 1033 3880 hoc
1061 3836 1210 3880 natus
1231 3841 1342 3879 sum
1374 3822 1553 3895 (Joan.
1597 3837 1726 3876 xvut
1752 3862 1767 3887 ,
1808 3821 1920 3890 57).
1946 3818 2139 3873 Natum

549 3918 691 3987 lego,
732 3917 985 3985 proﬁteor
1012 3915 1154 3985 quod
1186 3916 1306 3985 lego
1335 3931 1348 3967 :
1380 3912 1794 3983 primogenitum
1834 3911 1984 3980 lego,
2033 3924 2137 3962 non

551 4010 800 4065 discredo
825 4012 845 4041 ³
878 4028 889 4062 ;
921 4009 1253 4078 unigenitum
1300 4006 1419 4077 lego
1443 4046 1458 4071 ,
1504 4004 1713 4059 etiamsi
1757 4003 1823 4057 ad
1854 4002 2137 4073 equuleum

552 4099 873 4169 suspendar,
896 4099 1050 4153 aliter
1073 4114 1177 4153 non
1203 4112 1320 4152 sum
1345 4096 1585 4151 dicturus
1610 4114 1622 4148 :
1648 4094 1791 4164 quod
1816 4094 2011 4149 docent
2041 4108 2138 4147 nos

552 4201 751 4245 sanctae
783 4190 1092 4258 Scripturre,
1124 4188 1395 4257 proﬁteor.
1436 4186 1517 4240 Tu
1546 4187 1689 4240 enim
1715 4185 1804 4253 qui
1837 4182 1971 4238 dicis
1994 4182 2138 4252 quod

554 4298 692 4337 unus
722 4283 791 4337 sit
818 4282 978 4336 Pater
1008 4290 1060 4335 et
1089 4279 1281 4343 Filius,
1309 4278 1396 4333 dic
1424 4278 1635 4332 Patrem
1666 4275 2019 4343 unigenitum,
2051 4274 2138 4327 die

554 4375 963 4445 primogenitum
998 4390 1010 4426 :
1042 4372 1127 4427 dic
1154 4386 1273 4440 qua:
1317 4378 1441 4424 sunt
1470 4368 1640 4422 Patris
1667 4368 1720 4421 in
1748 4366 1906 4433 Filio,
1937 4365 2024 4419 die
2050 4365 2138 4420 Fi-

552 4466 677 4519 lium
720 4466 1045 4533 unigenitum
1072 4503 1086 4527 ,
1118 4461 1205 4515 dic
1232 4462 1471 4514 innatum
1498 4500 1511 4523 ,
1545 4460 1632 4513 die
1665 4457 1787 4528 quia
1828 4471 1986 4512 nemo
2012 4472 2135 4511 eum

553 4556 682 4609 vidit
712 4571 983 4624 unquam,
1020 4569 1194 4622 neque
1240 4551 1419 4605 videre
1460 4559 1651 4618 potest.
1696 4550 2028 4619 Prosequere
2068 4548 2136 4603 de

547 4648 747 4717 Spiritu
770 4655 954 4701 sancto
988 4646 1109 4698 talia
1132 4645 1307 4714 qualia
1332 4644 1397 4697 de
1419 4643 1575 4697 Patre
1602 4642 1849 4711 legimus,
1878 4649 1936 4694 ut
1956 4656 2135 4709 mqua-

549 4742 651 4797 letu
674 4738 923 4795 ostendas
944 4738 1198 4806 Spiritum
1224 4745 1467 4789 sanctum
1491 4734 1651 4787 Patri.
1684 4734 1792 4796 Dic,
1825 4748 1973 4800 rogo,
1998 4731 2134 4787 habe

548 4848 634 4886 me
662 4831 997 4900 discipulum.
1032 4830 1364 4898 Prosequere
1393 4828 1461 4881 de
1493 4826 1631 4880 Filio
1650 4867 1663 4891 ,
1698 4824 1841 4894 quod
1867 4824 2036 4879 Filius
2062 4826 2133 4880 sit

548 4922 782 4987 innatus,
814 4921 955 4991 quod
993 4920 1063 4973 sit
1091 4920 1209 4973 sine
1239 4917 1465 4986 origine.
1496 4916 1551 4970 Si
1581 4915 1821 4983 :cqualis,
1858 4915 2037 4984 utique
2063 4924 2132 4969 la-

549 5014 613 5079 lis
646 5032 658 5065 :
690 5014 736 5067 si
768 5014 888 5067 talis
910 5054 925 5077 ,
958 5012 1140 5080 utique
1170 5010 1382 5064 innatus
1414 5026 1425 5061 :
1460 5009 1502 5063 si
1536 5009 1777 5073 innatus,
1822 5008 2002 5077 utique
2032 5024 2131 5063 nec

547 5106 677 5159 vidit
702 5120 823 5160 eum
850 5106 1128 5173 quisquam
1157 5103 1454 5157 hominum.
1499 5101 1573 5155 Da
1605 5100 1925 5169 testimonia,
1955 5110 2009 5157 et
2048 5102 2129 5156 iu-

545 5207 714 5264 strue,
745 5206 799 5251 et
825 5196 977 5260 doce,
1005 5205 1059 5249 et
1086 5194 1305 5249 habebis
1335 5209 1421 5248 me
1446 5192 1784 5261 discipulum.

564 5320 567 5321 ν
618 5293 703 5344 Η.
746 5290 881 5344 Anc.
911 5288 1080 5343 dixit:
1106 5288 1151 5342 A
1181 5287 1330 5342 vobis
1360 5302 1523 5341 unum
1554 5286 1723 5339 Deum
1761 5286 1863 5341 coli
1905 5286 2124 5355 dixisti,

546 5384 682 5437 sicut
713 5390 761 5434 te
791 5380 1038 5449 loquente
1066 5379 1343 5433 advertere
1386 5378 1530 5446 potui
1556 5395 1566 5430 :
1593 5392 1925 5447 consequens
1951 5390 2033 5433 est
2070 5389 2129 5435 ut

545 5484 639 5529 aut
670 5490 772 5526 non
804 5474 990 5527 colatis
1016 5472 1303 5536 Christum,
1336 5482 1425 5525 aut
1457 5486 1562 5525 non
1591 5487 1751 5525 unum
1781 5472 1945 5526 Deum
1976 5474 2125 5528 cola-

544 5568 633 5633 tis,
667 5566 761 5621 sed
805 5566 955 5620 duos.
990 5564 1172 5619 Dixisti
1203 5565 1362 5619 etiam
1406 5564 1472 5619 de
1512 5565 1701 5629 Patre,
1732 5567 1874 5633 quod
1918 5564 1987 5619 ad
2028 5565 2127 5620 bu-

547 5674 703 5715 mana
742 5656 983 5727 contagia
1012 5665 1067 5712 et
1093 5656 1159 5711 ad
1195 5656 1481 5711 humanam
1511 5671 1724 5711 carnem
1757 5670 1861 5712 non
1900 5656 2126 5715 descen-

607 5795 622 5854 t
650 5796 698 5854 ιη
722 5796 847 5837 uss;
870 5784 1038 5835 Audivi
1060 5785 1235 5847 utique.
1370 5848 1381 5854 _
1429 5849 1440 5854 _
1579 5846 1607 5854 ..

605 5853 624 5885 '
647 5850 720 5901 sic
742 5861 838 5899 Ain.
864 5856 935 5901 Fr.
963 5856 1013 5899 et
1035 5856 1139 5897 Mss.
1167 5856 1221 5898 Al.
1242 5855 1349 5898 Lov.
1369 5848 1533 5908 habet,
1555 5848 1790 5911 discrepo.

1788 397 1846 454 S.
1886 391 2257 453 AUGUSTINI
2294 390 2593 449 EPISCOPI

3726 397 3832 454 πο

2244 508 2399 565 derit.
2435 508 2491 565 Si
2512 508 2649 564 forte
2674 508 2867 576 nescis,
2898 508 3140 579 contagia
3166 506 3257 563 ubi
3282 507 3551 579 dicuntur,
3583 510 3826 582 aliquam

2245 601 2750 657 contaminationem
2792 600 3094 672 signiﬁcant
3115 618 3128 657 :
3150 602 3364 657 voluisti
3390 618 3516 674 ergo
3558 603 3831 660 Christum

2244 694 2466 766 intelligi
2494 695 2707 751 venisse
2735 694 2803 750 ad
2847 695 3077 749 humana
3120 696 3362 766 contagia
3390 712 3403 749 :
3428 712 3559 767 ergo
3598 697 3831 754 humana

2244 803 2405 845 carne
2433 789 2761 859 inquinatum
2787 788 3059 860 professus
3086 803 3145 845 es
3168 788 3457 846 Christum.
3503 791 3615 860 Ego
3652 802 3832 847 autem

2244 880 2386 949 dico,
2418 883 2526 937 imo
2554 882 2813 938 catholica
2846 882 3000 949 ﬁdes,
3032 898 3189 952 quam
3218 898 3337 937 cum
3367 883 3609 939 Ecclesia
3634 884 3834 941 Christi

2245 982 2424 1040 teneo,
2450 976 2732 1032 Dominum
2755 984 2998 1031 nostrum
3024 975 3204 1032 Jesum
3231 977 3501 1033 Christum
3527 980 3603 1033 sic
3630 979 3832 1035 factum

2244 1079 2363 1121 esse
2396 1066 2623 1123 Verbum
2654 1083 2891 1133 carnem,
2924 1076 2982 1123 ut
3010 1068 3153 1124 nulla
3182 1068 3249 1124 de
3289 1068 3521 1125 humano
3545 1086 3743 1141 genere
3780 1080 3839 1127 ct

2248 1156 2317 1212 de
2363 1156 2593 1213 humana
2640 1174 2804 1214 carne
2851 1160 3092 1229 contagia
3139 1169 3428 1230 pateretur.
3478 1160 3637 1217 Venit
3687 1163 3835 1218 enim

2244 1248 2533 1315 mundare,
2586 1265 2691 1305 non
2733 1251 3083 1321 coinquinari.
3138 1250 3383 1325 Suscepit
3428 1269 3555 1324 ergo
3597 1255 3837 1310 animam

2245 1339 2557 1408 humanam,
2589 1350 2643 1396 et
2670 1356 2886 1397 carnem
2927 1342 3216 1397 humanam
3242 1344 3359 1399 sine
3388 1345 3490 1400 ulla
3520 1355 3673 1415 peste
3700 1361 3838 1402 con-

2244 1435 2367 1504 tagii
2394 1454 2406 1489 :
2430 1444 2484 1490 et
2528 1444 2809 1506 utrumque
2832 1478 2849 1502 ,
2880 1437 2935 1492 id
2964 1446 3048 1492 est
3084 1446 3138 1493 et
3172 1437 3404 1492 animam
3450 1438 3738 1494 humanam
3782 1450 3841 1497 et

2243 1539 2457 1581 carnem
2471 1526 2775 1593 humanam,
2801 1528 2852 1581 in
2878 1542 2938 1584 se
2959 1528 3074 1597 ipso
3102 1529 3311 1584 salvare
3328 1528 3573 1601 dignatus
3598 1541 3701 1587 est.
3726 1532 3839 1589 Sed

2243 1618 2365 1687 quia
2393 1617 2460 1673 de
2507 1618 2623 1687 ejus
2652 1618 3017 1674 invisibilitate
3047 1621 3295 1687 veritati,
3339 1630 3593 1691 quantum
3634 1624 3794 1679 video
3819 1667 3837 1694 ,

2243 1724 2349 1764 non
2381 1710 2459 1763 vis
2484 1710 2823 1779 acquiescere
2848 1753 2863 1778 ,
2898 1726 3028 1782 rogo
3058 1720 3119 1767 ut
3146 1712 3348 1782 cogites
3389 1714 3679 1769 secundum
3711 1730 3840 1770 car-

2244 1815 2365 1854 nem
2388 1809 2443 1855 et
2463 1800 2754 1856 secundum
2780 1800 3051 1856 hominem
3073 1800 3237 1858 fuisse
3256 1802 3517 1859 visibilem
3534 1804 3837 1861 Christum.

2244 1888 2377 1945 Nam
2436 1891 2730 1947 secundum
2780 1893 2831 1947 id
2876 1892 3018 1963 quod
3067 1892 3301 1949 Verbum
3368 1904 3451 1950 est
3498 1895 3641 1950 Deus
3693 1898 3839 1967 apud

2246 1982 2434 2049 Deum,
2467 1992 2521 2039 et
2554 1983 2666 2054 ipse
2694 1984 2973 2041 invisibilis
3002 1993 3101 2041 est.
3136 1985 3403 2056 Sapientia
3430 1988 3523 2043 Dei
3552 1998 3635 2043 est
3673 1989 3839 2045 Citri-

2244 2084 2357 2131 stus
2382 2094 2396 2130 :
2421 2076 2651 2132 humana
2682 2079 2939 2147 sapientia
2971 2079 3379 2147 invisibilisest;
3416 2090 3467 2136 et
3496 2082 3588 2137 Dei
3616 2085 3839 2155 sapien-

2247 2169 2313 2223 tia
2334 2170 2553 2225 visibilis
2578 2170 2718 2225 erit?
2742 2171 3007 2239 Quantum
3038 2188 3164 2243 ergo
3192 2174 3383 2229 attinet
3413 2176 3479 2229 ad
3511 2176 3654 2231 illam
3680 2188 3841 2232 natu-

2246 2276 2359 2314 ram
2390 2260 2444 2314 in
2470 2277 2577 2330 qua
2602 2262 2823 2333 atqualis
2849 2272 2931 2318 est
2955 2263 3135 2330 Patri,
3170 2264 3367 2333 pariter
3391 2275 3475 2321 est
3499 2266 3657 2333 Deus,
3686 2270 3842 2338 pari-

2246 2359 2327 2406 ter
2343 2353 2701 2422 omnipotens,
2723 2356 2923 2423 pariter
2940 2355 3239 2421 invisibilis,
3263 2358 3463 2426 pariter
3494 2359 3837 2417 immortalis.

2244 2442 2431 2497 Dixisti
2455 2445 2632 2510 etiam,
2666 2456 2920 2515 quantum
2950 2447 3190 2511 adverti,
3217 2449 3293 2502 sic
3320 2449 3686 2519 accipiendum
3714 2467 3841 2508 esse

2244 2536 2386 2605 quod
2416 2537 2491 2591 ait
2516 2539 2836 2608 Apostolus,
2890 2538 2989 2606 Qui
3029 2540 3169 2595 solus
3216 2542 3361 2595 habet
3402 2544 3841 2599 immortalitatem

2246 2626 2290 2698 (Ι
2319 2627 2453 2681 Tim.
2484 2646 2554 2695 v1,
2586 2631 2709 2699 16);
2739 2640 2795 2684 ut
2823 2632 2875 2685 in
2904 2630 3003 2686 hac
3028 2634 3289 2687 sententia
3311 2634 3458 2689 solus
3485 2635 3643 2690 Pater
3662 2637 3836 2707 accipi

2245 2717 2456 2773 debeat.
2491 2719 2633 2790 Ergo
2664 2720 2895 2776 Verbum
2928 2722 3021 2776 Dei
3049 2724 3275 2778 mortale
3303 2724 3382 2779 vis
3409 2726 3566 2779 esse?
3602 2725 3839 2796 Sapien-

2248 2810 2317 2863 tia
2349 2810 2440 2864 Dei
2471 2826 2575 2865 non
2608 2820 2690 2866 est
2721 2812 3039 2867 immortalis
3061 2814 3352 2869 secundum
3381 2823 3454 2871 te.
3484 2816 3600 2871 Non
3631 2818 3835 2875 intelli-

2244 2900 2324 2970 gis
2354 2902 2475 2970 quia
2520 2918 2626 2957 non
2675 2905 2934 2972 potuisset
2980 2905 3087 2959 ullo
3114 2905 3275 2961 modo
3314 2907 3449 2961 mori
3496 2906 3685 2976 Filius,
3732 2911 3836 2966 nisi

2246 3006 2460 3046 carnem
2493 2993 2772 3047 mortalem
2802 2995 3125 3065 suscepisset
3149 3011 3180 3050 a
3210 2996 3407 3052 nobis?
3436 2997 3675 3069 Denique
3702 3014 3834 3056 caro

2246 3083 2298 3138 in
2331 3085 2421 3138 illo
2448 3094 2654 3161 mortua
2684 3096 2786 3151 est,
2819 3103 2922 3141 non
2948 3088 3061 3156 ipse
3091 3097 3331 3143 mortuus
3370 3098 3453 3145 est
3481 3101 3742 3160 quantum
3771 3094 3837 3148 ad

2245 3175 2412 3231 Deum
2439 3179 2688 3247 pertinet,
2721 3189 2978 3249 quantum
3003 3180 3069 3235 ad
3098 3180 3429 3237 divinitatem
3478 3185 3702 3250 attinet,
3735 3203 3840 3257 qua

2244 3269 2464 3339 arqualis
2514 3280 2595 3324 est
2640 3271 2805 3325 Patri.
2854 3272 2941 3327 Sic
2969 3273 3108 3326 enim
3161 3272 3463 3329 hominibus
3501 3276 3610 3341 ait,
3661 3276 3842 3332 Nolite

2248 3361 2422 3415 timere
2467 3378 2549 3415 eos
2579 3363 2665 3433 qui
2707 3380 2891 3433 corpus
2916 3364 3148 3418 occidunt
3171 3406 3188 3431 ,
3216 3375 3265 3418 et
3305 3376 3479 3436 postea
3520 3384 3619 3422 non
3650 3369 3841 3423 habent

2243 3453 2365 3518 quid
2414 3454 2604 3523 faciant
2652 3453 2821 3531 (Luc.
2869 3471 2974 3519 χιι,
3016 3454 3272 3526 4);ίιυί;ι
3320 3460 3495 3513 anima
3546 3461 3678 3514 mori
3724 3478 3841 3516 non

2246 3552 2454 3615 potest;
2488 3544 2721 3599 Verbum
2758 3547 2847 3600 Dei
2874 3547 3008 3601 mori
3040 3548 3258 3616 potest?
3282 3547 3550 3620 Sapientia
3574 3552 3665 3606 Dei
3691 3555 3841 3610 mori

2244 3636 2457 3704 potest?
2484 3634 2795 3705 Unigcnitus
2824 3636 2915 3691 ille
2944 3652 3050 3691 non
3078 3648 3350 3709 assumpta
3380 3656 3542 3696 carne
3572 3644 3709 3697 mori
3741 3659 3839 3714 po-

2245 3727 2380 3781 tuit?
2407 3728 2691 3796 Assumpta
2722 3739 2901 3783 autem
2944 3744 3106 3783 carne
3143 3745 3245 3799 qua
3290 3729 3460 3787 factus
3504 3742 3587 3787 est
3632 3733 3837 3802 homo,

2242 3820 2380 3874 sicut
2414 3818 2674 3888 aequalem
2722 3835 2781 3874 se
2820 3822 2971 3874 novit
3007 3822 3218 3889 quando
3264 3821 3422 3890 dicit,
3456 3822 3566 3893 Ego
3606 3834 3656 3879 et
3679 3823 3843 3881 Pater

2243 3926 2398 3963 unum
2444 3927 2615 3964 sumus
2654 3909 2831 3979 (Joan.
2873 3928 2926 3977 χ,
2959 3911 3096 3981 50);
3136 3913 3212 3965 sic
3250 3928 3308 3967 se
3337 3915 3483 3967 novit
3529 3915 3839 3984 minorem,

2242 4001 2363 4071 quia
2379 4000 2593 4054 Verbum
2619 4017 2741 4055 caro
2769 4000 2991 4055 Factum
3016 4012 3106 4069 est,
3140 4012 3185 4057 et
3212 4003 3450 4058 habitavit
3475 4005 3528 4059 in
3553 4007 3697 4061 nobis
3724 4008 3837 4079 (Id.

2243 4107 2293 4157 ι,
2330 4092 2441 4161 14).
2476 4091 2595 4145 Non
2641 4094 2871 4162 rapinam
2902 4094 3173 4149 arbitratus
3201 4106 3274 4149 est
3318 4113 3425 4151 esse
3451 4100 3665 4168 aqualis
3703 4100 3837 4155 Deo.

2242 4182 2437 4237 Natura
2468 4185 2606 4238 cnim
2638 4194 2790 4251 erat,
2820 4203 2927 4240 non
2971 4188 3155 4256 rapina
3181 4206 3193 4240 :
3219 4204 3326 4243 non
3372 4191 3512 4245 enim
3561 4194 3844 4262 usurpavit

2242 4277 2364 4340 hoc,
2392 4277 2486 4332 sed
2513 4286 2666 4331 natus
2690 4287 2772 4334 est
2799 4279 2919 4334 hoc.
2944 4278 3321 4336 Verumtamen
3346 4285 3664 4353 semetipsum
3691 4288 3843 4340 earin-

2241 4368 2415 4431 anivit,
2438 4372 2657 4438 formam
2676 4370 2804 4423 servi
2821 4371 3075 4440 accipiens
3099 4388 3118 4425 :
3140 4374 3400 4443 agnovisti
3422 4376 3700 4444 aequalem,
3720 4377 3841 4446 jam

2241 4457 2414 4526 incipe
2443 4474 2734 4527 agnoscere
2756 4461 3021 4515 minorem
3050 4479 3063 4515 :
3089 4466 3307 4534 formam
3334 4467 3461 4519 servi
3480 4469 3759 4536 accipiens,
3786 4471 3842 4524 in

2240 4552 2617 4605 similitudinem
2664 4554 2921 4607 hominum
2963 4558 3166 4625 factus,
3197 4566 3246 4611 ct
3288 4558 3463 4613 habitu
3509 4559 3744 4617 inventus
3785 4572 3842 4616 ut

2240 4644 2389 4697 homo
2422 4642 2678 4715 (Philipp,
2712 4662 2768 4712 ιι,
2798 4646 2851 4711 6,
2880 4647 2955 4717 7).
2986 4646 3126 4703 Ecce
3168 4664 3272 4718 qua
3314 4648 3487 4705 forma
3535 4653 3712 4721 major
3754 4664 3837 4709 est

2240 4736 2698 4793 Pater:disccrnc
2745 4739 3199 4809 dispensationem
3255 4746 3487 4815 suscepti
3538 4746 3778 4804 hominis
3808 4766 3839 4803 a

2238 4838 2487 4883 manente
2529 4830 2903 4886 immortaliter
2946 4832 3262 4899 divinitate,
3295 4845 3349 4891 et
3398 4852 3504 4892 non
3562 4854 3717 4893 erras
3783 4843 3837 4895 in

2236 4920 2432 4984 verbis,
2461 4938 2580 4990 qua:
2622 4922 2844 4977 multum
2871 4940 3019 4979 amas
3046 4924 3249 4991 dicere,
3279 4936 3333 4982 et
3362 4943 3424 4983 ea
3456 4945 3561 4984 non
3589 4930 3839 5000 dignaris

2234 5029 2443 5081 sapere.
2478 5014 2736 5069 Proﬁteor
2760 5025 2960 5081 autem,
2986 5018 3122 5072 sicut
3150 5020 3284 5074 dicis
3312 5021 3523 5078 Patrem
3557 5024 3837 5091 innatum,

2235 5102 2424 5158 Filium
2457 5113 2659 5159 natum.
2694 5105 2798 5161 Sed
2828 5122 2930 5161 non
2960 5108 3081 5163 ideo
3108 5119 3233 5165 sunt
3256 5111 3482 5167 diversa:
3511 5124 3723 5169 natura:
3752 5126 3840 5171 at-

2233 5214 2337 5268 que
2365 5197 2695 5264 substantizn,
2719 5198 2841 5268 quia
2872 5199 2961 5254 ille
2984 5215 3090 5255 non
3122 5212 3279 5256 natus
3304 5213 3403 5267 est,
3430 5204 3516 5259 ille
3540 5216 3701 5260 natus
3724 5218 3838 5262 est.

2233 5289 2445 5345 Etenim
2490 5289 2535 5344 si
2567 5298 2719 5345 natus
2746 5299 2827 5344 cst
2849 5332 2863 5356 ,
2898 5291 3062 5347 Filius
3099 5302 3180 5349 est
3204 5310 3219 5347 :
3245 5294 3289 5347 si
3317 5293 3481 5350 Filius
3511 5306 3630 5362 est,
3664 5312 3841 5353 verus

2233 5384 2398 5439 Filius
2422 5394 2523 5451 est,
2543 5384 2664 5454 quia
2692 5384 2993 5455 unigenitus
3013 5396 3113 5441 est.
3137 5370 3267 5442 Nam
3289 5396 3343 5442 et
3369 5405 3466 5443 nos
3486 5389 3611 5444 dicti
3636 5406 3841 5449 sumus

2235 5476 2328 5529 ﬁlii
2353 5494 2366 5529 :
2391 5475 2485 5530 sed
2507 5476 2763 5545 numquid
2785 5476 3040 5546 unigeniti
3062 5492 3245 5531 sumus
3267 5486 3345 5532 tot
3371 5479 3505 5532 ﬁlii?
3531 5480 3705 5535 Aliter
3731 5482 3835 5538 ille

2233 5570 2399 5626 Filius
2425 5571 2723 5640 unigenitus
2748 5586 2760 5621 :
2787 5570 2875 5625 ille
2924 5556 3305 5625 natura-Filius
3324 5612 3339 5637 ,
3368 5588 3465 5626 nos
3489 5575 3657 5642 gratia
3686 5574 3793 5629 ﬁlii
3822 5594 3836 5629 :

2232 5661 2322 5717 ille
2360 5661 2661 5731 unigenitus
2688 5660 2755 5715 de
2783 5660 2941 5715 Patre
2984 5671 3135 5715 natus
3159 5701 3174 5726 ,
3210 5662 3311 5716 hoc
3346 5672 3429 5717 est
3471 5663 3611 5731 quod
3660 5664 3840 5720 Pater

2233 5753 2523 5808 secundum
2552 5760 2816 5815 naturam,
2845 5750 3139 5805 secundum
3185 5752 3555 5806 substantiam.
3582 5753 3682 5818 Qui
3727 5770 3840 5809 au-

2235 5855 2338 5900 tem
2370 5844 2496 5899 dicit
2521 5859 2640 5899 cum
2674 5850 2955 5912 propterea
2979 5842 3099 5912 quia
3129 5852 3283 5898 natus
3307 5852 3422 5910 est,
3455 5843 3574 5898 ideo
3598 5844 3842 5901 alterius
