  <div class='ocr_page' id='page_1' title='image "/cluster/home/n/w/nwhite01/storage/ocr_20150623/42/hvd.32044015471493/366.png"; bbox 0 0 4042 6434; ppageno 0'>
   <div class='ocr_carea' id='block_1_1' title="bbox 237 290 1799 361">
    <p class='ocr_par' dir='ltr' id='par_1_1' title="bbox 237 294 1799 361">
     <span class='ocr_line' id='line_1_1' title="bbox 237 294 1799 361; baseline -0.006 0"><span class='ocrx_word' id='word_1_1' title='bbox 237 305 323 361; x_wconf 73' lang='grc'><strong>721</strong></span> <span class='ocrx_word' id='word_1_2' title='bbox 1045 299 1312 360; x_wconf 77' lang='lat' dir='ltr'><strong>COLLAT</strong></span> <span class='ocrx_word' id='word_1_3' title='bbox 1313 297 1380 355; x_wconf 87' lang='grc'><strong>10</strong></span> <span class='ocrx_word' id='word_1_4' title='bbox 1416 294 1558 354; x_wconf 84' lang='lat' dir='ltr'><strong>CUM</strong></span> <span class='ocrx_word' id='word_1_5' title='bbox 1596 294 1799 353; x_wconf 56' lang='lat' dir='ltr'><strong>MAXIM</strong></span> 
     </span>
    </p>
   </div>
   <div class='ocr_carea' id='block_1_2' title="bbox 1904 290 2762 361">
    <p class='ocr_par' dir='ltr' id='par_1_2' title="bbox 1904 296 2762 360">
     <span class='ocr_line' id='line_1_2' title="bbox 1904 296 2762 360; baseline 0.003 -9"><span class='ocrx_word' id='word_1_6' title='bbox 1904 296 1934 352; x_wconf 61' lang='grc' dir='ltr'><em>ὓ</em></span> <span class='ocrx_word' id='word_1_7' title='bbox 1975 297 2377 358; x_wconf 81' lang='lat' dir='ltr'><strong>ARIANORUM</strong></span> <span class='ocrx_word' id='word_1_8' title='bbox 2418 300 2762 360; x_wconf 84' lang='lat' dir='ltr'><strong>EPISCOPO.</strong></span> 
     </span>
    </p>
   </div>
   <div class='ocr_carea' id='block_1_3' title="bbox 231 414 1792 487">
    <p class='ocr_par' dir='ltr' id='par_1_3' title="bbox 231 414 1792 487">
     <span class='ocr_line' id='line_1_3' title="bbox 231 414 1792 487; baseline -0.007 -12"><span class='ocrx_word' id='word_1_9' title='bbox 231 434 341 476; x_wconf 82' lang='lat' dir='ltr'><strong>esse</strong></span> <span class='ocrx_word' id='word_1_10' title='bbox 383 424 603 482; x_wconf 69' lang='lat' dir='ltr'><strong>natum,</strong></span> <span class='ocrx_word' id='word_1_11' title='bbox 653 423 810 487; x_wconf 89' lang='lat' dir='ltr'><strong>negat</strong></span> <span class='ocrx_word' id='word_1_12' title='bbox 843 430 1028 470; x_wconf 80' lang='lat' dir='ltr'><strong>verum</strong></span> <span class='ocrx_word' id='word_1_13' title='bbox 1073 414 1258 470; x_wconf 85' lang='lat' dir='ltr'><strong>lilium.</strong></span> <span class='ocrx_word' id='word_1_14' title='bbox 1309 414 1574 468; x_wconf 79' lang='lat' dir='ltr'><strong>Habemus</strong></span> <span class='ocrx_word' id='word_1_15' title='bbox 1616 421 1792 465; x_wconf 88' lang='lat' dir='ltr'><strong>autem</strong></span> 
     </span>
    </p>
   </div>
   <div class='ocr_carea' id='block_1_4' title="bbox 233 506 1796 584">
    <p class='ocr_par' dir='ltr' id='par_1_4' title="bbox 233 506 1796 584">
     <span class='ocr_line' id='line_1_4' title="bbox 233 506 1796 584; baseline -0.008 -15"><span class='ocrx_word' id='word_1_16' title='bbox 233 515 547 584; x_wconf 84' lang='lat' dir='ltr'><strong>Scripwram</strong></span> <span class='ocrx_word' id='word_1_17' title='bbox 576 531 588 566; x_wconf 91' lang='lat'>:</span> <span class='ocrx_word' id='word_1_18' title='bbox 615 511 684 567; x_wconf 89' lang='lat' dir='ltr'><strong>Ut</strong></span> <span class='ocrx_word' id='word_1_19' title='bbox 711 511 866 564; x_wconf 87' lang='lat' dir='ltr'><strong>simus</strong></span> <span class='ocrx_word' id='word_1_20' title='bbox 895 511 946 564; x_wconf 90' lang='lat' dir='ltr'><strong>iu</strong></span> <span class='ocrx_word' id='word_1_21' title='bbox 976 526 1089 564; x_wconf 81' lang='lat' dir='ltr'><strong>vero</strong></span> <span class='ocrx_word' id='word_1_22' title='bbox 1122 509 1257 564; x_wconf 85' lang='lat' dir='ltr'><strong>Filio</strong></span> <span class='ocrx_word' id='word_1_23' title='bbox 1287 509 1396 579; x_wconf 88' lang='lat' dir='ltr'><strong>ejus</strong></span> <span class='ocrx_word' id='word_1_24' title='bbox 1425 507 1549 562; x_wconf 83' lang='lat' dir='ltr'><strong>Jesu</strong></span> <span class='ocrx_word' id='word_1_25' title='bbox 1575 506 1796 569; x_wconf 82' lang='lat' dir='ltr'><strong>Christo;</strong></span> 
     </span>
    </p>
   </div>
   <div class='ocr_carea' id='block_1_5' title="bbox 230 596 1798 677">
    <p class='ocr_par' dir='ltr' id='par_1_5' title="bbox 230 596 1798 677">
     <span class='ocr_line' id='line_1_5' title="bbox 230 596 1798 677; baseline -0.006 -18"><span class='ocrx_word' id='word_1_26' title='bbox 230 607 326 677; x_wconf 82' lang='lat' dir='ltr'><strong>ipse</strong></span> <span class='ocrx_word' id='word_1_27' title='bbox 343 614 410 659; x_wconf 82' lang='lat' dir='ltr'><strong>est</strong></span> <span class='ocrx_word' id='word_1_28' title='bbox 435 601 571 658; x_wconf 85' lang='lat' dir='ltr'><strong>Deus</strong></span> <span class='ocrx_word' id='word_1_29' title='bbox 596 620 739 658; x_wconf 85' lang='lat' dir='ltr'><strong>verus</strong></span> <span class='ocrx_word' id='word_1_30' title='bbox 765 613 809 656; x_wconf 90' lang='lat' dir='ltr'><strong>et</strong></span> <span class='ocrx_word' id='word_1_31' title='bbox 831 603 932 658; x_wconf 83' lang='lat' dir='ltr'><strong>uita</strong></span> <span class='ocrx_word' id='word_1_32' title='bbox 951 611 1137 657; x_wconf 70' lang='lat' dir='ltr'><strong>(eterna</strong></span> <span class='ocrx_word' id='word_1_33' title='bbox 1160 601 1201 673; x_wconf 93' lang='grc'><strong>(1</strong></span> <span class='ocrx_word' id='word_1_34' title='bbox 1225 599 1259 653; x_wconf 89' lang='grc'><strong>.1</strong></span> <span class='ocrx_word' id='word_1_35' title='bbox 1265 617 1382 654; x_wconf 82' lang='grc' dir='ltr'><strong>οαη.</strong></span> <span class='ocrx_word' id='word_1_36' title='bbox 1411 615 1464 665; x_wconf 81' lang='lat' dir='ltr'><strong>v,</strong></span> <span class='ocrx_word' id='word_1_37' title='bbox 1487 597 1599 667; x_wconf 72' lang='lat'><strong>20).</strong></span> <span class='ocrx_word' id='word_1_38' title='bbox 1623 596 1798 664; x_wconf 90' lang='lat' dir='ltr'><strong>Quare</strong></span> 
     </span>
    </p>
   </div>
   <div class='ocr_carea' id='block_1_6' title="bbox 230 688 1799 764">
    <p class='ocr_par' dir='ltr' id='par_1_6' title="bbox 230 688 1799 764">
     <span class='ocr_line' id='line_1_6' title="bbox 230 688 1799 764; baseline -0.006 -12"><span class='ocrx_word' id='word_1_39' title='bbox 230 713 358 752; x_wconf 74' lang='lat' dir='ltr'><strong>rarus</strong></span> <span class='ocrx_word' id='word_1_40' title='bbox 386 695 568 750; x_wconf 81' lang='lat' dir='ltr'><strong>Deus?</strong></span> <span class='ocrx_word' id='word_1_41' title='bbox 595 694 727 764; x_wconf 89' lang='lat' dir='ltr'><strong>Quia</strong></span> <span class='ocrx_word' id='word_1_42' title='bbox 754 710 913 750; x_wconf 88' lang='lat' dir='ltr'><strong>verus</strong></span> <span class='ocrx_word' id='word_1_43' title='bbox 939 693 1229 748; x_wconf 89' lang='lat' dir='ltr'><strong>DeiFilius.</strong></span> <span class='ocrx_word' id='word_1_44' title='bbox 1247 691 1301 748; x_wconf 89' lang='lat' dir='ltr'><strong>Si</strong></span> <span class='ocrx_word' id='word_1_45' title='bbox 1320 692 1461 747; x_wconf 91' lang='lat' dir='ltr'><strong>enim</strong></span> <span class='ocrx_word' id='word_1_46' title='bbox 1483 688 1799 744; x_wconf 81' lang='lat' dir='ltr'><strong>animalibus</strong></span> 
     </span>
    </p>
   </div>
   <div class='ocr_carea' id='block_1_7' title="bbox 227 783 1795 860">
    <p class='ocr_par' dir='ltr' id='par_1_7' title="bbox 227 783 1795 860">
     <span class='ocr_line' id='line_1_7' title="bbox 227 783 1795 860; baseline -0.006 -14"><span class='ocrx_word' id='word_1_47' title='bbox 227 790 353 847; x_wconf 88' lang='lat' dir='ltr'><strong>dedit</strong></span> <span class='ocrx_word' id='word_1_48' title='bbox 371 799 426 844; x_wconf 91' lang='lat' dir='ltr'><strong>ut</strong></span> <span class='ocrx_word' id='word_1_49' title='bbox 452 804 560 844; x_wconf 92' lang='lat' dir='ltr'><strong>non</strong></span> <span class='ocrx_word' id='word_1_50' title='bbox 586 797 842 860; x_wconf 89' lang='lat' dir='ltr'><strong>generent</strong></span> <span class='ocrx_word' id='word_1_51' title='bbox 867 789 966 842; x_wconf 85' lang='lat' dir='ltr'><strong>nisi</strong></span> <span class='ocrx_word' id='word_1_52' title='bbox 991 787 1130 858; x_wconf 90' lang='lat' dir='ltr'><strong>quod</strong></span> <span class='ocrx_word' id='word_1_53' title='bbox 1149 797 1310 853; x_wconf 89' lang='lat' dir='ltr'><strong>sunt;</strong></span> <span class='ocrx_word' id='word_1_54' title='bbox 1340 786 1501 840; x_wconf 91' lang='lat' dir='ltr'><strong>homo</strong></span> <span class='ocrx_word' id='word_1_55' title='bbox 1528 783 1795 839; x_wconf 83' lang='lat' dir='ltr'><strong>hominem</strong></span> 
     </span>
    </p>
   </div>
   <div class='ocr_carea' id='block_1_8' title="bbox 225 873 1798 955">
    <p class='ocr_par' dir='ltr' id='par_1_8' title="bbox 225 873 1798 955">
     <span class='ocr_line' id='line_1_8' title="bbox 225 873 1798 955; baseline -0.007 -16"><span class='ocrx_word' id='word_1_56' title='bbox 225 887 452 955; x_wconf 78' lang='lat' dir='ltr'><strong>generat,</strong></span> <span class='ocrx_word' id='word_1_57' title='bbox 480 883 631 938; x_wconf 91' lang='lat' dir='ltr'><strong>canis</strong></span> <span class='ocrx_word' id='word_1_58' title='bbox 660 896 867 947; x_wconf 90' lang='lat' dir='ltr'><strong>canem,</strong></span> <span class='ocrx_word' id='word_1_59' title='bbox 898 889 952 935; x_wconf 92' lang='lat' dir='ltr'><strong>et</strong></span> <span class='ocrx_word' id='word_1_60' title='bbox 982 880 1121 935; x_wconf 89' lang='lat' dir='ltr'><strong>Deus</strong></span> <span class='ocrx_word' id='word_1_61' title='bbox 1167 880 1332 934; x_wconf 91' lang='lat' dir='ltr'><strong>Deum</strong></span> <span class='ocrx_word' id='word_1_62' title='bbox 1395 893 1503 932; x_wconf 91' lang='lat' dir='ltr'><strong>non</strong></span> <span class='ocrx_word' id='word_1_63' title='bbox 1555 873 1798 946; x_wconf 77' lang='lat' dir='ltr'><strong>general?</strong></span> 
     </span>
    </p>
   </div>
   <div class='ocr_carea' id='block_1_9' title="bbox 225 963 1800 1045">
    <p class='ocr_par' dir='ltr' id='par_1_9' title="bbox 225 963 1800 1045">
     <span class='ocr_line' id='line_1_9' title="bbox 225 963 1800 1045; baseline -0.007 -15"><span class='ocrx_word' id='word_1_64' title='bbox 225 977 273 1031; x_wconf 88' lang='lat' dir='ltr'><strong>Si</strong></span> <span class='ocrx_word' id='word_1_65' title='bbox 293 990 416 1045; x_wconf 86' lang='lat' dir='ltr'><strong>ergo</strong></span> <span class='ocrx_word' id='word_1_66' title='bbox 442 973 684 1044; x_wconf 87' lang='lat' dir='ltr'><strong>ejusdem</strong></span> <span class='ocrx_word' id='word_1_67' title='bbox 715 972 1023 1027; x_wconf 71' lang='lat' dir='ltr'><strong>substantia:</strong></span> <span class='ocrx_word' id='word_1_68' title='bbox 1044 980 1145 1036; x_wconf 88' lang='lat' dir='ltr'><strong>est,</strong></span> <span class='ocrx_word' id='word_1_69' title='bbox 1172 985 1337 1042; x_wconf 89' lang='lat' dir='ltr'><strong>quare</strong></span> <span class='ocrx_word' id='word_1_70' title='bbox 1357 969 1492 1023; x_wconf 93' lang='lat' dir='ltr'><strong>dicis</strong></span> <span class='ocrx_word' id='word_1_71' title='bbox 1513 963 1800 1022; x_wconf 79' lang='lat' dir='ltr'><strong>minorem?</strong></span> 
     </span>
    </p>
   </div>
   <div class='ocr_carea' id='block_1_10' title="bbox 228 1056 1797 1136">
    <p class='ocr_par' dir='ltr' id='par_1_10' title="bbox 228 1056 1797 1136">
     <span class='ocr_line' id='line_1_10' title="bbox 228 1056 1797 1136; baseline -0.009 -14"><span class='ocrx_word' id='word_1_72' title='bbox 228 1068 302 1122; x_wconf 79' lang='lat' dir='ltr'><strong>An</strong></span> <span class='ocrx_word' id='word_1_73' title='bbox 329 1065 506 1132; x_wconf 86' lang='lat' dir='ltr'><strong>forte,</strong></span> <span class='ocrx_word' id='word_1_74' title='bbox 539 1065 660 1136; x_wconf 90' lang='lat' dir='ltr'><strong>quia</strong></span> <span class='ocrx_word' id='word_1_75' title='bbox 707 1064 870 1118; x_wconf 87' lang='lat' dir='ltr'><strong>homo</strong></span> <span class='ocrx_word' id='word_1_76' title='bbox 911 1071 1062 1133; x_wconf 89' lang='lat' dir='ltr'><strong>pater</strong></span> <span class='ocrx_word' id='word_1_77' title='bbox 1103 1060 1317 1133; x_wconf 89' lang='lat' dir='ltr'><strong>quando</strong></span> <span class='ocrx_word' id='word_1_78' title='bbox 1354 1066 1572 1131; x_wconf 76' lang='lat' dir='ltr'><strong>generat</strong></span> <span class='ocrx_word' id='word_1_79' title='bbox 1610 1056 1797 1122; x_wconf 83' lang='lat' dir='ltr'><strong>lilium,</strong></span> 
     </span>
    </p>
   </div>
   <div class='ocr_carea' id='block_1_11' title="bbox 223 1148 1798 1226">
    <p class='ocr_par' dir='ltr' id='par_1_11' title="bbox 223 1148 1798 1226">
     <span class='ocr_line' id='line_1_11' title="bbox 223 1148 1798 1226; baseline -0.009 -11"><span class='ocrx_word' id='word_1_80' title='bbox 223 1160 309 1215; x_wconf 85' lang='lat' dir='ltr'><strong>etsi</strong></span> <span class='ocrx_word' id='word_1_81' title='bbox 339 1159 502 1214; x_wconf 89' lang='lat' dir='ltr'><strong>homo</strong></span> <span class='ocrx_word' id='word_1_82' title='bbox 534 1157 805 1211; x_wconf 84' lang='lat' dir='ltr'><strong>hominem</strong></span> <span class='ocrx_word' id='word_1_83' title='bbox 833 1165 1086 1226; x_wconf 90' lang='lat' dir='ltr'><strong>generat,</strong></span> <span class='ocrx_word' id='word_1_84' title='bbox 1117 1163 1295 1208; x_wconf 88' lang='lat' dir='ltr'><strong>tamen</strong></span> <span class='ocrx_word' id='word_1_85' title='bbox 1339 1151 1510 1220; x_wconf 87' lang='lat' dir='ltr'><strong>major</strong></span> <span class='ocrx_word' id='word_1_86' title='bbox 1534 1148 1798 1204; x_wconf 90' lang='lat' dir='ltr'><strong>minorem</strong></span> 
     </span>
    </p>
   </div>
   <div class='ocr_carea' id='block_1_12' title="bbox 221 1243 1798 1322">
    <p class='ocr_par' dir='ltr' id='par_1_12' title="bbox 221 1243 1798 1322">
     <span class='ocr_line' id='line_1_12' title="bbox 221 1243 1798 1322; baseline -0.008 -17"><span class='ocrx_word' id='word_1_87' title='bbox 221 1252 462 1322; x_wconf 85' lang='lat' dir='ltr'><strong>generat?</strong></span> <span class='ocrx_word' id='word_1_88' title='bbox 489 1250 876 1320; x_wconf 86' lang='lat' dir='ltr'><strong>Exspectemus</strong></span> <span class='ocrx_word' id='word_1_89' title='bbox 901 1262 1028 1318; x_wconf 89' lang='lat' dir='ltr'><strong>ergo</strong></span> <span class='ocrx_word' id='word_1_90' title='bbox 1058 1257 1116 1300; x_wconf 91' lang='lat' dir='ltr'><strong>ut</strong></span> <span class='ocrx_word' id='word_1_91' title='bbox 1141 1253 1348 1300; x_wconf 80' lang='lat' dir='ltr'><strong>crescat</strong></span> <span class='ocrx_word' id='word_1_92' title='bbox 1366 1243 1634 1308; x_wconf 86' lang='lat' dir='ltr'><strong>Christus,</strong></span> <span class='ocrx_word' id='word_1_93' title='bbox 1663 1253 1798 1310; x_wconf 87' lang='lat' dir='ltr'><strong>quo-</strong></span> 
     </span>
    </p>
   </div>
   <div class='ocr_carea' id='block_1_13' title="bbox 224 1333 1798 1414">
    <p class='ocr_par' dir='ltr' id='par_1_13' title="bbox 224 1333 1798 1414">
     <span class='ocr_line' id='line_1_13' title="bbox 224 1333 1798 1414; baseline -0.006 -14"><span class='ocrx_word' id='word_1_94' title='bbox 224 1344 368 1400; x_wconf 91' lang='lat' dir='ltr'><strong>modo</strong></span> <span class='ocrx_word' id='word_1_95' title='bbox 413 1354 664 1399; x_wconf 87' lang='lat' dir='ltr'><strong>crescunt</strong></span> <span class='ocrx_word' id='word_1_96' title='bbox 694 1343 945 1400; x_wconf 87' lang='lat' dir='ltr'><strong>homines</strong></span> <span class='ocrx_word' id='word_1_97' title='bbox 973 1357 1106 1414; x_wconf 91' lang='lat' dir='ltr'><strong>quos</strong></span> <span class='ocrx_word' id='word_1_98' title='bbox 1149 1352 1406 1413; x_wconf 76' lang='lat' dir='ltr'><strong>generant</strong></span> <span class='ocrx_word' id='word_1_99' title='bbox 1450 1339 1714 1394; x_wconf 90' lang='lat' dir='ltr'><strong>homines.</strong></span> <span class='ocrx_word' id='word_1_100' title='bbox 1741 1333 1798 1392; x_wconf 94' lang='lat' dir='ltr'><strong>Si</strong></span> 
     </span>
    </p>
   </div>
   <div class='ocr_carea' id='block_1_14' title="bbox 221 1435 1802 1507">
    <p class='ocr_par' dir='ltr' id='par_1_14' title="bbox 221 1435 1802 1507">
     <span class='ocr_line' id='line_1_14' title="bbox 221 1435 1802 1507; baseline -0.004 -16"><span class='ocrx_word' id='word_1_101' title='bbox 221 1450 382 1493; x_wconf 87' lang='lat' dir='ltr'><strong>autem</strong></span> <span class='ocrx_word' id='word_1_102' title='bbox 411 1437 660 1492; x_wconf 83' lang='lat' dir='ltr'><strong>Christus</strong></span> <span class='ocrx_word' id='word_1_103' title='bbox 685 1454 749 1493; x_wconf 88' lang='lat' dir='ltr'><strong>ex</strong></span> <span class='ocrx_word' id='word_1_104' title='bbox 771 1453 877 1507; x_wconf 88' lang='lat' dir='ltr'><strong>quo</strong></span> <span class='ocrx_word' id='word_1_105' title='bbox 899 1445 1054 1492; x_wconf 92' lang='lat' dir='ltr'><strong>natus</strong></span> <span class='ocrx_word' id='word_1_106' title='bbox 1074 1445 1176 1502; x_wconf 89' lang='lat' dir='ltr'><strong>est,</strong></span> <span class='ocrx_word' id='word_1_107' title='bbox 1205 1435 1345 1506; x_wconf 92' lang='lat' dir='ltr'><strong>quod</strong></span> <span class='ocrx_word' id='word_1_108' title='bbox 1374 1449 1480 1489; x_wconf 93' lang='lat' dir='ltr'><strong>non</strong></span> <span class='ocrx_word' id='word_1_109' title='bbox 1507 1442 1588 1488; x_wconf 91' lang='lat' dir='ltr'><strong>est</strong></span> <span class='ocrx_word' id='word_1_110' title='bbox 1611 1447 1638 1485; x_wconf 89' lang='lat' dir='ltr'><strong>a</strong></span> <span class='ocrx_word' id='word_1_111' title='bbox 1669 1440 1802 1486; x_wconf 88' lang='lat' dir='ltr'><strong>tem-</strong></span> 
     </span>
    </p>
   </div>
   <div class='ocr_carea' id='block_1_15' title="bbox 223 1528 1799 1599">
    <p class='ocr_par' dir='ltr' id='par_1_15' title="bbox 223 1528 1799 1599">
     <span class='ocr_line' id='line_1_15' title="bbox 223 1528 1799 1599; baseline -0.003 -17"><span class='ocrx_word' id='word_1_112' title='bbox 223 1544 354 1599; x_wconf 88' lang='lat' dir='ltr'><strong>pore,</strong></span> <span class='ocrx_word' id='word_1_113' title='bbox 381 1528 477 1583; x_wconf 89' lang='lat' dir='ltr'><strong>sed</strong></span> <span class='ocrx_word' id='word_1_114' title='bbox 505 1529 573 1584; x_wconf 90' lang='lat' dir='ltr'><strong>ab</strong></span> <span class='ocrx_word' id='word_1_115' title='bbox 619 1530 914 1584; x_wconf 70' lang='lat' dir='ltr'><strong>mternitate</strong></span> <span class='ocrx_word' id='word_1_116' title='bbox 933 1570 947 1593; x_wconf 95' lang='lat'><strong>,</strong></span> <span class='ocrx_word' id='word_1_117' title='bbox 978 1528 1116 1598; x_wconf 88' lang='lat' dir='ltr'><strong>quod</strong></span> <span class='ocrx_word' id='word_1_118' title='bbox 1145 1536 1228 1583; x_wconf 91' lang='lat' dir='ltr'><strong>est</strong></span> <span class='ocrx_word' id='word_1_119' title='bbox 1264 1528 1365 1582; x_wconf 90' lang='lat' dir='ltr'><strong>hoc</strong></span> <span class='ocrx_word' id='word_1_120' title='bbox 1400 1535 1516 1591; x_wconf 92' lang='lat' dir='ltr'><strong>est,</strong></span> <span class='ocrx_word' id='word_1_121' title='bbox 1544 1535 1598 1580; x_wconf 90' lang='lat' dir='ltr'><strong>et</strong></span> <span class='ocrx_word' id='word_1_122' title='bbox 1622 1535 1799 1579; x_wconf 89' lang='lat' dir='ltr'><strong>tamen</strong></span> 
     </span>
    </p>
   </div>
   <div class='ocr_carea' id='block_1_16' title="bbox 221 1616 1799 1688">
    <p class='ocr_par' dir='ltr' id='par_1_16' title="bbox 221 1616 1799 1688">
     <span class='ocr_line' id='line_1_16' title="bbox 221 1616 1799 1688; baseline -0.003 -15"><span class='ocrx_word' id='word_1_123' title='bbox 221 1622 381 1674; x_wconf 87' lang='lat' dir='ltr'><strong>minor</strong></span> <span class='ocrx_word' id='word_1_124' title='bbox 411 1630 531 1684; x_wconf 89' lang='lat' dir='ltr'><strong>est;</strong></span> <span class='ocrx_word' id='word_1_125' title='bbox 573 1620 764 1675; x_wconf 87' lang='lat' dir='ltr'><strong>melior</strong></span> <span class='ocrx_word' id='word_1_126' title='bbox 791 1629 874 1676; x_wconf 92' lang='lat' dir='ltr'><strong>est</strong></span> <span class='ocrx_word' id='word_1_127' title='bbox 913 1622 1140 1675; x_wconf 87' lang='lat' dir='ltr'><strong>humana</strong></span> <span class='ocrx_word' id='word_1_128' title='bbox 1167 1619 1440 1675; x_wconf 89' lang='lat' dir='ltr'><strong>conditio:</strong></span> <span class='ocrx_word' id='word_1_129' title='bbox 1468 1616 1587 1688; x_wconf 86' lang='lat' dir='ltr'><strong>quia</strong></span> <span class='ocrx_word' id='word_1_130' title='bbox 1639 1617 1799 1670; x_wconf 90' lang='lat' dir='ltr'><strong>homo</strong></span> 
     </span>
    </p>
   </div>
   <div class='ocr_carea' id='block_1_17' title="bbox 219 1709 1800 1782">
    <p class='ocr_par' dir='ltr' id='par_1_17' title="bbox 219 1709 1800 1782">
     <span class='ocr_line' id='line_1_17' title="bbox 219 1709 1800 1782; baseline 0 -20"><span class='ocrx_word' id='word_1_131' title='bbox 219 1713 287 1766; x_wconf 78' lang='lat' dir='ltr'><strong>vel</strong></span> <span class='ocrx_word' id='word_1_132' title='bbox 307 1727 553 1767; x_wconf 88' lang='lat' dir='ltr'><strong>crescere</strong></span> <span class='ocrx_word' id='word_1_133' title='bbox 583 1722 778 1782; x_wconf 86' lang='lat' dir='ltr'><strong>potest,</strong></span> <span class='ocrx_word' id='word_1_134' title='bbox 805 1722 859 1767; x_wconf 92' lang='lat' dir='ltr'><strong>et</strong></span> <span class='ocrx_word' id='word_1_135' title='bbox 886 1712 1172 1782; x_wconf 84' lang='lat' dir='ltr'><strong>aliquando</strong></span> <span class='ocrx_word' id='word_1_136' title='bbox 1193 1711 1374 1767; x_wconf 88' lang='lat' dir='ltr'><strong>venire</strong></span> <span class='ocrx_word' id='word_1_137' title='bbox 1398 1711 1556 1765; x_wconf 88' lang='lat' dir='ltr'><strong>habet</strong></span> <span class='ocrx_word' id='word_1_138' title='bbox 1582 1709 1646 1763; x_wconf 93' lang='lat' dir='ltr'><strong>ad</strong></span> <span class='ocrx_word' id='word_1_139' title='bbox 1669 1719 1800 1763; x_wconf 83' lang='lat' dir='ltr'><strong>aeta-</strong></span> 
     </span>
    </p>
   </div>
   <div class='ocr_carea' id='block_1_18' title="bbox 221 1803 1798 1878">
    <p class='ocr_par' dir='ltr' id='par_1_18' title="bbox 221 1803 1798 1878">
     <span class='ocr_line' id='line_1_18' title="bbox 221 1803 1798 1878; baseline 0 -22"><span class='ocrx_word' id='word_1_140' title='bbox 221 1813 312 1856; x_wconf 87' lang='lat' dir='ltr'><strong>tem</strong></span> <span class='ocrx_word' id='word_1_141' title='bbox 359 1804 530 1873; x_wconf 84' lang='lat' dir='ltr'><strong>patris</strong></span> <span class='ocrx_word' id='word_1_142' title='bbox 561 1805 664 1868; x_wconf 89' lang='lat' dir='ltr'><strong>sui,</strong></span> <span class='ocrx_word' id='word_1_143' title='bbox 713 1804 778 1858; x_wconf 91' lang='lat' dir='ltr'><strong>ad</strong></span> <span class='ocrx_word' id='word_1_144' title='bbox 819 1805 982 1878; x_wconf 80' lang='lat' dir='ltr'><strong>robur</strong></span> <span class='ocrx_word' id='word_1_145' title='bbox 1002 1804 1166 1872; x_wconf 83' lang='lat' dir='ltr'><strong>patris</strong></span> <span class='ocrx_word' id='word_1_146' title='bbox 1193 1805 1305 1867; x_wconf 92' lang='lat' dir='ltr'><strong>sui;</strong></span> <span class='ocrx_word' id='word_1_147' title='bbox 1349 1803 1457 1869; x_wconf 89' lang='lat' dir='ltr'><strong>illc,</strong></span> <span class='ocrx_word' id='word_1_148' title='bbox 1491 1816 1798 1872; x_wconf 88' lang='lat' dir='ltr'><strong>nunquam:</strong></span> 
     </span>
    </p>
   </div>
   <div class='ocr_carea' id='block_1_19' title="bbox 219 1892 1798 1967">
    <p class='ocr_par' dir='ltr' id='par_1_19' title="bbox 219 1892 1798 1967">
     <span class='ocr_line' id='line_1_19' title="bbox 219 1892 1798 1967; baseline -0.001 -20"><span class='ocrx_word' id='word_1_149' title='bbox 219 1893 475 1963; x_wconf 89' lang='lat' dir='ltr'><strong>quomodo</strong></span> <span class='ocrx_word' id='word_1_150' title='bbox 506 1910 665 1950; x_wconf 86' lang='lat' dir='ltr'><strong>verus</strong></span> <span class='ocrx_word' id='word_1_151' title='bbox 693 1894 834 1949; x_wconf 81' lang='lat' dir='ltr'><strong>ﬁlius</strong></span> <span class='ocrx_word' id='word_1_152' title='bbox 866 1893 977 1967; x_wconf 89' lang='lat' dir='ltr'><strong>(a)?</strong></span> <span class='ocrx_word' id='word_1_153' title='bbox 1007 1894 1183 1964; x_wconf 89' lang='lat' dir='ltr'><strong>Usque</strong></span> <span class='ocrx_word' id='word_1_154' title='bbox 1227 1894 1362 1949; x_wconf 90' lang='lat' dir='ltr'><strong>adeo</strong></span> <span class='ocrx_word' id='word_1_155' title='bbox 1389 1901 1564 1947; x_wconf 89' lang='lat' dir='ltr'><strong>autem</strong></span> <span class='ocrx_word' id='word_1_156' title='bbox 1607 1892 1798 1946; x_wconf 87' lang='lat' dir='ltr'><strong>Filium</strong></span> 
     </span>
    </p>
   </div>
   <div class='ocr_carea' id='block_1_20' title="bbox 218 1985 1798 2057">
    <p class='ocr_par' dir='ltr' id='par_1_20' title="bbox 218 1985 1798 2057">
     <span class='ocr_line' id='line_1_20' title="bbox 218 1985 1798 2057; baseline 0 -19"><span class='ocrx_word' id='word_1_157' title='bbox 218 1986 548 2056; x_wconf 79' lang='lat' dir='ltr'><strong>agnoscimus</strong></span> <span class='ocrx_word' id='word_1_158' title='bbox 568 1986 735 2042; x_wconf 87' lang='lat' dir='ltr'><strong>Deum</strong></span> <span class='ocrx_word' id='word_1_159' title='bbox 761 2002 1033 2057; x_wconf 91' lang='lat' dir='ltr'><strong>magnum,</strong></span> <span class='ocrx_word' id='word_1_160' title='bbox 1072 1995 1128 2040; x_wconf 93' lang='lat' dir='ltr'><strong>ut</strong></span> <span class='ocrx_word' id='word_1_161' title='bbox 1170 1985 1312 2040; x_wconf 85' lang='lat' dir='ltr'><strong>Patri</strong></span> <span class='ocrx_word' id='word_1_162' title='bbox 1347 1985 1589 2040; x_wconf 82' lang='lat' dir='ltr'><strong>dicamus</strong></span> <span class='ocrx_word' id='word_1_163' title='bbox 1617 1998 1798 2054; x_wconf 85' lang='lat' dir='ltr'><strong>aequa-</strong></span> 
     </span>
    </p>
   </div>
   <div class='ocr_carea' id='block_1_21' title="bbox 223 2078 1796 2150">
    <p class='ocr_par' dir='ltr' id='par_1_21' title="bbox 223 2078 1796 2150">
     <span class='ocr_line' id='line_1_21' title="bbox 223 2078 1796 2150; baseline 0.001 -19"><span class='ocrx_word' id='word_1_164' title='bbox 223 2079 330 2132; x_wconf 86' lang='lat' dir='ltr'><strong>lem.</strong></span> <span class='ocrx_word' id='word_1_165' title='bbox 371 2078 563 2148; x_wconf 86' lang='lat' dir='ltr'><strong>Itaque</strong></span> <span class='ocrx_word' id='word_1_166' title='bbox 587 2080 704 2134; x_wconf 90' lang='lat' dir='ltr'><strong>sine</strong></span> <span class='ocrx_word' id='word_1_167' title='bbox 729 2095 887 2135; x_wconf 88' lang='lat' dir='ltr'><strong>causa</strong></span> <span class='ocrx_word' id='word_1_168' title='bbox 918 2079 1093 2145; x_wconf 90' lang='lat' dir='ltr'><strong>nobis,</strong></span> <span class='ocrx_word' id='word_1_169' title='bbox 1128 2079 1268 2150; x_wconf 89' lang='lat' dir='ltr'><strong>quod</strong></span> <span class='ocrx_word' id='word_1_170' title='bbox 1292 2079 1442 2133; x_wconf 86' lang='lat' dir='ltr'><strong>valde</strong></span> <span class='ocrx_word' id='word_1_171' title='bbox 1463 2079 1796 2149; x_wconf 88' lang='lat' dir='ltr'><strong>profitemur,</strong></span> 
     </span>
    </p>
   </div>
   <div class='ocr_carea' id='block_1_22' title="bbox 221 2170 1799 2241">
    <p class='ocr_par' dir='ltr' id='par_1_22' title="bbox 221 2170 1799 2241">
     <span class='ocr_line' id='line_1_22' title="bbox 221 2170 1799 2241; baseline 0.001 -18"><span class='ocrx_word' id='word_1_172' title='bbox 221 2170 530 2224; x_wconf 91' lang='lat' dir='ltr'><strong>testimoniis</strong></span> <span class='ocrx_word' id='word_1_173' title='bbox 553 2180 607 2224; x_wconf 92' lang='lat' dir='ltr'><strong>et</strong></span> <span class='ocrx_word' id='word_1_174' title='bbox 636 2171 971 2241; x_wconf 88' lang='lat' dir='ltr'><strong>multiloquio</strong></span> <span class='ocrx_word' id='word_1_175' title='bbox 1004 2171 1230 2241; x_wconf 87' lang='lat' dir='ltr'><strong>probare</strong></span> <span class='ocrx_word' id='word_1_176' title='bbox 1260 2171 1492 2225; x_wconf 84' lang='lat' dir='ltr'><strong>voluisti.</strong></span> <span class='ocrx_word' id='word_1_177' title='bbox 1541 2170 1674 2224; x_wconf 82' lang='lat' dir='ltr'><strong>Dicit</strong></span> <span class='ocrx_word' id='word_1_178' title='bbox 1702 2185 1799 2224; x_wconf 86' lang='lat' dir='ltr'><strong>au-</strong></span> 
     </span>
    </p>
   </div>
   <div class='ocr_carea' id='block_1_23' title="bbox 220 2260 1797 2334">
    <p class='ocr_par' dir='ltr' id='par_1_23' title="bbox 220 2260 1797 2334">
     <span class='ocr_line' id='line_1_23' title="bbox 220 2260 1797 2334; baseline 0.001 -21"><span class='ocrx_word' id='word_1_179' title='bbox 220 2269 330 2326; x_wconf 90' lang='lat' dir='ltr'><strong>tem,</strong></span> <span class='ocrx_word' id='word_1_180' title='bbox 375 2260 546 2314; x_wconf 85' lang='lat' dir='ltr'><strong>Deum</strong></span> <span class='ocrx_word' id='word_1_181' title='bbox 572 2279 737 2316; x_wconf 86' lang='lat' dir='ltr'><strong>meum</strong></span> <span class='ocrx_word' id='word_1_182' title='bbox 779 2272 826 2316; x_wconf 89' lang='lat' dir='ltr'><strong>et</strong></span> <span class='ocrx_word' id='word_1_183' title='bbox 870 2261 1032 2316; x_wconf 90' lang='lat' dir='ltr'><strong>Deum</strong></span> <span class='ocrx_word' id='word_1_184' title='bbox 1070 2272 1288 2316; x_wconf 74' lang='lat' dir='ltr'><strong>uestrum</strong></span> <span class='ocrx_word' id='word_1_185' title='bbox 1329 2261 1506 2334; x_wconf 80' lang='lat' dir='ltr'><strong>(Joau.</strong></span> <span class='ocrx_word' id='word_1_186' title='bbox 1534 2277 1633 2327; x_wconf 83' lang='lat' dir='ltr'><strong>xx,</strong></span> <span class='ocrx_word' id='word_1_187' title='bbox 1667 2261 1797 2330; x_wconf 77' lang='lat'><strong>17);</strong></span> 
     </span>
    </p>
   </div>
   <div class='ocr_carea' id='block_1_24' title="bbox 219 2351 1799 2422">
    <p class='ocr_par' dir='ltr' id='par_1_24' title="bbox 219 2351 1799 2422">
     <span class='ocr_line' id='line_1_24' title="bbox 219 2351 1799 2422; baseline 0 -17"><span class='ocrx_word' id='word_1_188' title='bbox 219 2352 488 2407; x_wconf 87' lang='lat' dir='ltr'><strong>attendens</strong></span> <span class='ocrx_word' id='word_1_189' title='bbox 541 2351 764 2407; x_wconf 88' lang='lat' dir='ltr'><strong>formam</strong></span> <span class='ocrx_word' id='word_1_190' title='bbox 822 2352 1050 2408; x_wconf 89' lang='lat' dir='ltr'><strong>hominis</strong></span> <span class='ocrx_word' id='word_1_191' title='bbox 1109 2353 1160 2408; x_wconf 93' lang='lat' dir='ltr'><strong>iu</strong></span> <span class='ocrx_word' id='word_1_192' title='bbox 1209 2369 1311 2422; x_wconf 81' lang='lat' dir='ltr'><strong>qua</strong></span> <span class='ocrx_word' id='word_1_193' title='bbox 1359 2362 1494 2408; x_wconf 90' lang='lat' dir='ltr'><strong>erat.</strong></span> <span class='ocrx_word' id='word_1_194' title='bbox 1534 2352 1799 2407; x_wconf 74' lang='lat' dir='ltr'><strong>Czcterum</strong></span> 
     </span>
    </p>
   </div>
   <div class='ocr_carea' id='block_1_25' title="bbox 219 2444 1801 2515">
    <p class='ocr_par' dir='ltr' id='par_1_25' title="bbox 219 2444 1801 2515">
     <span class='ocr_line' id='line_1_25' title="bbox 219 2444 1801 2515; baseline 0.003 -21"><span class='ocrx_word' id='word_1_195' title='bbox 219 2453 464 2513; x_wconf 86' lang='lat' dir='ltr'><strong>quantum</strong></span> <span class='ocrx_word' id='word_1_196' title='bbox 495 2446 686 2499; x_wconf 90' lang='lat' dir='ltr'><strong>attinet</strong></span> <span class='ocrx_word' id='word_1_197' title='bbox 714 2445 777 2498; x_wconf 92' lang='lat' dir='ltr'><strong>ad</strong></span> <span class='ocrx_word' id='word_1_198' title='bbox 804 2445 931 2499; x_wconf 91' lang='lat' dir='ltr'><strong>illud</strong></span> <span class='ocrx_word' id='word_1_199' title='bbox 951 2445 1093 2515; x_wconf 91' lang='lat' dir='ltr'><strong>quod</strong></span> <span class='ocrx_word' id='word_1_200' title='bbox 1121 2446 1253 2500; x_wconf 84' lang='lat' dir='ltr'><strong>dixit</strong></span> <span class='ocrx_word' id='word_1_201' title='bbox 1282 2445 1538 2510; x_wconf 83' lang='lat' dir='ltr'><strong>Joannes,</strong></span> <span class='ocrx_word' id='word_1_202' title='bbox 1566 2444 1632 2499; x_wconf 89' lang='lat' dir='ltr'><strong>lu</strong></span> <span class='ocrx_word' id='word_1_203' title='bbox 1658 2447 1801 2514; x_wconf 86' lang='lat' dir='ltr'><strong>priu-</strong></span> 
     </span>
    </p>
   </div>
   <div class='ocr_carea' id='block_1_26' title="bbox 219 2534 1801 2607">
    <p class='ocr_par' dir='ltr' id='par_1_26' title="bbox 219 2534 1801 2607">
     <span class='ocr_line' id='line_1_26' title="bbox 219 2534 1801 2607; baseline 0.004 -24"><span class='ocrx_word' id='word_1_204' title='bbox 219 2534 338 2602; x_wconf 88' lang='lat' dir='ltr'><strong>cipio</strong></span> <span class='ocrx_word' id='word_1_205' title='bbox 360 2545 473 2588; x_wconf 85' lang='lat' dir='ltr'><strong>erat</strong></span> <span class='ocrx_word' id='word_1_206' title='bbox 509 2534 742 2600; x_wconf 84' lang='lat' dir='ltr'><strong>Verbum,</strong></span> <span class='ocrx_word' id='word_1_207' title='bbox 771 2546 817 2589; x_wconf 87' lang='lat' dir='ltr'><strong>ct</strong></span> <span class='ocrx_word' id='word_1_208' title='bbox 851 2534 1062 2590; x_wconf 81' lang='lat' dir='ltr'><strong>Verbum</strong></span> <span class='ocrx_word' id='word_1_209' title='bbox 1090 2545 1196 2589; x_wconf 86' lang='lat' dir='ltr'><strong>erat</strong></span> <span class='ocrx_word' id='word_1_210' title='bbox 1224 2537 1362 2607; x_wconf 85' lang='lat' dir='ltr'><strong>apud</strong></span> <span class='ocrx_word' id='word_1_211' title='bbox 1383 2536 1569 2601; x_wconf 82' lang='lat' dir='ltr'><strong>Deum,</strong></span> <span class='ocrx_word' id='word_1_212' title='bbox 1597 2546 1642 2589; x_wconf 90' lang='lat' dir='ltr'><strong>et</strong></span> <span class='ocrx_word' id='word_1_213' title='bbox 1667 2534 1801 2590; x_wconf 80' lang='lat' dir='ltr'><strong>Deus</strong></span> 
     </span>
    </p>
   </div>
   <div class='ocr_carea' id='block_1_27' title="bbox 218 2627 1798 2701">
    <p class='ocr_par' dir='ltr' id='par_1_27' title="bbox 218 2627 1798 2701">
     <span class='ocr_line' id='line_1_27' title="bbox 218 2627 1798 2701; baseline 0.003 -22"><span class='ocrx_word' id='word_1_214' title='bbox 218 2637 313 2680; x_wconf 80' lang='lat' dir='ltr'><strong>erat</strong></span> <span class='ocrx_word' id='word_1_215' title='bbox 347 2627 573 2682; x_wconf 81' lang='lat' dir='ltr'><strong>Verbum</strong></span> <span class='ocrx_word' id='word_1_216' title='bbox 596 2627 707 2696; x_wconf 85' lang='lat' dir='ltr'><strong>(Id.</strong></span> <span class='ocrx_word' id='word_1_217' title='bbox 743 2646 779 2693; x_wconf 83' lang='grc' dir='ltr'><strong>ι,</strong></span> <span class='ocrx_word' id='word_1_218' title='bbox 815 2629 904 2701; x_wconf 84' lang='lat' dir='ltr'><strong>l);</strong></span> <span class='ocrx_word' id='word_1_219' title='bbox 938 2644 1040 2683; x_wconf 93' lang='lat' dir='ltr'><strong>non</strong></span> <span class='ocrx_word' id='word_1_220' title='bbox 1071 2638 1153 2684; x_wconf 91' lang='lat' dir='ltr'><strong>est</strong></span> <span class='ocrx_word' id='word_1_221' title='bbox 1194 2630 1350 2684; x_wconf 86' lang='lat' dir='ltr'><strong>Pater</strong></span> <span class='ocrx_word' id='word_1_222' title='bbox 1382 2629 1472 2683; x_wconf 91' lang='lat' dir='ltr'><strong>Dei</strong></span> <span class='ocrx_word' id='word_1_223' title='bbox 1504 2629 1662 2696; x_wconf 90' lang='lat' dir='ltr'><strong>Deus,</strong></span> <span class='ocrx_word' id='word_1_224' title='bbox 1705 2628 1798 2684; x_wconf 91' lang='lat' dir='ltr'><strong>sed</strong></span> 
     </span>
    </p>
   </div>
   <div class='ocr_carea' id='block_1_28' title="bbox 221 2717 1800 2792">
    <p class='ocr_par' dir='ltr' id='par_1_28' title="bbox 221 2717 1800 2792">
     <span class='ocr_line' id='line_1_28' title="bbox 221 2717 1800 2792; baseline 0.006 -23"><span class='ocrx_word' id='word_1_225' title='bbox 221 2717 343 2772; x_wconf 77' lang='lat' dir='ltr'><strong>Deus</strong></span> <span class='ocrx_word' id='word_1_226' title='bbox 371 2721 697 2785; x_wconf 87' lang='lat' dir='ltr'><strong>estChristi,</strong></span> <span class='ocrx_word' id='word_1_227' title='bbox 727 2722 848 2792; x_wconf 90' lang='lat' dir='ltr'><strong>quia</strong></span> <span class='ocrx_word' id='word_1_228' title='bbox 871 2722 1114 2778; x_wconf 85' lang='lat' dir='ltr'><strong>Christus</strong></span> <span class='ocrx_word' id='word_1_229' title='bbox 1140 2722 1306 2779; x_wconf 89' lang='lat' dir='ltr'><strong>factus</strong></span> <span class='ocrx_word' id='word_1_230' title='bbox 1328 2731 1410 2777; x_wconf 92' lang='lat' dir='ltr'><strong>est</strong></span> <span class='ocrx_word' id='word_1_231' title='bbox 1437 2722 1617 2776; x_wconf 91' lang='lat' dir='ltr'><strong>homo.</strong></span> <span class='ocrx_word' id='word_1_232' title='bbox 1647 2721 1800 2779; x_wconf 91' lang='lat' dir='ltr'><strong>Unde</strong></span> 
     </span>
    </p>
   </div>
   <div class='ocr_carea' id='block_1_29' title="bbox 218 2812 1802 2881">
    <p class='ocr_par' dir='ltr' id='par_1_29' title="bbox 218 2812 1802 2881">
     <span class='ocr_line' id='line_1_29' title="bbox 218 2812 1802 2881; baseline 0.004 -17"><span class='ocrx_word' id='word_1_233' title='bbox 218 2820 264 2864; x_wconf 85' lang='lat' dir='ltr'><strong>et</strong></span> <span class='ocrx_word' id='word_1_234' title='bbox 287 2812 400 2881; x_wconf 85' lang='lat' dir='ltr'><strong>ipse</strong></span> <span class='ocrx_word' id='word_1_235' title='bbox 422 2813 552 2869; x_wconf 87' lang='lat' dir='ltr'><strong>dicit</strong></span> <span class='ocrx_word' id='word_1_236' title='bbox 579 2814 630 2868; x_wconf 94' lang='lat' dir='ltr'><strong>in</strong></span> <span class='ocrx_word' id='word_1_237' title='bbox 659 2814 907 2879; x_wconf 86' lang='lat' dir='ltr'><strong>Psalmis,</strong></span> <span class='ocrx_word' id='word_1_238' title='bbox 953 2831 1049 2869; x_wconf 92' lang='lat' dir='ltr'><strong>cur</strong></span> <span class='ocrx_word' id='word_1_239' title='bbox 1079 2816 1150 2868; x_wconf 92' lang='lat' dir='ltr'><strong>illi</strong></span> <span class='ocrx_word' id='word_1_240' title='bbox 1197 2816 1264 2871; x_wconf 90' lang='lat' dir='ltr'><strong>sit</strong></span> <span class='ocrx_word' id='word_1_241' title='bbox 1316 2815 1471 2870; x_wconf 85' lang='lat' dir='ltr'><strong>Pater</strong></span> <span class='ocrx_word' id='word_1_242' title='bbox 1516 2816 1692 2870; x_wconf 90' lang='lat' dir='ltr'><strong>Deus:</strong></span> <span class='ocrx_word' id='word_1_243' title='bbox 1723 2814 1802 2870; x_wconf 89' lang='lat' dir='ltr'><strong>De</strong></span> 
     </span>
    </p>
   </div>
   <div class='ocr_carea' id='block_1_30' title="bbox 217 2906 1797 2980">
    <p class='ocr_par' dir='ltr' id='par_1_30' title="bbox 217 2906 1797 2980">
     <span class='ocr_line' id='line_1_30' title="bbox 217 2906 1797 2980; baseline 0.003 -23"><span class='ocrx_word' id='word_1_244' title='bbox 217 2915 370 2959; x_wconf 67' lang='lat' dir='ltr'><strong>ventre</strong></span> <span class='ocrx_word' id='word_1_245' title='bbox 419 2907 596 2960; x_wconf 84' lang='lat' dir='ltr'><strong>matris</strong></span> <span class='ocrx_word' id='word_1_246' title='bbox 644 2923 767 2961; x_wconf 73' lang='lat' dir='ltr'><strong>mete</strong></span> <span class='ocrx_word' id='word_1_247' title='bbox 809 2906 949 2962; x_wconf 87' lang='lat' dir='ltr'><strong>Deus</strong></span> <span class='ocrx_word' id='word_1_248' title='bbox 995 2924 1135 2962; x_wconf 87' lang='lat' dir='ltr'><strong>meus</strong></span> <span class='ocrx_word' id='word_1_249' title='bbox 1179 2925 1230 2961; x_wconf 89' lang='lat' dir='ltr'><strong>es</strong></span> <span class='ocrx_word' id='word_1_250' title='bbox 1258 2917 1310 2961; x_wconf 90' lang='lat' dir='ltr'><strong>tu</strong></span> <span class='ocrx_word' id='word_1_251' title='bbox 1339 2907 1508 2979; x_wconf 83' lang='lat' dir='ltr'><strong>(Psal.</strong></span> <span class='ocrx_word' id='word_1_252' title='bbox 1538 2924 1645 2962; x_wconf 79' lang='lat' dir='ltr'><strong>xxr.</strong></span> <span class='ocrx_word' id='word_1_253' title='bbox 1685 2909 1797 2980; x_wconf 79' lang='grc'><strong>11).</strong></span> 
     </span>
    </p>
   </div>
   <div class='ocr_carea' id='block_1_31' title="bbox 218 2994 1797 3068">
    <p class='ocr_par' dir='ltr' id='par_1_31' title="bbox 218 2994 1797 3068">
     <span class='ocr_line' id='line_1_31' title="bbox 218 2994 1797 3068; baseline 0.005 -21"><span class='ocrx_word' id='word_1_254' title='bbox 218 2994 430 3060; x_wconf 84' lang='lat' dir='ltr'><strong>Quando</strong></span> <span class='ocrx_word' id='word_1_255' title='bbox 459 2997 591 3052; x_wconf 91' lang='lat' dir='ltr'><strong>dicit</strong></span> <span class='ocrx_word' id='word_1_256' title='bbox 615 2997 684 3053; x_wconf 90' lang='lat' dir='ltr'><strong>de</strong></span> <span class='ocrx_word' id='word_1_257' title='bbox 710 3008 895 3052; x_wconf 86' lang='lat' dir='ltr'><strong>ventre</strong></span> <span class='ocrx_word' id='word_1_258' title='bbox 925 2999 1110 3054; x_wconf 88' lang='lat' dir='ltr'><strong>matris</strong></span> <span class='ocrx_word' id='word_1_259' title='bbox 1133 2999 1231 3053; x_wconf 90' lang='lat' dir='ltr'><strong>sibi</strong></span> <span class='ocrx_word' id='word_1_260' title='bbox 1264 3000 1411 3054; x_wconf 83' lang='lat' dir='ltr'><strong>illum</strong></span> <span class='ocrx_word' id='word_1_261' title='bbox 1443 3014 1562 3054; x_wconf 86' lang='lat' dir='ltr'><strong>esse</strong></span> <span class='ocrx_word' id='word_1_262' title='bbox 1607 3001 1797 3068; x_wconf 91' lang='lat' dir='ltr'><strong>Deum,</strong></span> 
     </span>
    </p>
   </div>
   <div class='ocr_carea' id='block_1_32' title="bbox 219 3088 1799 3162">
    <p class='ocr_par' dir='ltr' id='par_1_32' title="bbox 219 3088 1799 3162">
     <span class='ocr_line' id='line_1_32' title="bbox 219 3088 1799 3162; baseline 0.005 -24"><span class='ocrx_word' id='word_1_263' title='bbox 219 3088 445 3143; x_wconf 89' lang='lat' dir='ltr'><strong>ostendit</strong></span> <span class='ocrx_word' id='word_1_264' title='bbox 478 3099 700 3159; x_wconf 81' lang='lat' dir='ltr'><strong>propter</strong></span> <span class='ocrx_word' id='word_1_265' title='bbox 725 3089 826 3144; x_wconf 93' lang='lat' dir='ltr'><strong>hoc</strong></span> <span class='ocrx_word' id='word_1_266' title='bbox 848 3103 969 3144; x_wconf 90' lang='lat' dir='ltr'><strong>esse</strong></span> <span class='ocrx_word' id='word_1_267' title='bbox 1009 3091 1174 3145; x_wconf 90' lang='lat' dir='ltr'><strong>Deum</strong></span> <span class='ocrx_word' id='word_1_268' title='bbox 1216 3089 1427 3146; x_wconf 91' lang='lat' dir='ltr'><strong>Patrem</strong></span> <span class='ocrx_word' id='word_1_269' title='bbox 1470 3091 1625 3153; x_wconf 86' lang='lat' dir='ltr'><strong>Filio,</strong></span> <span class='ocrx_word' id='word_1_270' title='bbox 1677 3093 1799 3162; x_wconf 88' lang='lat' dir='ltr'><strong>quia</strong></span> 
     </span>
    </p>
   </div>
   <div class='ocr_carea' id='block_1_33' title="bbox 219 3177 1802 3254">
    <p class='ocr_par' dir='ltr' id='par_1_33' title="bbox 219 3177 1802 3254">
     <span class='ocr_line' id='line_1_33' title="bbox 219 3177 1802 3254; baseline 0.004 -23"><span class='ocrx_word' id='word_1_271' title='bbox 219 3177 362 3233; x_wconf 85' lang='lat' dir='ltr'><strong>homo</strong></span> <span class='ocrx_word' id='word_1_272' title='bbox 411 3188 496 3234; x_wconf 92' lang='lat' dir='ltr'><strong>est</strong></span> <span class='ocrx_word' id='word_1_273' title='bbox 549 3180 736 3246; x_wconf 84' lang='lat' dir='ltr'><strong>Filius,</strong></span> <span class='ocrx_word' id='word_1_274' title='bbox 773 3180 1066 3236; x_wconf 90' lang='lat' dir='ltr'><strong>secundum</strong></span> <span class='ocrx_word' id='word_1_275' title='bbox 1119 3182 1262 3252; x_wconf 90' lang='lat' dir='ltr'><strong>quod</strong></span> <span class='ocrx_word' id='word_1_276' title='bbox 1317 3183 1472 3238; x_wconf 89' lang='lat' dir='ltr'><strong>Pater</strong></span> <span class='ocrx_word' id='word_1_277' title='bbox 1511 3183 1681 3254; x_wconf 87' lang='lat' dir='ltr'><strong>major</strong></span> <span class='ocrx_word' id='word_1_278' title='bbox 1718 3193 1802 3238; x_wconf 89' lang='lat' dir='ltr'><strong>est</strong></span> 
     </span>
    </p>
   </div>
   <div class='ocr_carea' id='block_1_34' title="bbox 219 3269 1800 3338">
    <p class='ocr_par' dir='ltr' id='par_1_34' title="bbox 219 3269 1800 3338">
     <span class='ocr_line' id='line_1_34' title="bbox 219 3269 1800 3338; baseline 0.004 -15"><span class='ocrx_word' id='word_1_279' title='bbox 219 3269 353 3323; x_wconf 79' lang='lat' dir='ltr'><strong>Filio.</strong></span> <span class='ocrx_word' id='word_1_280' title='bbox 389 3270 547 3326; x_wconf 86' lang='lat' dir='ltr'><strong>Unde</strong></span> <span class='ocrx_word' id='word_1_281' title='bbox 577 3271 726 3338; x_wconf 88' lang='lat' dir='ltr'><strong>dicit,</strong></span> <span class='ocrx_word' id='word_1_282' title='bbox 759 3271 927 3326; x_wconf 84' lang='lat' dir='ltr'><strong>Deum</strong></span> <span class='ocrx_word' id='word_1_283' title='bbox 947 3289 1112 3326; x_wconf 86' lang='lat' dir='ltr'><strong>meum</strong></span> <span class='ocrx_word' id='word_1_284' title='bbox 1137 3283 1182 3326; x_wconf 86' lang='lat' dir='ltr'><strong>et</strong></span> <span class='ocrx_word' id='word_1_285' title='bbox 1215 3273 1376 3328; x_wconf 85' lang='lat' dir='ltr'><strong>Deum</strong></span> <span class='ocrx_word' id='word_1_286' title='bbox 1404 3283 1638 3328; x_wconf 82' lang='lat' dir='ltr'><strong>vestrum.</strong></span> <span class='ocrx_word' id='word_1_287' title='bbox 1675 3273 1800 3331; x_wconf 87' lang='lat' dir='ltr'><strong>Inde</strong></span> 
     </span>
    </p>
   </div>
   <div class='ocr_carea' id='block_1_35' title="bbox 217 3361 1802 3434">
    <p class='ocr_par' dir='ltr' id='par_1_35' title="bbox 217 3361 1802 3434">
     <span class='ocr_line' id='line_1_35' title="bbox 217 3361 1802 3434; baseline 0.004 -20"><span class='ocrx_word' id='word_1_288' title='bbox 217 3371 286 3414; x_wconf 89' lang='lat' dir='ltr'><strong>est</strong></span> <span class='ocrx_word' id='word_1_289' title='bbox 312 3372 363 3416; x_wconf 92' lang='lat' dir='ltr'><strong>et</strong></span> <span class='ocrx_word' id='word_1_290' title='bbox 396 3361 485 3416; x_wconf 89' lang='lat' dir='ltr'><strong>illa</strong></span> <span class='ocrx_word' id='word_1_291' title='bbox 517 3362 780 3432; x_wconf 91' lang='lat' dir='ltr'><strong>subjectio</strong></span> <span class='ocrx_word' id='word_1_292' title='bbox 799 3379 957 3434; x_wconf 90' lang='lat' dir='ltr'><strong>quam</strong></span> <span class='ocrx_word' id='word_1_293' title='bbox 990 3380 1094 3418; x_wconf 93' lang='lat' dir='ltr'><strong>non</strong></span> <span class='ocrx_word' id='word_1_294' title='bbox 1121 3363 1379 3420; x_wconf 90' lang='lat' dir='ltr'><strong>debemus</strong></span> <span class='ocrx_word' id='word_1_295' title='bbox 1400 3366 1581 3420; x_wconf 89' lang='lat' dir='ltr'><strong>mirari</strong></span> <span class='ocrx_word' id='word_1_296' title='bbox 1611 3381 1802 3422; x_wconf 89' lang='lat' dir='ltr'><strong>secun-</strong></span> 
     </span>
    </p>
   </div>
   <div class='ocr_carea' id='block_1_36' title="bbox 217 3453 1798 3528">
    <p class='ocr_par' dir='ltr' id='par_1_36' title="bbox 217 3453 1798 3528">
     <span class='ocr_line' id='line_1_36' title="bbox 217 3453 1798 3528; baseline 0.004 -22"><span class='ocrx_word' id='word_1_297' title='bbox 217 3453 328 3508; x_wconf 90' lang='lat' dir='ltr'><strong>dum</strong></span> <span class='ocrx_word' id='word_1_298' title='bbox 365 3455 646 3510; x_wconf 88' lang='lat' dir='ltr'><strong>hominem</strong></span> <span class='ocrx_word' id='word_1_299' title='bbox 676 3455 934 3511; x_wconf 86' lang='lat' dir='ltr'><strong>redditam</strong></span> <span class='ocrx_word' id='word_1_300' title='bbox 963 3457 1125 3524; x_wconf 88' lang='lat' dir='ltr'><strong>Patri,</strong></span> <span class='ocrx_word' id='word_1_301' title='bbox 1145 3459 1798 3528; x_wconf 83' lang='lat' dir='ltr'><strong>quando,sicutscriptum</strong></span> 
     </span>
    </p>
   </div>
   <div class='ocr_carea' id='block_1_37' title="bbox 220 3550 1800 3623">
    <p class='ocr_par' dir='ltr' id='par_1_37' title="bbox 220 3550 1800 3623">
     <span class='ocr_line' id='line_1_37' title="bbox 220 3550 1800 3623; baseline 0.006 -24"><span class='ocrx_word' id='word_1_302' title='bbox 220 3557 306 3612; x_wconf 83' lang='lat' dir='ltr'><strong>est,</strong></span> <span class='ocrx_word' id='word_1_303' title='bbox 332 3550 500 3603; x_wconf 87' lang='lat' dir='ltr'><strong>etiam</strong></span> <span class='ocrx_word' id='word_1_304' title='bbox 534 3550 841 3618; x_wconf 89' lang='lat' dir='ltr'><strong>parentibus</strong></span> <span class='ocrx_word' id='word_1_305' title='bbox 863 3551 1103 3604; x_wconf 88' lang='lat' dir='ltr'><strong>subditus</strong></span> <span class='ocrx_word' id='word_1_306' title='bbox 1131 3561 1245 3605; x_wconf 90' lang='lat' dir='ltr'><strong>erat</strong></span> <span class='ocrx_word' id='word_1_307' title='bbox 1274 3550 1423 3623; x_wconf 89' lang='lat' dir='ltr'><strong>(Luc.</strong></span> <span class='ocrx_word' id='word_1_308' title='bbox 1453 3553 1638 3621; x_wconf 79' lang='lat' dir='ltr'><strong>u,5t):</strong></span> <span class='ocrx_word' id='word_1_309' title='bbox 1663 3553 1800 3608; x_wconf 90' lang='lat' dir='ltr'><strong>etde</strong></span> 
     </span>
    </p>
   </div>
   <div class='ocr_carea' id='block_1_38' title="bbox 221 3639 1798 3716">
    <p class='ocr_par' dir='ltr' id='par_1_38' title="bbox 221 3639 1798 3716">
     <span class='ocr_line' id='line_1_38' title="bbox 221 3639 1798 3716; baseline 0.004 -24"><span class='ocrx_word' id='word_1_310' title='bbox 221 3639 298 3692; x_wconf 88' lang='lat' dir='ltr'><strong>illo</strong></span> <span class='ocrx_word' id='word_1_311' title='bbox 315 3642 578 3711; x_wconf 89' lang='lat' dir='ltr'><strong>scriptum</strong></span> <span class='ocrx_word' id='word_1_312' title='bbox 609 3651 711 3707; x_wconf 86' lang='lat' dir='ltr'><strong>est,</strong></span> <span class='ocrx_word' id='word_1_313' title='bbox 734 3642 999 3696; x_wconf 80' lang='lat' dir='ltr'><strong>Miuorasti</strong></span> <span class='ocrx_word' id='word_1_314' title='bbox 1025 3660 1136 3696; x_wconf 89' lang='lat' dir='ltr'><strong>eum</strong></span> <span class='ocrx_word' id='word_1_315' title='bbox 1155 3643 1307 3713; x_wconf 86' lang='lat' dir='ltr'><strong>paulo</strong></span> <span class='ocrx_word' id='word_1_316' title='bbox 1323 3645 1488 3698; x_wconf 84' lang='lat' dir='ltr'><strong>minus</strong></span> <span class='ocrx_word' id='word_1_317' title='bbox 1507 3645 1569 3698; x_wconf 91' lang='lat' dir='ltr'><strong>ab</strong></span> <span class='ocrx_word' id='word_1_318' title='bbox 1592 3647 1798 3716; x_wconf 81' lang='lat' dir='ltr'><strong>Angelis</strong></span> 
     </span>
    </p>
   </div>
   <div class='ocr_carea' id='block_1_39' title="bbox 218 3730 1800 3806">
    <p class='ocr_par' dir='ltr' id='par_1_39' title="bbox 218 3730 1800 3806">
     <span class='ocr_line' id='line_1_39' title="bbox 218 3730 1800 3806; baseline 0.005 -23"><span class='ocrx_word' id='word_1_319' title='bbox 218 3730 370 3796; x_wconf 82' lang='lat' dir='ltr'><strong>(Psal.</strong></span> <span class='ocrx_word' id='word_1_320' title='bbox 409 3749 544 3800; x_wconf 84' lang='lat' dir='ltr'><strong>vut,</strong></span> <span class='ocrx_word' id='word_1_321' title='bbox 585 3736 662 3803; x_wconf 80' lang='lat' dir='ltr'><strong>t5).</strong></span> <span class='ocrx_word' id='word_1_322' title='bbox 713 3733 913 3788; x_wconf 83' lang='lat' dir='ltr'><strong>Vellem</strong></span> <span class='ocrx_word' id='word_1_323' title='bbox 961 3743 1137 3788; x_wconf 89' lang='lat' dir='ltr'><strong>autem</strong></span> <span class='ocrx_word' id='word_1_324' title='bbox 1184 3735 1284 3789; x_wconf 90' lang='lat' dir='ltr'><strong>hoc</strong></span> <span class='ocrx_word' id='word_1_325' title='bbox 1325 3736 1485 3790; x_wconf 82' lang='lat' dir='ltr'><strong>etiam</strong></span> <span class='ocrx_word' id='word_1_326' title='bbox 1534 3736 1800 3806; x_wconf 89' lang='lat' dir='ltr'><strong>aliquibus</strong></span> 
     </span>
    </p>
   </div>
   <div class='ocr_carea' id='block_1_40' title="bbox 220 3822 1802 3898">
    <p class='ocr_par' dir='ltr' id='par_1_40' title="bbox 220 3822 1802 3898">
     <span class='ocr_line' id='line_1_40' title="bbox 220 3822 1802 3898; baseline 0.003 -20"><span class='ocrx_word' id='word_1_327' title='bbox 220 3822 607 3895; x_wconf 87' lang='lat' dir='ltr'><strong>Scripturarum</strong></span> <span class='ocrx_word' id='word_1_328' title='bbox 659 3827 976 3882; x_wconf 88' lang='lat' dir='ltr'><strong>testimoniis</strong></span> <span class='ocrx_word' id='word_1_329' title='bbox 1024 3827 1244 3883; x_wconf 88' lang='lat' dir='ltr'><strong>doceres</strong></span> <span class='ocrx_word' id='word_1_330' title='bbox 1290 3842 1414 3892; x_wconf 88' lang='lat' dir='ltr'><strong>nos,</strong></span> <span class='ocrx_word' id='word_1_331' title='bbox 1463 3827 1549 3881; x_wconf 93' lang='lat' dir='ltr'><strong>ubi</strong></span> <span class='ocrx_word' id='word_1_332' title='bbox 1598 3830 1802 3898; x_wconf 75' lang='lat' dir='ltr'><strong>legatur</strong></span> 
     </span>
    </p>
   </div>
   <div class='ocr_carea' id='block_1_41' title="bbox 215 3917 1797 3986">
    <p class='ocr_par' dir='ltr' id='par_1_41' title="bbox 215 3917 1797 3986">
     <span class='ocr_line' id='line_1_41' title="bbox 215 3917 1797 3986; baseline 0.003 -17"><span class='ocrx_word' id='word_1_333' title='bbox 215 3917 415 3971; x_wconf 88' lang='lat' dir='ltr'><strong>adorari</strong></span> <span class='ocrx_word' id='word_1_334' title='bbox 448 3918 662 3974; x_wconf 89' lang='lat' dir='ltr'><strong>Patrem</strong></span> <span class='ocrx_word' id='word_1_335' title='bbox 692 3933 719 3971; x_wconf 91' lang='lat' dir='ltr'><strong>a</strong></span> <span class='ocrx_word' id='word_1_336' title='bbox 748 3918 947 3986; x_wconf 87' lang='lat' dir='ltr'><strong>Spiritu</strong></span> <span class='ocrx_word' id='word_1_337' title='bbox 976 3928 1180 3973; x_wconf 90' lang='lat' dir='ltr'><strong>sancto.</strong></span> <span class='ocrx_word' id='word_1_338' title='bbox 1214 3921 1257 3973; x_wconf 81' lang='grc' dir='ltr'><strong>Α</strong></span> <span class='ocrx_word' id='word_1_339' title='bbox 1285 3918 1420 3973; x_wconf 86' lang='lat' dir='ltr'><strong>Filio</strong></span> <span class='ocrx_word' id='word_1_340' title='bbox 1447 3929 1626 3974; x_wconf 88' lang='lat' dir='ltr'><strong>autem</strong></span> <span class='ocrx_word' id='word_1_341' title='bbox 1654 3919 1797 3973; x_wconf 89' lang='lat' dir='ltr'><strong>acci-</strong></span> 
     </span>
    </p>
   </div>
   <div class='ocr_carea' id='block_1_42' title="bbox 216 4007 1797 4094">
    <p class='ocr_par' dir='ltr' id='par_1_42' title="bbox 216 4007 1797 4094">
     <span class='ocr_line' id='line_1_42' title="bbox 216 4007 1797 4094; baseline 0.004 -34"><span class='ocrx_word' id='word_1_342' title='bbox 216 4007 311 4076; x_wconf 85' lang='lat' dir='ltr'><strong>pio,</strong></span> <span class='ocrx_word' id='word_1_343' title='bbox 341 4009 557 4064; x_wconf 89' lang='lat' dir='ltr'><strong>ctiamsi</strong></span> <span class='ocrx_word' id='word_1_344' title='bbox 589 4025 692 4064; x_wconf 93' lang='lat' dir='ltr'><strong>non</strong></span> <span class='ocrx_word' id='word_1_345' title='bbox 723 4010 959 4079; x_wconf 78' lang='lat' dir='ltr'><strong>proferas</strong></span> <span class='ocrx_word' id='word_1_346' title='bbox 991 4010 1326 4094; x_wconf 75' lang='lat' dir='ltr'><strong>testimonia,</strong></span> <span class='ocrx_word' id='word_1_347' title='bbox 1353 4010 1604 4079; x_wconf 91' lang='lat' dir='ltr'><strong>quoniam</strong></span> <span class='ocrx_word' id='word_1_348' title='bbox 1635 4009 1797 4066; x_wconf 92' lang='lat' dir='ltr'><strong>homo</strong></span> 
     </span>
    </p>
   </div>
   <div class='ocr_carea' id='block_1_43' title="bbox 213 4104 1798 4182">
    <p class='ocr_par' dir='ltr' id='par_1_43' title="bbox 213 4104 1798 4182">
     <span class='ocr_line' id='line_1_43' title="bbox 213 4104 1798 4182; baseline 0.003 -26"><span class='ocrx_word' id='word_1_349' title='bbox 213 4104 390 4159; x_wconf 82' lang='lat' dir='ltr'><strong>adorat</strong></span> <span class='ocrx_word' id='word_1_350' title='bbox 417 4106 583 4160; x_wconf 92' lang='lat' dir='ltr'><strong>Deum</strong></span> <span class='ocrx_word' id='word_1_351' title='bbox 612 4107 627 4138; x_wconf 89' lang='grc'>¹</span> <span class='ocrx_word' id='word_1_352' title='bbox 657 4106 991 4162; x_wconf 87' lang='lat' dir='ltr'><strong>:admittitur</strong></span> <span class='ocrx_word' id='word_1_353' title='bbox 1012 4105 1185 4171; x_wconf 90' lang='lat' dir='ltr'><strong>facile,</strong></span> <span class='ocrx_word' id='word_1_354' title='bbox 1208 4105 1498 4182; x_wconf 77' lang='lat' dir='ltr'><strong>secundum</strong></span> <span class='ocrx_word' id='word_1_355' title='bbox 1529 4105 1798 4160; x_wconf 92' lang='lat' dir='ltr'><strong>hominem</strong></span> 
     </span>
    </p>
   </div>
   <div class='ocr_carea' id='block_1_44' title="bbox 214 4196 1798 4269">
    <p class='ocr_par' dir='ltr' id='par_1_44' title="bbox 214 4196 1798 4269">
     <span class='ocr_line' id='line_1_44' title="bbox 214 4196 1798 4269; baseline 0.003 -21"><span class='ocrx_word' id='word_1_356' title='bbox 214 4196 429 4260; x_wconf 89' lang='lat' dir='ltr'><strong>dictum,</strong></span> <span class='ocrx_word' id='word_1_357' title='bbox 463 4200 708 4266; x_wconf 84' lang='lat' dir='ltr'><strong>quamvis</strong></span> <span class='ocrx_word' id='word_1_358' title='bbox 736 4215 834 4254; x_wconf 89' lang='lat' dir='ltr'><strong>nec</strong></span> <span class='ocrx_word' id='word_1_359' title='bbox 864 4199 962 4253; x_wconf 93' lang='lat' dir='ltr'><strong>hoc</strong></span> <span class='ocrx_word' id='word_1_360' title='bbox 987 4200 1149 4269; x_wconf 87' lang='lat' dir='ltr'><strong>legas.</strong></span> <span class='ocrx_word' id='word_1_361' title='bbox 1177 4199 1376 4254; x_wconf 90' lang='lat' dir='ltr'><strong>Tamen</strong></span> <span class='ocrx_word' id='word_1_362' title='bbox 1407 4198 1707 4269; x_wconf 86' lang='lat' dir='ltr'><strong>specialiter</strong></span> <span class='ocrx_word' id='word_1_363' title='bbox 1730 4198 1798 4253; x_wconf 89' lang='lat' dir='ltr'><strong>de</strong></span> 
     </span>
    </p>
   </div>
   <div class='ocr_carea' id='block_1_45' title="bbox 214 4289 1800 4360">
    <p class='ocr_par' dir='ltr' id='par_1_45' title="bbox 214 4289 1800 4360">
     <span class='ocr_line' id='line_1_45' title="bbox 214 4289 1800 4360; baseline 0.002 -18"><span class='ocrx_word' id='word_1_364' title='bbox 214 4298 258 4343; x_wconf 93' lang='lat' dir='ltr'><strong>te</strong></span> <span class='ocrx_word' id='word_1_365' title='bbox 280 4293 475 4360; x_wconf 61' lang='lat' dir='ltr'><strong>exigo,</strong></span> <span class='ocrx_word' id='word_1_366' title='bbox 505 4300 561 4345; x_wconf 93' lang='lat' dir='ltr'><strong>ut</strong></span> <span class='ocrx_word' id='word_1_367' title='bbox 588 4291 864 4346; x_wconf 86' lang='lat' dir='ltr'><strong>adoratum</strong></span> <span class='ocrx_word' id='word_1_368' title='bbox 895 4292 1104 4346; x_wconf 84' lang='lat' dir='ltr'><strong>Patrem</strong></span> <span class='ocrx_word' id='word_1_369' title='bbox 1148 4307 1176 4346; x_wconf 90' lang='lat' dir='ltr'><strong>a</strong></span> <span class='ocrx_word' id='word_1_370' title='bbox 1207 4291 1403 4360; x_wconf 89' lang='lat' dir='ltr'><strong>Spiritu</strong></span> <span class='ocrx_word' id='word_1_371' title='bbox 1444 4300 1626 4345; x_wconf 88' lang='lat' dir='ltr'><strong>sancto</strong></span> <span class='ocrx_word' id='word_1_372' title='bbox 1656 4289 1800 4360; x_wconf 87' lang='lat' dir='ltr'><strong>legas</strong></span> 
     </span>
    </p>
   </div>
   <div class='ocr_carea' id='block_1_46' title="bbox 215 4380 1799 4448">
    <p class='ocr_par' dir='ltr' id='par_1_46' title="bbox 215 4380 1799 4448">
     <span class='ocr_line' id='line_1_46' title="bbox 215 4380 1799 4448; baseline 0.002 -16"><span class='ocrx_word' id='word_1_373' title='bbox 215 4382 395 4448; x_wconf 88' lang='lat' dir='ltr'><strong>nobis,</strong></span> <span class='ocrx_word' id='word_1_374' title='bbox 430 4391 524 4435; x_wconf 90' lang='lat' dir='ltr'><strong>aut</strong></span> <span class='ocrx_word' id='word_1_375' title='bbox 550 4397 944 4438; x_wconf 87' lang='lat' dir='ltr'><strong>commemores</strong></span> <span class='ocrx_word' id='word_1_376' title='bbox 987 4381 1348 4436; x_wconf 90' lang='lat' dir='ltr'><strong>testimonium</strong></span> <span class='ocrx_word' id='word_1_377' title='bbox 1389 4381 1662 4435; x_wconf 89' lang='lat' dir='ltr'><strong>divinum:</strong></span> <span class='ocrx_word' id='word_1_378' title='bbox 1689 4380 1799 4435; x_wconf 83' lang='lat' dir='ltr'><strong>for-</strong></span> 
     </span>
    </p>
   </div>
   <div class='ocr_carea' id='block_1_47' title="bbox 211 4473 1801 4543">
    <p class='ocr_par' dir='ltr' id='par_1_47' title="bbox 211 4473 1801 4543">
     <span class='ocr_line' id='line_1_47' title="bbox 211 4473 1801 4543; baseline -0.001 -16"><span class='ocrx_word' id='word_1_379' title='bbox 211 4475 358 4529; x_wconf 89' lang='lat' dir='ltr'><strong>tassis</strong></span> <span class='ocrx_word' id='word_1_380' title='bbox 388 4476 536 4528; x_wconf 87' lang='lat' dir='ltr'><strong>enim</strong></span> <span class='ocrx_word' id='word_1_381' title='bbox 564 4475 652 4537; x_wconf 90' lang='lat' dir='ltr'><strong>sit,</strong></span> <span class='ocrx_word' id='word_1_382' title='bbox 675 4474 766 4529; x_wconf 91' lang='lat' dir='ltr'><strong>scd</strong></span> <span class='ocrx_word' id='word_1_383' title='bbox 796 4490 880 4529; x_wconf 90' lang='lat' dir='ltr'><strong>me</strong></span> <span class='ocrx_word' id='word_1_384' title='bbox 900 4473 1066 4543; x_wconf 83' lang='lat' dir='ltr'><strong>fugiat</strong></span> <span class='ocrx_word' id='word_1_385' title='bbox 1091 4493 1104 4528; x_wconf 89' lang='lat'><strong>:</strong></span> <span class='ocrx_word' id='word_1_386' title='bbox 1128 4481 1185 4526; x_wconf 91' lang='lat' dir='ltr'><strong>ut</strong></span> <span class='ocrx_word' id='word_1_387' title='bbox 1206 4473 1250 4527; x_wconf 87' lang='lat' dir='ltr'><strong>si</strong></span> <span class='ocrx_word' id='word_1_388' title='bbox 1271 4473 1555 4537; x_wconf 83' lang='lat' dir='ltr'><strong>inveneris,</strong></span> <span class='ocrx_word' id='word_1_389' title='bbox 1581 4488 1801 4542; x_wconf 85' lang='lat' dir='ltr'><strong>respon-</strong></span> 
     </span>
    </p>
   </div>
   <div class='ocr_carea' id='block_1_48' title="bbox 211 4564 1800 4638">
    <p class='ocr_par' dir='ltr' id='par_1_48' title="bbox 211 4564 1800 4638">
     <span class='ocr_line' id='line_1_48' title="bbox 211 4564 1800 4638; baseline 0.001 -21"><span class='ocrx_word' id='word_1_390' title='bbox 211 4564 356 4620; x_wconf 91' lang='lat' dir='ltr'><strong>deam</strong></span> <span class='ocrx_word' id='word_1_391' title='bbox 389 4566 667 4638; x_wconf 91' lang='lat' dir='ltr'><strong>quomodo</strong></span> <span class='ocrx_word' id='word_1_392' title='bbox 693 4566 744 4620; x_wconf 91' lang='lat' dir='ltr'><strong>id</strong></span> <span class='ocrx_word' id='word_1_393' title='bbox 780 4566 946 4636; x_wconf 84' lang='lat' dir='ltr'><strong>accipi</strong></span> <span class='ocrx_word' id='word_1_394' title='bbox 977 4565 1206 4629; x_wconf 89' lang='lat' dir='ltr'><strong>debeat,</strong></span> <span class='ocrx_word' id='word_1_395' title='bbox 1239 4566 1371 4618; x_wconf 85' lang='lat' dir='ltr'><strong>sicut</strong></span> <span class='ocrx_word' id='word_1_396' title='bbox 1411 4564 1477 4619; x_wconf 90' lang='lat' dir='ltr'><strong>de</strong></span> <span class='ocrx_word' id='word_1_397' title='bbox 1517 4565 1800 4634; x_wconf 85' lang='lat' dir='ltr'><strong>gemitibus</strong></span> 
     </span>
    </p>
   </div>
   <div class='ocr_carea' id='block_1_49' title="bbox 211 4655 1800 4727">
    <p class='ocr_par' dir='ltr' id='par_1_49' title="bbox 211 4655 1800 4727">
     <span class='ocr_line' id='line_1_49' title="bbox 211 4655 1800 4727; baseline -0.001 -17"><span class='ocrx_word' id='word_1_398' title='bbox 211 4655 609 4727; x_wconf 86' lang='lat' dir='ltr'><strong>Scripturarum</strong></span> <span class='ocrx_word' id='word_1_399' title='bbox 651 4656 876 4711; x_wconf 90' lang='lat' dir='ltr'><strong>solemni</strong></span> <span class='ocrx_word' id='word_1_400' title='bbox 922 4657 1189 4710; x_wconf 73' lang='lat' dir='ltr'><strong>locutione</strong></span> <span class='ocrx_word' id='word_1_401' title='bbox 1221 4655 1491 4725; x_wconf 91' lang='lat' dir='ltr'><strong>respondi.</strong></span> <span class='ocrx_word' id='word_1_402' title='bbox 1527 4655 1678 4722; x_wconf 88' lang='lat' dir='ltr'><strong>Quod</strong></span> <span class='ocrx_word' id='word_1_403' title='bbox 1706 4670 1800 4708; x_wconf 83' lang='lat' dir='ltr'><strong>au-</strong></span> 
     </span>
    </p>
   </div>
   <div class='ocr_carea' id='block_1_50' title="bbox 213 4747 1799 4820">
    <p class='ocr_par' dir='ltr' id='par_1_50' title="bbox 213 4747 1799 4820">
     <span class='ocr_line' id='line_1_50' title="bbox 213 4747 1799 4820; baseline 0 -18"><span class='ocrx_word' id='word_1_404' title='bbox 213 4756 309 4803; x_wconf 81' lang='lat' dir='ltr'><strong>tem</strong></span> <span class='ocrx_word' id='word_1_405' title='bbox 335 4750 508 4813; x_wconf 90' lang='lat' dir='ltr'><strong>dicis,</strong></span> <span class='ocrx_word' id='word_1_406' title='bbox 541 4750 681 4820; x_wconf 90' lang='lat' dir='ltr'><strong>quod</strong></span> <span class='ocrx_word' id='word_1_407' title='bbox 730 4766 824 4819; x_wconf 89' lang='lat' dir='ltr'><strong>per</strong></span> <span class='ocrx_word' id='word_1_408' title='bbox 863 4749 1004 4803; x_wconf 91' lang='lat' dir='ltr'><strong>illam</strong></span> <span class='ocrx_word' id='word_1_409' title='bbox 1049 4749 1436 4818; x_wconf 83' lang='lat' dir='ltr'><strong>capulationcm</strong></span> <span class='ocrx_word' id='word_1_410' title='bbox 1482 4747 1799 4802; x_wconf 78' lang='lat' dir='ltr'><strong>ineffabilem</strong></span> 
     </span>
    </p>
   </div>
   <div class='ocr_carea' id='block_1_51' title="bbox 211 4839 1796 4910">
    <p class='ocr_par' dir='ltr' id='par_1_51' title="bbox 211 4839 1796 4910">
     <span class='ocr_line' id='line_1_51' title="bbox 211 4839 1796 4910; baseline 0.001 -17"><span class='ocrx_word' id='word_1_411' title='bbox 211 4855 308 4896; x_wconf 93' lang='lat' dir='ltr'><strong>non</strong></span> <span class='ocrx_word' id='word_1_412' title='bbox 341 4843 417 4896; x_wconf 85' lang='lat' dir='ltr'><strong>sit</strong></span> <span class='ocrx_word' id='word_1_413' title='bbox 449 4857 588 4896; x_wconf 92' lang='lat' dir='ltr'><strong>unus</strong></span> <span class='ocrx_word' id='word_1_414' title='bbox 610 4842 748 4896; x_wconf 88' lang='lat' dir='ltr'><strong>Deus</strong></span> <span class='ocrx_word' id='word_1_415' title='bbox 773 4842 930 4896; x_wconf 79' lang='lat' dir='ltr'><strong>l’ater</strong></span> <span class='ocrx_word' id='word_1_416' title='bbox 949 4851 1002 4896; x_wconf 91' lang='lat' dir='ltr'><strong>et</strong></span> <span class='ocrx_word' id='word_1_417' title='bbox 1028 4840 1193 4896; x_wconf 87' lang='lat' dir='ltr'><strong>Filius</strong></span> <span class='ocrx_word' id='word_1_418' title='bbox 1220 4850 1273 4896; x_wconf 89' lang='lat' dir='ltr'><strong>et</strong></span> <span class='ocrx_word' id='word_1_419' title='bbox 1293 4839 1522 4910; x_wconf 85' lang='lat' dir='ltr'><strong>Spiritus</strong></span> <span class='ocrx_word' id='word_1_420' title='bbox 1547 4849 1796 4905; x_wconf 88' lang='lat' dir='ltr'><strong>sanctus;</strong></span> 
     </span>
    </p>
   </div>
   <div class='ocr_carea' id='block_1_52' title="bbox 212 4932 1800 5011">
    <p class='ocr_par' dir='ltr' id='par_1_52' title="bbox 212 4932 1800 5011">
     <span class='ocr_line' id='line_1_52' title="bbox 212 4932 1800 5011; baseline 0.002 -27"><span class='ocrx_word' id='word_1_421' title='bbox 212 4935 284 4986; x_wconf 85' lang='lat' dir='ltr'><strong>vis</strong></span> <span class='ocrx_word' id='word_1_422' title='bbox 315 4950 482 4989; x_wconf 78' lang='lat' dir='ltr'><strong>nosse</strong></span> <span class='ocrx_word' id='word_1_423' title='bbox 525 4944 783 5004; x_wconf 87' lang='lat' dir='ltr'><strong>quantum</strong></span> <span class='ocrx_word' id='word_1_424' title='bbox 813 4935 987 5011; x_wconf 81' lang='lat' dir='ltr'><strong>valeat</strong></span> <span class='ocrx_word' id='word_1_425' title='bbox 1018 4933 1115 4988; x_wconf 88' lang='lat' dir='ltr'><strong>ista</strong></span> <span class='ocrx_word' id='word_1_426' title='bbox 1147 4934 1450 5003; x_wconf 86' lang='lat' dir='ltr'><strong>copulatio?</strong></span> <span class='ocrx_word' id='word_1_427' title='bbox 1477 4933 1592 4988; x_wconf 89' lang='lat' dir='ltr'><strong>Non</strong></span> <span class='ocrx_word' id='word_1_428' title='bbox 1625 4949 1688 4988; x_wconf 86' lang='lat' dir='ltr'><strong>ex</strong></span> <span class='ocrx_word' id='word_1_429' title='bbox 1719 4932 1800 4987; x_wconf 85' lang='lat' dir='ltr'><strong>lo-</strong></span> 
     </span>
    </p>
   </div>
   <div class='ocr_carea' id='block_1_53' title="bbox 211 5025 1800 5094">
    <p class='ocr_par' dir='ltr' id='par_1_53' title="bbox 211 5025 1800 5094">
     <span class='ocr_line' id='line_1_53' title="bbox 211 5025 1800 5094; baseline 0 -15"><span class='ocrx_word' id='word_1_430' title='bbox 211 5027 516 5081; x_wconf 85' lang='lat' dir='ltr'><strong>cutionibus</strong></span> <span class='ocrx_word' id='word_1_431' title='bbox 548 5025 766 5090; x_wconf 89' lang='lat' dir='ltr'><strong>nostris,</strong></span> <span class='ocrx_word' id='word_1_432' title='bbox 812 5026 904 5079; x_wconf 91' lang='lat' dir='ltr'><strong>sed</strong></span> <span class='ocrx_word' id='word_1_433' title='bbox 934 5041 999 5080; x_wconf 87' lang='lat' dir='ltr'><strong>ex</strong></span> <span class='ocrx_word' id='word_1_434' title='bbox 1038 5025 1232 5078; x_wconf 75' lang='lat' dir='ltr'><strong>divinis</strong></span> <span class='ocrx_word' id='word_1_435' title='bbox 1259 5025 1484 5094; x_wconf 86' lang='lat' dir='ltr'><strong>eloquiis</strong></span> <span class='ocrx_word' id='word_1_436' title='bbox 1509 5033 1654 5080; x_wconf 88' lang='lat' dir='ltr'><strong>certe</strong></span> <span class='ocrx_word' id='word_1_437' title='bbox 1685 5039 1800 5079; x_wconf 88' lang='lat' dir='ltr'><strong>ma-</strong></span> 
     </span>
    </p>
   </div>
   <div class='ocr_carea' id='block_1_54' title="bbox 216 5116 1802 5186">
    <p class='ocr_par' dir='ltr' id='par_1_54' title="bbox 216 5116 1802 5186">
     <span class='ocr_line' id='line_1_54' title="bbox 216 5116 1802 5186; baseline 0.001 -16"><span class='ocrx_word' id='word_1_438' title='bbox 216 5117 474 5173; x_wconf 87' lang='lat' dir='ltr'><strong>nifestum</strong></span> <span class='ocrx_word' id='word_1_439' title='bbox 511 5127 614 5180; x_wconf 85' lang='lat' dir='ltr'><strong>est,</strong></span> <span class='ocrx_word' id='word_1_440' title='bbox 646 5116 786 5170; x_wconf 90' lang='lat' dir='ltr'><strong>aliud</strong></span> <span class='ocrx_word' id='word_1_441' title='bbox 817 5132 936 5171; x_wconf 83' lang='lat' dir='ltr'><strong>esse</strong></span> <span class='ocrx_word' id='word_1_442' title='bbox 966 5117 1208 5186; x_wconf 88' lang='lat' dir='ltr'><strong>spiritum</strong></span> <span class='ocrx_word' id='word_1_443' title='bbox 1238 5117 1485 5180; x_wconf 80' lang='lat' dir='ltr'><strong>hominis,</strong></span> <span class='ocrx_word' id='word_1_444' title='bbox 1518 5117 1656 5170; x_wconf 87' lang='lat' dir='ltr'><strong>aliud</strong></span> <span class='ocrx_word' id='word_1_445' title='bbox 1685 5131 1802 5171; x_wconf 90' lang='lat' dir='ltr'><strong>esse</strong></span> 
     </span>
    </p>
   </div>
   <div class='ocr_carea' id='block_1_55' title="bbox 210 5209 1802 5282">
    <p class='ocr_par' dir='ltr' id='par_1_55' title="bbox 210 5209 1802 5282">
     <span class='ocr_line' id='line_1_55' title="bbox 210 5209 1802 5282; baseline -0.001 -17"><span class='ocrx_word' id='word_1_446' title='bbox 210 5214 457 5282; x_wconf 86' lang='lat' dir='ltr'><strong>spiritum</strong></span> <span class='ocrx_word' id='word_1_447' title='bbox 505 5212 828 5274; x_wconf 88' lang='lat' dir='ltr'><strong>Dominum;</strong></span> <span class='ocrx_word' id='word_1_448' title='bbox 873 5211 1012 5265; x_wconf 89' lang='lat' dir='ltr'><strong>unde</strong></span> <span class='ocrx_word' id='word_1_449' title='bbox 1043 5211 1256 5275; x_wconf 89' lang='lat' dir='ltr'><strong>dicitur,</strong></span> <span class='ocrx_word' id='word_1_450' title='bbox 1307 5209 1556 5263; x_wconf 84' lang='lat' dir='ltr'><strong>Dominus</strong></span> <span class='ocrx_word' id='word_1_451' title='bbox 1596 5211 1802 5278; x_wconf 85' lang='lat' dir='ltr'><strong>spiritus</strong></span> 
     </span>
    </p>
   </div>
   <div class='ocr_carea' id='block_1_56' title="bbox 209 5302 1802 5386">
    <p class='ocr_par' dir='ltr' id='par_1_56' title="bbox 209 5302 1802 5386">
     <span class='ocr_line' id='line_1_56' title="bbox 209 5302 1802 5386; baseline -0.001 -30"><span class='ocrx_word' id='word_1_452' title='bbox 209 5315 278 5359; x_wconf 85' lang='lat' dir='ltr'><strong>est</strong></span> <span class='ocrx_word' id='word_1_453' title='bbox 299 5309 320 5338; x_wconf 83' lang='grc'>²</span> <span class='ocrx_word' id='word_1_454' title='bbox 353 5305 426 5377; x_wconf 93' lang='lat' dir='ltr'><strong>(ll</strong></span> <span class='ocrx_word' id='word_1_455' title='bbox 453 5305 572 5360; x_wconf 88' lang='lat' dir='ltr'><strong>Cor.</strong></span> <span class='ocrx_word' id='word_1_456' title='bbox 607 5309 682 5366; x_wconf 79' lang='lat' dir='ltr'><strong>tit,</strong></span> <span class='ocrx_word' id='word_1_457' title='bbox 707 5302 826 5370; x_wconf 73' lang='lat' dir='ltr'><strong>t7),</strong></span> <span class='ocrx_word' id='word_1_458' title='bbox 860 5303 910 5356; x_wconf 90' lang='lat' dir='ltr'><strong>id</strong></span> <span class='ocrx_word' id='word_1_459' title='bbox 941 5311 1021 5357; x_wconf 79' lang='lat' dir='ltr'><strong>est</strong></span> <span class='ocrx_word' id='word_1_460' title='bbox 1042 5345 1055 5369; x_wconf 82' lang='lat'><strong>,</strong></span> <span class='ocrx_word' id='word_1_461' title='bbox 1087 5302 1203 5386; x_wconf 76' lang='lat' dir='ltr'><strong>quia</strong></span> <span class='ocrx_word' id='word_1_462' title='bbox 1235 5316 1428 5369; x_wconf 91' lang='lat' dir='ltr'><strong>corpus</strong></span> <span class='ocrx_word' id='word_1_463' title='bbox 1455 5317 1558 5354; x_wconf 88' lang='lat' dir='ltr'><strong>non</strong></span> <span class='ocrx_word' id='word_1_464' title='bbox 1607 5311 1686 5354; x_wconf 89' lang='lat' dir='ltr'><strong>est</strong></span> <span class='ocrx_word' id='word_1_465' title='bbox 1712 5319 1724 5354; x_wconf 90' lang='lat'><strong>:</strong></span> <span class='ocrx_word' id='word_1_466' title='bbox 1748 5309 1802 5355; x_wconf 90' lang='lat' dir='ltr'><strong>et</strong></span> 
     </span>
    </p>
   </div>
   <div class='ocr_carea' id='block_1_57' title="bbox 209 5392 1802 5465">
    <p class='ocr_par' dir='ltr' id='par_1_57' title="bbox 209 5392 1802 5465">
     <span class='ocr_line' id='line_1_57' title="bbox 209 5392 1802 5465; baseline -0.004 -15"><span class='ocrx_word' id='word_1_467' title='bbox 209 5404 390 5453; x_wconf 88' lang='lat' dir='ltr'><strong>tamen</strong></span> <span class='ocrx_word' id='word_1_468' title='bbox 434 5397 509 5451; x_wconf 90' lang='lat' dir='ltr'><strong>ait</strong></span> <span class='ocrx_word' id='word_1_469' title='bbox 549 5395 864 5465; x_wconf 79' lang='lat' dir='ltr'><strong>Apostolus,</strong></span> <span class='ocrx_word' id='word_1_470' title='bbox 898 5394 994 5460; x_wconf 86' lang='lat' dir='ltr'><strong>Qui</strong></span> <span class='ocrx_word' id='word_1_471' title='bbox 1032 5393 1254 5448; x_wconf 69' lang='lat' dir='ltr'><strong>adliceret</strong></span> <span class='ocrx_word' id='word_1_472' title='bbox 1303 5392 1592 5458; x_wconf 88' lang='lat' dir='ltr'><strong>meretrici,</strong></span> <span class='ocrx_word' id='word_1_473' title='bbox 1644 5408 1802 5444; x_wconf 87' lang='lat' dir='ltr'><strong>unum</strong></span> 
     </span>
    </p>
   </div>
   <div class='ocr_carea' id='block_1_58' title="bbox 269 5547 1466 5612">
    <p class='ocr_par' dir='ltr' id='par_1_58' title="bbox 269 5547 1466 5612">
     <span class='ocr_line' id='line_1_58' title="bbox 269 5547 1466 5612; baseline -0.007 -12"><span class='ocrx_word' id='word_1_474' title='bbox 269 5554 284 5585; x_wconf 81' lang='grc'>²</span> <span class='ocrx_word' id='word_1_475' title='bbox 309 5554 386 5602; x_wconf 73' lang='lat' dir='ltr'><strong>sic</strong></span> <span class='ocrx_word' id='word_1_476' title='bbox 410 5560 514 5601; x_wconf 66' lang='lat' dir='ltr'><strong>Mss.</strong></span> <span class='ocrx_word' id='word_1_477' title='bbox 541 5557 596 5600; x_wconf 78' lang='lat' dir='ltr'><strong>At</strong></span> <span class='ocrx_word' id='word_1_478' title='bbox 618 5549 754 5610; x_wconf 86' lang='lat' dir='ltr'><strong>editi,</strong></span> <span class='ocrx_word' id='word_1_479' title='bbox 774 5547 995 5612; x_wconf 82' lang='lat' dir='ltr'><strong>quoniam</strong></span> <span class='ocrx_word' id='word_1_480' title='bbox 1013 5547 1090 5612; x_wconf 76' lang='lat' dir='ltr'><strong>hic</strong></span> <span class='ocrx_word' id='word_1_481' title='bbox 1103 5547 1279 5612; x_wconf 80' lang='lat' dir='ltr'><strong>adorat</strong></span> <span class='ocrx_word' id='word_1_482' title='bbox 1301 5555 1466 5596; x_wconf 70' lang='lat' dir='ltr'><strong>Paron.</strong></span> 
     </span>
    </p>
   </div>
   <div class='ocr_carea' id='block_1_59' title="bbox 267 5605 1802 5679">
    <p class='ocr_par' dir='ltr' id='par_1_59' title="bbox 267 5605 1802 5679">
     <span class='ocr_line' id='line_1_59' title="bbox 267 5605 1802 5679; baseline -0.004 -17"><span class='ocrx_word' id='word_1_483' title='bbox 267 5616 288 5646; x_wconf 72' lang='grc'>³</span> <span class='ocrx_word' id='word_1_484' title='bbox 315 5605 825 5679; x_wconf 42' lang='grc' dir='ltr'><strong>Ιολωὶηδρίήιιηιι-ῠέἱ</strong></span> <span class='ocrx_word' id='word_1_485' title='bbox 854 5625 870 5660; x_wconf 90' lang='lat'><strong><em>:</em></strong></span> <span class='ocrx_word' id='word_1_486' title='bbox 897 5610 1030 5679; x_wconf 67' lang='lat' dir='ltr'><strong>unde</strong></span> <span class='ocrx_word' id='word_1_487' title='bbox 1057 5609 1256 5679; x_wconf 73' lang='lat' dir='ltr'><strong>dicitur,</strong></span> <span class='ocrx_word' id='word_1_488' title='bbox 1276 5605 1718 5679; x_wconf 57' lang='lat' dir='ltr'><strong>laetisspiritusest.</strong></span> <span class='ocrx_word' id='word_1_489' title='bbox 1738 5615 1802 5679; x_wconf 60' lang='lat' dir='ltr'><strong>at</strong></span> 
     </span>
    </p>
   </div>
   <div class='ocr_carea' id='block_1_60' title="bbox 206 5670 1801 5739">
    <p class='ocr_par' dir='ltr' id='par_1_60' title="bbox 206 5670 1801 5739">
     <span class='ocr_line' id='line_1_60' title="bbox 206 5670 1801 5739; baseline -0.002 -17"><span class='ocrx_word' id='word_1_490' title='bbox 206 5680 312 5726; x_wconf 76' lang='lat' dir='ltr'><strong>Mss.</strong></span> <span class='ocrx_word' id='word_1_491' title='bbox 342 5670 574 5739; x_wconf 75' lang='lat' dir='ltr'><strong>spiritum</strong></span> <span class='ocrx_word' id='word_1_492' title='bbox 592 5673 840 5724; x_wconf 62' lang='lat' dir='ltr'><strong>[mutatum</strong></span> <span class='ocrx_word' id='word_1_493' title='bbox 859 5686 944 5739; x_wconf 25' lang='lat' dir='ltr'><strong>{ac</strong></span> <span class='ocrx_word' id='word_1_494' title='bbox 961 5673 1186 5734; x_wconf 86' lang='lat' dir='ltr'><strong>subinde,</strong></span> <span class='ocrx_word' id='word_1_495' title='bbox 1205 5671 1331 5721; x_wconf 80' lang='lat' dir='ltr'><strong>unde</strong></span> <span class='ocrx_word' id='word_1_496' title='bbox 1355 5670 1531 5721; x_wconf 83' lang='lat' dir='ltr'><strong>dicitur</strong></span> <span class='ocrx_word' id='word_1_497' title='bbox 1545 5670 1751 5732; x_wconf 86' lang='lat' dir='ltr'><strong>(scilicet</strong></span> <span class='ocrx_word' id='word_1_498' title='bbox 1768 5677 1801 5719; x_wconf 90' lang='lat' dir='ltr'><strong>ll</strong></span> 
     </span>
    </p>
   </div>
   <div class='ocr_carea' id='block_1_61' title="bbox 207 5735 1121 5800">
    <p class='ocr_par' dir='ltr' id='par_1_61' title="bbox 207 5735 1121 5800">
     <span class='ocr_line' id='line_1_61' title="bbox 207 5735 1121 5800; baseline -0.003 -15"><span class='ocrx_word' id='word_1_499' title='bbox 207 5744 311 5786; x_wconf 70' lang='grc' dir='ltr'><strong>απ.</strong></span> <span class='ocrx_word' id='word_1_500' title='bbox 338 5735 448 5798; x_wconf 79' lang='lat' dir='ltr'><strong>cap.</strong></span> <span class='ocrx_word' id='word_1_501' title='bbox 469 5739 541 5800; x_wconf 78' lang='grc'><strong>5.)</strong></span> <span class='ocrx_word' id='word_1_502' title='bbox 573 5739 797 5786; x_wconf 71' lang='lat' dir='ltr'><strong>Dominus</strong></span> <span class='ocrx_word' id='word_1_503' title='bbox 814 5735 1014 5800; x_wconf 68' lang='lat' dir='ltr'><strong>Spiritus</strong></span> <span class='ocrx_word' id='word_1_504' title='bbox 1035 5740 1121 5784; x_wconf 87' lang='lat' dir='ltr'><strong>est.</strong></span> 
     </span>
    </p>
   </div>
   <div class='ocr_carea' id='block_1_62' title="bbox 272 5797 1019 5864">
    <p class='ocr_par' dir='ltr' id='par_1_62' title="bbox 272 5797 1019 5864">
     <span class='ocr_line' id='line_1_62' title="bbox 272 5797 1019 5864; baseline -0.004 -15"><span class='ocrx_word' id='word_1_505' title='bbox 272 5801 352 5864; x_wconf 82' lang='grc' dir='ltr'><strong>(α)</strong></span> <span class='ocrx_word' id='word_1_506' title='bbox 376 5797 531 5849; x_wconf 71' lang='lat' dir='ltr'><strong>smn;</strong></span> <span class='ocrx_word' id='word_1_507' title='bbox 559 5799 666 5858; x_wconf 78' lang='grc'><strong>139,</strong></span> <span class='ocrx_word' id='word_1_508' title='bbox 687 5813 734 5847; x_wconf 90' lang='lat' dir='ltr'><strong>n.</strong></span> <span class='ocrx_word' id='word_1_509' title='bbox 760 5800 806 5860; x_wconf 81' lang='grc'><strong>5,</strong></span> <span class='ocrx_word' id='word_1_510' title='bbox 833 5807 945 5848; x_wconf 86' lang='lat' dir='ltr'><strong>tom.</strong></span> <span class='ocrx_word' id='word_1_511' title='bbox 972 5797 1019 5848; x_wconf 74' lang='lat'><strong>5.</strong></span> 
     </span>
    </p>
   </div>
   <div class='ocr_carea' id='block_1_63' title="bbox 3381 305 3484 362">
    <p class='ocr_par' dir='ltr' id='par_1_63' title="bbox 3381 305 3484 362">
     <span class='ocr_line' id='line_1_63' title="bbox 3381 305 3484 362; baseline 0.01 -1"><span class='ocrx_word' id='word_1_512' title='bbox 3381 305 3484 362; x_wconf 70' lang='grc'><strong>722</strong></span> 
     </span>
    </p>
   </div>
   <div class='ocr_carea' id='block_1_64' title="bbox 1907 415 3493 488">
    <p class='ocr_par' dir='ltr' id='par_1_64' title="bbox 1907 415 3493 488">
     <span class='ocr_line' id='line_1_64' title="bbox 1907 415 3493 488; baseline 0.007 -25"><span class='ocrx_word' id='word_1_513' title='bbox 1907 428 2088 483; x_wconf 86' lang='lat' dir='ltr'><strong>corpus</strong></span> <span class='ocrx_word' id='word_1_514' title='bbox 2113 425 2184 468; x_wconf 76' lang='lat' dir='ltr'><strong>est</strong></span> <span class='ocrx_word' id='word_1_515' title='bbox 2205 433 2224 480; x_wconf 87' lang='lat'><strong>;</strong></span> <span class='ocrx_word' id='word_1_516' title='bbox 2247 417 2332 484; x_wconf 86' lang='lat' dir='ltr'><strong>qui</strong></span> <span class='ocrx_word' id='word_1_517' title='bbox 2351 427 2518 472; x_wconf 89' lang='lat' dir='ltr'><strong>autem</strong></span> <span class='ocrx_word' id='word_1_518' title='bbox 2537 417 2760 472; x_wconf 75' lang='lat' dir='ltr'><strong>adhwret</strong></span> <span class='ocrx_word' id='word_1_519' title='bbox 2789 415 3008 472; x_wconf 82' lang='lat' dir='ltr'><strong>Domino</strong></span> <span class='ocrx_word' id='word_1_520' title='bbox 3031 433 3158 472; x_wconf 82' lang='lat' dir='ltr'><strong>unus</strong></span> <span class='ocrx_word' id='word_1_521' title='bbox 3183 419 3389 488; x_wconf 87' lang='lat' dir='ltr'><strong>spiritus</strong></span> <span class='ocrx_word' id='word_1_522' title='bbox 3418 431 3493 475; x_wconf 84' lang='lat' dir='ltr'><strong>est</strong></span> 
     </span>
    </p>
   </div>
   <div class='ocr_carea' id='block_1_65' title="bbox 1909 504 3488 580">
    <p class='ocr_par' dir='ltr' id='par_1_65' title="bbox 1909 504 3488 580">
     <span class='ocr_line' id='line_1_65' title="bbox 1909 504 3488 580; baseline 0.005 -22"><span class='ocrx_word' id='word_1_523' title='bbox 1909 504 1959 574; x_wconf 95' lang='grc' dir='ltr'><strong>(Ι</strong></span> <span class='ocrx_word' id='word_1_524' title='bbox 1986 504 2101 560; x_wconf 87' lang='lat' dir='ltr'><strong>Cor.</strong></span> <span class='ocrx_word' id='word_1_525' title='bbox 2138 523 2207 573; x_wconf 76' lang='lat' dir='ltr'><strong>VI,</strong></span> <span class='ocrx_word' id='word_1_526' title='bbox 2239 509 2324 574; x_wconf 82' lang='grc'><strong>16,</strong></span> <span class='ocrx_word' id='word_1_527' title='bbox 2358 510 2423 564; x_wconf 77' lang='grc'><strong>17</strong></span> <span class='ocrx_word' id='word_1_528' title='bbox 2446 510 2486 579; x_wconf 92' lang='grc'><strong>).</strong></span> <span class='ocrx_word' id='word_1_529' title='bbox 2517 509 2571 564; x_wconf 85' lang='lat' dir='ltr'><strong>Si</strong></span> <span class='ocrx_word' id='word_1_530' title='bbox 2613 524 2740 580; x_wconf 87' lang='lat' dir='ltr'><strong>ergo</strong></span> <span class='ocrx_word' id='word_1_531' title='bbox 2767 509 2863 564; x_wconf 85' lang='lat' dir='ltr'><strong>ista</strong></span> <span class='ocrx_word' id='word_1_532' title='bbox 2893 509 3130 564; x_wconf 74' lang='lat' dir='ltr'><strong>adltzesio</strong></span> <span class='ocrx_word' id='word_1_533' title='bbox 3157 510 3488 566; x_wconf 83' lang='lat' dir='ltr'><strong>diversarum</strong></span> 
     </span>
    </p>
   </div>
   <div class='ocr_carea' id='block_1_66' title="bbox 1908 597 3491 676">
    <p class='ocr_par' dir='ltr' id='par_1_66' title="bbox 1908 597 3491 676">
     <span class='ocr_line' id='line_1_66' title="bbox 1908 597 3491 676; baseline 0.004 -24"><span class='ocrx_word' id='word_1_534' title='bbox 1908 609 2211 655; x_wconf 88' lang='lat' dir='ltr'><strong>naturarum</strong></span> <span class='ocrx_word' id='word_1_535' title='bbox 2239 603 2456 672; x_wconf 88' lang='lat' dir='ltr'><strong>spiritus</strong></span> <span class='ocrx_word' id='word_1_536' title='bbox 2485 603 2628 676; x_wconf 88' lang='lat' dir='ltr'><strong>(quia</strong></span> <span class='ocrx_word' id='word_1_537' title='bbox 2655 597 2794 658; x_wconf 85' lang='lat' dir='ltr'><strong>aliud</strong></span> <span class='ocrx_word' id='word_1_538' title='bbox 2816 612 2899 659; x_wconf 93' lang='lat' dir='ltr'><strong>est</strong></span> <span class='ocrx_word' id='word_1_539' title='bbox 2924 603 3180 666; x_wconf 90' lang='lat' dir='ltr'><strong>hominis,</strong></span> <span class='ocrx_word' id='word_1_540' title='bbox 3204 605 3346 658; x_wconf 88' lang='lat' dir='ltr'><strong>aliud</strong></span> <span class='ocrx_word' id='word_1_541' title='bbox 3376 605 3491 672; x_wconf 89' lang='lat' dir='ltr'><strong>Dei)</strong></span> 
     </span>
    </p>
   </div>
   <div class='ocr_carea' id='block_1_67' title="bbox 1908 691 3494 764">
    <p class='ocr_par' dir='ltr' id='par_1_67' title="bbox 1908 691 3494 764">
     <span class='ocr_line' id='line_1_67' title="bbox 1908 691 3494 764; baseline 0.003 -19"><span class='ocrx_word' id='word_1_542' title='bbox 1908 691 2032 746; x_wconf 85' lang='lat' dir='ltr'><strong>fecit</strong></span> <span class='ocrx_word' id='word_1_543' title='bbox 2075 709 2234 748; x_wconf 91' lang='lat' dir='ltr'><strong>unum</strong></span> <span class='ocrx_word' id='word_1_544' title='bbox 2279 695 2557 764; x_wconf 89' lang='lat' dir='ltr'><strong>spiritum;</strong></span> <span class='ocrx_word' id='word_1_545' title='bbox 2607 711 2712 751; x_wconf 94' lang='lat' dir='ltr'><strong>non</strong></span> <span class='ocrx_word' id='word_1_546' title='bbox 2759 695 2838 749; x_wconf 83' lang='lat' dir='ltr'><strong>vis</strong></span> <span class='ocrx_word' id='word_1_547' title='bbox 2882 703 2939 750; x_wconf 94' lang='lat' dir='ltr'><strong>ut</strong></span> <span class='ocrx_word' id='word_1_548' title='bbox 2985 704 3190 750; x_wconf 79' lang='lat' dir='ltr'><strong>tantum</strong></span> <span class='ocrx_word' id='word_1_549' title='bbox 3221 695 3494 751; x_wconf 75' lang='lat' dir='ltr'><strong>adhzereat</strong></span> 
     </span>
    </p>
   </div>
   <div class='ocr_carea' id='block_1_68' title="bbox 1910 785 3495 860">
    <p class='ocr_par' dir='ltr' id='par_1_68' title="bbox 1910 785 3495 860">
     <span class='ocr_line' id='line_1_68' title="bbox 1910 785 3495 860; baseline 0.005 -21"><span class='ocrx_word' id='word_1_550' title='bbox 1910 785 2048 841; x_wconf 88' lang='lat' dir='ltr'><strong>Patri</strong></span> <span class='ocrx_word' id='word_1_551' title='bbox 2085 787 2248 843; x_wconf 86' lang='lat' dir='ltr'><strong>Filius</strong></span> <span class='ocrx_word' id='word_1_552' title='bbox 2269 830 2282 853; x_wconf 94' lang='lat'><strong>,</strong></span> <span class='ocrx_word' id='word_1_553' title='bbox 2314 799 2374 843; x_wconf 92' lang='lat' dir='ltr'><strong>ut</strong></span> <span class='ocrx_word' id='word_1_554' title='bbox 2405 789 2474 844; x_wconf 88' lang='lat' dir='ltr'><strong>sit</strong></span> <span class='ocrx_word' id='word_1_555' title='bbox 2514 805 2650 846; x_wconf 88' lang='lat' dir='ltr'><strong>unus</strong></span> <span class='ocrx_word' id='word_1_556' title='bbox 2677 790 2857 844; x_wconf 84' lang='lat' dir='ltr'><strong>Deus?</strong></span> <span class='ocrx_word' id='word_1_557' title='bbox 2887 791 2999 846; x_wconf 91' lang='lat' dir='ltr'><strong>Hoc</strong></span> <span class='ocrx_word' id='word_1_558' title='bbox 3026 792 3208 860; x_wconf 85' lang='lat' dir='ltr'><strong>accipe</strong></span> <span class='ocrx_word' id='word_1_559' title='bbox 3237 792 3395 846; x_wconf 89' lang='lat' dir='ltr'><strong>etiam</strong></span> <span class='ocrx_word' id='word_1_560' title='bbox 3426 790 3495 847; x_wconf 89' lang='lat' dir='ltr'><strong>de</strong></span> 
     </span>
    </p>
   </div>
   <div class='ocr_carea' id='block_1_69' title="bbox 1908 875 3493 952">
    <p class='ocr_par' dir='ltr' id='par_1_69' title="bbox 1908 875 3493 952">
     <span class='ocr_line' id='line_1_69' title="bbox 1908 875 3493 952; baseline 0.003 -20"><span class='ocrx_word' id='word_1_561' title='bbox 1908 875 2108 948; x_wconf 88' lang='lat' dir='ltr'><strong>Spiritu</strong></span> <span class='ocrx_word' id='word_1_562' title='bbox 2139 889 2345 946; x_wconf 89' lang='lat' dir='ltr'><strong>sancto,</strong></span> <span class='ocrx_word' id='word_1_563' title='bbox 2377 881 2466 951; x_wconf 91' lang='lat' dir='ltr'><strong>qui</strong></span> <span class='ocrx_word' id='word_1_564' title='bbox 2501 881 2644 937; x_wconf 92' lang='lat' dir='ltr'><strong>Deus</strong></span> <span class='ocrx_word' id='word_1_565' title='bbox 2667 891 2768 937; x_wconf 91' lang='lat' dir='ltr'><strong>est.</strong></span> <span class='ocrx_word' id='word_1_566' title='bbox 2801 882 3060 937; x_wconf 83' lang='lat' dir='ltr'><strong>Caeterum</strong></span> <span class='ocrx_word' id='word_1_567' title='bbox 3093 883 3136 936; x_wconf 90' lang='lat' dir='ltr'><strong>si</strong></span> <span class='ocrx_word' id='word_1_568' title='bbox 3165 884 3303 937; x_wconf 89' lang='lat' dir='ltr'><strong>Deus</strong></span> <span class='ocrx_word' id='word_1_569' title='bbox 3323 882 3493 952; x_wconf 85' lang='lat' dir='ltr'><strong>Spiri-</strong></span> 
     </span>
    </p>
   </div>
   <div class='ocr_carea' id='block_1_70' title="bbox 1908 973 3492 1044">
    <p class='ocr_par' dir='ltr' id='par_1_70' title="bbox 1908 973 3492 1044">
     <span class='ocr_line' id='line_1_70' title="bbox 1908 973 3492 1044; baseline 0.001 -19"><span class='ocrx_word' id='word_1_570' title='bbox 1908 979 1994 1025; x_wconf 90' lang='lat' dir='ltr'><strong>tus</strong></span> <span class='ocrx_word' id='word_1_571' title='bbox 2019 979 2235 1027; x_wconf 91' lang='lat' dir='ltr'><strong>sanctus</strong></span> <span class='ocrx_word' id='word_1_572' title='bbox 2265 987 2369 1026; x_wconf 93' lang='lat' dir='ltr'><strong>non</strong></span> <span class='ocrx_word' id='word_1_573' title='bbox 2399 981 2564 1040; x_wconf 87' lang='lat' dir='ltr'><strong>esset,</strong></span> <span class='ocrx_word' id='word_1_574' title='bbox 2598 973 2853 1044; x_wconf 90' lang='lat' dir='ltr'><strong>templum</strong></span> <span class='ocrx_word' id='word_1_575' title='bbox 2881 973 3060 1044; x_wconf 89' lang='lat' dir='ltr'><strong>utique</strong></span> <span class='ocrx_word' id='word_1_576' title='bbox 3086 989 3183 1030; x_wconf 90' lang='lat' dir='ltr'><strong>nos</strong></span> <span class='ocrx_word' id='word_1_577' title='bbox 3214 975 3360 1044; x_wconf 89' lang='lat' dir='ltr'><strong>ipsos</strong></span> <span class='ocrx_word' id='word_1_578' title='bbox 3387 989 3492 1029; x_wconf 92' lang='lat' dir='ltr'><strong>non</strong></span> 
     </span>
    </p>
   </div>
   <div class='ocr_carea' id='block_1_71' title="bbox 1909 1059 3497 1135">
    <p class='ocr_par' dir='ltr' id='par_1_71' title="bbox 1909 1059 3497 1135">
     <span class='ocr_line' id='line_1_71' title="bbox 1909 1059 3497 1135; baseline 0.003 -20"><span class='ocrx_word' id='word_1_579' title='bbox 1909 1059 2150 1117; x_wconf 86' lang='lat' dir='ltr'><strong>haberet.</strong></span> <span class='ocrx_word' id='word_1_580' title='bbox 2195 1063 2460 1133; x_wconf 91' lang='lat' dir='ltr'><strong>Scriptum</strong></span> <span class='ocrx_word' id='word_1_581' title='bbox 2509 1074 2591 1119; x_wconf 88' lang='lat' dir='ltr'><strong>est</strong></span> <span class='ocrx_word' id='word_1_582' title='bbox 2631 1065 2827 1134; x_wconf 89' lang='lat' dir='ltr'><strong>quippe</strong></span> <span class='ocrx_word' id='word_1_583' title='bbox 2871 1066 2921 1118; x_wconf 90' lang='lat' dir='ltr'><strong>in</strong></span> <span class='ocrx_word' id='word_1_584' title='bbox 2950 1066 3243 1135; x_wconf 78' lang='lat' dir='ltr'><strong>Apostolo,</strong></span> <span class='ocrx_word' id='word_1_585' title='bbox 3277 1065 3497 1119; x_wconf 84' lang='lat' dir='ltr'><strong>Nescitis</strong></span> 
     </span>
    </p>
   </div>
   <div class='ocr_carea' id='block_1_72' title="bbox 1905 1152 3496 1225">
    <p class='ocr_par' dir='ltr' id='par_1_72' title="bbox 1905 1152 3496 1225">
     <span class='ocr_line' id='line_1_72' title="bbox 1905 1152 3496 1225; baseline 0.003 -21"><span class='ocrx_word' id='word_1_586' title='bbox 1905 1152 2024 1222; x_wconf 87' lang='lat' dir='ltr'><strong>quia</strong></span> <span class='ocrx_word' id='word_1_587' title='bbox 2053 1153 2290 1225; x_wconf 72' lang='lat' dir='ltr'><strong>templum</strong></span> <span class='ocrx_word' id='word_1_588' title='bbox 2318 1153 2412 1207; x_wconf 91' lang='lat' dir='ltr'><strong>Dei</strong></span> <span class='ocrx_word' id='word_1_589' title='bbox 2441 1155 2582 1222; x_wconf 86' lang='lat' dir='ltr'><strong>estis,</strong></span> <span class='ocrx_word' id='word_1_590' title='bbox 2614 1165 2660 1208; x_wconf 92' lang='lat' dir='ltr'><strong>et</strong></span> <span class='ocrx_word' id='word_1_591' title='bbox 2686 1155 2913 1224; x_wconf 87' lang='lat' dir='ltr'><strong>Spiritus</strong></span> <span class='ocrx_word' id='word_1_592' title='bbox 2943 1155 3038 1209; x_wconf 81' lang='lat' dir='ltr'><strong>Dei</strong></span> <span class='ocrx_word' id='word_1_593' title='bbox 3067 1155 3256 1209; x_wconf 85' lang='lat' dir='ltr'><strong>habitat</strong></span> <span class='ocrx_word' id='word_1_594' title='bbox 3277 1157 3328 1208; x_wconf 87' lang='lat' dir='ltr'><strong>iu</strong></span> <span class='ocrx_word' id='word_1_595' title='bbox 3356 1155 3496 1209; x_wconf 76' lang='lat' dir='ltr'><strong>vobis</strong></span> 
     </span>
    </p>
   </div>
   <div class='ocr_carea' id='block_1_73' title="bbox 1909 1243 3495 1317">
    <p class='ocr_par' dir='ltr' id='par_1_73' title="bbox 1909 1243 3495 1317">
     <span class='ocr_line' id='line_1_73' title="bbox 1909 1243 3495 1317; baseline 0.003 -21"><span class='ocrx_word' id='word_1_596' title='bbox 1909 1243 1952 1312; x_wconf 95' lang='grc' dir='ltr'><strong>(Ι</strong></span> <span class='ocrx_word' id='word_1_597' title='bbox 1974 1243 2090 1298; x_wconf 89' lang='lat' dir='ltr'><strong>Cor.</strong></span> <span class='ocrx_word' id='word_1_598' title='bbox 2119 1260 2195 1310; x_wconf 85' lang='lat' dir='ltr'><strong>tu,</strong></span> <span class='ocrx_word' id='word_1_599' title='bbox 2232 1246 2360 1315; x_wconf 73' lang='lat'><strong>16)?</strong></span> <span class='ocrx_word' id='word_1_600' title='bbox 2388 1246 2451 1300; x_wconf 83' lang='lat' dir='ltr'><strong>Et</strong></span> <span class='ocrx_word' id='word_1_601' title='bbox 2469 1247 2678 1312; x_wconf 89' lang='lat' dir='ltr'><strong>iterum,</strong></span> <span class='ocrx_word' id='word_1_602' title='bbox 2705 1245 2922 1301; x_wconf 82' lang='lat' dir='ltr'><strong>Nescitis</strong></span> <span class='ocrx_word' id='word_1_603' title='bbox 2949 1249 3066 1316; x_wconf 88' lang='lat' dir='ltr'><strong>quia</strong></span> <span class='ocrx_word' id='word_1_604' title='bbox 3093 1265 3306 1317; x_wconf 87' lang='lat' dir='ltr'><strong>corpora</strong></span> <span class='ocrx_word' id='word_1_605' title='bbox 3332 1257 3495 1301; x_wconf 76' lang='lat' dir='ltr'><strong>vestra</strong></span> 
     </span>
    </p>
   </div>
   <div class='ocr_carea' id='block_1_74' title="bbox 1907 1333 3494 1409">
    <p class='ocr_par' dir='ltr' id='par_1_74' title="bbox 1907 1333 3494 1409">
     <span class='ocr_line' id='line_1_74' title="bbox 1907 1333 3494 1409; baseline 0.004 -23"><span class='ocrx_word' id='word_1_606' title='bbox 1907 1333 2149 1403; x_wconf 87' lang='lat' dir='ltr'><strong>templum</strong></span> <span class='ocrx_word' id='word_1_607' title='bbox 2177 1337 2230 1388; x_wconf 88' lang='lat' dir='ltr'><strong>iu</strong></span> <span class='ocrx_word' id='word_1_608' title='bbox 2271 1335 2407 1390; x_wconf 80' lang='lat' dir='ltr'><strong>vobis</strong></span> <span class='ocrx_word' id='word_1_609' title='bbox 2452 1346 2521 1390; x_wconf 80' lang='lat' dir='ltr'><strong>est</strong></span> <span class='ocrx_word' id='word_1_610' title='bbox 2552 1337 2778 1403; x_wconf 86' lang='lat' dir='ltr'><strong>Spiritus</strong></span> <span class='ocrx_word' id='word_1_611' title='bbox 2817 1339 2978 1391; x_wconf 84' lang='lat' dir='ltr'><strong>sancti</strong></span> <span class='ocrx_word' id='word_1_612' title='bbox 3001 1380 3016 1405; x_wconf 97' lang='lat'><strong>,</strong></span> <span class='ocrx_word' id='word_1_613' title='bbox 3054 1355 3199 1409; x_wconf 87' lang='lat' dir='ltr'><strong>quem</strong></span> <span class='ocrx_word' id='word_1_614' title='bbox 3245 1338 3436 1392; x_wconf 85' lang='lat' dir='ltr'><strong>habetis</strong></span> <span class='ocrx_word' id='word_1_615' title='bbox 3459 1354 3494 1392; x_wconf 89' lang='lat' dir='ltr'><strong>a</strong></span> 
     </span>
    </p>
   </div>
   <div class='ocr_carea' id='block_1_75' title="bbox 1909 1425 3494 1500">
    <p class='ocr_par' dir='ltr' id='par_1_75' title="bbox 1909 1425 3494 1500">
     <span class='ocr_line' id='line_1_75' title="bbox 1909 1425 3494 1500; baseline 0.002 -20"><span class='ocrx_word' id='word_1_616' title='bbox 1909 1425 2015 1480; x_wconf 92' lang='lat' dir='ltr'><strong>Deo</strong></span> <span class='ocrx_word' id='word_1_617' title='bbox 2049 1425 2170 1499; x_wconf 86' lang='lat' dir='ltr'><strong>(Id.</strong></span> <span class='ocrx_word' id='word_1_618' title='bbox 2201 1444 2269 1490; x_wconf 81' lang='lat' dir='ltr'><strong>vr,</strong></span> <span class='ocrx_word' id='word_1_619' title='bbox 2303 1427 2447 1500; x_wconf 76' lang='lat' dir='ltr'><strong>t9)?</strong></span> <span class='ocrx_word' id='word_1_620' title='bbox 2486 1429 2674 1486; x_wconf 87' lang='lat' dir='ltr'><strong>Nonne</strong></span> <span class='ocrx_word' id='word_1_621' title='bbox 2716 1431 2758 1483; x_wconf 93' lang='lat' dir='ltr'><strong>si</strong></span> <span class='ocrx_word' id='word_1_622' title='bbox 2807 1431 3062 1500; x_wconf 90' lang='lat' dir='ltr'><strong>templum</strong></span> <span class='ocrx_word' id='word_1_623' title='bbox 3105 1431 3260 1484; x_wconf 91' lang='lat' dir='ltr'><strong>alicui</strong></span> <span class='ocrx_word' id='word_1_624' title='bbox 3308 1441 3494 1485; x_wconf 84' lang='lat' dir='ltr'><strong>sancto</strong></span> 
     </span>
    </p>
   </div>
   <div class='ocr_carea' id='block_1_76' title="bbox 1906 1519 3491 1591">
    <p class='ocr_par' dir='ltr' id='par_1_76' title="bbox 1906 1519 3491 1591">
     <span class='ocr_line' id='line_1_76' title="bbox 1906 1519 3491 1591; baseline 0.003 -19"><span class='ocrx_word' id='word_1_625' title='bbox 1906 1519 2096 1588; x_wconf 81' lang='lat' dir='ltr'><strong>angelo</strong></span> <span class='ocrx_word' id='word_1_626' title='bbox 2125 1519 2574 1575; x_wconf 81' lang='lat' dir='ltr'><strong>excellentissimo</strong></span> <span class='ocrx_word' id='word_1_627' title='bbox 2603 1521 2669 1576; x_wconf 89' lang='lat' dir='ltr'><strong>de</strong></span> <span class='ocrx_word' id='word_1_628' title='bbox 2716 1522 2869 1591; x_wconf 87' lang='lat' dir='ltr'><strong>lignis</strong></span> <span class='ocrx_word' id='word_1_629' title='bbox 2895 1532 2949 1576; x_wconf 92' lang='lat' dir='ltr'><strong>et</strong></span> <span class='ocrx_word' id='word_1_630' title='bbox 2993 1523 3253 1591; x_wconf 88' lang='lat' dir='ltr'><strong>lapidibus</strong></span> <span class='ocrx_word' id='word_1_631' title='bbox 3284 1523 3491 1578; x_wconf 84' lang='lat' dir='ltr'><strong>faccre-</strong></span> 
     </span>
    </p>
   </div>
   <div class='ocr_carea' id='block_1_77' title="bbox 1907 1613 3496 1680">
    <p class='ocr_par' dir='ltr' id='par_1_77' title="bbox 1907 1613 3496 1680">
     <span class='ocr_line' id='line_1_77' title="bbox 1907 1613 3496 1680; baseline 0.003 -14"><span class='ocrx_word' id='word_1_632' title='bbox 1907 1628 2054 1680; x_wconf 91' lang='lat' dir='ltr'><strong>mus,</strong></span> <span class='ocrx_word' id='word_1_633' title='bbox 2086 1613 2550 1670; x_wconf 88' lang='lat' dir='ltr'><strong>anathemaremur</strong></span> <span class='ocrx_word' id='word_1_634' title='bbox 2575 1631 2602 1668; x_wconf 94' lang='lat' dir='ltr'><strong>a</strong></span> <span class='ocrx_word' id='word_1_635' title='bbox 2633 1616 2857 1670; x_wconf 82' lang='lat' dir='ltr'><strong>veritate</strong></span> <span class='ocrx_word' id='word_1_636' title='bbox 2894 1615 3090 1670; x_wconf 90' lang='lat' dir='ltr'><strong>Christi</strong></span> <span class='ocrx_word' id='word_1_637' title='bbox 3129 1624 3182 1669; x_wconf 89' lang='lat' dir='ltr'><strong>et</strong></span> <span class='ocrx_word' id='word_1_638' title='bbox 3209 1616 3275 1669; x_wconf 91' lang='lat' dir='ltr'><strong>ab</strong></span> <span class='ocrx_word' id='word_1_639' title='bbox 3316 1617 3496 1671; x_wconf 85' lang='lat' dir='ltr'><strong>Eccle-</strong></span> 
     </span>
    </p>
   </div>
   <div class='ocr_carea' id='block_1_78' title="bbox 1909 1704 3496 1774">
    <p class='ocr_par' dir='ltr' id='par_1_78' title="bbox 1909 1704 3496 1774">
     <span class='ocr_line' id='line_1_78' title="bbox 1909 1704 3496 1774; baseline 0.001 -16"><span class='ocrx_word' id='word_1_640' title='bbox 1909 1704 1986 1758; x_wconf 91' lang='lat' dir='ltr'><strong>sia</strong></span> <span class='ocrx_word' id='word_1_641' title='bbox 2019 1705 2146 1770; x_wconf 91' lang='lat' dir='ltr'><strong>Dei;</strong></span> <span class='ocrx_word' id='word_1_642' title='bbox 2180 1706 2428 1774; x_wconf 89' lang='lat' dir='ltr'><strong>quoniam</strong></span> <span class='ocrx_word' id='word_1_643' title='bbox 2460 1716 2718 1761; x_wconf 74' lang='lat' dir='ltr'><strong>creaturre</strong></span> <span class='ocrx_word' id='word_1_644' title='bbox 2762 1706 3135 1761; x_wconf 82' lang='lat' dir='ltr'><strong>exhiberemus</strong></span> <span class='ocrx_word' id='word_1_645' title='bbox 3174 1721 3292 1760; x_wconf 89' lang='lat' dir='ltr'><strong>eam</strong></span> <span class='ocrx_word' id='word_1_646' title='bbox 3330 1706 3496 1760; x_wconf 87' lang='lat' dir='ltr'><strong>servi-</strong></span> 
     </span>
    </p>
   </div>
   <div class='ocr_carea' id='block_1_79' title="bbox 1907 1795 3494 1867">
    <p class='ocr_par' dir='ltr' id='par_1_79' title="bbox 1907 1795 3494 1867">
     <span class='ocr_line' id='line_1_79' title="bbox 1907 1795 3494 1867; baseline 0 -17"><span class='ocrx_word' id='word_1_647' title='bbox 1907 1803 2094 1864; x_wconf 90' lang='lat' dir='ltr'><strong>tutem,</strong></span> <span class='ocrx_word' id='word_1_648' title='bbox 2124 1812 2243 1867; x_wconf 71' lang='lat' dir='ltr'><strong>qua:</strong></span> <span class='ocrx_word' id='word_1_649' title='bbox 2274 1799 2363 1852; x_wconf 92' lang='lat' dir='ltr'><strong>uni</strong></span> <span class='ocrx_word' id='word_1_650' title='bbox 2403 1806 2604 1853; x_wconf 90' lang='lat' dir='ltr'><strong>tantum</strong></span> <span class='ocrx_word' id='word_1_651' title='bbox 2646 1799 2869 1853; x_wconf 89' lang='lat' dir='ltr'><strong>debetur</strong></span> <span class='ocrx_word' id='word_1_652' title='bbox 2899 1798 3049 1854; x_wconf 89' lang='lat' dir='ltr'><strong>Deo?</strong></span> <span class='ocrx_word' id='word_1_653' title='bbox 3079 1798 3135 1852; x_wconf 89' lang='lat' dir='ltr'><strong>Si</strong></span> <span class='ocrx_word' id='word_1_654' title='bbox 3175 1811 3301 1865; x_wconf 88' lang='lat' dir='ltr'><strong>ergo</strong></span> <span class='ocrx_word' id='word_1_655' title='bbox 3326 1795 3494 1850; x_wconf 86' lang='lat' dir='ltr'><strong>sacri-</strong></span> 
     </span>
    </p>
   </div>
   <div class='ocr_carea' id='block_1_80' title="bbox 1904 1886 3494 1961">
    <p class='ocr_par' dir='ltr' id='par_1_80' title="bbox 1904 1886 3494 1961">
     <span class='ocr_line' id='line_1_80' title="bbox 1904 1886 3494 1961; baseline 0.003 -20"><span class='ocrx_word' id='word_1_656' title='bbox 1904 1886 2004 1957; x_wconf 88' lang='lat' dir='ltr'><strong>legi</strong></span> <span class='ocrx_word' id='word_1_657' title='bbox 2033 1902 2273 1944; x_wconf 90' lang='lat' dir='ltr'><strong>essemus</strong></span> <span class='ocrx_word' id='word_1_658' title='bbox 2300 1889 2540 1946; x_wconf 88' lang='lat' dir='ltr'><strong>faciendo</strong></span> <span class='ocrx_word' id='word_1_659' title='bbox 2570 1892 2824 1961; x_wconf 89' lang='lat' dir='ltr'><strong>templum</strong></span> <span class='ocrx_word' id='word_1_660' title='bbox 2866 1892 3181 1961; x_wconf 89' lang='lat' dir='ltr'><strong>cuicumque</strong></span> <span class='ocrx_word' id='word_1_661' title='bbox 3216 1901 3494 1953; x_wconf 68' lang='lat' dir='ltr'><strong>creaturae,</strong></span> 
     </span>
    </p>
   </div>
   <div class='ocr_carea' id='block_1_81' title="bbox 1904 1979 3495 2054">
    <p class='ocr_par' dir='ltr' id='par_1_81' title="bbox 1904 1979 3495 2054">
     <span class='ocr_line' id='line_1_81' title="bbox 1904 1979 3495 2054; baseline 0.006 -23"><span class='ocrx_word' id='word_1_662' title='bbox 1904 1979 2174 2048; x_wconf 88' lang='lat' dir='ltr'><strong>quomodo</strong></span> <span class='ocrx_word' id='word_1_663' title='bbox 2205 1997 2309 2036; x_wconf 91' lang='lat' dir='ltr'><strong>non</strong></span> <span class='ocrx_word' id='word_1_664' title='bbox 2341 1991 2425 2038; x_wconf 89' lang='lat' dir='ltr'><strong>est</strong></span> <span class='ocrx_word' id='word_1_665' title='bbox 2467 1984 2607 2038; x_wconf 88' lang='lat' dir='ltr'><strong>Deus</strong></span> <span class='ocrx_word' id='word_1_666' title='bbox 2631 1998 2788 2040; x_wconf 90' lang='lat' dir='ltr'><strong>verus</strong></span> <span class='ocrx_word' id='word_1_667' title='bbox 2816 1986 2898 2040; x_wconf 93' lang='lat' dir='ltr'><strong>cui</strong></span> <span class='ocrx_word' id='word_1_668' title='bbox 2944 2001 3048 2039; x_wconf 93' lang='lat' dir='ltr'><strong>non</strong></span> <span class='ocrx_word' id='word_1_669' title='bbox 3081 1985 3336 2054; x_wconf 86' lang='lat' dir='ltr'><strong>templum</strong></span> <span class='ocrx_word' id='word_1_670' title='bbox 3366 1985 3495 2040; x_wconf 86' lang='lat' dir='ltr'><strong>laci-</strong></span> 
     </span>
    </p>
   </div>
   <div class='ocr_carea' id='block_1_82' title="bbox 1903 2072 3494 2147">
    <p class='ocr_par' dir='ltr' id='par_1_82' title="bbox 1903 2072 3494 2147">
     <span class='ocr_line' id='line_1_82' title="bbox 1903 2072 3494 2147; baseline 0.008 -22"><span class='ocrx_word' id='word_1_671' title='bbox 1903 2087 2044 2136; x_wconf 91' lang='lat' dir='ltr'><strong>mus,</strong></span> <span class='ocrx_word' id='word_1_672' title='bbox 2075 2072 2168 2128; x_wconf 89' lang='lat' dir='ltr'><strong>sed</strong></span> <span class='ocrx_word' id='word_1_673' title='bbox 2213 2089 2311 2129; x_wconf 89' lang='lat' dir='ltr'><strong>nos</strong></span> <span class='ocrx_word' id='word_1_674' title='bbox 2342 2075 2441 2146; x_wconf 89' lang='lat' dir='ltr'><strong>ipsi</strong></span> <span class='ocrx_word' id='word_1_675' title='bbox 2466 2077 2722 2147; x_wconf 88' lang='lat' dir='ltr'><strong>templum</strong></span> <span class='ocrx_word' id='word_1_676' title='bbox 2764 2080 2979 2132; x_wconf 88' lang='lat' dir='ltr'><strong>sumus?</strong></span> <span class='ocrx_word' id='word_1_677' title='bbox 3007 2079 3287 2146; x_wconf 88' lang='lat' dir='ltr'><strong>Quomodo</strong></span> <span class='ocrx_word' id='word_1_678' title='bbox 3312 2089 3494 2137; x_wconf 90' lang='lat' dir='ltr'><strong>autem</strong></span> 
     </span>
    </p>
   </div>
   <div class='ocr_carea' id='block_1_83' title="bbox 1903 2163 3494 2244">
    <p class='ocr_par' dir='ltr' id='par_1_83' title="bbox 1903 2163 3494 2244">
     <span class='ocr_line' id='line_1_83' title="bbox 1903 2163 3494 2244; baseline 0.006 -27"><span class='ocrx_word' id='word_1_679' title='bbox 1903 2163 2099 2220; x_wconf 76' lang='lat' dir='ltr'><strong>dixerit</strong></span> <span class='ocrx_word' id='word_1_680' title='bbox 2121 2165 2398 2231; x_wconf 87' lang='lat' dir='ltr'><strong>Christus,</strong></span> <span class='ocrx_word' id='word_1_681' title='bbox 2422 2166 2566 2224; x_wconf 90' lang='lat' dir='ltr'><strong>Sicut</strong></span> <span class='ocrx_word' id='word_1_682' title='bbox 2595 2170 2741 2223; x_wconf 77' lang='lat' dir='ltr'><strong>liabet</strong></span> <span class='ocrx_word' id='word_1_683' title='bbox 2774 2168 2931 2224; x_wconf 88' lang='lat' dir='ltr'><strong>Pater</strong></span> <span class='ocrx_word' id='word_1_684' title='bbox 2947 2172 3097 2224; x_wconf 85' lang='lat' dir='ltr'><strong>vitam</strong></span> <span class='ocrx_word' id='word_1_685' title='bbox 3128 2173 3179 2226; x_wconf 87' lang='lat' dir='ltr'><strong>in</strong></span> <span class='ocrx_word' id='word_1_686' title='bbox 3208 2174 3494 2244; x_wconf 85' lang='lat' dir='ltr'><strong>semetipso,</strong></span> 
     </span>
    </p>
   </div>
   <div class='ocr_carea' id='block_1_84' title="bbox 1903 2258 3494 2338">
    <p class='ocr_par' dir='ltr' id='par_1_84' title="bbox 1903 2258 3494 2338">
     <span class='ocr_line' id='line_1_84' title="bbox 1903 2258 3494 2338; baseline 0.007 -28"><span class='ocrx_word' id='word_1_687' title='bbox 1903 2259 1975 2311; x_wconf 84' lang='lat' dir='ltr'><strong>sic</strong></span> <span class='ocrx_word' id='word_1_688' title='bbox 2003 2258 2142 2312; x_wconf 87' lang='lat' dir='ltr'><strong>dedit</strong></span> <span class='ocrx_word' id='word_1_689' title='bbox 2166 2259 2304 2314; x_wconf 88' lang='lat' dir='ltr'><strong>Filio</strong></span> <span class='ocrx_word' id='word_1_690' title='bbox 2333 2262 2515 2316; x_wconf 73' lang='lat' dir='ltr'><strong>habere</strong></span> <span class='ocrx_word' id='word_1_691' title='bbox 2551 2263 2702 2316; x_wconf 77' lang='lat' dir='ltr'><strong>vitam</strong></span> <span class='ocrx_word' id='word_1_692' title='bbox 2725 2263 2777 2317; x_wconf 85' lang='lat' dir='ltr'><strong>in</strong></span> <span class='ocrx_word' id='word_1_693' title='bbox 2807 2265 3071 2336; x_wconf 81' lang='lat' dir='ltr'><strong>semetipso</strong></span> <span class='ocrx_word' id='word_1_694' title='bbox 3095 2264 3270 2328; x_wconf 81' lang='lat' dir='ltr'><strong>(Joau.</strong></span> <span class='ocrx_word' id='word_1_695' title='bbox 3301 2283 3354 2333; x_wconf 77' lang='grc' dir='ltr'><strong>ν,</strong></span> <span class='ocrx_word' id='word_1_696' title='bbox 3377 2266 3494 2338; x_wconf 73' lang='lat'><strong>26),</strong></span> 
     </span>
    </p>
   </div>
   <div class='ocr_carea' id='block_1_85' title="bbox 1905 2352 3495 2429">
    <p class='ocr_par' dir='ltr' id='par_1_85' title="bbox 1905 2352 3495 2429">
     <span class='ocr_line' id='line_1_85' title="bbox 1905 2352 3495 2429; baseline 0.006 -24"><span class='ocrx_word' id='word_1_697' title='bbox 1905 2352 2148 2420; x_wconf 91' lang='lat' dir='ltr'><strong>superius</strong></span> <span class='ocrx_word' id='word_1_698' title='bbox 2173 2355 2444 2423; x_wconf 91' lang='lat' dir='ltr'><strong>respondi.</strong></span> <span class='ocrx_word' id='word_1_699' title='bbox 2462 2355 2756 2410; x_wconf 89' lang='lat' dir='ltr'><strong>Concordia</strong></span> <span class='ocrx_word' id='word_1_700' title='bbox 2785 2365 2962 2411; x_wconf 88' lang='lat' dir='ltr'><strong>autem</strong></span> <span class='ocrx_word' id='word_1_701' title='bbox 2986 2366 3040 2412; x_wconf 90' lang='lat' dir='ltr'><strong>et</strong></span> <span class='ocrx_word' id='word_1_702' title='bbox 3065 2357 3345 2420; x_wconf 86' lang='lat' dir='ltr'><strong>charitate,</strong></span> <span class='ocrx_word' id='word_1_703' title='bbox 3372 2359 3495 2429; x_wconf 83' lang='lat' dir='ltr'><strong>quia</strong></span> 
     </span>
    </p>
   </div>
   <div class='ocr_carea' id='block_1_86' title="bbox 1903 2438 3536 2518">
    <p class='ocr_par' dir='ltr' id='par_1_86' title="bbox 1903 2438 3536 2518">
     <span class='ocr_line' id='line_1_86' title="bbox 1903 2438 3536 2518; baseline 0.006 -22"><span class='ocrx_word' id='word_1_704' title='bbox 1903 2443 2292 2502; x_wconf 70' lang='lat' dir='ltr'><strong>dicis‘factum</strong></span> <span class='ocrx_word' id='word_1_705' title='bbox 2339 2447 2501 2502; x_wconf 86' lang='lat' dir='ltr'><strong>fuisse</strong></span> <span class='ocrx_word' id='word_1_706' title='bbox 2545 2457 2603 2502; x_wconf 94' lang='lat' dir='ltr'><strong>ut</strong></span> <span class='ocrx_word' id='word_1_707' title='bbox 2647 2465 2810 2504; x_wconf 95' lang='lat' dir='ltr'><strong>unum</strong></span> <span class='ocrx_word' id='word_1_708' title='bbox 2854 2451 2966 2504; x_wconf 91' lang='lat' dir='ltr'><strong>sint</strong></span> <span class='ocrx_word' id='word_1_709' title='bbox 3009 2451 3168 2506; x_wconf 88' lang='lat' dir='ltr'><strong>Pater</strong></span> <span class='ocrx_word' id='word_1_710' title='bbox 3209 2463 3262 2505; x_wconf 92' lang='lat' dir='ltr'><strong>et</strong></span> <span class='ocrx_word' id='word_1_711' title='bbox 3289 2452 3491 2518; x_wconf 88' lang='lat' dir='ltr'><strong>Filius;</strong></span> <span class='ocrx_word' id='word_1_712' title='bbox 3530 2438 3536 2444; x_wconf 71' lang='grc'><strong>’</strong></span> 
     </span>
    </p>
   </div>
   <div class='ocr_carea' id='block_1_87' title="bbox 1903 2537 3498 2614">
    <p class='ocr_par' dir='ltr' id='par_1_87' title="bbox 1903 2537 3498 2614">
     <span class='ocr_line' id='line_1_87' title="bbox 1903 2537 3498 2614; baseline 0.008 -25"><span class='ocrx_word' id='word_1_713' title='bbox 1903 2537 2117 2605; x_wconf 91' lang='lat' dir='ltr'><strong>quando</strong></span> <span class='ocrx_word' id='word_1_714' title='bbox 2143 2538 2272 2592; x_wconf 88' lang='lat' dir='ltr'><strong>mihi</strong></span> <span class='ocrx_word' id='word_1_715' title='bbox 2316 2539 2599 2607; x_wconf 90' lang='lat' dir='ltr'><strong>protuleris</strong></span> <span class='ocrx_word' id='word_1_716' title='bbox 2627 2540 2824 2596; x_wconf 91' lang='lat' dir='ltr'><strong>dictum</strong></span> <span class='ocrx_word' id='word_1_717' title='bbox 2866 2556 2985 2598; x_wconf 87' lang='lat' dir='ltr'><strong>esse</strong></span> <span class='ocrx_word' id='word_1_718' title='bbox 3014 2543 3153 2614; x_wconf 90' lang='lat' dir='ltr'><strong>quod</strong></span> <span class='ocrx_word' id='word_1_719' title='bbox 3198 2560 3363 2599; x_wconf 92' lang='lat' dir='ltr'><strong>unum</strong></span> <span class='ocrx_word' id='word_1_720' title='bbox 3391 2545 3498 2601; x_wconf 92' lang='lat' dir='ltr'><strong>sint</strong></span> 
     </span>
    </p>
   </div>
   <div class='ocr_carea' id='block_1_88' title="bbox 1903 2629 3497 2705">
    <p class='ocr_par' dir='ltr' id='par_1_88' title="bbox 1903 2629 3497 2705">
     <span class='ocr_line' id='line_1_88' title="bbox 1903 2629 3497 2705; baseline 0.008 -27"><span class='ocrx_word' id='word_1_721' title='bbox 1903 2643 2022 2696; x_wconf 69' lang='lat' dir='ltr'><strong>qua:</strong></span> <span class='ocrx_word' id='word_1_722' title='bbox 2046 2637 2170 2682; x_wconf 93' lang='lat' dir='ltr'><strong>sunt</strong></span> <span class='ocrx_word' id='word_1_723' title='bbox 2198 2629 2422 2684; x_wconf 70' lang='lat' dir='ltr'><strong>diversa:</strong></span> <span class='ocrx_word' id='word_1_724' title='bbox 2451 2631 2793 2697; x_wconf 74' lang='lat' dir='ltr'><strong>substantize,</strong></span> <span class='ocrx_word' id='word_1_725' title='bbox 2824 2640 2950 2688; x_wconf 89' lang='lat' dir='ltr'><strong>tune</strong></span> <span class='ocrx_word' id='word_1_726' title='bbox 2986 2635 3230 2704; x_wconf 92' lang='lat' dir='ltr'><strong>cogitabo</strong></span> <span class='ocrx_word' id='word_1_727' title='bbox 3251 2635 3376 2705; x_wconf 88' lang='lat' dir='ltr'><strong>quid</strong></span> <span class='ocrx_word' id='word_1_728' title='bbox 3403 2636 3497 2692; x_wconf 87' lang='lat' dir='ltr'><strong>de-</strong></span> 
     </span>
    </p>
   </div>
   <div class='ocr_carea' id='block_1_89' title="bbox 1903 2719 3496 2797">
    <p class='ocr_par' dir='ltr' id='par_1_89' title="bbox 1903 2719 3496 2797">
     <span class='ocr_line' id='line_1_89' title="bbox 1903 2719 3496 2797; baseline 0.005 -24"><span class='ocrx_word' id='word_1_729' title='bbox 1903 2719 2058 2774; x_wconf 90' lang='lat' dir='ltr'><strong>beam</strong></span> <span class='ocrx_word' id='word_1_730' title='bbox 2096 2721 2441 2792; x_wconf 88' lang='lat' dir='ltr'><strong>respondere.</strong></span> <span class='ocrx_word' id='word_1_731' title='bbox 2483 2723 2732 2794; x_wconf 88' lang='lat' dir='ltr'><strong>Legimus</strong></span> <span class='ocrx_word' id='word_1_732' title='bbox 2772 2725 2950 2790; x_wconf 90' lang='lat' dir='ltr'><strong>enim,</strong></span> <span class='ocrx_word' id='word_1_733' title='bbox 2983 2725 3083 2792; x_wconf 85' lang='lat' dir='ltr'><strong>Qui</strong></span> <span class='ocrx_word' id='word_1_734' title='bbox 3111 2726 3303 2796; x_wconf 85' lang='lat' dir='ltr'><strong>plantat</strong></span> <span class='ocrx_word' id='word_1_735' title='bbox 3339 2735 3385 2780; x_wconf 91' lang='lat' dir='ltr'><strong>et</strong></span> <span class='ocrx_word' id='word_1_736' title='bbox 3411 2727 3496 2797; x_wconf 84' lang='lat' dir='ltr'><strong>qui</strong></span> 
     </span>
    </p>
   </div>
   <div class='ocr_carea' id='block_1_90' title="bbox 1902 2811 3496 2886">
    <p class='ocr_par' dir='ltr' id='par_1_90' title="bbox 1902 2811 3496 2886">
     <span class='ocr_line' id='line_1_90' title="bbox 1902 2811 3496 2886; baseline 0.004 -22"><span class='ocrx_word' id='word_1_737' title='bbox 1902 2811 2034 2883; x_wconf 87' lang='lat' dir='ltr'><strong>rigat</strong></span> <span class='ocrx_word' id='word_1_738' title='bbox 2071 2828 2228 2866; x_wconf 83' lang='lat' dir='ltr'><strong>unum</strong></span> <span class='ocrx_word' id='word_1_739' title='bbox 2270 2822 2388 2868; x_wconf 87' lang='lat' dir='ltr'><strong>sunt</strong></span> <span class='ocrx_word' id='word_1_740' title='bbox 2430 2811 2484 2884; x_wconf 88' lang='grc'><strong>(1</strong></span> <span class='ocrx_word' id='word_1_741' title='bbox 2515 2813 2632 2868; x_wconf 87' lang='lat' dir='ltr'><strong>Cor.</strong></span> <span class='ocrx_word' id='word_1_742' title='bbox 2666 2829 2719 2869; x_wconf 88' lang='lat' dir='ltr'><strong>tu</strong></span> <span class='ocrx_word' id='word_1_743' title='bbox 2741 2855 2756 2880; x_wconf 95' lang='lat'><strong>,</strong></span> <span class='ocrx_word' id='word_1_744' title='bbox 2785 2815 2878 2886; x_wconf 92' lang='lat'><strong>8):</strong></span> <span class='ocrx_word' id='word_1_745' title='bbox 2911 2815 3004 2870; x_wconf 90' lang='lat' dir='ltr'><strong>sed</strong></span> <span class='ocrx_word' id='word_1_746' title='bbox 3053 2815 3211 2871; x_wconf 88' lang='lat' dir='ltr'><strong>ambo</strong></span> <span class='ocrx_word' id='word_1_747' title='bbox 3254 2816 3496 2871; x_wconf 87' lang='lat' dir='ltr'><strong>homines</strong></span> 
     </span>
    </p>
   </div>
   <div class='ocr_carea' id='block_1_91' title="bbox 1903 2903 3495 2974">
    <p class='ocr_par' dir='ltr' id='par_1_91' title="bbox 1903 2903 3495 2974">
     <span class='ocr_line' id='line_1_91' title="bbox 1903 2903 3495 2974; baseline 0.003 -16"><span class='ocrx_word' id='word_1_748' title='bbox 1903 2913 2076 2970; x_wconf 88' lang='lat' dir='ltr'><strong>erant,</strong></span> <span class='ocrx_word' id='word_1_749' title='bbox 2106 2903 2345 2974; x_wconf 88' lang='lat' dir='ltr'><strong>ejusdem</strong></span> <span class='ocrx_word' id='word_1_750' title='bbox 2372 2905 2683 2960; x_wconf 75' lang='lat' dir='ltr'><strong>substantia:</strong></span> <span class='ocrx_word' id='word_1_751' title='bbox 2708 2905 2939 2972; x_wconf 91' lang='lat' dir='ltr'><strong>fuerant,</strong></span> <span class='ocrx_word' id='word_1_752' title='bbox 2963 2922 3067 2962; x_wconf 93' lang='lat' dir='ltr'><strong>non</strong></span> <span class='ocrx_word' id='word_1_753' title='bbox 3098 2907 3343 2962; x_wconf 80' lang='lat' dir='ltr'><strong>diversae.</strong></span> <span class='ocrx_word' id='word_1_754' title='bbox 3365 2907 3495 2963; x_wconf 90' lang='lat' dir='ltr'><strong>Item</strong></span> 
     </span>
    </p>
   </div>
   <div class='ocr_carea' id='block_1_92' title="bbox 1904 2998 3494 3070">
    <p class='ocr_par' dir='ltr' id='par_1_92' title="bbox 1904 2998 3494 3070">
     <span class='ocr_line' id='line_1_92' title="bbox 1904 2998 3494 3070; baseline 0 -16"><span class='ocrx_word' id='word_1_755' title='bbox 1904 2999 2129 3070; x_wconf 89' lang='lat' dir='ltr'><strong>legimus</strong></span> <span class='ocrx_word' id='word_1_756' title='bbox 2179 2998 2296 3068; x_wconf 91' lang='lat' dir='ltr'><strong>ipso</strong></span> <span class='ocrx_word' id='word_1_757' title='bbox 2340 2998 2553 3054; x_wconf 86' lang='lat' dir='ltr'><strong>Christo</strong></span> <span class='ocrx_word' id='word_1_758' title='bbox 2598 2999 2842 3066; x_wconf 88' lang='lat' dir='ltr'><strong>dicente,</strong></span> <span class='ocrx_word' id='word_1_759' title='bbox 2891 2999 2959 3055; x_wconf 88' lang='lat' dir='ltr'><strong>Ut</strong></span> <span class='ocrx_word' id='word_1_760' title='bbox 3000 3000 3102 3054; x_wconf 87' lang='lat' dir='ltr'><strong>sint</strong></span> <span class='ocrx_word' id='word_1_761' title='bbox 3139 3017 3332 3066; x_wconf 88' lang='lat' dir='ltr'><strong>unum,</strong></span> <span class='ocrx_word' id='word_1_762' title='bbox 3365 3001 3494 3054; x_wconf 85' lang='lat' dir='ltr'><strong>sicut</strong></span> 
     </span>
    </p>
   </div>
   <div class='ocr_carea' id='block_1_93' title="bbox 1903 3089 3496 3162">
    <p class='ocr_par' dir='ltr' id='par_1_93' title="bbox 1903 3089 3496 3162">
     <span class='ocr_line' id='line_1_93' title="bbox 1903 3089 3496 3162; baseline 0.002 -17"><span class='ocrx_word' id='word_1_763' title='bbox 1903 3101 1950 3145; x_wconf 91' lang='lat' dir='ltr'><strong>et</strong></span> <span class='ocrx_word' id='word_1_764' title='bbox 1993 3107 2084 3146; x_wconf 83' lang='lat' dir='ltr'><strong>nos</strong></span> <span class='ocrx_word' id='word_1_765' title='bbox 2109 3107 2268 3144; x_wconf 87' lang='lat' dir='ltr'><strong>unum</strong></span> <span class='ocrx_word' id='word_1_766' title='bbox 2308 3107 2482 3144; x_wconf 88' lang='lat' dir='ltr'><strong>sumus</strong></span> <span class='ocrx_word' id='word_1_767' title='bbox 2509 3090 2688 3159; x_wconf 80' lang='lat' dir='ltr'><strong>(Joan.</strong></span> <span class='ocrx_word' id='word_1_768' title='bbox 2737 3107 2850 3146; x_wconf 87' lang='lat' dir='ltr'><strong>xvu</strong></span> <span class='ocrx_word' id='word_1_769' title='bbox 2875 3133 2891 3159; x_wconf 96' lang='lat'><strong>,</strong></span> <span class='ocrx_word' id='word_1_770' title='bbox 2922 3089 3034 3162; x_wconf 80' lang='grc'><strong>11).</strong></span> <span class='ocrx_word' id='word_1_771' title='bbox 3086 3091 3199 3147; x_wconf 87' lang='grc' dir='ltr'><strong>Νοη</strong></span> <span class='ocrx_word' id='word_1_772' title='bbox 3229 3091 3398 3156; x_wconf 81' lang='lat' dir='ltr'><strong>dixit,</strong></span> <span class='ocrx_word' id='word_1_773' title='bbox 3431 3091 3496 3148; x_wconf 93' lang='lat' dir='ltr'><strong>Ut</strong></span> 
     </span>
    </p>
   </div>
   <div class='ocr_carea' id='block_1_94' title="bbox 1904 3183 3492 3254">
    <p class='ocr_par' dir='ltr' id='par_1_94' title="bbox 1904 3183 3492 3254">
     <span class='ocr_line' id='line_1_94' title="bbox 1904 3183 3492 3254; baseline 0.003 -18"><span class='ocrx_word' id='word_1_774' title='bbox 1904 3183 2002 3253; x_wconf 91' lang='lat' dir='ltr'><strong>ipsi</strong></span> <span class='ocrx_word' id='word_1_775' title='bbox 2028 3192 2083 3238; x_wconf 89' lang='lat' dir='ltr'><strong>et</strong></span> <span class='ocrx_word' id='word_1_776' title='bbox 2110 3197 2207 3237; x_wconf 88' lang='lat' dir='ltr'><strong>nos</strong></span> <span class='ocrx_word' id='word_1_777' title='bbox 2228 3199 2391 3238; x_wconf 92' lang='lat' dir='ltr'><strong>unum</strong></span> <span class='ocrx_word' id='word_1_778' title='bbox 2428 3203 2440 3239; x_wconf 91' lang='lat'>:</span> <span class='ocrx_word' id='word_1_779' title='bbox 2473 3183 2566 3238; x_wconf 91' lang='lat' dir='ltr'><strong>sed</strong></span> <span class='ocrx_word' id='word_1_780' title='bbox 2590 3226 2603 3250; x_wconf 94' lang='lat'><strong>,</strong></span> <span class='ocrx_word' id='word_1_781' title='bbox 2635 3183 2702 3239; x_wconf 83' lang='lat' dir='ltr'><strong>Ut</strong></span> <span class='ocrx_word' id='word_1_782' title='bbox 2729 3185 2826 3254; x_wconf 87' lang='lat' dir='ltr'><strong>ipsi</strong></span> <span class='ocrx_word' id='word_1_783' title='bbox 2853 3185 2952 3238; x_wconf 86' lang='lat' dir='ltr'><strong>sint</strong></span> <span class='ocrx_word' id='word_1_784' title='bbox 2981 3201 3138 3239; x_wconf 90' lang='lat' dir='ltr'><strong>unum</strong></span> <span class='ocrx_word' id='word_1_785' title='bbox 3161 3227 3174 3249; x_wconf 93' lang='lat'><strong>,</strong></span> <span class='ocrx_word' id='word_1_786' title='bbox 3207 3184 3259 3239; x_wconf 93' lang='lat' dir='ltr'><strong>in</strong></span> <span class='ocrx_word' id='word_1_787' title='bbox 3305 3194 3492 3240; x_wconf 84' lang='lat' dir='ltr'><strong>natura</strong></span> 
     </span>
    </p>
   </div>
   <div class='ocr_carea' id='block_1_95' title="bbox 1903 3277 3494 3349">
    <p class='ocr_par' dir='ltr' id='par_1_95' title="bbox 1903 3277 3494 3349">
     <span class='ocr_line' id='line_1_95' title="bbox 1903 3277 3494 3349; baseline 0.001 -18"><span class='ocrx_word' id='word_1_788' title='bbox 1903 3292 1998 3331; x_wconf 90' lang='lat' dir='ltr'><strong>sua</strong></span> <span class='ocrx_word' id='word_1_789' title='bbox 2029 3284 2083 3331; x_wconf 87' lang='lat' dir='ltr'><strong>ct</strong></span> <span class='ocrx_word' id='word_1_790' title='bbox 2111 3279 2163 3332; x_wconf 94' lang='lat' dir='ltr'><strong>in</strong></span> <span class='ocrx_word' id='word_1_791' title='bbox 2190 3277 2482 3333; x_wconf 88' lang='lat' dir='ltr'><strong>substantia</strong></span> <span class='ocrx_word' id='word_1_792' title='bbox 2508 3293 2600 3333; x_wconf 91' lang='lat' dir='ltr'><strong>sua</strong></span> <span class='ocrx_word' id='word_1_793' title='bbox 2618 3318 2634 3343; x_wconf 94' lang='lat'><strong>,</strong></span> <span class='ocrx_word' id='word_1_794' title='bbox 2664 3277 2915 3333; x_wconf 91' lang='lat' dir='ltr'><strong>concordi</strong></span> <span class='ocrx_word' id='word_1_795' title='bbox 2939 3278 3239 3349; x_wconf 74' lang='lat' dir='ltr'><strong>requalitate</strong></span> <span class='ocrx_word' id='word_1_796' title='bbox 3263 3277 3494 3348; x_wconf 91' lang='lat' dir='ltr'><strong>quodam</strong></span> 
     </span>
    </p>
   </div>
   <div class='ocr_carea' id='block_1_96' title="bbox 1903 3367 3496 3439">
    <p class='ocr_par' dir='ltr' id='par_1_96' title="bbox 1903 3367 3496 3439">
     <span class='ocr_line' id='line_1_96' title="bbox 1903 3367 3496 3439; baseline 0 -16"><span class='ocrx_word' id='word_1_797' title='bbox 1903 3369 2064 3423; x_wconf 92' lang='lat' dir='ltr'><strong>modo</strong></span> <span class='ocrx_word' id='word_1_798' title='bbox 2091 3369 2223 3423; x_wconf 92' lang='lat' dir='ltr'><strong>uniti</strong></span> <span class='ocrx_word' id='word_1_799' title='bbox 2242 3377 2402 3439; x_wconf 88' lang='lat' dir='ltr'><strong>atque</strong></span> <span class='ocrx_word' id='word_1_800' title='bbox 2430 3369 2664 3434; x_wconf 84' lang='lat' dir='ltr'><strong>conﬂati;</strong></span> <span class='ocrx_word' id='word_1_801' title='bbox 2685 3369 2823 3423; x_wconf 91' lang='lat' dir='ltr'><strong>sicut</strong></span> <span class='ocrx_word' id='word_1_802' title='bbox 2852 3369 3010 3424; x_wconf 88' lang='lat' dir='ltr'><strong>Pater</strong></span> <span class='ocrx_word' id='word_1_803' title='bbox 3033 3378 3088 3425; x_wconf 92' lang='lat' dir='ltr'><strong>et</strong></span> <span class='ocrx_word' id='word_1_804' title='bbox 3110 3368 3271 3423; x_wconf 86' lang='lat' dir='ltr'><strong>Filius</strong></span> <span class='ocrx_word' id='word_1_805' title='bbox 3297 3379 3350 3422; x_wconf 88' lang='lat' dir='ltr'><strong>et</strong></span> <span class='ocrx_word' id='word_1_806' title='bbox 3374 3367 3496 3439; x_wconf 83' lang='lat' dir='ltr'><strong>Spi-</strong></span> 
     </span>
    </p>
   </div>
   <div class='ocr_carea' id='block_1_97' title="bbox 1903 3459 3494 3530">
    <p class='ocr_par' dir='ltr' id='par_1_97' title="bbox 1903 3459 3494 3530">
     <span class='ocr_line' id='line_1_97' title="bbox 1903 3459 3494 3530; baseline 0.001 -17"><span class='ocrx_word' id='word_1_807' title='bbox 1903 3460 2035 3514; x_wconf 90' lang='lat' dir='ltr'><strong>ritus</strong></span> <span class='ocrx_word' id='word_1_808' title='bbox 2075 3470 2288 3516; x_wconf 88' lang='lat' dir='ltr'><strong>sanctus</strong></span> <span class='ocrx_word' id='word_1_809' title='bbox 2318 3475 2513 3524; x_wconf 93' lang='lat' dir='ltr'><strong>unum,</strong></span> <span class='ocrx_word' id='word_1_810' title='bbox 2544 3469 2759 3530; x_wconf 89' lang='lat' dir='ltr'><strong>pr0pter</strong></span> <span class='ocrx_word' id='word_1_811' title='bbox 2789 3459 3113 3515; x_wconf 91' lang='lat' dir='ltr'><strong>individuam</strong></span> <span class='ocrx_word' id='word_1_812' title='bbox 3142 3459 3494 3528; x_wconf 89' lang='lat' dir='ltr'><strong>eamdemque</strong></span> 
     </span>
    </p>
   </div>
   <div class='ocr_carea' id='block_1_98' title="bbox 1904 3552 3494 3618">
    <p class='ocr_par' dir='ltr' id='par_1_98' title="bbox 1904 3552 3494 3618">
     <span class='ocr_line' id='line_1_98' title="bbox 1904 3552 3494 3618; baseline 0.002 -14"><span class='ocrx_word' id='word_1_813' title='bbox 1904 3563 2168 3605; x_wconf 89' lang='lat' dir='ltr'><strong>naturam.</strong></span> <span class='ocrx_word' id='word_1_814' title='bbox 2205 3552 2359 3606; x_wconf 79' lang='lat' dir='ltr'><strong>Aliud</strong></span> <span class='ocrx_word' id='word_1_815' title='bbox 2387 3562 2470 3606; x_wconf 90' lang='lat' dir='ltr'><strong>est</strong></span> <span class='ocrx_word' id='word_1_816' title='bbox 2511 3553 2654 3607; x_wconf 91' lang='lat' dir='ltr'><strong>enim</strong></span> <span class='ocrx_word' id='word_1_817' title='bbox 2681 3594 2696 3617; x_wconf 95' lang='lat'><strong>,</strong></span> <span class='ocrx_word' id='word_1_818' title='bbox 2726 3569 2887 3606; x_wconf 93' lang='lat' dir='ltr'><strong>unum</strong></span> <span class='ocrx_word' id='word_1_819' title='bbox 2928 3563 3053 3606; x_wconf 92' lang='lat' dir='ltr'><strong>sunt</strong></span> <span class='ocrx_word' id='word_1_820' title='bbox 3075 3555 3116 3616; x_wconf 82' lang='grc'><strong>²;</strong></span> <span class='ocrx_word' id='word_1_821' title='bbox 3145 3553 3284 3607; x_wconf 84' lang='lat' dir='ltr'><strong>aliud</strong></span> <span class='ocrx_word' id='word_1_822' title='bbox 3310 3593 3325 3618; x_wconf 94' lang='lat'><strong>,</strong></span> <span class='ocrx_word' id='word_1_823' title='bbox 3356 3567 3494 3607; x_wconf 85' lang='lat' dir='ltr'><strong>unus</strong></span> 
     </span>
    </p>
   </div>
   <div class='ocr_carea' id='block_1_99' title="bbox 1902 3644 3491 3716">
    <p class='ocr_par' dir='ltr' id='par_1_99' title="bbox 1902 3644 3491 3716">
     <span class='ocr_line' id='line_1_99' title="bbox 1902 3644 3491 3716; baseline 0 -16"><span class='ocrx_word' id='word_1_824' title='bbox 1902 3653 2006 3700; x_wconf 91' lang='lat' dir='ltr'><strong>est.</strong></span> <span class='ocrx_word' id='word_1_825' title='bbox 2033 3645 2256 3711; x_wconf 87' lang='lat' dir='ltr'><strong>Quando</strong></span> <span class='ocrx_word' id='word_1_826' title='bbox 2282 3644 2494 3712; x_wconf 86' lang='lat' dir='ltr'><strong>dicitur,</strong></span> <span class='ocrx_word' id='word_1_827' title='bbox 2516 3645 2692 3702; x_wconf 88' lang='lat' dir='ltr'><strong>Unum</strong></span> <span class='ocrx_word' id='word_1_828' title='bbox 2719 3655 2862 3711; x_wconf 89' lang='lat' dir='ltr'><strong>sunt;</strong></span> <span class='ocrx_word' id='word_1_829' title='bbox 2887 3647 2986 3701; x_wconf 90' lang='lat' dir='ltr'><strong>etsi</strong></span> <span class='ocrx_word' id='word_1_830' title='bbox 3011 3661 3116 3701; x_wconf 95' lang='lat' dir='ltr'><strong>non</strong></span> <span class='ocrx_word' id='word_1_831' title='bbox 3135 3646 3344 3700; x_wconf 88' lang='lat' dir='ltr'><strong>dicatur</strong></span> <span class='ocrx_word' id='word_1_832' title='bbox 3361 3645 3491 3716; x_wconf 88' lang='lat' dir='ltr'><strong>quid</strong></span> 
     </span>
    </p>
   </div>
   <div class='ocr_carea' id='block_1_100' title="bbox 1902 3734 3490 3805">
    <p class='ocr_par' dir='ltr' id='par_1_100' title="bbox 1902 3734 3490 3805">
     <span class='ocr_line' id='line_1_100' title="bbox 1902 3734 3490 3805; baseline 0 -15"><span class='ocrx_word' id='word_1_833' title='bbox 1902 3752 2108 3800; x_wconf 92' lang='lat' dir='ltr'><strong>unum,</strong></span> <span class='ocrx_word' id='word_1_834' title='bbox 2155 3734 2466 3805; x_wconf 89' lang='lat' dir='ltr'><strong>intelligitur</strong></span> <span class='ocrx_word' id='word_1_835' title='bbox 2513 3751 2615 3790; x_wconf 91' lang='lat' dir='ltr'><strong>una</strong></span> <span class='ocrx_word' id='word_1_836' title='bbox 2662 3735 2979 3791; x_wconf 89' lang='lat' dir='ltr'><strong>substantia.</strong></span> <span class='ocrx_word' id='word_1_837' title='bbox 3026 3735 3250 3802; x_wconf 84' lang='lat' dir='ltr'><strong>Quando</strong></span> <span class='ocrx_word' id='word_1_838' title='bbox 3274 3735 3490 3802; x_wconf 91' lang='lat' dir='ltr'><strong>dicitur,</strong></span> 
     </span>
    </p>
   </div>
   <div class='ocr_carea' id='block_1_101' title="bbox 1907 3824 3490 3896">
    <p class='ocr_par' dir='ltr' id='par_1_101' title="bbox 1907 3824 3490 3896">
     <span class='ocr_line' id='line_1_101' title="bbox 1907 3824 3490 3896; baseline 0 -15"><span class='ocrx_word' id='word_1_839' title='bbox 1907 3825 2050 3881; x_wconf 89' lang='lat' dir='ltr'><strong>Unus</strong></span> <span class='ocrx_word' id='word_1_840' title='bbox 2080 3833 2180 3890; x_wconf 90' lang='lat' dir='ltr'><strong>est,</strong></span> <span class='ocrx_word' id='word_1_841' title='bbox 2209 3825 2277 3880; x_wconf 91' lang='lat' dir='ltr'><strong>de</strong></span> <span class='ocrx_word' id='word_1_842' title='bbox 2304 3824 2508 3880; x_wconf 89' lang='lat' dir='ltr'><strong>duabus</strong></span> <span class='ocrx_word' id='word_1_843' title='bbox 2529 3825 2860 3896; x_wconf 85' lang='lat' dir='ltr'><strong>diversisque</strong></span> <span class='ocrx_word' id='word_1_844' title='bbox 2886 3826 3195 3880; x_wconf 90' lang='lat' dir='ltr'><strong>substantiis</strong></span> <span class='ocrx_word' id='word_1_845' title='bbox 3223 3868 3235 3890; x_wconf 96' lang='lat'><strong>,</strong></span> <span class='ocrx_word' id='word_1_846' title='bbox 3269 3839 3490 3882; x_wconf 86' lang='lat' dir='ltr'><strong>necesse</strong></span> 
     </span>
    </p>
   </div>
   <div class='ocr_carea' id='block_1_102' title="bbox 1902 3915 3490 3987">
    <p class='ocr_par' dir='ltr' id='par_1_102' title="bbox 1902 3915 3490 3987">
     <span class='ocr_line' id='line_1_102' title="bbox 1902 3915 3490 3987; baseline -0.001 -16"><span class='ocrx_word' id='word_1_847' title='bbox 1902 3924 1983 3971; x_wconf 87' lang='lat' dir='ltr'><strong>est</strong></span> <span class='ocrx_word' id='word_1_848' title='bbox 2009 3926 2066 3970; x_wconf 93' lang='lat' dir='ltr'><strong>ut</strong></span> <span class='ocrx_word' id='word_1_849' title='bbox 2089 3925 2358 3986; x_wconf 68' lang='lat' dir='ltr'><strong>quieratur</strong></span> <span class='ocrx_word' id='word_1_850' title='bbox 2383 3915 2507 3987; x_wconf 89' lang='lat' dir='ltr'><strong>quid</strong></span> <span class='ocrx_word' id='word_1_851' title='bbox 2531 3932 2685 3971; x_wconf 91' lang='lat' dir='ltr'><strong>unus.</strong></span> <span class='ocrx_word' id='word_1_852' title='bbox 2714 3916 2874 3971; x_wconf 80' lang='lat' dir='ltr'><strong>Verbi</strong></span> <span class='ocrx_word' id='word_1_853' title='bbox 2902 3917 3093 3987; x_wconf 88' lang='lat' dir='ltr'><strong>gratia,</strong></span> <span class='ocrx_word' id='word_1_854' title='bbox 3125 3917 3332 3972; x_wconf 83' lang='lat' dir='ltr'><strong>diversa</strong></span> <span class='ocrx_word' id='word_1_855' title='bbox 3361 3917 3490 3970; x_wconf 87' lang='lat' dir='ltr'><strong>sub-</strong></span> 
     </span>
    </p>
   </div>
   <div class='ocr_carea' id='block_1_103' title="bbox 1903 4007 3493 4077">
    <p class='ocr_par' dir='ltr' id='par_1_103' title="bbox 1903 4007 3493 4077">
     <span class='ocr_line' id='line_1_103' title="bbox 1903 4007 3493 4077; baseline 0.001 -17"><span class='ocrx_word' id='word_1_856' title='bbox 1903 4007 2094 4060; x_wconf 90' lang='lat' dir='ltr'><strong>stantia</strong></span> <span class='ocrx_word' id='word_1_857' title='bbox 2123 4015 2206 4061; x_wconf 89' lang='lat' dir='ltr'><strong>est</strong></span> <span class='ocrx_word' id='word_1_858' title='bbox 2247 4007 2423 4061; x_wconf 88' lang='lat' dir='ltr'><strong>anima</strong></span> <span class='ocrx_word' id='word_1_859' title='bbox 2450 4015 2507 4062; x_wconf 91' lang='lat' dir='ltr'><strong>et</strong></span> <span class='ocrx_word' id='word_1_860' title='bbox 2543 4022 2736 4077; x_wconf 93' lang='lat' dir='ltr'><strong>corpus</strong></span> <span class='ocrx_word' id='word_1_861' title='bbox 2756 4049 2771 4072; x_wconf 95' lang='lat'><strong>,</strong></span> <span class='ocrx_word' id='word_1_862' title='bbox 2799 4016 2973 4062; x_wconf 76' lang='lat' dir='ltr'><strong>tamen</strong></span> <span class='ocrx_word' id='word_1_863' title='bbox 3002 4024 3141 4062; x_wconf 89' lang='lat' dir='ltr'><strong>unus</strong></span> <span class='ocrx_word' id='word_1_864' title='bbox 3175 4009 3333 4063; x_wconf 91' lang='lat' dir='ltr'><strong>homo</strong></span> <span class='ocrx_word' id='word_1_865' title='bbox 3365 4027 3377 4061; x_wconf 90' lang='lat'>:</span> <span class='ocrx_word' id='word_1_866' title='bbox 3407 4008 3493 4062; x_wconf 79' lang='lat' dir='ltr'><strong>di-</strong></span> 
     </span>
    </p>
   </div>
   <div class='ocr_carea' id='block_1_104' title="bbox 1905 4097 3490 4170">
    <p class='ocr_par' dir='ltr' id='par_1_104' title="bbox 1905 4097 3490 4170">
     <span class='ocr_line' id='line_1_104' title="bbox 1905 4097 3490 4170; baseline 0.003 -19"><span class='ocrx_word' id='word_1_867' title='bbox 1905 4113 2056 4153; x_wconf 82' lang='lat' dir='ltr'><strong>versa</strong></span> <span class='ocrx_word' id='word_1_868' title='bbox 2083 4097 2378 4154; x_wconf 91' lang='lat' dir='ltr'><strong>substantia</strong></span> <span class='ocrx_word' id='word_1_869' title='bbox 2407 4109 2490 4156; x_wconf 90' lang='lat' dir='ltr'><strong>est</strong></span> <span class='ocrx_word' id='word_1_870' title='bbox 2514 4099 2735 4170; x_wconf 77' lang='lat' dir='ltr'><strong>Spiritus</strong></span> <span class='ocrx_word' id='word_1_871' title='bbox 2765 4098 2996 4155; x_wconf 92' lang='lat' dir='ltr'><strong>hominis</strong></span> <span class='ocrx_word' id='word_1_872' title='bbox 3024 4110 3076 4156; x_wconf 90' lang='lat' dir='ltr'><strong>et</strong></span> <span class='ocrx_word' id='word_1_873' title='bbox 3104 4102 3320 4170; x_wconf 87' lang='lat' dir='ltr'><strong>spiritus</strong></span> <span class='ocrx_word' id='word_1_874' title='bbox 3353 4101 3446 4155; x_wconf 91' lang='lat' dir='ltr'><strong>Dei</strong></span> <span class='ocrx_word' id='word_1_875' title='bbox 3475 4141 3490 4163; x_wconf 92' lang='lat'><strong>,</strong></span> 
     </span>
    </p>
   </div>
   <div class='ocr_carea' id='block_1_105' title="bbox 1905 4189 3490 4261">
    <p class='ocr_par' dir='ltr' id='par_1_105' title="bbox 1905 4189 3490 4261">
     <span class='ocr_line' id='line_1_105' title="bbox 1905 4189 3490 4261; baseline 0.002 -17"><span class='ocrx_word' id='word_1_876' title='bbox 1905 4197 2080 4244; x_wconf 88' lang='lat' dir='ltr'><strong>tamen</strong></span> <span class='ocrx_word' id='word_1_877' title='bbox 2124 4204 2242 4244; x_wconf 92' lang='lat' dir='ltr'><strong>cum</strong></span> <span class='ocrx_word' id='word_1_878' title='bbox 2272 4189 2489 4245; x_wconf 88' lang='lat' dir='ltr'><strong>Domino</strong></span> <span class='ocrx_word' id='word_1_879' title='bbox 2519 4191 2740 4246; x_wconf 75' lang='lat' dir='ltr'><strong>adliceret</strong></span> <span class='ocrx_word' id='word_1_880' title='bbox 2759 4232 2774 4257; x_wconf 96' lang='lat'><strong>,</strong></span> <span class='ocrx_word' id='word_1_881' title='bbox 2804 4208 2932 4246; x_wconf 87' lang='lat' dir='ltr'><strong>unus</strong></span> <span class='ocrx_word' id='word_1_882' title='bbox 2966 4192 3172 4260; x_wconf 83' lang='lat' dir='ltr'><strong>spiritus</strong></span> <span class='ocrx_word' id='word_1_883' title='bbox 3202 4203 3271 4248; x_wconf 85' lang='lat' dir='ltr'><strong>est</strong></span> <span class='ocrx_word' id='word_1_884' title='bbox 3300 4191 3343 4261; x_wconf 86' lang='lat' dir='ltr'><strong>(I</strong></span> <span class='ocrx_word' id='word_1_885' title='bbox 3369 4192 3490 4247; x_wconf 90' lang='lat' dir='ltr'><strong>Cor.</strong></span> 
     </span>
    </p>
   </div>
   <div class='ocr_carea' id='block_1_106' title="bbox 1904 4281 3492 4352">
    <p class='ocr_par' dir='ltr' id='par_1_106' title="bbox 1904 4281 3492 4352">
     <span class='ocr_line' id='line_1_106' title="bbox 1904 4281 3492 4352; baseline 0.003 -18"><span class='ocrx_word' id='word_1_886' title='bbox 1904 4295 1974 4346; x_wconf 81' lang='lat' dir='ltr'><strong>Vl,</strong></span> <span class='ocrx_word' id='word_1_887' title='bbox 2008 4281 2094 4350; x_wconf 82' lang='grc'><strong>17)</strong></span> <span class='ocrx_word' id='word_1_888' title='bbox 2125 4281 2384 4346; x_wconf 90' lang='lat' dir='ltr'><strong>:addidit,</strong></span> <span class='ocrx_word' id='word_1_889' title='bbox 2415 4283 2648 4350; x_wconf 88' lang='lat' dir='ltr'><strong>spiritus;</strong></span> <span class='ocrx_word' id='word_1_890' title='bbox 2678 4298 2782 4336; x_wconf 92' lang='lat' dir='ltr'><strong>non</strong></span> <span class='ocrx_word' id='word_1_891' title='bbox 2815 4282 2984 4349; x_wconf 89' lang='lat' dir='ltr'><strong>dixit,</strong></span> <span class='ocrx_word' id='word_1_892' title='bbox 3017 4282 3193 4338; x_wconf 88' lang='lat' dir='ltr'><strong>Unum</strong></span> <span class='ocrx_word' id='word_1_893' title='bbox 3217 4294 3358 4337; x_wconf 92' lang='lat' dir='ltr'><strong>sunt.</strong></span> <span class='ocrx_word' id='word_1_894' title='bbox 3391 4283 3492 4352; x_wconf 79' lang='lat' dir='ltr'><strong>Ubi</strong></span> 
     </span>
    </p>
   </div>
   <div class='ocr_carea' id='block_1_107' title="bbox 1902 4371 3492 4445">
    <p class='ocr_par' dir='ltr' id='par_1_107' title="bbox 1902 4371 3492 4445">
     <span class='ocr_line' id='line_1_107' title="bbox 1902 4371 3492 4445; baseline 0.001 -20"><span class='ocrx_word' id='word_1_895' title='bbox 1902 4381 2079 4426; x_wconf 89' lang='lat' dir='ltr'><strong>autem</strong></span> <span class='ocrx_word' id='word_1_896' title='bbox 2111 4371 2320 4436; x_wconf 91' lang='lat' dir='ltr'><strong>dicitur,</strong></span> <span class='ocrx_word' id='word_1_897' title='bbox 2351 4371 2526 4428; x_wconf 86' lang='lat' dir='ltr'><strong>Unum</strong></span> <span class='ocrx_word' id='word_1_898' title='bbox 2574 4382 2730 4440; x_wconf 90' lang='lat' dir='ltr'><strong>sunt,</strong></span> <span class='ocrx_word' id='word_1_899' title='bbox 2764 4389 2867 4427; x_wconf 92' lang='lat' dir='ltr'><strong>una</strong></span> <span class='ocrx_word' id='word_1_900' title='bbox 2895 4373 3190 4428; x_wconf 87' lang='lat' dir='ltr'><strong>substantia</strong></span> <span class='ocrx_word' id='word_1_901' title='bbox 3230 4374 3492 4445; x_wconf 79' lang='lat' dir='ltr'><strong>significa-</strong></span> 
     </span>
    </p>
   </div>
   <div class='ocr_carea' id='block_1_108' title="bbox 1904 4465 3490 4534">
    <p class='ocr_par' dir='ltr' id='par_1_108' title="bbox 1904 4465 3490 4534">
     <span class='ocr_line' id='line_1_108' title="bbox 1904 4465 3490 4534; baseline 0.002 -17"><span class='ocrx_word' id='word_1_902' title='bbox 1904 4473 2009 4530; x_wconf 90' lang='lat' dir='ltr'><strong>tur,</strong></span> <span class='ocrx_word' id='word_1_903' title='bbox 2059 4465 2197 4534; x_wconf 88' lang='lat' dir='ltr'><strong>quod</strong></span> <span class='ocrx_word' id='word_1_904' title='bbox 2228 4479 2323 4518; x_wconf 82' lang='lat' dir='ltr'><strong>vos</strong></span> <span class='ocrx_word' id='word_1_905' title='bbox 2369 4480 2472 4518; x_wconf 92' lang='lat' dir='ltr'><strong>non</strong></span> <span class='ocrx_word' id='word_1_906' title='bbox 2505 4465 2694 4531; x_wconf 87' lang='lat' dir='ltr'><strong>vultis,</strong></span> <span class='ocrx_word' id='word_1_907' title='bbox 2735 4474 2790 4519; x_wconf 89' lang='lat' dir='ltr'><strong>ct</strong></span> <span class='ocrx_word' id='word_1_908' title='bbox 2834 4465 3039 4520; x_wconf 89' lang='lat' dir='ltr'><strong>audetis</strong></span> <span class='ocrx_word' id='word_1_909' title='bbox 3088 4466 3268 4521; x_wconf 87' lang='lat' dir='ltr'><strong>dicere</strong></span> <span class='ocrx_word' id='word_1_910' title='bbox 3307 4483 3490 4521; x_wconf 86' lang='lat' dir='ltr'><strong>verum</strong></span> 
     </span>
    </p>
   </div>
   <div class='ocr_carea' id='block_1_109' title="bbox 1902 4554 3493 4611">
    <p class='ocr_par' dir='ltr' id='par_1_109' title="bbox 1902 4554 3493 4611">
     <span class='ocr_line' id='line_1_109' title="bbox 1902 4554 3493 4611; baseline 0 -1"><span class='ocrx_word' id='word_1_911' title='bbox 1902 4555 2172 4610; x_wconf 89' lang='lat' dir='ltr'><strong>Christum</strong></span> <span class='ocrx_word' id='word_1_912' title='bbox 2216 4556 2305 4610; x_wconf 90' lang='lat' dir='ltr'><strong>Dei</strong></span> <span class='ocrx_word' id='word_1_913' title='bbox 2341 4554 2526 4609; x_wconf 76' lang='lat' dir='ltr'><strong>Filium</strong></span> <span class='ocrx_word' id='word_1_914' title='bbox 2559 4570 2656 4609; x_wconf 82' lang='lat' dir='ltr'><strong>vos</strong></span> <span class='ocrx_word' id='word_1_915' title='bbox 2699 4555 2962 4610; x_wconf 87' lang='lat' dir='ltr'><strong>confiteri.</strong></span> <span class='ocrx_word' id='word_1_916' title='bbox 3010 4555 3124 4610; x_wconf 88' lang='lat' dir='ltr'><strong>Non</strong></span> <span class='ocrx_word' id='word_1_917' title='bbox 3164 4565 3340 4611; x_wconf 89' lang='lat' dir='ltr'><strong>autem</strong></span> <span class='ocrx_word' id='word_1_918' title='bbox 3373 4557 3493 4611; x_wconf 88' lang='lat' dir='ltr'><strong>ideo</strong></span> 
     </span>
    </p>
   </div>
   <div class='ocr_carea' id='block_1_110' title="bbox 1903 4645 3492 4717">
    <p class='ocr_par' dir='ltr' id='par_1_110' title="bbox 1903 4645 3492 4717">
     <span class='ocr_line' id='line_1_110' title="bbox 1903 4645 3492 4717; baseline -0.001 -16"><span class='ocrx_word' id='word_1_919' title='bbox 1903 4649 2074 4716; x_wconf 89' lang='lat' dir='ltr'><strong>major</strong></span> <span class='ocrx_word' id='word_1_920' title='bbox 2101 4655 2181 4700; x_wconf 83' lang='lat' dir='ltr'><strong>est</strong></span> <span class='ocrx_word' id='word_1_921' title='bbox 2206 4647 2382 4709; x_wconf 90' lang='lat' dir='ltr'><strong>Pater,</strong></span> <span class='ocrx_word' id='word_1_922' title='bbox 2409 4647 2531 4717; x_wconf 91' lang='lat' dir='ltr'><strong>quia</strong></span> <span class='ocrx_word' id='word_1_923' title='bbox 2557 4647 2915 4700; x_wconf 91' lang='lat' dir='ltr'><strong>testimonium</strong></span> <span class='ocrx_word' id='word_1_924' title='bbox 2942 4645 3069 4702; x_wconf 90' lang='lat' dir='ltr'><strong>dicit</strong></span> <span class='ocrx_word' id='word_1_925' title='bbox 3092 4646 3159 4701; x_wconf 92' lang='lat' dir='ltr'><strong>de</strong></span> <span class='ocrx_word' id='word_1_926' title='bbox 3180 4647 3332 4701; x_wconf 84' lang='lat' dir='ltr'><strong>Filio.</strong></span> <span class='ocrx_word' id='word_1_927' title='bbox 3358 4645 3492 4700; x_wconf 86' lang='lat' dir='ltr'><strong>Nam</strong></span> 
     </span>
    </p>
   </div>
   <div class='ocr_carea' id='block_1_111' title="bbox 1903 4738 3492 4810">
    <p class='ocr_par' dir='ltr' id='par_1_111' title="bbox 1903 4738 3492 4810">
     <span class='ocr_line' id='line_1_111' title="bbox 1903 4738 3492 4810; baseline -0.002 -15"><span class='ocrx_word' id='word_1_928' title='bbox 1903 4750 1959 4796; x_wconf 91' lang='lat' dir='ltr'><strong>et</strong></span> <span class='ocrx_word' id='word_1_929' title='bbox 1987 4739 2267 4809; x_wconf 79' lang='lat' dir='ltr'><strong>Prophetae</strong></span> <span class='ocrx_word' id='word_1_930' title='bbox 2311 4738 2693 4810; x_wconf 90' lang='lat' dir='ltr'><strong>perhibuerunt</strong></span> <span class='ocrx_word' id='word_1_931' title='bbox 2733 4739 2868 4794; x_wconf 81' lang='lat' dir='ltr'><strong>Filio</strong></span> <span class='ocrx_word' id='word_1_932' title='bbox 2911 4740 3295 4794; x_wconf 89' lang='lat' dir='ltr'><strong>testimonium.</strong></span> <span class='ocrx_word' id='word_1_933' title='bbox 3341 4739 3492 4793; x_wconf 84' lang='lat' dir='ltr'><strong>Alius</strong></span> 
     </span>
    </p>
   </div>
   <div class='ocr_carea' id='block_1_112' title="bbox 1903 4831 3493 4904">
    <p class='ocr_par' dir='ltr' id='par_1_112' title="bbox 1903 4831 3493 4904">
     <span class='ocr_line' id='line_1_112' title="bbox 1903 4831 3493 4904; baseline -0.004 -15"><span class='ocrx_word' id='word_1_934' title='bbox 1903 4845 1984 4889; x_wconf 90' lang='lat' dir='ltr'><strong>est</strong></span> <span class='ocrx_word' id='word_1_935' title='bbox 2011 4833 2222 4904; x_wconf 88' lang='lat' dir='ltr'><strong>quidem</strong></span> <span class='ocrx_word' id='word_1_936' title='bbox 2264 4834 2351 4903; x_wconf 88' lang='lat' dir='ltr'><strong>qui</strong></span> <span class='ocrx_word' id='word_1_937' title='bbox 2385 4831 2627 4902; x_wconf 87' lang='lat' dir='ltr'><strong>perhibet</strong></span> <span class='ocrx_word' id='word_1_938' title='bbox 2655 4832 3014 4886; x_wconf 89' lang='lat' dir='ltr'><strong>testimonium</strong></span> <span class='ocrx_word' id='word_1_939' title='bbox 3042 4873 3056 4897; x_wconf 95' lang='lat'><strong>,</strong></span> <span class='ocrx_word' id='word_1_940' title='bbox 3090 4831 3222 4884; x_wconf 80' lang='lat' dir='ltr'><strong>alius</strong></span> <span class='ocrx_word' id='word_1_941' title='bbox 3247 4831 3328 4883; x_wconf 86' lang='lat' dir='ltr'><strong>cui</strong></span> <span class='ocrx_word' id='word_1_942' title='bbox 3371 4845 3493 4898; x_wconf 88' lang='lat' dir='ltr'><strong>pcr-</strong></span> 
     </span>
    </p>
   </div>
   <div class='ocr_carea' id='block_1_113' title="bbox 1906 4919 3490 4994">
    <p class='ocr_par' dir='ltr' id='par_1_113' title="bbox 1906 4919 3490 4994">
     <span class='ocr_line' id='line_1_113' title="bbox 1906 4919 3490 4994; baseline -0.003 -16"><span class='ocrx_word' id='word_1_943' title='bbox 1906 4926 2116 4980; x_wconf 90' lang='lat' dir='ltr'><strong>hibetur</strong></span> <span class='ocrx_word' id='word_1_944' title='bbox 2140 4943 2151 4977; x_wconf 89' lang='lat'><strong>:</strong></span> <span class='ocrx_word' id='word_1_945' title='bbox 2175 4925 2292 4994; x_wconf 90' lang='lat' dir='ltr'><strong>quia</strong></span> <span class='ocrx_word' id='word_1_946' title='bbox 2323 4924 2480 4978; x_wconf 91' lang='lat' dir='ltr'><strong>Pater</strong></span> <span class='ocrx_word' id='word_1_947' title='bbox 2512 4923 2667 4977; x_wconf 86' lang='lat' dir='ltr'><strong>Pater</strong></span> <span class='ocrx_word' id='word_1_948' title='bbox 2687 4932 2767 4978; x_wconf 89' lang='lat' dir='ltr'><strong>est</strong></span> <span class='ocrx_word' id='word_1_949' title='bbox 2789 4967 2801 4987; x_wconf 94' lang='lat'><strong>,</strong></span> <span class='ocrx_word' id='word_1_950' title='bbox 2836 4923 2998 4977; x_wconf 84' lang='lat' dir='ltr'><strong>Filius</strong></span> <span class='ocrx_word' id='word_1_951' title='bbox 3039 4921 3204 4975; x_wconf 84' lang='lat' dir='ltr'><strong>Filius</strong></span> <span class='ocrx_word' id='word_1_952' title='bbox 3244 4929 3343 4974; x_wconf 81' lang='lat' dir='ltr'><strong>est.</strong></span> <span class='ocrx_word' id='word_1_953' title='bbox 3375 4919 3490 4974; x_wconf 89' lang='lat' dir='ltr'><strong>Non</strong></span> 
     </span>
    </p>
   </div>
   <div class='ocr_carea' id='block_1_114' title="bbox 1903 5013 3492 5089">
    <p class='ocr_par' dir='ltr' id='par_1_114' title="bbox 1903 5013 3492 5089">
     <span class='ocr_line' id='line_1_114' title="bbox 1903 5013 3492 5089; baseline -0.003 -19"><span class='ocrx_word' id='word_1_954' title='bbox 1903 5019 2024 5089; x_wconf 87' lang='lat' dir='ltr'><strong>quia</strong></span> <span class='ocrx_word' id='word_1_955' title='bbox 2051 5034 2212 5072; x_wconf 89' lang='lat' dir='ltr'><strong>unum</strong></span> <span class='ocrx_word' id='word_1_956' title='bbox 2244 5032 2348 5070; x_wconf 92' lang='lat' dir='ltr'><strong>non</strong></span> <span class='ocrx_word' id='word_1_957' title='bbox 2373 5025 2516 5082; x_wconf 89' lang='lat' dir='ltr'><strong>sunt,</strong></span> <span class='ocrx_word' id='word_1_958' title='bbox 2550 5023 2640 5072; x_wconf 87' lang='lat' dir='ltr'><strong>aut</strong></span> <span class='ocrx_word' id='word_1_959' title='bbox 2662 5033 2796 5069; x_wconf 88' lang='lat' dir='ltr'><strong>unus</strong></span> <span class='ocrx_word' id='word_1_960' title='bbox 2825 5016 2961 5069; x_wconf 90' lang='lat' dir='ltr'><strong>Deus</strong></span> <span class='ocrx_word' id='word_1_961' title='bbox 2983 5028 3087 5067; x_wconf 92' lang='lat' dir='ltr'><strong>non</strong></span> <span class='ocrx_word' id='word_1_962' title='bbox 3107 5021 3251 5078; x_wconf 87' lang='lat' dir='ltr'><strong>sunt,</strong></span> <span class='ocrx_word' id='word_1_963' title='bbox 3279 5013 3492 5082; x_wconf 83' lang='lat' dir='ltr'><strong>quando</strong></span> 
     </span>
    </p>
   </div>
   <div class='ocr_carea' id='block_1_115' title="bbox 1904 5105 3490 5179">
    <p class='ocr_par' dir='ltr' id='par_1_115' title="bbox 1904 5105 3490 5179">
     <span class='ocr_line' id='line_1_115' title="bbox 1904 5105 3490 5179; baseline -0.004 -14"><span class='ocrx_word' id='word_1_964' title='bbox 1904 5112 2234 5166; x_wconf 64' lang='lat' dir='ltr'><strong>cohaerentes</strong></span> <span class='ocrx_word' id='word_1_965' title='bbox 2259 5117 2418 5179; x_wconf 89' lang='lat' dir='ltr'><strong>atque</strong></span> <span class='ocrx_word' id='word_1_966' title='bbox 2447 5109 2712 5178; x_wconf 89' lang='lat' dir='ltr'><strong>conjuncti</strong></span> <span class='ocrx_word' id='word_1_967' title='bbox 2744 5116 2899 5170; x_wconf 88' lang='lat' dir='ltr'><strong>sunt,</strong></span> <span class='ocrx_word' id='word_1_968' title='bbox 2936 5105 3075 5176; x_wconf 89' lang='lat' dir='ltr'><strong>quod</strong></span> <span class='ocrx_word' id='word_1_969' title='bbox 3103 5119 3315 5173; x_wconf 86' lang='lat' dir='ltr'><strong>semper</strong></span> <span class='ocrx_word' id='word_1_970' title='bbox 3344 5114 3490 5158; x_wconf 86' lang='lat' dir='ltr'><strong>sunt.</strong></span> 
     </span>
    </p>
   </div>
   <div class='ocr_carea' id='block_1_116' title="bbox 1903 5197 3491 5262">
    <p class='ocr_par' dir='ltr' id='par_1_116' title="bbox 1903 5197 3491 5262">
     <span class='ocr_line' id='line_1_116' title="bbox 1903 5197 3491 5262; baseline -0.006 -1"><span class='ocrx_word' id='word_1_971' title='bbox 1903 5207 1991 5262; x_wconf 91' lang='lat' dir='ltr'><strong>Sic</strong></span> <span class='ocrx_word' id='word_1_972' title='bbox 2020 5218 2193 5260; x_wconf 89' lang='lat' dir='ltr'><strong>autem</strong></span> <span class='ocrx_word' id='word_1_973' title='bbox 2234 5205 2367 5258; x_wconf 90' lang='lat' dir='ltr'><strong>dicis</strong></span> <span class='ocrx_word' id='word_1_974' title='bbox 2395 5205 2517 5258; x_wconf 91' lang='lat' dir='ltr'><strong>hinc</strong></span> <span class='ocrx_word' id='word_1_975' title='bbox 2545 5205 2682 5257; x_wconf 90' lang='lat' dir='ltr'><strong>inter</strong></span> <span class='ocrx_word' id='word_1_976' title='bbox 2707 5202 2916 5255; x_wconf 85' lang='lat' dir='ltr'><strong>Patrem</strong></span> <span class='ocrx_word' id='word_1_977' title='bbox 2943 5210 2997 5254; x_wconf 91' lang='lat' dir='ltr'><strong>et</strong></span> <span class='ocrx_word' id='word_1_978' title='bbox 3036 5198 3226 5253; x_wconf 87' lang='lat' dir='ltr'><strong>Filium</strong></span> <span class='ocrx_word' id='word_1_979' title='bbox 3258 5213 3376 5252; x_wconf 88' lang='lat' dir='ltr'><strong>esse</strong></span> <span class='ocrx_word' id='word_1_980' title='bbox 3407 5197 3491 5252; x_wconf 86' lang='lat' dir='ltr'><strong>di-</strong></span> 
     </span>
    </p>
   </div>
   <div class='ocr_carea' id='block_1_117' title="bbox 1905 5289 3494 5366">
    <p class='ocr_par' dir='ltr' id='par_1_117' title="bbox 1905 5289 3494 5366">
     <span class='ocr_line' id='line_1_117' title="bbox 1905 5289 3494 5366; baseline -0.004 -15"><span class='ocrx_word' id='word_1_981' title='bbox 1905 5300 2232 5362; x_wconf 86' lang='lat' dir='ltr'><strong>versitatem,</strong></span> <span class='ocrx_word' id='word_1_982' title='bbox 2261 5297 2380 5366; x_wconf 79' lang='lat' dir='ltr'><strong>quia</strong></span> <span class='ocrx_word' id='word_1_983' title='bbox 2410 5295 2565 5350; x_wconf 92' lang='lat' dir='ltr'><strong>Pater</strong></span> <span class='ocrx_word' id='word_1_984' title='bbox 2585 5294 2755 5363; x_wconf 90' lang='lat' dir='ltr'><strong>diligit</strong></span> <span class='ocrx_word' id='word_1_985' title='bbox 2787 5301 2841 5346; x_wconf 91' lang='lat' dir='ltr'><strong>et</strong></span> <span class='ocrx_word' id='word_1_986' title='bbox 2864 5291 3032 5346; x_wconf 87' lang='lat' dir='ltr'><strong>Filius</strong></span> <span class='ocrx_word' id='word_1_987' title='bbox 3060 5289 3314 5361; x_wconf 88' lang='lat' dir='ltr'><strong>diligitur;</strong></span> <span class='ocrx_word' id='word_1_988' title='bbox 3342 5289 3494 5360; x_wconf 87' lang='lat' dir='ltr'><strong>quasi</strong></span> 
     </span>
    </p>
   </div>
   <div class='ocr_carea' id='block_1_118' title="bbox 1905 5382 3494 5461">
    <p class='ocr_par' dir='ltr' id='par_1_118' title="bbox 1905 5382 3494 5461">
     <span class='ocr_line' id='line_1_118' title="bbox 1905 5382 3494 5461; baseline -0.004 -17"><span class='ocrx_word' id='word_1_989' title='bbox 1905 5405 2096 5461; x_wconf 89' lang='lat' dir='ltr'><strong>negare</strong></span> <span class='ocrx_word' id='word_1_990' title='bbox 2140 5388 2356 5458; x_wconf 84' lang='lat' dir='ltr'><strong>possitis</strong></span> <span class='ocrx_word' id='word_1_991' title='bbox 2403 5386 2541 5457; x_wconf 87' lang='lat' dir='ltr'><strong>quod</strong></span> <span class='ocrx_word' id='word_1_992' title='bbox 2570 5384 2737 5439; x_wconf 84' lang='lat' dir='ltr'><strong>Filius</strong></span> <span class='ocrx_word' id='word_1_993' title='bbox 2765 5384 2950 5453; x_wconf 89' lang='lat' dir='ltr'><strong>diligat</strong></span> <span class='ocrx_word' id='word_1_994' title='bbox 2989 5383 3218 5438; x_wconf 87' lang='lat' dir='ltr'><strong>Patrem.</strong></span> <span class='ocrx_word' id='word_1_995' title='bbox 3250 5383 3302 5438; x_wconf 87' lang='lat' dir='ltr'><strong>Si</strong></span> <span class='ocrx_word' id='word_1_996' title='bbox 3336 5382 3494 5437; x_wconf 90' lang='lat' dir='ltr'><strong>ambo</strong></span> 
     </span>
    </p>
   </div>
   <div class='ocr_carea' id='block_1_119' title="bbox 1904 5473 3494 5546">
    <p class='ocr_par' dir='ltr' id='par_1_119' title="bbox 1904 5473 3494 5546">
     <span class='ocr_line' id='line_1_119' title="bbox 1904 5473 3494 5546; baseline -0.005 -11"><span class='ocrx_word' id='word_1_997' title='bbox 1904 5496 1964 5535; x_wconf 91' lang='lat' dir='ltr'><strong>se</strong></span> <span class='ocrx_word' id='word_1_998' title='bbox 2004 5480 2228 5534; x_wconf 86' lang='lat' dir='ltr'><strong>invicem</strong></span> <span class='ocrx_word' id='word_1_999' title='bbox 2254 5477 2511 5546; x_wconf 86' lang='lat' dir='ltr'><strong>diligunt;</strong></span> <span class='ocrx_word' id='word_1_1000' title='bbox 2543 5491 2640 5528; x_wconf 89' lang='lat' dir='ltr'><strong>cur</strong></span> <span class='ocrx_word' id='word_1_1001' title='bbox 2681 5474 2885 5545; x_wconf 84' lang='lat' dir='ltr'><strong>negatis</strong></span> <span class='ocrx_word' id='word_1_1002' title='bbox 2933 5488 3028 5530; x_wconf 91' lang='lat' dir='ltr'><strong>eos</strong></span> <span class='ocrx_word' id='word_1_1003' title='bbox 3070 5473 3227 5528; x_wconf 91' lang='lat' dir='ltr'><strong>unius</strong></span> <span class='ocrx_word' id='word_1_1004' title='bbox 3251 5488 3369 5529; x_wconf 87' lang='lat' dir='ltr'><strong>esse</strong></span> <span class='ocrx_word' id='word_1_1005' title='bbox 3396 5487 3494 5527; x_wconf 90' lang='lat' dir='ltr'><strong>na-</strong></span> 
     </span>
    </p>
   </div>
   <div class='ocr_carea' id='block_1_120' title="bbox 1908 5566 3494 5640">
    <p class='ocr_par' dir='ltr' id='par_1_120' title="bbox 1908 5566 3494 5640">
     <span class='ocr_line' id='line_1_120' title="bbox 1908 5566 3494 5640; baseline -0.004 -13"><span class='ocrx_word' id='word_1_1006' title='bbox 1908 5584 2037 5628; x_wconf 78' lang='lat' dir='ltr'><strong>tura:</strong></span> <span class='ocrx_word' id='word_1_1007' title='bbox 2058 5574 2082 5612; x_wconf 76' lang='grc' dir='ltr'>ν</span> <span class='ocrx_word' id='word_1_1008' title='bbox 2111 5569 2259 5640; x_wconf 87' lang='lat' dir='ltr'><strong>Quod</strong></span> <span class='ocrx_word' id='word_1_1009' title='bbox 2289 5569 2392 5622; x_wconf 77' lang='lat' dir='ltr'><strong>dixi</strong></span> <span class='ocrx_word' id='word_1_1010' title='bbox 2417 5568 2480 5621; x_wconf 88' lang='lat' dir='ltr'><strong>de</strong></span> <span class='ocrx_word' id='word_1_1011' title='bbox 2515 5568 2673 5622; x_wconf 90' lang='lat' dir='ltr'><strong>Patre</strong></span> <span class='ocrx_word' id='word_1_1012' title='bbox 2697 5567 2837 5621; x_wconf 92' lang='lat' dir='ltr'><strong>unde</strong></span> <span class='ocrx_word' id='word_1_1013' title='bbox 2860 5567 3033 5624; x_wconf 89' lang='lat' dir='ltr'><strong>dictus</strong></span> <span class='ocrx_word' id='word_1_1014' title='bbox 3057 5567 3124 5622; x_wconf 92' lang='lat' dir='ltr'><strong>sit</strong></span> <span class='ocrx_word' id='word_1_1015' title='bbox 3149 5569 3336 5638; x_wconf 82' lang='lat' dir='ltr'><strong>major,</strong></span> <span class='ocrx_word' id='word_1_1016' title='bbox 3369 5566 3494 5636; x_wconf 85' lang='lat' dir='ltr'><strong>quia</strong></span> 
     </span>
    </p>
   </div>
   <div class='ocr_carea' id='block_1_121' title="bbox 1970 5723 2719 5787">
    <p class='ocr_par' dir='ltr' id='par_1_121' title="bbox 1970 5723 2719 5787">
     <span class='ocr_line' id='line_1_121' title="bbox 1970 5723 2719 5787; baseline -0.004 -10"><span class='ocrx_word' id='word_1_1017' title='bbox 1970 5731 1988 5762; x_wconf 75' lang='grc' dir='ltr'>ι</span> <span class='ocrx_word' id='word_1_1018' title='bbox 2012 5728 2115 5777; x_wconf 77' lang='lat' dir='ltr'><strong>Sola</strong></span> <span class='ocrx_word' id='word_1_1019' title='bbox 2140 5727 2288 5776; x_wconf 89' lang='lat' dir='ltr'><strong>editio</strong></span> <span class='ocrx_word' id='word_1_1020' title='bbox 2310 5732 2440 5783; x_wconf 55' lang='lat' dir='ltr'><strong>tam,</strong></span> <span class='ocrx_word' id='word_1_1021' title='bbox 2467 5737 2560 5787; x_wconf 87' lang='lat' dir='ltr'><strong>qua</strong></span> <span class='ocrx_word' id='word_1_1022' title='bbox 2583 5723 2719 5776; x_wconf 84' lang='lat' dir='ltr'><strong>dicit.</strong></span> 
     </span>
    </p>
   </div>
   <div class='ocr_carea' id='block_1_122' title="bbox 1971 5787 3018 5849">
    <p class='ocr_par' dir='ltr' id='par_1_122' title="bbox 1971 5787 3018 5849">
     <span class='ocr_line' id='line_1_122' title="bbox 1971 5787 3018 5849; baseline -0.002 -7"><span class='ocrx_word' id='word_1_1023' title='bbox 1971 5793 1992 5825; x_wconf 79' lang='grc'>¹</span> <span class='ocrx_word' id='word_1_1024' title='bbox 2016 5799 2098 5843; x_wconf 75' lang='lat' dir='ltr'><strong>the</strong></span> <span class='ocrx_word' id='word_1_1025' title='bbox 2118 5796 2222 5842; x_wconf 75' lang='lat' dir='ltr'><strong>Mss.</strong></span> <span class='ocrx_word' id='word_1_1026' title='bbox 2241 5787 2437 5849; x_wconf 84' lang='lat' dir='ltr'><strong>addunt,</strong></span> <span class='ocrx_word' id='word_1_1027' title='bbox 2461 5794 2504 5838; x_wconf 89' lang='lat' dir='ltr'><strong>et</strong></span> <span class='ocrx_word' id='word_1_1028' title='bbox 2522 5787 2655 5841; x_wconf 78' lang='lat' dir='ltr'><strong>aliud</strong></span> <span class='ocrx_word' id='word_1_1029' title='bbox 2677 5799 2826 5840; x_wconf 88' lang='lat' dir='ltr'><strong>unum</strong></span> <span class='ocrx_word' id='word_1_1030' title='bbox 2841 5800 3018 5841; x_wconf 61' lang='lat' dir='ltr'><strong>sumus</strong></span> 
     </span>
    </p>
   </div>
  </div>
