4042 6432
538 329 647 388 ⁸11⁸5

541 453 755 518 prepter
794 445 1021 502 formam
1064 443 1202 500 servi
1250 441 1446 498 dictum
1477 451 1590 506 est;
1639 439 1740 496 hoc
1783 439 1903 495 dico
1949 450 2002 494 ct
2056 439 2122 495 de

539 535 901 592 invisibilitate
923 576 940 605 ,
973 535 1220 607 quoniam
1257 532 1482 595 visibilis
1521 530 1688 586 Filius
1729 540 1944 602 propter
1975 545 2120 584 eam-

541 627 660 683 dem
691 627 912 682 l'ormam
936 627 1074 682 servi
1101 625 1273 681 dictus
1301 633 1400 680 est.
1425 624 1685 679 Caeterum
1710 665 1724 688 ,
1759 632 2014 692 quantum
2043 631 2122 676 at-

539 720 668 776 tinet
693 721 759 775 ad
787 721 954 791 ipsam
991 720 1222 774 divinam
1264 717 1611 773 substantiam
1637 758 1652 782 ,
1681 713 1766 770 vel
1803 714 1973 768 Patris
1993 755 2007 781 ,
2040 712 2123 768 vel

537 809 656 867 Filii
684 855 697 876 ,
723 813 806 867 vel
849 811 1078 882 Spiritus
1106 807 1274 866 san'cti
1302 810 1519 865 omnino
1549 817 1631 864 est
1658 808 1957 862 invisibilis.
1989 806 2122 862 Nam

537 905 750 976 quando
793 921 852 961 se
892 905 1128 976 patribus
1170 903 1421 958 divinitas
1445 902 1796 968 ostendebat,
1823 916 1918 971 per
1947 899 2123 970 subje-

534 1006 674 1051 ctam
714 1006 1012 1050 creaturam
1057 1010 1115 1050 se
1148 993 1465 1048 invisibilem
1510 991 1926 1048 demonstrabat.
1990 991 2124 1046 Nam

533 1101 630 1156 per
654 1088 821 1156 ipsam
847 1101 994 1141 suam
1044 1096 1283 1140 naturam
1314 1099 1481 1156 usque
1521 1084 1652 1139 adeo
1682 1081 1964 1138 invisibilis
2001 1087 2082 1137 est
2103 1125 2120 1150 ,

535 1187 594 1232 ut
623 1179 735 1247 ipse
762 1177 971 1250 Moyses
1016 1177 1066 1233 ei
1092 1193 1214 1234 cum
1235 1192 1341 1248 quo
1365 1175 1499 1232 facie
1539 1175 1605 1229 ad
1654 1174 1839 1229 faciem
1871 1171 2124 1243 loqueba-

535 1277 642 1334 tur,
672 1269 876 1325 diceret
909 1287 921 1322 :
955 1269 1015 1324 Si
1055 1269 1222 1324 inveni
1249 1271 1465 1340 gratiam
1509 1278 1626 1321 ante
1654 1278 1732 1332 te,
1763 1267 1969 1321 ostende
2000 1267 2120 1320 mihi

537 1363 849 1433 temetipsum
878 1363 1141 1434 manifeste
1179 1361 1373 1431 (Exod.
1401 1378 1594 1426 χχχιιι,
1624 1363 1710 1427 11,
1749 1362 1859 1429 15).
1897 1359 2123 1416 Volebat

533 1454 676 1508 enim
705 1470 826 1510 eum
871 1456 1051 1510 videre
1076 1497 1088 1521 ,
1119 1457 1256 1510 sicut
1299 1454 1504 1510 videtur
1535 1455 1673 1509 Deus
1716 1455 1884 1508 oculis
1922 1454 2117 1508 cordis.

531 1543 676 1602 Beati
687 1549 826 1602 enim
842 1547 1030 1600 mundo
1046 1547 1214 1612 corde,
1232 1549 1350 1618 quia
1364 1547 1464 1616 ipsi
1474 1546 1635 1600 Deum
1653 1545 1886 1600 videbunt
1905 1543 2117 1616 (Matth.

531 1647 588 1703 v,
618 1637 694 1707 8).
744 1636 835 1692 Sic
880 1639 1090 1692 volebat
1127 1638 1307 1692 videre
1336 1637 1545 1710 Moyses
1576 1654 1697 1693 cum
1743 1639 1828 1692 cui
1869 1637 2116 1704 dicebat,

535 1726 754 1782 Ostende
791 1729 916 1782 mihi
945 1730 1258 1799 temetipsum
1285 1731 1584 1800 manifeste:
1619 1731 1756 1784 sicut
1782 1741 1836 1785 et
1881 1729 2119 1784 invisibi-

531 1817 602 1874 lia
645 1820 778 1886 Dei,
809 1835 904 1890 per
931 1835 995 1875 ea
1037 1836 1155 1889 qua:
1198 1820 1330 1877 facta
1379 1829 1537 1886 sunt,
1566 1821 1987 1890 conspiciuntur.
2030 1819 2120 1876 Sic

530 1915 672 1968 enim
713 1914 787 1967 ait
810 1915 1097 1983 Apostolus
1131 1934 1144 1968 :
1175 1911 1460 1968 Invisibilia
1485 1915 1616 1968 enim
1647 1913 1777 1986 ejus,
1809 1932 1897 1983 per
1925 1930 1984 1967 ea
2005 1928 2119 1984 quae

529 2004 667 2074 facta
694 2015 810 2058 sunt
832 2046 848 2072 ,
878 2005 1133 2059 intellecta
1160 2007 1560 2077 conspiciuntur,
1593 2008 1896 2074 sempiterna
1923 2023 2119 2075 quoque

527 2097 684 2152 virtus
713 2101 821 2168 ejus
843 2115 903 2151 ac
929 2099 1168 2152 divinitas
1193 2097 1368 2169 (Rom.
1394 2113 1432 2166 ι,
1461 2097 1575 2170 20).
1610 2099 1748 2153 Ecce
1770 2097 2117 2171 intelligendo

525 2191 926 2260 conspiciuntur
963 2191 1243 2246 invisibilia
1270 2190 1366 2246 Dei
1392 2234 1408 2258 ,
1435 2201 1488 2246 et
1516 2198 1691 2247 tamen
1722 2191 2004 2247 invisibilia
2038 2191 2116 2246 di-

525 2291 737 2339 cuntur.
787 2283 855 2338 Et
903 2285 1078 2338 omnia
1124 2301 1218 2355 per
1259 2285 1431 2354 ipsum
1479 2284 1612 2340 facta
1659 2294 1785 2341 sunt
1845 2285 2113 2341 Christum

527 2372 708 2445 (Joan.
739 2391 776 2440 ι,
809 2375 887 2446 5),
932 2387 985 2432 ct
1005 2377 1232 2432 visibilia
1261 2384 1318 2432 et
1348 2377 1650 2443 invisibilia,
1682 2387 1736 2432 et
1762 2379 1875 2447 ipse
1905 2394 1934 2432 a
1963 2378 2115 2434 nobis

523 2466 671 2522 credi
699 2467 919 2524 visibilis
945 2471 1156 2538 potest?
1187 2467 1322 2524 [line
1352 2470 1510 2524 etiam
1539 2468 1671 2524 dicis
1699 2469 1766 2524 de
1810 2471 1965 2525 Patre
1997 2480 2112 2525 tan-

522 2561 634 2611 tum
665 2558 883 2630 intelligi
923 2559 1123 2616 debere
1143 2559 1284 2630 quod
1316 2563 1388 2615 ait
1417 2562 1724 2631 Apostolus,
1759 2562 1871 2616 Soli
1901 2563 2114 2631 sapienti

521 2645 633 2704 Deo
665 2648 838 2723 (Rom.
867 2666 979 2718 xw,
1009 2652 1124 2724 27).
1176 2653 1315 2724 Ergo
1351 2652 1498 2709 solus
1535 2662 1615 2707 est
1654 2654 1810 2708 l’ater
1838 2653 1982 2709 Deus
2029 2670 2114 2709 sa-

520 2743 706 2813 piens,
735 2755 788 2799 et
813 2760 918 2800 non
950 2754 1032 2802 est
1074 2747 1287 2816 sapiens
1325 2747 1437 2816 ipsa
1489 2746 1579 2802 Dei
1620 2746 1928 2816 Sapientia,
1969 2747 2111 2817 quod

520 2844 604 2890 est
645 2837 928 2904 Christus;
959 2839 1028 2894 de
1073 2855 1179 2910 quo
1228 2841 1302 2895 ait
1355 2837 1681 2910 Apostolus:
1716 2842 1969 2894 Christum
2021 2839 2113 2894 Dei

529 2925 774 2982 Virtutem
793 2939 840 2983 et
862 2928 958 2984 Dei
972 2929 1287 3000 Sapientiam
1321 2931 1362 3003 (Ι
1395 2929 1512 2986 Cor.
1545 2947 1597 3000 ι,
1623 2929 1714 3004 24)
1737 2933 1749 2986 !
1772 2931 2024 3000 Superest
2057 2942 2112 2986 ut

519 3017 708 3073 dicatis
721 3017 865 3090 (quid
877 3021 1019 3076 enim
1034 3035 1136 3076 non
1151 3020 1404 3093 audetis?)
1421 3024 1752 3093 insipientem
1767 3039 1886 3079 esse
1897 3024 2113 3092 Sapien-

521 3109 649 3162 tiam
675 3108 785 3165 Dei.
805 3110 894 3166 Sic
907 3122 1085 3168 autem
1111 3113 1245 3168 dicis
1260 3113 1472 3169 Patrem
1492 3115 1763 3179 intectum,
1783 3115 2110 3186 quasiFilius

517 3197 692 3256 factus
707 3201 795 3270 sit,
816 3218 910 3274 per
930 3219 1083 3275 quem
1104 3205 1234 3260 facta
1255 3214 1381 3262 sunt
1395 3208 1591 3262 omnia.
1612 3207 1757 3264 Scito
1774 3207 1968 3264 factum
1991 3225 2109 3265 esse

517 3289 742 3362 Filium,
768 3295 862 3351 sed
906 3300 958 3352 in
997 3296 1166 3353 forma
1194 3299 1358 3358 servi.
1377 3299 1509 3355 Nam
1530 3301 1583 3356 in
1604 3299 1771 3358 forma
1821 3303 1914 3358 Dei
1941 3317 2109 3372 usque

517 3379 654 3442 adeo
683 3402 802 3444 non.
834 3399 917 3446 est
951 3388 1122 3447 factus
1144 3434 1160 3460 ,
1189 3401 1247 3448 ut
1279 3409 1374 3464 per
1403 3394 1549 3448 illum
1596 3394 1733 3450 facta
1764 3395 1870 3450 sint
1907 3396 2104 3451 omnia.

518 3471 575 3535 Si
603 3479 744 3536 enim
789 3484 903 3553 ipse
940 3482 1112 3540 factus
1149 3494 1231 3540 est
1255 3527 1270 3554 ,
1304 3500 1410 3542 non
1450 3503 1546 3558 per
1591 3488 1739 3543 illum
1781 3499 1905 3544 sunt
1931 3490 2107 3544 omnia

516 3562 654 3627 facta
679 3613 694 3639 ,
734 3572 826 3629 sed
872 3585 1084 3630 caetera.
1133 3575 1250 3631 Non
1289 3577 1465 3650 itaque
1516 3578 1636 3635 dico
1663 3579 1854 3636 Filium
1901 3580 2107 3652 ingeni-

517 3669 664 3732 tum;
693 3667 786 3722 sed
823 3665 1034 3726 Patrem
1071 3671 1404 3741 genitorem,
1447 3669 1642 3728 Filium
1684 3673 1940 3743 genitum.
1994 3673 2108 3728 lloc

514 3763 696 3814 tamen
753 3761 935 3829 genuit
999 3761 1157 3817 Pater
1198 3763 1338 3834 quod
1375 3771 1461 3820 est
1507 3782 1521 3818 :
1575 3764 1808 3836 alioquin
1868 3781 1970 3821 non
2025 3778 2108 3823 est

515 3863 673 3904 verus
698 3849 863 3906 Filius
887 3893 901 3918 ,
931 3853 974 3908 si
1006 3853 1146 3925 quod
1173 3864 1257 3911 est
1286 3854 1461 3921 Pater,
1496 3872 1600 3912 non
1628 3867 1710 3913 est
1739 3857 1937 3923 Filius;
1967 3862 2106 3913 sicut

515 3940 583 3997 de
615 3945 868 4012 partubus
896 3947 1202 4001 animalium
1230 3964 1387 4019 supra
1433 3949 1684 4016 diximus;
1715 3953 1836 4022 quia
1867 3953 1978 4007 veri
2012 3954 2104 4008 lilii

515 4031 620 4092 hoc
668 4044 790 4089 sunt
833 4052 927 4105 per
969 4037 1316 4093 substantiam
1362 4040 1502 4112 quod
1545 4051 1810 4111 parentes.
1841 4041 1976 4109 Quid
2021 4054 2105 4101 est

516 4136 692 4187 autem
733 4128 874 4198 quod
915 4128 1118 4200 poscis,
1147 4140 1206 4186 ut
1234 4132 1511 4188 ostendam
1554 4134 1645 4188 tibi
1675 4136 1930 4204 atqualem
1959 4138 2102 4192 Patri

514 4215 770 4287 Spiritum
808 4228 1049 4274 sanctum
1081 4235 1234 4288 esse,
1265 4223 1414 4292 quasi
1459 4231 1515 4276 tu
1551 4225 1850 4280 ostenderis
1890 4227 2101 4284 Patrem

512 4307 768 4378 majorem
798 4323 918 4365 esse
957 4311 1154 4380 Spiritu
1176 4323 1388 4380 sancto;
1416 4315 1551 4370 sicut
1576 4318 1789 4387 potuisti
1817 4320 2103 4379 ostendere

512 4397 582 4456 de
606 4400 764 4466 Filio,
791 4411 1007 4472 propter
1036 4402 1259 4459 formam
1289 4407 1472 4462 servi?
1497 4408 1703 4463 Scimus
1728 4410 1869 4464 enim
1899 4411 2099 4469 dictum

512 4509 632 4552 esse
654 4494 865 4550 Patrem
890 4495 1026 4552 Filio
1053 4498 1308 4569 majorem
1339 4516 1487 4565 esse,
1517 4502 1638 4572 quia
1679 4504 1728 4556 in
1761 4503 1928 4558 forma
1958 4507 2098 4561 servi

511 4595 628 4644 erat
677 4587 881 4655 Filius;
911 4599 965 4644 et
1007 4589 1179 4644 adhuc
1211 4590 1260 4645 in
1303 4590 1470 4646 forma
1497 4603 1578 4648 est
1617 4594 1846 4651 humana
1891 4597 2056 4653 Filius
2080 4640 2096 4666 ,

509 4694 666 4751 quam
714 4679 906 4736 levavit
932 4680 985 4736 in
1009 4681 1202 4738 caelum
1230 4701 1243 4735 :
1277 4695 1552 4754 propterea
1586 4685 1781 4740 dictum
1813 4698 1892 4742 est
1917 4689 1984 4744 de
2008 4689 2098 4746 illo

509 4769 649 4844 quod
679 4781 733 4828 et
777 4789 917 4829 nunc
958 4773 1243 4844 interpellat
1293 4793 1384 4845 pro
1421 4775 1561 4830 nobis
1594 4777 1769 4844 (Rom.
1819 4794 1909 4834 vtu
1933 4821 1948 4846 ,
1977 4781 2092 4838 54).

508 4863 573 4919 Ει
605 4866 926 4937 sempiterna
966 4868 1067 4923 erit
1108 4869 1158 4922 iu
1187 4883 1350 4939 regno
1390 4870 1504 4924 haec
1543 4870 1728 4924 eadem
1779 4871 1944 4926 forma
1996 4873 2096 4928 im-

507 4958 750 5012 mortalis
780 4977 793 5012 :
824 4971 1040 5028 propter
1069 4959 1208 5030 quod
1246 4960 1443 5015 dictum
1471 4969 1553 5014 est
1573 5001 1588 5025 ,
1622 4959 1763 5015 Tunc
1793 4972 1838 5015 et
1865 4963 1973 5033 ipse
2000 4963 2094 5017 Fi-

510 5049 606 5105 lius
630 5050 878 5122 subjectus
902 5052 996 5105 erit
1022 5053 1066 5106 ei
1090 5053 1176 5122 qui
1213 5053 1288 5106 illi
1317 5053 1525 5121 subjecit
1565 5055 1733 5106 omnia
1757 5055 1796 5122 (l
1825 5054 1944 5109 Cor.
1983 5072 2053 5110 xv
2073 5099 2088 5123 ,

506 5141 620 5212 28).
655 5141 786 5197 Nam
817 5141 884 5199 de
904 5143 1101 5215 Spiritu
1130 5155 1314 5199 sancto
1339 5143 1427 5215 qui
1453 5146 1646 5200 nullam
1675 5148 1906 5216 suscepit
1933 5163 2090 5203 crea-

512 5242 686 5287 turam
736 5232 801 5289 ad
852 5235 1108 5290 unitatem
1161 5249 1400 5304 persona:
1446 5250 1597 5302 sum,
1628 5237 1868 5306 quamvis
1895 5251 1953 5292 se
1995 5254 2090 5308 per

507 5322 797 5392 subjectam
825 5336 1123 5379 creaturam
1154 5325 1431 5380 visibiliter
1459 5334 1512 5380 et
1554 5327 1664 5395 ipse
1687 5367 1701 5392 ,
1736 5328 1848 5382 sive
1877 5344 1973 5398 per
1997 5344 2088 5384 co—

504 5411 696 5467 lumbne
720 5415 949 5484 speciem
974 5456 989 5482 ,
1018 5417 1127 5470 sive
1171 5431 1263 5484 per
1299 5417 1504 5487 linguas
1546 5418 1726 5487 igneas
1766 5418 1834 5472 sit
1863 5419 2089 5475 demou-

506 5512 677 5559 slrare
715 5504 958 5575 dignatus
1003 5506 1217 5576 (Matth.
1247 5524 1301 5562 ιιι
1329 5551 1342 5575 ,
1374 5510 1441 5564 16
1462 5551 1474 5574 ,
1503 5519 1549 5562 et
1584 5509 1694 5564 Act.
1729 5527 1765 5565 ιι
1792 5552 1804 5576 ,
1835 5512 1912 5580 5),
1946 5529 2085 5567 nun-

504 5613 662 5666 quam
694 5595 867 5652 dictus
895 5609 977 5654 est
1016 5615 1081 5654 eo
1111 5601 1281 5670 major
1307 5601 1480 5665 Pater;
1511 5619 1773 5672 mmquam
1807 5604 1977 5658 dictus
2003 5615 2086 5661 est

505 5689 732 5761 Spiritus
771 5701 983 5746 sanctus
1026 5693 1277 5748 adorasse
1320 5695 1563 5763 Patrem,
1604 5713 1870 5766 ιιιιιιιιιιίιιιι
1909 5699 2082 5754 dictus

501 5791 584 5841 est
611 5784 783 5840 minor
808 5783 980 5842 Patre.
1011 5782 1115 5842 Sed
1139 5783 1274 5842 dicis
1302 5785 1369 5843 de
1397 5785 1532 5844 Filio
1552 5829 1567 5857 ,
1608 5788 1668 5846 Si
1697 5791 1903 5862 ttqualis
1923 5800 2077 5862 esset,

1781 325 1840 384 S.
1883 323 2248 385 AUGUSTINI
2289 317 2584 382 EPISCOPI

3713 319 3818 382 794

2234 439 2401 511 utique
2417 439 2560 491 talis:
2578 436 2629 491 id
2647 444 2748 501 est,
2768 445 2826 492 ut
2845 437 2964 508 quia
2983 451 3087 494 non
3104 445 3187 493 est
3209 434 3491 508 ingenitus,
3507 453 3614 494 non
3634 437 3821 496 videas

2232 530 2671 584 turtalis.Posses
2697 530 2874 584 dicere
2904 547 3009 585 non
3030 547 3148 585 esse
3169 529 3439 585 hominem
3458 549 3613 602 quem
3632 534 3819 602 genuit

2229 620 2397 674 Adam
2423 663 2435 684 ,
2465 621 2584 692 quia
2614 621 2724 691 ipse
2745 621 2913 676 Adam
2944 639 3049 678 non
3080 633 3157 676 est
3187 623 3417 692 genitus,
3442 623 3534 678 sed
3564 623 3739 680 factus
3785 639 3816 679 a

2234 713 2360 769 Deo.
2393 713 2448 768 Si
2489 723 2666 768 autem
2708 715 2876 784 potuit
2918 714 3088 768 Adam
3113 731 3232 770 esse
3263 715 3279 748 ¹
3306 757 3320 782 ,
3353 725 3407 770 et
3437 732 3539 769 non
3569 732 3690 771 esse
3721 731 3821 786 ge-

2229 805 2370 858 nitus
2391 846 2404 871 ,
2437 816 2488 859 et
2514 815 2689 858 tamen
2717 805 2816 859 hoc
2843 821 3097 874 generare
3121 806 3263 875 quod
3291 816 3402 860 erat
3437 807 3568 875 ipse,
3604 822 3710 866 non
3742 807 3822 860 vis

2231 914 2285 959 ut
2313 906 2548 976 potuerit
2595 906 2734 960 Deus
2764 905 2929 960 Deum
2977 905 3234 975 :cqualem
3282 904 3416 959 sibi?
3444 904 3577 958 Puto
3605 920 3689 957 me
3724 899 3820 957 tibi

2227 996 2293 1050 ad
2325 997 2500 1051 omnia
2549 997 2905 1066 respondisse.
2945 997 3053 1052 Sed
3093 999 3138 1052 si
3171 1013 3275 1052 non
3302 997 3382 1052 vis
3421 1012 3543 1052 esse
3580 997 3821 1067 discipu-

2228 1089 2308 1141 lus
2327 1131 2341 1154 ,
2373 1089 2476 1142 noli
2506 1105 2624 1143 esse
2651 1089 3014 1159 multiloquus.

2300 1182 2350 1235 1.
2383 1181 2528 1235 Max.
2578 1181 2709 1235 dixit
2740 1201 2750 1234 :
2787 1181 3045 1252 Loqueris
3088 1181 3237 1252 quasi
3265 1181 3462 1234 auxilio
3511 1182 3814 1251 principum

2227 1269 2483 1336 munitus,
2517 1272 2645 1326 nihil
2673 1273 2960 1327 secundum
2994 1273 3239 1328 timorem
3278 1272 3392 1327 Dei.
3424 1269 3632 1343 Loogas
3657 1272 3822 1329 horas

2227 1364 2484 1429 sustinui,
2519 1365 2810 1434 exposuisti
2851 1375 2905 1420 ut
2945 1365 3038 1420 tibi
3071 1365 3240 1419 visum
3282 1376 3382 1420 est.
3410 1365 3822 1434 Respondemus

2227 1453 2337 1510 Deo
2366 1455 2656 1510 auxiliante
2697 1456 2763 1508 ad
2791 1457 2987 1510 omnia.
3022 1455 3130 1510 Nec
3175 1455 3316 1510 enim
3345 1455 3486 1508 nudo
3525 1471 3778 1509 sermone
3802 1497 3818 1523 ,

2225 1547 2319 1602 sed
2349 1548 2668 1604 testimoniis
2695 1547 2994 1602 divinarum
3017 1548 3413 1617 Scripturarum
3440 1549 3645 1602 muniti.
3678 1548 3821 1601 Tan-

2226 1650 2335 1694 tum
2380 1641 2517 1697 sicut
2559 1656 2658 1696 nos
2702 1642 2963 1711 patientes
2990 1640 3183 1694 luimus
3222 1649 3526 1710 exponente
3577 1652 3665 1694 tua
3715 1640 3823 1696 Re-

2223 1731 2418 1802 ligione
2443 1775 2458 1800 ,
2499 1742 2553 1788 et
2589 1733 2699 1801 ipse
2735 1748 2852 1787 cum
2877 1731 2979 1786 tuis
3003 1733 3309 1802 patientiam
3329 1731 3674 1786 accommoda
3698 1773 3713 1796 ,
3761 1740 3820 1786 ut

2223 1821 2286 1876 ad
2319 1825 2554 1893 singulos
2603 1834 2718 1880 tuos
2763 1838 3040 1878 sermones
3076 1821 3266 1879 demus
3314 1839 3630 1893 responsum
3659 1865 3672 1888 ,
3716 1823 3821 1878 sic-

2223 1925 2281 1969 ut
2331 1925 2384 1970 et
2434 1917 2545 1987 ipse
2595 1917 2660 1971 ad
2715 1925 2928 1972 nostros
2977 1916 3296 1988 respondisti
3357 1917 3497 1988 quod
3549 1917 3639 1972 tibi
3698 1917 3817 1988 pla-

2222 2007 2348 2061 cuit.

2291 2096 2344 2150 2.
2374 2097 2480 2151 Nos
2508 2097 2774 2152 Christum
2802 2099 3027 2154 colimus
3048 2108 3106 2154 ut
3131 2098 3298 2154 Deum
3327 2101 3500 2153 omnis
3528 2111 3815 2156 creaturze.

2223 2187 2351 2242 Nam
2379 2190 2466 2258 qui
2491 2189 2740 2244 aduratur
2759 2199 2812 2245 et
2836 2192 3045 2256 colitur,
3073 2207 3176 2246 non
3207 2201 3408 2246 tantum
3438 2192 3504 2246 ab
3532 2193 3814 2248 hominum

2223 2289 2430 2347 natura,
2460 2297 2644 2336 verum
2673 2283 2830 2336 etiam
2867 2284 3009 2337 etab
3035 2284 3284 2339 omnibus
3318 2283 3602 2339 Virtutibus
3630 2287 3813 2341 caele-

2219 2375 2386 2428 stibus
2409 2415 2423 2439 ,
2458 2375 2578 2428 audi
2619 2377 2933 2429 clamantem
2985 2377 3192 2431 beatum
3225 2376 3445 2431 Paulum
3483 2396 3494 2430 :
3539 2376 3644 2430 Hoc
3673 2380 3818 2432 enim

2217 2469 2393 2518 sentite
2435 2467 2484 2519 in
2534 2468 2668 2520 vobis
2706 2467 2840 2537 quod
2887 2477 2932 2521 et
2957 2468 3006 2520 in
3051 2467 3249 2524 Christo
3292 2467 3416 2524 Jesu
3448 2471 3577 2542 :qni
3613 2487 3729 2523 cum
3759 2471 3817 2526 in

2217 2555 2384 2625 [arma
2409 2554 2503 2608 Dei
2528 2567 2648 2610 esset
2670 2600 2682 2623 ,
2717 2574 2815 2610 non
2839 2557 3073 2626 rapinam
3101 2559 3373 2614 arbitratus
3402 2570 3473 2614 est
3499 2577 3604 2614 esse
3627 2577 3682 2614 se
3712 2579 3813 2632 pa-

2215 2665 2318 2702 rem
2365 2648 2503 2712 Deo;
2543 2650 2630 2704 sed
2680 2651 3000 2718 semetipsum
3053 2651 3365 2719 exinanieit,
3415 2652 3631 2721 formam
3682 2654 3817 2708 servi
3877 2672 3880 2674 ·

2215 2743 2467 2810 acripiens
2491 2783 2505 2808 ,
2535 2743 2587 2796 in
2613 2741 2994 2797 similitudinem
3039 2743 3298 2798 hominum
3330 2736 3491 2816 factus
3515 2788 3529 2810 ,
3559 2755 3604 2799 et
3634 2747 3817 2800 habitu

2213 2833 2443 2888 inventus
2484 2845 2533 2888 ut
2564 2835 2712 2889 homo
2735 2850 2755 2889 :
2777 2836 3056 2889 humiliavit
3101 2837 3449 2906 semetipsum,
3484 2840 3648 2908 {actus
3689 2840 3814 2891 obe-

2215 2924 2356 2977 diens
2385 2942 2538 2993 usque
2565 2926 2634 2978 ad
2662 2936 2867 2978 mortem
2893 2967 2907 2992 ,
2933 2937 3142 2980 mortem
3187 2937 3351 2981 autem
3379 2929 3560 2982 crucis.
3589 2927 3816 2998 PrOpter

2213 3014 2348 3085 quod
2374 3025 2418 3068 et
2447 3015 2583 3070 Deus
2623 3033 2734 3070 eum
2769 3016 3156 3088 supereraltavit
3175 3060 3190 3085 ,
3219 3030 3264 3072 et
3294 3018 3497 3072 donavit
3541 3021 3585 3072 ei
3625 3036 3813 3074 nomen

2213 3108 2348 3178 quod
2388 3115 2460 3160 est
2497 3124 2648 3179 super
2681 3124 2824 3161 omne
2866 3125 3066 3162 nomen.
3113 3107 3246 3163 Illud
3279 3110 3456 3179 utique
3481 3109 3622 3180 quod
3666 3120 3724 3164 tu
3757 3112 3813 3165 in

2215 3201 2318 3254 tuis
2351 3201 2828 3270 prosecutionibus,
2853 3202 3026 3256 sciens
3055 3201 3196 3273 quod
3222 3200 3538 3272 professioni
3567 3213 3668 3257 ture
3691 3214 3815 3259 erat

2211 3293 2535 3346 contrarium
2562 3335 2575 3358 ,
2610 3292 3008 3351 subducendum
3050 3293 3274 3363 putasti,
3305 3296 3476 3349 sciens
3501 3296 3622 3365 quia
3644 3296 3814 3352 lectio

2212 3393 2265 3440 te
2295 3395 2560 3456 argueret.
2587 3385 2720 3441 Nam
2751 3386 2892 3456 quod
2923 3402 3082 3441 omne
3107 3402 3244 3456 genu
3272 3385 3516 3442 ﬂectatur
3547 3387 3766 3444 Christo
3789 3431 3809 3458 ,

2214 3479 2390 3547 utique
2412 3477 2489 3533 sic
2516 3480 2850 3550 prosequitur
2877 3479 2993 3549 ipse
3019 3477 3233 3544 Paulus,
3269 3495 3388 3536 cum
3413 3480 3661 3545 dixisset,
3687 3479 3813 3535 Do-

2211 3570 2344 3623 navit
2375 3569 2452 3624 illi
2479 3587 2654 3624 nomen
2680 3569 2814 3641 quod
2840 3581 2910 3624 est
2939 3588 3091 3640 super
3118 3588 3262 3625 omne
3283 3589 3460 3625 nomen
3489 3589 3508 3624 :
3535 3573 3808 3642 sequitur,

2216 3660 2284 3716 Ut
2314 3663 2365 3715 in
2387 3664 2588 3716 nomine
2615 3661 2739 3717 Iesu
2778 3681 2922 3717 omne
2945 3681 3073 3734 genu
3101 3665 3354 3734 ﬂectatur,
3388 3664 3681 3728 caelestium,
3704 3674 3812 3718 ter-

2210 3756 2462 3821 restrium,
2489 3766 2535 3810 et
2556 3758 2890 3828 infernarum;
2905 3767 2950 3810 et
2973 3757 3134 3810 omnis
3161 3757 3336 3828 lingua
3361 3756 3660 3825 conﬁteatur
3684 3757 3814 3826 quia

2209 3844 2458 3900 Dominus
2473 3844 2621 3901 Jesus
2643 3847 2868 3902 Christus
2883 3849 2930 3902 in
2947 3848 3111 3918 gloria
3131 3859 3202 3903 est
3228 3849 3318 3902 Dei
3342 3847 3512 3902 Patris
3535 3849 3809 3920 (Philipp.

2209 3953 2246 3993 ιι
2270 3981 2284 4003 ,
2315 3939 2486 4010 5-11).
2519 3939 2753 3995 Diceudo
2778 3942 2941 4006 enim,
2967 3940 3034 3996 Ut
3055 3942 3106 3994 in
3132 3943 3333 3996 nomine
3355 3941 3477 3996 Jesu
3503 3961 3650 3997 omne
3669 3961 3813 4013 genu

2207 4029 2456 4100 ﬂectatur,
2489 4031 2759 4085 caelestium
2779 4074 2794 4098 ,
2823 4033 3132 4086 terrestrium
3153 4075 3166 4098 ,
3205 4043 3250 4086 et
3294 4033 3647 4102 infernarum;
3680 4035 3810 4088 uni-

2205 4136 2359 4177 versa
2385 4123 2662 4177 conclusit.
2696 4123 2833 4178 Nihil
2855 4134 2936 4178 est
2962 4124 3012 4178 in
3043 4125 3182 4180 caelo
3210 4124 3350 4192 quod
3392 4141 3496 4178 nou
3523 4141 3664 4195 genu
3696 4125 3807 4181 tle-

2206 4221 2314 4267 ctat
2340 4213 2587 4266 Christo:
2621 4213 2750 4267 nihil
2783 4215 3038 4268 remansit
3070 4215 3122 4268 in
3153 4224 3291 4268 terra
3333 4215 3474 4285 quod
3521 4232 3623 4269 non
3655 4231 3811 4284 genu

2206 4304 2383 4360 ﬂectat
2409 4305 2626 4360 Christo
2659 4323 2672 4359 :
2699 4306 2827 4360 nihil
2855 4307 2906 4361 in
2949 4305 3134 4362 inferis
3157 4306 3296 4378 quod
3325 4324 3430 4361 non
3453 4323 3584 4377 genu
3615 4307 3813 4365 flectat

2205 4397 2436 4455 Christo.
2474 4398 2541 4453 Et
2584 4399 2686 4454 hoc
2714 4399 2870 4454 Pater
2893 4400 2941 4455 ei
2977 4400 3212 4454 donavit.
3245 4400 3476 4455 Possunt
3498 4401 3640 4454 cnim
3676 4417 3814 4470 pro-

2204 4487 2333 4545 bare
2379 4491 2467 4561 qui
2498 4491 2707 4562 legunt.
2752 4492 2796 4546 si
2830 4509 2896 4547 ex
2932 4508 3047 4546 mea
3093 4493 3404 4546 auctoritate
3434 4492 3512 4546 vel
3559 4508 3622 4546 ex
3659 4493 3813 4546 mul-

2204 4581 2456 4652 tiloquio,
2491 4591 2546 4636 ut
2593 4597 2841 4650 accusas,
2884 4585 3018 4638 hanc
3073 4584 3464 4653 proscutioucm
3513 4583 3654 4650 ieci,
3709 4596 3813 4639 aut

2202 4684 2350 4730 certe
2401 4675 2466 4729 dc
2523 4676 2836 4731 auctoritate
2891 4676 3189 4731 divinarum
3245 4677 3647 4747 Scripturarum
3707 4695 3810 4732 rc-

2202 4766 2460 4836 spondeo.

2271 4859 2324 4914 5.
2357 4860 2499 4913 Diris
2527 4859 2781 4928 Spiritum
2825 4871 3067 4918 sanctum
3096 4862 3236 4934 quod
3279 4865 3497 4935 mqualis
3536 4866 3605 4919 sit
3633 4866 3809 4922 Filio.

2200 4951 2274 5005 Da
2304 4952 2604 5005 testimonia
2627 4993 2639 5015 ,
2671 4953 2756 5007 ubi
2787 4953 3037 5010 aduratur
3065 4954 3294 5026 Spiritus
3333 4967 3550 5012 Sanctus
3575 4997 3592 5023 ,
3623 4958 3716 5013 ubi
3754 4959 3813 5014 ei

2197 5045 2432 5100 carlestia
2482 5053 2534 5100 et
2575 5046 2846 5101 terrestria
2893 5057 2944 5102 et
2986 5047 3189 5104 inferna
3223 5065 3363 5119 genu
3395 5049 3628 5104 ﬂectant.
3683 5051 3813 5109 Nos

2197 5134 2337 5192 enim
2360 5176 2374 5200 ,
2405 5135 2544 5204 quod
2583 5135 2884 5191 adorandus
2920 5139 2988 5192 sit
3031 5140 3166 5194 Deus
3219 5141 3396 5204 Pater,
3431 5141 3584 5195 beato
3622 5141 3812 5198 Paulo

2196 5227 2438 5298 apostolo
2488 5227 2750 5283 clarnante
2788 5228 3069 5284 didicimus
3103 5249 3115 5284 :
3149 5230 3431 5301 Propterea
3448 5233 3601 5302 ﬂecto
3622 5251 3813 5303 genua

2196 5336 2306 5374 mea
2349 5319 2416 5373 ad
2459 5317 2665 5374 Patrem
2704 5319 2910 5390 Domini
2954 5324 3112 5376 nostri
3153 5324 3276 5378 Jesu
3325 5323 3546 5392 Christi,
3587 5343 3647 5379 ea:
3691 5346 3814 5396 quo

2196 5414 2357 5468 omnis
2385 5413 2653 5482 paternitas
2675 5413 2727 5466 in
2755 5413 2891 5468 caelis
2917 5425 2962 5468 et
2984 5416 3035 5468 in
3055 5426 3187 5469 terra
3231 5419 3521 5470 nominatur
3557 5417 3794 5488 (Ep/tes.

2195 5521 2281 5570 ιιι,
2337 5505 2582 5570 14,15).
2629 5503 2959 5559 Auctoritate
3019 5514 3323 5561 sanctarum
3381 5508 3804 5575 Scripturarum

2192 5595 2478 5650 adoramus
2511 5595 2716 5648 Patrem
2753 5612 2765 5646 :
2795 5611 2946 5665 neque
2989 5596 3056 5650 ab
3084 5598 3213 5668 ipsis
3256 5599 3450 5654 divinis
3491 5600 3810 5670 Scripturis

2194 5687 2466 5750 instructi,
2500 5685 2722 5739 colimus
2748 5695 2800 5740 ct
2837 5686 3121 5745 adoramus
3163 5691 3329 5749 Deum
3377 5693 3666 5750 Christum.
3725 5694 3802 5755 Si

2255 5802 2269 5830 ι
2300 5799 2457 5862 abest,
2481 5811 2600 5862 esse,
2622 5797 2682 5846 ab
2703 5802 2778 5848 Er.
2843 5801 2903 5849 It.
