4084 6420
241 285 354 344 725

242 397 444 456 alicubi
491 395 796 453 adorandus
833 395 902 452 sit
941 395 1170 468 Spiritus
1214 407 1432 455 sanctus
1467 415 1480 452 :
1519 395 1564 452 si
1603 393 1762 452 Pater
1783 395 1833 451 ei

242 491 322 548 sic
349 489 625 561 perhibuit
649 491 1034 558 testimonium,
1058 491 1104 546 si
1133 491 1320 558 Filius,
1341 491 1388 547 si
1415 492 1530 562 ipse
1555 491 1626 548 de
1647 505 1706 546 se
1734 491 1836 546 ista

241 582 523 653 amplexus
545 591 670 651 est,
703 582 820 654 lege
847 591 1042 654 praeter
1068 598 1230 654 quam
1271 583 1502 640 diximus
1529 598 1596 640 ex
1641 581 1836 638 divinis

239 673 558 744 Seripturis.

309 767 366 822 Δ.
395 765 548 834 Quod
573 764 818 822 Christus
853 774 938 822 est
982 767 1034 822 in
1071 767 1292 824 dextera
1337 768 1468 837 Dei,
1506 767 1647 840 quod
1672 767 1838 824 inter-

245 859 405 928 pellat
453 873 550 927 pro
590 858 746 914 nobis
789 858 962 927 (Rom.
995 851 1088 914 vm
1111 897 1126 924 ,
1159 858 1298 930 54),
1323 860 1400 916 sic
1443 860 1604 914 etiam
1643 859 1698 914 in
1726 859 1836 914 alio

245 949 366 1002 loco
415 949 528 1018 ipse
574 950 912 1020 prosequitur
967 951 1160 1006 Paulus
1203 950 1428 1006 dicens:
1465 951 1594 1019 Quae
1634 967 1836 1006 sursum

246 1053 356 1094 sunt
392 1041 600 1110 quaerite
621 1082 637 1106 ,
665 1042 750 1095 ubi
795 1039 1026 1097 Christus
1067 1052 1140 1097 est
1182 1044 1236 1097 in
1271 1042 1480 1098 dextera
1523 1041 1618 1097 Dei
1659 1041 1838 1096 sedens

241 1129 464 1204 (Coloss.
513 1148 606 1200 ιιι,
639 1133 716 1200 1).
750 1131 840 1188 Sic
865 1133 932 1188 ad
979 1133 1232 1188 Hebraeos
1275 1133 1390 1202 ipse
1431 1133 1673 1188 scribens
1717 1131 1830 1186 ait:

243 1222 612 1291 Puri/tcatione
645 1234 964 1296 peccatorum
1010 1227 1146 1297 facta
1165 1266 1180 1290 ,
1209 1223 1432 1279 consedit
1471 1224 1540 1277 ad
1577 1223 1836 1278 dexterum

241 1315 606 1384 magnitudinis
647 1317 702 1370 in
745 1316 952 1370 excelsis
990 1314 1190 1386 (Hebr.
1215 1331 1268 1381 ι,
1300 1315 1382 1386 '5).
1427 1315 1516 1372 Sic
1561 1317 1742 1386 utique
1781 1323 1836 1370 et

248 1407 484 1478 Spiritus
526 1419 742 1464 sanctus
769 1408 880 1480 jam
907 1417 1030 1464 ante
1061 1424 1154 1478 per
1191 1409 1504 1480 prophetam
1545 1409 1838 1480 prazcinue-

239 1509 362 1566 rat,
401 1500 629 1556 dicens:
659 1499 802 1556 Dixit
866 1499 1114 1554 Dominus
1173 1499 1394 1554 Domino
1439 1517 1584 1567 meo,
1639 1499 1774 1555 Sede
1803 1517 1836 1554 a

243 1591 433 1646 dextris
461 1593 602 1646 meis.
632 1591 719 1648 Sic
745 1601 800 1647 et
841 1592 955 1662 ipse
977 1591 1142 1646 Filius
1165 1592 1219 1646 in
1248 1593 1536 1662 Evangelio
1563 1591 1836 1662 professus

242 1690 324 1737 est
347 1681 526 1750 (Psal.
550 1698 655 1746 cur,
689 1683 740 1748 1;
775 1681 964 1737 Matth.
993 1699 1139 1750 χιιι,
1167 1681 1278 1754 44).
1309 1684 1572 1744 Praeterea
1593 1683 1660 1738 ad
1687 1683 1834 1738 illum

241 1774 536 1842 principem
559 1774 648 1844 qni
678 1790 798 1828 eum
831 1774 1080 1844 adiurans
1117 1774 1328 1830 dicebat
1359 1793 1374 1830 :
1401 1773 1498 1828 Dic
1525 1773 1668 1830 nobis
1713 1776 1754 1828 si
1783 1786 1836 1830 tu

240 1881 290 1919 es
325 1864 560 1920 Christus
593 1865 758 1922 Filius
805 1865 902 1921 Dei
947 1867 1189 1922 benedicti
1214 1869 1332 1922 :_ait
1363 1867 1474 1937 ipse
1497 1910 1511 1934 ,
1541 1865 1652 1938 Ego
1679 1885 1794 1922 sum
1814 1885 1864 1933 ;-

243 1962 324 2016 vel
343 1969 512 2024 certe,
537 1959 616 2014 Tu
641 1961 766 2014 dicis
792 1977 810 2015 :
835 1971 920 2029 et,
949 1960 1140 2014 Amodo
1168 1959 1398 2014 videbitis
1447 1959 1493 2014 F
1495 1961 1642 2014 ilium
1672 1961 1834 2014 homi-

247 2052 320 2104 nis
345 2053 600 2106 sedentem
627 2051 694 2106 ad
733 2052 994 2106 dexteram
1022 2053 1220 2106 virtutis
1245 2051 1342 2106 Dei
1375 2051 1564 2124 (Marc.
1597 2063 1708 2120 IIV,
1739 2052 1832 2122 61,

250 2142 334 2207 62,
366 2151 410 2196 et
435 2141 628 2197 Matth.
652 2158 811 2210 XXVI,
839 2143 908 2198 65
928 2183 944 2208 ,
975 2141 1088 2216 64).
1757 2187 1759 2190 .

320 2235 372 2289 5.
415 2235 526 2291 Nos
551 2235 694 2292 enim
745 2235 1000 2306 Spiritum
1047 2245 1288 2291 sanctum
1336 2243 1702 2307 competenter
1739 2237 1837 2292 ho-

251 2340 502 2382 noramus
529 2335 588 2381 ut
615 2327 888 2382 doctorem
913 2369 928 2395 ,
960 2339 1020 2382 ut
1049 2327 1358 2384 ducatorem
1389 2327 1408 2360 ί
1442 2369 1458 2393 ,
1492 2336 1550 2382 ιιι
1580 2327 1836 2384 illumina-

251 2425 418 2472 torem
447 2459 462 2484 ,
513 2425 570 2472 ut
619 2418 1064 2474 sanctilicatorem
1108 2437 1122 2474 :
1176 2418 1450 2474 Christum
1501 2419 1725 2474 colimus
1779 2427 1840 2474 ut

251 2519 548 2564 creatorem
575 2527 588 2562 :
617 2509 829 2564 Patrem
854 2524 976 2564 cum
1007 2509 1214 2566 sincera
1243 2510 1524 2565 devotione
1551 2511 1837 2570 adoramus

251 2607 308 2653 ut
335 2609 608 2655 auctorem
634 2643 648 2668 ,
678 2617 834 2672 quem
865 2611 918 2656 et
943 2617 1107 2656 unum
1137 2611 1408 2656 auctorem
1439 2602 1633 2672 ubique
1664 2604 1837 2658 enuti-

249 2690 346 2746 bus
377 2692 802 2762 pronuntiamus.
847 2693 966 2748 lstae
1011 2693 1154 2750 enim
1196 2693 1477 2748 calumnia}
1504 2694 1571 2749 de
1599 2694 1836 2764 philoso-

251 2786 419 2855 phica:
457 2786 588 2841 artis
617 2787 966 2842 instructione
1003 2789 1242 2842 veniunt.
1268 2787 1384 2842 Non
1419 2797 1546 2858 puto
1573 2796 1624 2842 te
1663 2789 1838 2846 minus

251 2879 482 2949 legisse'
507 2879 649 2950 quod
677 2881 752 2934 ait
773 2879 1060 2950 Apostolus
1090 2898 1104 2936 :
1133 2879 1387 2946 Quoniam
1417 2879 1645 2934 Christus
1669 2882 1840 2950 utique

254 2987 362 3024 cum
391 2987 496 3024 non
537 2981 664 3026 esset
703 2981 970 3042 peccator,
1021 2989 1111 3044 pro
1157 2971 1298 3028 nobis
1321 2983 1580 3044 peccatum
1603 2974 1759 3044 fecit,
1787 2981 1841 3028 ut

253 3079 342 3146 nos
366 3063 668 3134 eﬁiceremur
699 3067 900 3136 justitia
941 3064 1040 3120 Dei
1081 3067 1131 3120 in
1173 3067 1286 3134 ipso
1326 3065 1412 3140 (ll
1443 3065 1560 3120 Cor.
1597 3083 1665 3134 v,
1713 3067 1838 3138 21).

253 3149 360 3210 Nec
387 3155 490 3210 hoc
511 3170 638 3210 sane
663 3156 730 3210 ad
762 3165 812 3212 te
841 3156 978 3212 forte
1006 3157 1278 3227 pervenit,
1308 3158 1447 3226 quod
1476 3158 1667 3214 dixerit
1693 3157 1840 3214 Scri-

251 3255 404 3318 ptura
435 3245 456 3276 ⁸
484 3287 500 3312 ,
541 3245 852 3302 Maledictus
879 3249 1042 3302 omnis
1067 3249 1152 3319 qui
1183 3249 1360 3318 pendet
1399 3249 1454 3302 in
1493 3249 1632 3320 ligno
1657 3265 1674 3304 :
1701 3249 1842 3320 quod

253 3339 610 3409 interpretans
653 3340 841 3396 beatus
881 3342 1154 3411 apostolus
1197 3341 1395 3397 Paulus
1439 3341 1602 3408 dicit,
1651 3340 1844 3396 Factus

255 3450 344 3504 pro
373 3433 519 3487 nobis
538 3432 860 3488 maledictum
884 3476 896 3499 ,
925 3443 978 3488 ut
1016 3435 1286 3488 benedictio
1325 3435 1378 3489 in
1413 3433 1643 3506 gentibus
1680 3433 1845 3488 adim-

256 3527 474 3598 pleretur
499 3525 690 3596 (Deut.
715 3543 802 3582 xxx
827 3569 844 3596 ,
871 3528 972 3593 ‘23;
1001 3527 1173 3582 Galat.
1207 3545 1296 3596 ιιι,
1325 3529 1436 3598 15).
1457 3527 1562 3582 Nec
1585 3529 1688 3584 hoc
1717 3543 1846 3586 sane

191 3673 198 3682 ,
253 3619 498 3688 pervenit
523 3618 590 3673 ad
623 3627 674 3674 te
695 3659 712 3686 ,
743 3619 884 3690 quod
927 3619 1002 3674 ait
1043 3620 1158 3688 ipse
1183 3619 1377 3674 Paulus
1410 3637 1422 3672 :
1461 3618 1666 3674 Primus
1695 3622 1844 3674 homo

254 3709 416 3762 Adam
435 3711 496 3763 de
513 3719 645 3762 terra
664 3697 908 3776 terrenus,
934 3709 1181 3765 secundus
1203 3711 1350 3764 homo
1367 3709 1615 3766 Dominus
1635 3713 1698 3765 de
1721 3711 1846 3768 ctelo

257 3800 469 3854 celestis
494 3800 694 3854 advenit
742 3799 798 3872 (l
826 3799 944 3856 Cor.
989 3817 1096 3868 xv,
1141 3799 1272 3872 47).
1317 3801 1462 3874 Ergo
1507 3811 1562 3857 et
1603 3802 1846 3860 Christus

255 3891 494 3960 suscepit
523 3890 791 3946 hominem
809 3934 822 3958 ,
852 3901 910 3946 ut
938 3891 1054 3962 ipse
1075 3893 1384 3962 exposuisti.
1411 3893 1480 3948 Et
1505 3909 1566 3950 ea
1593 3893 1660 3950 de
1686 3909 1847 3950 causa

259 3981 491 4036 diximus
534 3981 676 4052 quod
725 3982 792 4038 ad
845 3991 1053 4038 terrena
1099 3985 1342 4054 contagia
1387 3984 1683 4042 descendit.
1727 3986 1844 4042 Non

256 4075 400 4130 enim
453 4076 759 4146 ignoramus
819 4077 968 4132 illum
998 4076 1338 4134 ‘secundum
1389 4079 1526 4150 quod
1575 4080 1843 4150 legimus,

260 4169 358 4234 Qui
389 4180 650 4238 peccatum
687 4187 788 4224 non
814 4173 966 4242 fecit,
996 4188 1086 4226 nec
1110 4173 1341 4228 inventus
1369 4182 1443 4228 est
1482 4173 1630 4229 dolus
1669 4175 1723 4230 in
1762 4191 1849 4230 ore

256 4259 418 4332 ipsius
438 4275 458 4314 :
477 4261 564 4330 qui
589 4278 702 4316 cum
731 4261 1140 4334 malediceretur,
1167 4282 1269 4320 non
1295 4267 1707 4334 remaledicebat;
1733 4284 1848 4322 cum

259 4362 538 4420 pateretur,
579 4370 680 4408 non
717 4355 1149 4412 comminabatur:
1177 4359 1560 4414 commendabat
1583 4369 1752 4415 autem
1794 4376 1849 4416 se

247 4447 661 4520 judicantijuste
679 4445 700 4479 ⁸
737 4447 788 4520 (1
815 4449 954 4504 Petr.
983 4467 1050 4518 ιι,
1077 4451 1166 4517 22,
1189 4451 1295 4522 25)
1315 4494 1331 4518 ,
1361 4451 1469 4507 Nec
1495 4452 1596 4508 hoc
1632 4455 1848 4523 ignora-

257 4556 374 4594 mus
397 4539 538 4608 quod
561 4540 634 4594 ait
661 4539 892 4610 Baptista
917 4543 1149 4600 Joannes
1181 4561 1194 4596 :
1227 4543 1362 4600 Ecce
1385 4544 1558 4616 Agnus
1584 4542 1714 4611 Dei,
1739 4561 1848 4598 ecce

257 4634 342 4702 qui
367 4632 502 4686 tollit
523 4639 781 4700 peccatum
803 4634 977 4688 mundi
1003 4635 1023 4702 (
1039 4634 1195 4690 Joan.
1223 4651 1262 4702 ι,
1293 4634 1364 4692 29
1454 4634 1696 4701 ConStat,
1713 4644 1774 4690 ut
1793 4643 1850 4692 et

259 4723 372 4792 ipse
397 4729 710 4790 prosecutus
735 4736 814 4778 es.
839 4721 950 4780 Nec
969 4726 1114 4780 enim
1139 4725 1206 4780 ad
1232 4725 1410 4782 omnia
1437 4725 1688 4782 obstinati
1729 4741 1850 4782 esse

259 4814 558 4882 debemus,
597 4821 656 4870 ut
701 4829 808 4870 non
853 4831 972 4886 quae
1018 4817 1154 4872 bene
1179 4816 1312 4874 dicis
1357 4816 1656 4873 laudemus.
1685 4815 1850 4873 Valde

259 4909 404 4961 enim
439 4908 582 4978 justa
627 4918 710 4964 est
761 4911 1066 4980 prosecutio
1111 4918 1200 4964 tua
1221 4951 1235 4976 ,
1283 4911 1406 4982 quia
1451 4910 1524 4966 ob
1557 4909 1660 4966 hoc
1705 4910 1851 4968 venit

259 4997 542 5068 Christus,
571 5009 628 5056 ut
652 5015 751 5056 nos
769 4999 944 5072 potius
971 5017 1000 5055 a
1029 5002 1260 5072 peccatis
1287 5009 1342 5057 et
1379 5001 1448 5056 ab
1481 5000 1850 5072 iniquitatibus

261 5089 580 5158 mandaret;
622 5109 730 5149 non
761 5103 938 5149 tamen
965 5101 1026 5149 ut
1049 5095 1164 5164 ipse
1191 5093 1644 5150 contaminaretur
1667 5135 1682 5162 ,
1715 5093 1853 5150 sicut

261 5193 312 5238 et
333 5185 448 5254 ipse
473 5197 784 5254 prosecutus
811 5201 890 5244 es.
923 5186 1140 5242 Certum
1163 5194 1246 5242 est
1273 5185 1416 5242 enim
1433 5227 1450 5252 ,
1477 5185 1622 5256 quod
1649 5202 1852 5243 secun-

259 5275 384 5332 dum
411 5279 702 5336 divinitatis
725 5295 839 5336 sua:
861 5281 1212 5338 substantiam
1251 5279 1394 5336 illam
1419 5280 1664 5349 beatam,
1691 5295 1852 5354 quam

323 5415 338 5442 ¹
364 5410 472 5462 Sola
495 5412 644 5463 editio
664 5420 790 5473 Lov.,
817 5409 1081 5464 ductorem.

261 5476 442 5594 [alii
465 5477 611 5539 Lugd.
635 5484 691 5587 ﬁt
715 5485 852 5526 Vena
877 5485 980 5528 non
1001 5482 1170 5542 putate
1191 5475 1520 5542 legisse-10's
1535 5483 1659 5528 Nam
1680 5481 1794 5542 νωο
1809 5482 1855 5531 ιθ

304 5571 821 5672 μιιεὰᾏᾷἶγθιι.
838 5606 968 5672 Logi,
997 5599 1194 5672 dixerat
1212 5600 1481 5666 Scriptura.
1605 5607 1664 5652 Il.

324 5659 345 5722 ξ
369 5663 444 5708 Sic
600 5661 718 5712 [aliti
741 5673 878 5722 vero,
899 5661 1039 5712 illud.

323 5721 468 5790 “iam.
493 5731 544 5774 et
559 5730 692 5786 Lov.,
717 5737 768 5775 se
777 5721 1022 5787 jttdicanti
1036 5723 1227 5788 injuste.
1267 5733 1322 5778 At
1335 5733 1412 5777 Er.
1440 5734 1492 5778 et
1513 5727 1728 5790 potiores
1746 5731 1852 5777 Mss.

251 5781 404 5870 ﬁcte.

1061 277 1401 340 COLLATIO
1437 278 1582 338 CUM
1619 277 1960 338 MAXIMINO
1999 281 2407 341 ARIANORUM
2447 281 2792 341 EPISCOPO.

3431 290 3535 350 726

1954 395 2136 452 habuit
2161 406 2284 453 ante
2307 399 2492 454 mundi
2514 398 2948 456 constitutionem
2968 439 2984 467 ,
3016 407 3140 456 ante
3167 402 3381 469 saecula,
3409 413 3535 482 ante

1943 497 2186 558 temliora
2205 529 2221 558 ,
2249 500 2372 546 ante
2392 491 2546 558 dies,
2585 501 2710 546 ante
2737 505 2950 546 menses
2969 531 2984 558 ,
3011 499 3136 546 ante
3154 507 3324 548 annos
3347 535 3362 561 ,
3394 505 3530 550 ante

1941 593 2101 650 quam
2129 581 2418 652 quidquam
2445 591 2588 638 esset
2612 583 2790 648 hante
2814 581 3047 652 aliquam
3067 585 3532 656 excogitationem,

1942 667 1996 726 in
2021 669 2108 724 illa
2136 671 2290 726 beata
2316 681 2502 726 natura
2535 672 2677 727 Deus
2705 681 2861 727 natus
2889 687 2918 725 a
2947 671 3104 728 Patre
3133 684 3217 729 est
3244 676 3264 706 '
3293 714 3308 728 .

2013 761 2066 816 6.
2107 761 2164 816 In
2217 762 2325 816 Deo
2375 763 2516 818 enim
2565 764 2964 834 comparatione
3018 764 3175 836 digna
3223 765 3300 821 uti
3353 762 3528 822 decet.

1940 850 2056 908 Hoc
2080 867 2210 908 sane
2233 853 2362 908 mihi
2394 852 2672 925 displicet,
2693 863 2746 909 et
2770 854 2922 912 valde
2950 854 3131 912 animo
3157 855 3304 910 dolui
3335 855 3390 912 in
3437 865 3528 913 tua

1941 945 2314 1015 prosecutione
2341 962 2356 1000 :
2387 955 2444 1002 ut
2469 947 2611 1002 enim
2653 945 2862 1004 diceres
2879 947 3024 1019 quod
3069 947 3234 1008 homo
3259 949 3532 1006 hominem

1941 1045 2180 1105 generat,
2212 1045 2268 1093 et
2309 1037 2457 1094 canis
2504 1052 2734 1104 canem;
2781 1045 2886 1094 tam
2927 1038 3066 1096 fteda
3104 1041 3431 1111 comparatio
3475 1042 3530 1098 in

1941 1126 2084 1184 illam
2131 1135 2332 1184 tantam
2379 1129 2794 1186 immensitatem
2865 1117 3087 1201 produci
3160 1148 3269 1188 non
3315 1133 3526 1190 debuit.

2013 1217 2212 1286 7.Quis
2265 1229 2442 1276 autem
2497 1221 2720 1290 ignorat.
2739 1221 2882 1292 quod
2921 1222 3063 1280 Deus
3108 1223 3274 1279 Deum
3314 1225 3530 1296 genuit,

1940 1312 2078 1384 quod
2131 1313 2389 1370 Dominus
2427 1314 2710 1370 Dominum
2749 1315 2962 1385 genuit,
3003 1315 3143 1386 quod
3173 1317 3284 1372 Rex
3332 1317 3533 1388 Regem

1939 1407 2150 1476 genuit,
2179 1407 2318 1478 quod
2355 1407 2580 1464 Creator
2607 1407 2915 1464 Creatorem
2943 1409 3165 1478 genuit,
3193 1409 3335 1479 quod
3363 1409 3534 1464 bonus

1938 1499 2138 1558 bonum
2165 1502 2380 1572 genuit,
2413 1500 2556 1571 quod
2586 1501 2798 1570 sapiens
2825 1500 3120 1570 sapientem
3146 1501 3360 1571 genuit,
3390 1501 3530 1572 quod

1938 1592 2178 1648 clemens
2221 1592 2537 1647 clementem
2579 1592 2784 1662 genuit,
2807 1601 2996 1662 potens
3039 1591 3354 1662 potentem?
3391 1591 3534 1648 Nihil

1940 1687 2204 1742 subtraxit
2241 1685 2402 1742 Pater
2429 1685 2482 1740 in
2509 1685 2818 1757 generando
2845 1684 3061 1742 Filium.
3091 1685 3199 1740 Nec
3227 1685 3370 1740 enim
3397 1685 3534 1740 invi-

1925 1776 2068 1841 .dus,
2098 1775 2191 1832 sed
2219 1787 2275 1830 ut
2299 1776 2417 1832 fons
2441 1777 2694 1833 bonitatis
2723 1785 2925 1832 tantum
2955 1776 3155 1832 bonum
3180 1775 3362 1847 genuit
3395 1794 3408 1830 :
3435 1791 3531 1831 cu-

1935 1869 2026 1940 jus
2062 1869 2314 1926 bonitatis
2365 1871 2514 1926 testis
2562 1879 2644 1926 est
2690 1871 2864 1928 omnis
2913 1879 3190 1935 creatura,
3241 1869 3532 1924 secundum

1941 1971 2086 2018 tuam
2135 1963 2300 2034 ipsius
2347 1963 2810 2034 prosecutionem,
2842 1978 2999 2033 quam
3031 1963 3181 2016 valde
3225 1959 3410 2028 laudo,
3444 1961 3534 2016 ubi

1939 2052 2008 2110 de
2031 2053 2225 2108 divinis
2269 2051 2556 2124 Scripturis
2595 2053 2890 2122 protulisti,
2939 2051 3207 2107 dicendo:
3247 2049 3533 2105 Invisibilitt

1940 2147 2072 2202 enim
2100 2147 2242 2218 ejus,
2271 2164 2302 2200 a
2339 2155 2568 2202 creatura
2605 2145 2781 2202 mundi
2801 2187 2816 2212 ,
2859 2163 2948 2217 per
2977 2162 3036 2200 ea
3067 2161 3181 2216 qua
3215 2148 3350 2215 facta
3379 2153 3528 2210 sunt,

1939 2239 2190 2296 intellecta
2236 2239 2648 2306 conspiciuntur;
2681 2239 2987 2310 sempitema
3025 2253 3220 2310 quoque
3241 2237 3398 2292 virtus
3424 2238 3534 2308 ejus

1940 2334 2000 2386 ’ac
2028 2331 2261 2386 divinitas
2292 2329 2312 2405 (
2338 2329 2485 2386 Rom.
2513 2346 2566 2399 ι,
2597 2329 2727 2402 20).

1933 2477 1940 2484 .
2011 2424 2064 2480 8.
2107 2423 2296 2478 Adhuc
2345 2432 2524 2478 autem
2563 2422 2790 2493 adjicio,
2832 2436 2938 2478 non
2979 2419 3245 2476 contraria
3291 2417 3372 2474 his
3413 2434 3534 2490 qua:

1941 2514 2080 2572 bene
2101 2526 2224 2568 sunt
2249 2514 2387 2568 dicta
2407 2513 2612 2578 dicens,
2635 2513 2728 2568 sed
2749 2527 3066 2568 consensum
3089 2509 3531 2568 accommodans:

1942 2606 2192 2678 quoniam
2237 2607 2322 2661 ἐι
2375 2605 2734 2676 magnitudine
2804 2603 3213 2675 pulchritudinis
3273 2603 3536 2674 condigne

1941 2697 2164 2756 Creator
2185 2714 2369 2754 eorum
2397 2697 2735 2768 cognoscitur
2763 2705 2922 2768 atque
2949 2697 3160 2752 colitur.
3191 2693 3260 2752 Ut
3285 2704 3411 2766 puto
3441 2695 3536 2750 de-

1943 2790 2118 2846 dimus
2162 2789 2228 2844 ad
2259 2790 2358 2844 ista
2403 2803 2757 2858 reSponsum;
2805 2787 3054 2858 quoniam
3093 2789 3206 2855 hoc
3251 2795 3303 2842 et
3347 2785 3536 2842 beatus

1943 2881 2142 2940 Paulus
2177 2881 2372 2938 iterum
2419 2883 2760 2952 prosequitur
2799 2898 2810 2934 :
2854 2879 3106 2947 Quoniam
3144 2879 3538 2951 chirographum

1943 2976 2078 3048 quod
2101 2985 2208 3030 erat
2233 2975 2538 3030 contrarium
2566 2975 2707 3030 nobis
2725 3013 2742 3042 ,
2769 2973 2934 3045 ipsum
2962 2973 3074 3028 tulit
3103 2969 3334 3028 Christus
3353 2971 3414 3026 de
3433 2989 3538 3026 me-

1945 3071 2028 3126 dio
2045 3109 2060 3138 ,
2087 3070 2290 3141 aﬁigens
2317 3067 2446 3124 illud
2471 3067 2646 3127 cruci;
2672 3077 2718 3122 et
2743 3083 2928 3122 exuens
2957 3083 3010 3122 se
3028 3083 3227 3120 carnem
3251 3107 3264 3130 ,
3313 3075 3534 3136 potesta~

1947 3169 2018 3216 tes
2053 3171 2098 3215 et
2139 3161 2451 3232 principatus
2503 3159 2789 3214 transduxit
2832 3157 3172 3229 fiducialiter,
3221 3158 3539 3226 triumphans

1947 3269 2030 3308 eos
2050 3254 2102 3306 in
2141 3253 2403 3324 semetipso
2431 3250 2655 3325 (Coloss.
2681 3267 2755 3318 ιι,
2799 3251 2884 3320 id,
2918 3251 3036 3322 15).
3077 3252 3326 3322 Attamen
3355 3249 3538 3305 etsie-

1947 3355 2006 3400 ut
2053 3345 2214 3400 homo
2273 3344 2365 3415 qui
2425 3345 2860 3400 exercitationem
2907 3343 3202 3398 liberalium
3243 3343 3537 3398 litterarum

1949 3435 2033 3490 vel
2062 3434 2340 3488 rhetorica:
2367 3436 2496 3489 artis
2522 3449 2628 3490 non
2654 3433 2751 3490 feci
2771 3476 2786 3502 ,
2817 3435 2861 3488 si
2888 3433 3028 3504 quod
3059 3433 3242 3488 vitium
3287 3433 3536 3489 fecissem

1949 3526 2004 3580 in
2031 3539 2279 3580 sermone
2298 3565 2312 3590 ,
2354 3524 2421 3580 ad
2451 3539 2671 3580 sensum
2697 3524 2963 3595 respicere
2992 3523 3268 3580 debuisses
3293 3566 3306 3590 ,
3337 3531 3390 3578 et
3427 3537 3534 3576 non

1949 3615 2136 3670 vitium
2165 3615 2428 3670 sermonis
2456 3615 2766 3681 intendens,
2790 3616 2842 3670 in
2866 3615 3067 3671 crimen
3116 3629 3214 3669 nos
3263 3613 3535 3668 inducere.

1949 3706 2138 3772 Absit,
2181 3705 2356 3760 absit:
2387 3705 2698 3778 Unigenitus
2738 3705 2915 3772 Deus,
2967 3704 3112 3760 Deus
3154 3711 3236 3758 est
3277 3705 3540 3760 universae

1949 3808 2210 3856 creatura:
2233 3841 2248 3865 ,
2279 3798 2543 3865 mundus,
2588 3798 3046 3868 incoinquinatus,
3090 3805 3302 3852 sanctus
3327 3837 3343 3864 ,
3382 3811 3540 3851 secu-

1949 3905 2075 3958 rus,
2117 3889 2316 3945 nullam
2367 3889 2418 3944 in
2467 3904 2525 3944 se
2569 3887 2772 3945 habens
2819 3885 3228 3942 immunditiam.
3278 3887 3410 3942 Nam
3455 3887 3544 3958 qui

1951 3999 2052 4036 non
2093 3982 2395 4051 honoriﬁcat
2422 3977 2618 4034 Filium
2642 4022 2658 4048 ,
2701 3995 2802 4036 non
2855 3979 3156 4046 honori/ient
3207 3975 3414 4032 Patrem
3455 3979 3544 4048 qui

1951 4075 2084 4129 misit
2112 4073 2258 4128 illum
2299 4072 2493 4144 (Joan.
2545 4089 2576 4125 v
2599 4113 2614 4138 ,
2659 4071 2788 4142 2'5).
2817 4071 2968 4138 Quod
3000 4071 3142 4126 enim
3187 4065 3400 4125 Verbum
3424 4087 3543 4126 caro

1949 4167 2140 4236 factum
2167 4172 2240 4220 est
2261 4205 2277 4233 ,
2309 4171 2354 4220 et
2381 4164 2620 4218 habitavit
2647 4165 2700 4217 in
2729 4163 2903 4230 nobis,
2929 4161 3252 4233 evangelista
3279 4169 3502 4216 testatur
3525 4179 3540 4216 :

1951 4258 2020 4312 Et
2044 4257 2290 4322 vidimus,
2323 4257 2434 4324 ait,
2462 4257 2680 4328 gloriam
2721 4255 2832 4326 ejus
2852 4298 2864 4321 ,
2907 4255 3120 4328 gloriam
3153 4263 3390 4326 tanquam
3423 4253 3542 4308 uni-

1951 4351 2103 4422 geniti
2140 4367 2171 4403 a
2195 4347 2381 4414 Patre,
2415 4348 2623 4421 plenum
2649 4348 2830 4420 gratia:
2855 4355 2900 4400 et
2925 4347 3147 4400 veritatis
3173 4343 3302 4419 (Id.
3332 4362 3380 4413 ι,
3420 4345 3542 4416 ib).

1951 4443 2028 4498 De
2059 4441 2158 4498 hoc
2181 4442 2297 4514 ipso
2324 4450 2378 4496 et
2409 4451 2534 4496 ante
2559 4439 2669 4512 jam
2709 4439 2876 4495 Vetus
2909 4437 3308 4494 Testamentum
3346 4437 3542 4512 praeci-

1951 4544 2143 4592 nuerat
2171 4535 2192 4568 ⁸
2215 4578 2231 4606 ,
2262 4535 2448 4592 dicens
2471 4575 2488 4602 ,
2517 4525 2729 4590 Lavabit
2759 4533 2809 4586 in
2847 4532 2960 4587 vino
2995 4532 3176 4588 stolam
3199 4549 3343 4587 suout
3365 4572 3380 4600 ,
3417 4542 3463 4585 et
3489 4532 3545 4586 in

1951 4626 2199 4698 sanguine
2265 4641 2376 4682 uva:
2422 4626 2732 4694 opertorium
2783 4641 2930 4678 suum
2973 4621 3139 4694 (Gen.
3194 4639 3352 4690 ιιικ,
3412 4623 3542 4694 11).

1953 4720 2102 4792 Quod
2131 4721 2248 4792 lego
2267 4762 2282 4788 ,
2315 4719 2479 4778 credo
2505 4719 2800 4789 :quoniam
2840 4715 3052 4772 Verbum
3081 4733 3199 4770 caro
3225 4716 3419 4787 factum
3450 4725 3542 4781 est,

1951 4823 2000 4870 et
2043 4812 2282 4868 habitavit
2325 4811 2382 4866 in
2431 4809 2594 4866 nobis.
2645 4809 2840 4866 lterum
2892 4809 3008 4880 lego
3059 4805 3271 4862 beatum
3319 4803 3544 4862 Paulum

1955 4905 2151 4962 dixisse
2183 4921 2196 4958 :
2233 4902 2334 4971 Qui
2356 4901 2734 4974 transfigurabit
2778 4915 2961 4971 corpus
3007 4897 3308 4954 humilitatis
3335 4907 3539 4965 noslrw,

1955 5001 2214 5069 conformo
2245 4997 2358 5066 ﬁeri
2391 4995 2602 5068 imagini
2639 4994 2862 5065 corporis
2907 4991 3084 5066 gloria:
3121 5007 3228 5047 sum
3269 4987 3542 5062 (Philipp.

1955 5106 2047 5158 ιιι,
2076 5089 2168 5144 21.
2218 5085 2393 5144 Credo
2422 5087 2565 5144 enim
2596 5087 2736 5160 quod
2761 5087 3004 5144 Christus
3033 5085 3173 5141 Deus
3199 5099 3231 5139 a
3263 5083 3419 5139 Patre
3448 5099 3546 5154 ge-

1956 5181 2134 5248 nitus,
2167 5188 2290 5238 ante
2313 5181 2490 5236 omnia
2521 5179 2718 5236 saecula
2743 5220 2758 5246 ,
2789 5178 2902 5248 ipse
2941 5176 3043 5232 sibi
3073 5173 3364 5232 secundum
3391 5173 3547 5232 Salo-

1957 5287 2173 5330 monem
2225 5269 2897 5343 perfectam‘mdiﬁcasset
2941 5267 3195 5334 domum,
3249 5265 3540 5322 secundum

2023 5469 2919 5540 ίίῑιυβηθαθαίηκίάφίίάβδδαη
2961 5531 2986 5540 Α
3042 5529 3055 5540 .
3111 5528 3147 5540 .,
3219 5527 3232 5538 .

2021 5541 2044 5573 ³
2061 5529 2286 5601 Plerique
2307 5542 2435 5594 Mss,
2453 5529 2612 5584 tantus
2624 5529 2664 5582 ἀ
2688 5537 2830 5583 Patre
2847 5536 2937 5582 est.
2955 5529 3262 5580 Oorbeiensis
3283 5535 3552 5589 correctus,
3577 5595 3584 5602 .

1957 5607 2276 5712 Ἥξει-εδ
2291 5659 2483 5710 codices
2503 5657 2582 5706 hic
2615 5663 2666 5707 et
2687 5668 2849 5719 supra,
2883 5653 2976 5706 col.
3001 5637 3112 5716 723,
3127 5668 3178 5704 ιι.
3199 5651 3248 5716 4,
3271 5665 3550 5718 pramature-

1960 5731 2056 5820 ναξ
2073 5795 2174 5836 Am.
2192 5791 2267 5835 Fr.
2295 5791 2348 5835 et
2366 5791 2493 5844 Mss,
2516 5779 2811 5846 prophetam.
