4042 6410
552 389 656 445 727

549 501 690 573 quod
753 500 1013 570 legimus,
1077 492 1342 565 Sapientia
1399 491 1513 562 ipsa
1567 486 1660 543 sibi
1710 484 1980 555 adiﬁcavit
2033 481 2129 536 do«

550 613 684 650 nium
716 595 908 670 (Prov.
941 610 1025 660 ix,
1058 593 1346 662 l):quam
1390 586 1608 642 domum
1657 583 1773 638 vice
1817 579 2003 649 templi
2044 592 2132 633 ac-

550 691 709 759 cepit.

621 781 674 836 9.
714 779 847 834 Nam
892 786 943 833 et
970 777 1082 848 ipse
1111 773 1302 830 dedisti
1328 772 1624 835 rationem,
1669 765 1958 824 secundum
2005 761 2130 833 quid

465 856 482 935 ἒ
549 875 617 928 sit
642 873 863 927 visibilis
887 913 900 936 ,
930 870 1222 926 secundum
1267 867 1392 939 quid
1423 864 1702 920 invisibilis
1734 880 1748 917 :
1774 869 1833 916 ut
1862 868 1987 930 puto
2022 871 2130 911 non

470 954 479 998 ἶ
549 981 736 1023 recens
763 966 874 1018 haec
900 963 1100 1018 auditio
1131 960 1370 1032 pervenit
1396 959 1462 1014 ad
1498 973 1655 1012 aures
1684 965 1786 1010 tum
1816 950 2128 1022 Religionis.

471 1049 478 1068 ⁷
548 1059 677 1113 Nam
719 1067 772 1113 et
797 1059 848 1110 in
878 1055 1245 1126 prosecutione
1269 1067 1427 1122 quam
1451 1056 1766 1120 prosecutus
1793 1059 1852 1102 es
1871 1087 1886 1112 ,
1917 1056 2133 1112 compa-

548 1150 804 1204 rationem
831 1147 1095 1216 accipiens
1124 1145 1316 1197 animae
1339 1185 1356 1210 ,
1385 1139 1660 1197 ostendisti
1694 1139 1831 1208 piam
1859 1145 1912 1191 et
1935 1135 2130 1218 justam

548 1243 807 1296 rationem
837 1255 957 1295 esse
986 1247 1042 1293 ut
1070 1237 1349 1292 credamus
1385 1244 1438 1290 et
1463 1247 1848 1304 cognoscamus
1873 1273 1887 1296 ,
1938 1228 2059 1298 quia
2087 1227 2131 1281 si

547 1337 720 1388 anima
750 1334 976 1386 humana
1011 1333 1063 1386 in
1094 1344 1320 1400 corpore
1350 1329 1543 1399 posita,
1573 1326 1742 1381 oculis
1767 1321 2132 1392 corporalibus

549 1427 713 1482 videri
743 1442 847 1482 non
880 1432 1085 1495 potest;
1118 1432 1314 1494 quanto
1345 1422 1512 1492 magis
1538 1419 1760 1474 Creator
1788 1415 1979 1470 animae
2007 1427 2132 1466 cor-

547 1519 820 1588 poralibus
860 1517 1028 1571 oculis
1075 1514 1243 1570 videri
1290 1527 1394 1567 non
1437 1509 1652 1580 potest?
1695 1507 1825 1561 Nam
1857 1506 1900 1559 si
1945 1501 2132 1574 Angeli

546 1609 836 1665 secundum
868 1617 1070 1662 naturai
1099 1621 1207 1661 suae
1233 1603 1582 1660 substantiam
1608 1599 1896 1654 invisibiles
1925 1596 2133 1651 haben-

551 1716 662 1769 tur;
690 1712 888 1773 quanto
928 1701 1095 1771 magis
1136 1700 1357 1754 Creator
1387 1695 1708 1765 Angelorum
1735 1734 1748 1756 ,
1783 1691 1870 1762 qui
1901 1698 2042 1744 tanta
2071 1701 2134 1742 ac

549 1797 671 1850 talia
716 1796 871 1861 fecit,
917 1794 1177 1864 Angelos,
1209 1788 1571 1860 Archangelos
1595 1827 1610 1853 ,
1640 1784 1807 1839 Sedes
1831 1825 1844 1847 ,
1877 1781 2164 1836 Domina-.

551 1892 758 1956 tiones,
816 1888 1178 1957 Principatus,
1220 1885 1557 1949 Potestates,
1612 1877 1933 1940 Cherubim,
1976 1873 2134 1929 Sera-

550 1983 734 2054 phiin?
785 1982 864 2036 Ad
910 1996 1133 2052 quorum
1188 1981 1204 2010 ί
1234 1975 1658 2036 multitudinem,
1689 1980 1745 2025 ut
1797 1969 2019 2039 legimus
2081 1965 2133 2019 in

552 2073 838 2144 Evangelia
861 2115 876 2140 ,
909 2088 1067 2127 omne
1091 2084 1262 2141 genus
1303 2069 1593 2122 humanum
1624 2063 1690 2118 ad
1719 2077 1875 2117 unam
1919 2072 2134 2128 compa-

549 2166 683 2217 ravit
711 2178 863 2218 ovem
889 2202 903 2223 .
931 2163 1146 2217 dicens:
1177 2159 1386 2214 Relictis
1408 2155 1683 2227 nonaginta
1713 2169 1886 2207 novem
1909 2152 1962 2204 in
1987 2165 2133 2203 mon-

549 2255 677 2309 tibus
701 2296 716 2321 ,
761 2255 891 2308 venit
925 2269 1149 2322 qurerere
1190 2267 1340 2304 unam
1378 2259 1645 2304 errantem.
1697 2245 1826 2300 Nam
1873 2243 2130 2311 denique,

552 2346 638 2399 Sic
664 2346 756 2399 erit
783 2344 1052 2414 gaudium,
1081 2344 1172 2406 ait,
1205 2343 1258 2395 in
1284 2339 1407 2395 ctelo
1437 2355 1585 2409 super
1615 2354 1716 2392 uno
1738 2345 1998 2407 peccatore
2024 2349 2133 2402 pa:-

549 2439 809 2492 nitentiam
841 2446 1050 2508 agente,
1084 2452 1236 2508 quam
1260 2437 1312 2488 in
1353 2434 1628 2503 nonaginta
1667 2447 1843 2485 novem
1859 2429 2017 2500 justis
2048 2427 2156 2497 qui.

550 2549 648 2585 non
672 2533 895 2602 indigent
917 2530 1203 2600 pwnitentia
1226 2528 1247 2600 (
1268 2527 1393 2581 Luc.
1425 2543 1492 2580 xv
1511 2567 1526 2593 ,
1555 2527 1608 2590 4,
1637 2523 1731 2595 7
1755 2523 1886 2577 Nam
1912 2522 2000 2592 qui
2026 2535 2132 2575 non

552 2624 788 2694 indigent
816 2623 1125 2693 paenitentia
1155 2621 1242 2691 qui
1264 2628 1407 2686 sunt,
1429 2619 1528 2673 nisi
1561 2618 1739 2688 utique
1769 2615 1870 2671 illae
1887 2616 2134 2671 caelestes

551 2718 772 2770 virtutes
795 2756 810 2780 ,
854 2705 1048 2784 quibus
1076 2713 1209 2767 nihil
1243 2721 1325 2767 est
1351 2727 1472 2766 cum
1502 2710 1727 2765 humana
1756 2717 1942 2764 natura
1981 2723 2133 2762 com-

553 2805 755 2860 mune?
782 2805 1176 2860 Considerauda
1204 2813 1286 2858 est
1309 2803 1475 2857 virtus
1500 2801 1767 2871 Uuigeniti
1799 2800 1893 2854 Dei
1917 2840 1933 2867 ,
1983 2807 2037 2854 et
2080 2800 2134 2854 in

554 2899 668 2967 ipso
719 2897 1030 2951 admiranda
1079 2906 1161 2952 est
1210 2895 1518 2965 magnitudo
1563 2890 2006 2961 omnipotentim’
2042 2889 2136 2944 Dei

555 2989 728 3042 Patris
752 3029 766 3053 ,
797 2989 887 3057 qui
916 2995 1118 3042 tantum
1145 3001 1208 3042 ac
1237 2987 1394 3040 talem
1421 2984 1604 3057 genuit
1634 2983 1826 3037 Filium
1851 3023 1866 3048 ,
1900 2990 2007 3036 tam
2036 2995 2134 3050 po-

555 3090 752 3137 tentem
778 3123 792 3147 ,
839 3091 944 3136 tam
984 3083 1278 3151 sapientem
1305 3123 1320 3148 ,
1352 3081 1430 3136 sic
1473 3080 1684 3150 plenum
1713 3120 1726 3142 ,
1754 3076 1843 3148 qui
1871 3083 2046 3131 tantas
2073 3089 2137 3131 ac

554 3174 689 3228 tales
713 3173 959 3229 caelestes
986 3173 1208 3227 virtutes
1248 3171 1391 3227 fecit.
1437 3171 1505 3226 Et
1544 3186 1612 3225 ne
1635 3169 1845 3224 verbosi
1894 3167 2136 3222 invenia-

557 3279 702 3329 mur,
738 3264 892 3318 sicuti
931 3264 1038 3332 jam
1083 3271 1137 3318 et
1167 3262 1423 3317 denotare
1469 3275 1568 3315 nos
1592 3259 1834 3330 dignatus
1858 3273 1917 3313 es
1949 3277 1963 3313 :
1993 3255 2137 3328 quod

555 3355 769 3426 quidem
799 3366 960 3426 atque
989 3356 1186 3410 utinam
1217 3354 1488 3424 contingat
1513 3394 1530 3420 ,
1559 3359 1616 3406 ut
1656 3361 1710 3406 et
1735 3366 1832 3406 uos
1871 3350 2137 3420 possimus

555 3449 736 3504 dicere
765 3449 785 3480 ³
813 3490 830 3515 ,
865 3448 975 3502 Nos
1019 3449 1172 3502 stulti
1201 3456 1407 3517 propter
1434 3445 1725 3510 Christum;
1755 3453 1805 3498 et
1831 3485 1844 3508 ,
1873 3442 2138 3509 Tanquam

557 3548 887 3610 purgamenta
912 3539 1089 3592 mundi
1128 3539 1277 3609 hujus
1304 3538 1425 3609 facti
1454 3553 1630 3591 sumus
1672 3535 1730 3604 (l
1757 3534 1873 3589 Cor.
1904 3551 1953 3588 tv
1977 3577 1992 3601 ,
2040 3534 2136 3602 10,

557 3633 658 3703 13)
679 3675 693 3698 ,
721 3643 774 3687 et
802 3632 847 3688 si
876 3631 1001 3702 quid
1023 3630 1163 3686 aliud
1197 3641 1281 3685 tua
1306 3631 1507 3699 Religio
1531 3630 1598 3684 de
1625 3629 1776 3683 nobis
1808 3627 2033 3682 voluerit
2053 3627 2141 3696 ju-

557 3725 755 3779 dicare.
801 3723 1010 3780 Scimus
1037 3711 1181 3778 illtim
1229 3723 1318 3794 qui
1357 3722 1534 3777 dixit:
1568 3721 1818 3788 Quoniam
1864 3729 2067 3790 propter
2095 3727 2142 3774 te

558 3816 920 3886 improperium
964 3815 1181 3870 sustinui
1227 3824 1332 3868 tota
1371 3815 1452 3867 die
1476 3814 1494 3883 (
1517 3812 1662 3867 Psal.
1695 3828 1858 3868 vam
1883 3853 1897 3878 ,
1929 3811 2027 3882 8).
2059 3811 2140 3866 Ad

557 3906 698 3976 quod
723 3907 1024 3976 exemplum
1048 3921 1145 3962 nos
1167 3920 1462 3976 provocans
1487 3905 1701 3972 Paulus,
1729 3905 1941 3958 dicebat
1965 3921 1979 3957 :
2006 3901 2138 3956 Imi-

561 4008 741 4053 tatores
798 4001 895 4054 mei
924 4009 1075 4054 estote
1099 4041 1112 4064 ,
1144 3999 1270 4054 sicut
1295 4008 1342 4052 et
1373 4015 1462 4068 ego
1491 3998 1675 4053 Christi
1700 3997 1751 4070 (Ι
1778 3997 1894 4052 Cor.
1928 4013 2004 4061 tv,
2027 3996 2137 4067 16).

559 4089 690 4144 Nam
721 4099 775 4144 et
801 4091 990 4146 Petrus
1015 4091 1088 4144 ait
1117 4107 1129 4143 :
1167 4088 1398 4145 Christus
1423 4106 1600 4161 passus
1633 4099 1704 4143 est
1731 4106 1823 4160 pro
1865 4089 2034 4155 vobis,
2061 4105 2142 4142 re-

561 4184 786 4253 linquens
824 4185 961 4238 vobis
1005 4184 1318 4253 exmplum,
1372 4193 1426 4236 ut
1467 4183 1740 4251 sequamini
1795 4183 2001 4252 vestigia
2030 4182 2143 4252 ejus

560 4275 615 4344 (Ι
647 4274 789 4329 Petr.
815 4289 884 4342 ιι,
925 4273 1052 4348 21).
1085 4274 1389 4331 Secundum
1420 4273 1710 4329 divinitatis
1752 4288 1863 4329 sum
1892 4274 2141 4329 substan-

561 4369 723 4434 tiam,
756 4382 861 4423 non
905 4369 1078 4424 solum
1117 4369 1186 4424 ab
1225 4368 1529 4424 hominibus
1558 4383 1666 4422 non
1709 4367 1918 4422 videtur
1946 4367 2139 4434 Filius,

561 4459 654 4514 sed
684 4461 844 4515 etiam
874 4475 974 4516 nec
1016 4475 1046 4515 a
1089 4460 1401 4516 coelestibus
1448 4459 1754 4514 virtutibus.
1789 4459 1972 4516 Potest
1999 4460 2140 4514 enim

562 4552 913 4622 archangetus
958 4551 1203 4622 angelum
1233 4550 1256 4582 ‘
1298 4551 1476 4606 videre
1499 4593 1514 4619 ,
1546 4551 1768 4621 angelus
1812 4553 2015 4607 animas
2048 4566 2145 4607 no-

562 4654 701 4698 stras
730 4642 1033 4714 spirituales
1060 4652 1115 4698 et
1142 4642 1320 4698 videre
1355 4652 1408 4697 et
1451 4652 1730 4712 penetrare
1761 4661 1774 4697 :
1802 4642 1902 4698 hoc
1925 4652 2007 4697 est
2036 4642 2141 4697 uti-

561 4750 693 4804 que,
726 4734 982 4800 majorem
1012 4733 1290 4789 inl'eriores
1319 4742 1371 4789 et
1399 4734 1581 4788 videre
1630 4743 1685 4788 et
1734 4743 2034 4803 penetrare.
2076 4733 2145 4789 Et

562 4828 857 4882 secundum
885 4825 1179 4882 Salvatoris
1201 4828 1551 4893 sententiam,
1576 4834 1634 4880 ut
1662 4826 1871 4881 dicebat
1913 4834 2039 4880 tunc
2075 4825 2143 4882 ad

563 4920 708 4974 illum
740 4920 829 4991 qui
858 4933 918 4975 se
947 4919 1160 4974 divitem
1184 4919 1415 4989 jactabat
1438 4961 1453 4986 ,
1487 4919 1657 4974 Stulte
1683 4920 1778 4973 hac
1801 4929 1943 4974 nocte
1982 4935 2144 4990 expo—

559 5012 779 5065 stulatur
815 5012 987 5066 anima
1016 5021 1102 5065 tua
1140 5029 1172 5065 a
1198 5020 1245 5066 te
1264 5011 1285 5043 ⁸
1312 5009 1479 5082 (Luc.
1507 5027 1602 5079 xu,
1625 5011 1728 5082 20)
1749 5029 1762 5076 ;
1786 5020 1869 5067 cst
1908 5011 2142 5067 ofﬁcium

561 5102 757 5172 angeli,
788 5112 848 5158 ut
866 5103 1096 5158 animam
1125 5103 1366 5158 restituat
1391 5110 1514 5157 ante
1538 5112 1880 5173 conspectum
1910 5103 2140 5159 Domini.

562 5193 678 5249 Non
714 5203 888 5251 tamen
917 5197 1090 5250 anima
1135 5203 1310 5265 potest
1348 5195 1593 5266 angelum
1633 5195 1847 5263 videre,
1876 5204 1967 5251 aut
1995 5196 2144 5252 exhi—

625 5393 646 5458 ξ
669 5392 788 5458 Editi
812 5394 958 5444 iidem
981 5402 1082 5444 Am.
1105 5399 1180 5443 Er.
1203 5401 1256 5444 et
1270 5401 1398 5457 Mss,
1422 5408 1644 5458 quarum.

625 5456 647 5486 ²
669 5457 863 5528 Quidam
902 5465 1002 5528 stss.
1026 5459 1268 5528 omittunt,
1695 5459 1780 5509 Alii
1821 5471 1932 5510 cum
1967 5466 2068 5509 Am.
2095 5466 2149 5511 et

562 5519 645 5583 Er:
658 5518 763 5577 ejus
778 5517 884 5567 loco
905 5519 1102 5579 habent,
1124 5517 1468 5583 omnipotentis.
1545 5582 1552 5583 ί
2035 5533 2048 5583 ᾖ

566 5579 728 5690 dicit;
745 5585 1085 5690 3.,Mpossumus
1116 5579 1294 5632 dicere.
1331 5589 1405 5631 Er.
1432 5582 1576 5647 Lugd.
1607 5591 1721 5634 Ven.
1755 5590 1886 5640 ων..
1915 5582 2149 5648 Ροεδέτηαε

628 5703 649 5766 ξ
675 5709 724 5751 In
749 5708 854 5753 Mss.
869 5739 882 5763 ,
907 5702 1264 5766 archangelum.

625 5765 649 5800 ο
671 5774 772 5816 Am.
796 5771 868 5816 Er.
891 5773 943 5816 et
963 5765 1353 5831 Mss.{0mittunt,
1375 5781 1406 5817 a
1421 5774 1480 5818 te.

1781 372 1839 427 S.
1881 361 2243 425 AUGUSTINI
2285 363 2588 422 EPISCOPl

3722 368 3830 434 πε

2239 481 2385 539 bere.
2432 479 2538 540 Isto
2562 486 2704 541 enim
2732 485 2918 543 ordine
2945 487 3174 544 ascende
3195 489 3477 560 superius;
3503 499 3558 548 et
3583 492 3828 550 invenies

2237 576 2683 644 quemadmodum
2711 589 2793 634 est
2834 595 2972 635 unus
3011 581 3294 638 invisibilis
3321 584 3462 640 Deus
3486 585 3679 653 Pater,
3734 589 3830 657 qui

2237 670 2565 739 superiorem
2611 689 2715 728 non
2756 673 2916 730 habet
2943 689 2972 730 a
3017 692 3123 746 quo
3151 678 3666 752 circumiuSpiciatur
3692 704 3705 741 :
3733 687 3828 756 qui

2239 771 2465 833 quantus
2495 775 2595 833 est,
2622 766 2858 824 infinitus
2899 778 3012 836 est;
3043 772 3130 848 qui
3156 788 3251 827 nec
3293 772 3433 828 ﬁniri
3462 777 3673 844 verbis,
3721 795 3827 836 nec

2241 866 2419 912 mente
2445 859 2651 929 concipi
2697 870 2915 931 potest:
2947 863 3015 918 de
3057 864 3209 934 cujus
3259 867 3658 937 magnitudine,
3714 886 3828 928 non

2238 951 2410 1007 solum
2443 952 2670 1009 humana
2714 955 2890 1025 lingua
2912 998 2925 1023 ,
2973 957 3065 1012 sed
3092 959 3253 1013 etiam
3279 967 3334 1013 et
3357 975 3544 1017 omnes
3572 965 3830 1019 caelestes

2237 1041 2461 1098 virtutes
2488 1046 2686 1113 pariter
2708 1047 3020 1102 coadunatae
3050 1048 3236 1103 dicunt
3259 1059 3318 1104 ut
3349 1053 3560 1116 valent,
3591 1069 3699 1107 non
3736 1063 3824 1107 ta-

2240 1148 2359 1188 men
2387 1135 2654 1204 explieant
2682 1147 2740 1192 ut
2765 1147 2865 1194 est.
2899 1139 3095 1195 Plenus
3136 1149 3218 1196 est
3241 1142 3308 1198 ab
3332 1144 3474 1198 omni
3505 1145 3648 1214 quod
3689 1145 3832 1200 dici-

2240 1233 2342 1278 tur.
2396 1226 2544 1281 llunc
2589 1229 2730 1282 enim
2782 1231 2926 1285 solus
2976 1232 3143 1286 Filius
3189 1233 3452 1303 condigne
3498 1235 3728 1289 honorat
3773 1245 3832 1291 et

2238 1317 2447 1383 laudat,
2476 1329 2672 1390 quanto
2697 1321 2814 1391 plus
2840 1337 2868 1375 a
2893 1338 2990 1378 suo
3011 1324 3252 1395 genitore
3273 1333 3398 1382 ante
3416 1341 3630 1382 omnem
3653 1343 3827 1384 exco-

2237 1409 2544 1480 gitationem
2576 1423 2656 1466 est
2693 1423 3030 1470 consecutus.
3079 1416 3207 1471 Nam
3252 1418 3373 1488 quia
3401 1428 3457 1474 et
3500 1420 3732 1474 honorat
3769 1428 3831 1476 et

2237 1502 2502 1559 collaudat
2529 1513 2582 1559 et
2605 1505 2864 1576 gloriﬁcat
2891 1521 3045 1562 suum
3077 1510 3391 1579 genitorem,
3423 1493 3665 1582 quamvis
3692 1528 3832 1583 qua-

2239 1605 2358 1652 tuor
2399 1599 2682 1668 Evangelia
2729 1610 3023 1669 testantur,
3056 1611 3288 1658 attamen
3338 1606 3388 1659 in
3442 1606 3829 1674 compendium

2238 1688 2476 1745 referens
2499 1732 2512 1755 ,
2546 1692 2623 1746 eis
2647 1708 2765 1762 quae
2794 1695 2936 1748 carni
2965 1696 3146 1750 soletis
3173 1697 3442 1767 applicare
3463 1699 3778 1767 postpositis
3808 1738 3826 1764 ,

2233 1780 2342 1849 jam
2371 1799 2511 1838 nunc
2561 1785 2823 1854 proferam
2857 1789 3156 1845 testimonia
3182 1831 3198 1854 ,
3245 1791 3334 1845 ubi
3379 1791 3432 1846 in
3469 1792 3622 1847 ccelis
3667 1808 3828 1848 suum

2239 1876 2446 1933 Patrem
2493 1878 2696 1933 adorat.
2731 1881 2863 1935 Dicit
2891 1883 3032 1936 enim
3059 1884 3136 1938 sic
3174 1883 3369 1938 Paulus
3411 1884 3476 1938 ad
3525 1885 3826 1940 llebrmos:

2241 1967 2363 2022 Non
2425 1970 2557 2023 enim
2613 1972 2665 2025 in
2722 1975 3023 2043 manufactis
3075 1975 3272 2043 templis
3328 1976 3530 2030 intravit
3591 1975 3830 2033 Christus

2238 2061 2598 2129 exemplarium
2623 2064 2843 2117 ueritatis
2866 2079 2886 2127 ,°
2909 2063 2996 2118 sed
3021 2066 3074 2118 in
3111 2067 3222 2135 ipso
3247 2065 3370 2120 caelo
3411 2067 3561 2120 modo
3608 2077 3831 2137 apparet

2238 2169 2463 2223 persona:
2499 2153 2597 2208 Dei
2637 2173 2727 2225 pro
2771 2158 2909 2211 nobis
2953 2155 3152 2228 (Hebr.
3181 2175 3270 2225 Ix,
3300 2158 3409 2229 24)
3436 2160 3592 2214 ?lloc
3641 2161 3831 2230 utique

2239 2256 2358 2314 post
2385 2245 2579 2300 Christi
2622 2263 2921 2318 regressum
2976 2251 3026 2305 in
3075 2252 3244 2307 caelis.
3289 2252 3632 2322 Posteaquam
3675 2253 3828 2308 enim

2238 2337 2306 2392 de
2355 2339 2491 2392 caelo
2533 2339 2740 2396 locutus
2770 2350 2849 2395 est
2875 2383 2889 2408 ,
2931 2341 3112 2398 dicens
3137 2386 3151 2409 ,
3211 2344 3406 2407 Saule,
3451 2345 3642 2408 Saule,
3696 2345 3829 2411 quid

2239 2446 2316 2484 me
2367 2433 2674 2501 persequeris
2716 2434 2866 2502 (Act.
2916 2449 3010 2496 lx,
3041 2433 3147 2504 4)?
3193 2433 3544 2504 Posteaquam
3591 2434 3830 2503 Spiritus

2238 2532 2454 2579 sanctus
2483 2526 2596 2591 ait,
2643 2527 2916 2598 Segregnte
2956 2527 3080 2582 mitti
3121 2525 3407 2581 Barnabam
3437 2538 3484 2582 et
3516 2527 3745 2580 Paulum
3775 2527 3831 2580 in

2237 2631 2366 2685 opus
2391 2617 2652 2672 ministerii
2695 2635 2792 2690 quo
2831 2620 3002 2672 vocavi
3025 2636 3109 2674 eos
3131 2617 3251 2690 (Id.
3291 2635 3384 2674 xm
3408 2661 3424 2683 ,
3451 2618 3525 2689 2)
3561 2637 3574 2673 :
3603 2628 3831 2673 vocatus

2237 2706 2434 2762 Paulus
2462 2708 2624 2774 dicit,
2659 2709 2780 2764 Non
2808 2711 2862 2765 in
2888 2712 3191 2783 manufaclis
3217 2712 3414 2782 teinplis
3438 2711 3643 2766 intrauit
3668 2709 3832 2766 Iesus

2239 2800 2602 2868 exemplarium
2646 2803 2868 2856 veritatis
2890 2844 2906 2870 ,
2937 2804 3026 2857 sed
3063 2804 3114 2857 in
3142 2804 3252 2874 ipso
3280 2804 3405 2857 coelo
3433 2804 3584 2856 modo
3613 2811 3832 2873 apparet

2241 2908 2468 2959 persona:
2497 2891 2592 2946 Dei
2619 2911 2710 2963 pro
2736 2895 2896 2949 nobis.
2930 2895 2998 2950 Et
3024 2897 3146 2965 quia
3189 2897 3451 2966 suggessit
3478 2895 3689 2966 Religio
3714 2904 3831 2962 tua,

2239 2991 2296 3037 ut
2322 2983 2387 3038 ad
2414 2983 2515 3040 hoc
2540 2984 2728 3039 demus
2751 3001 3087 3056 responsum,
3112 2988 3154 3042 si
3181 2987 3345 3042 Filius
3370 2986 3547 3042 videat
3573 2987 3830 3052 Patrem;

2239 3073 2462 3145 legimus
2479 3076 2529 3130 in
2555 3075 2838 3148 Evangelio
2863 3099 2874 3133 :
2897 3078 3016 3134 Non
3037 3081 3156 3149 quia
3176 3080 3296 3134 vidit
3315 3078 3523 3134 Patrem
3538 3081 3832 3151 quisquam,

2241 3166 2340 3219 nisi
2364 3168 2452 3237 qui
2480 3177 2553 3221 est
2578 3185 2609 3221 a
2654 3169 2760 3224 Deo
2780 3211 2795 3235 ,
2826 3171 2906 3224 hic
2929 3171 3054 3224 vidit
3083 3170 3288 3226 Patrem
3321 3171 3341 3231 (
3355 3171 3514 3226 Joan.
3557 3189 3611 3227 γι
3635 3213 3650 3239 ,
3695 3173 3768 3228 46
3790 3175 3831 3244 ).

2243 3259 2386 3314 Vidit
2413 3273 2540 3330 ergo
2567 3261 2782 3317 Patrem
2806 3305 2821 3329 ,
2852 3263 2945 3318 sed
2977 3262 3110 3317 vidit
3134 3263 3506 3333 incapabilem.
3536 3264 3699 3321 Pater
3731 3280 3837 3320 au-

2243 3359 2347 3406 tem
2371 3353 2445 3406 sic
2465 3353 2608 3407 videt
2636 3353 2848 3422 Filium,
2880 3364 2938 3410 ut
2963 3364 3153 3411 tenens
3182 3356 3236 3411 in
3257 3357 3376 3412 sinu
3403 3371 3502 3413 suo
3524 3367 3576 3412 et
3600 3357 3834 3425 habens,

2242 3445 2531 3500 secundum
2571 3447 2857 3502 antelatum
2892 3449 3248 3504 testimonium
3273 3490 3290 3517 ,
3320 3449 3464 3520 quod
3492 3449 3651 3504 Deum
3678 3468 3838 3506 nemo

2242 3535 2365 3590 vidit
2385 3552 2604 3605 unquam
2628 3538 2952 3609 ;unigenitus
2980 3537 3144 3594 Filius
3168 3540 3253 3610 qui
3284 3550 3358 3594 est
3381 3541 3435 3595 in
3467 3542 3579 3596 sinu
3611 3539 3791 3596 Patris
3816 3582 3835 3609 ,

2242 3627 2349 3697 ipse
2373 3629 2596 3682 narravit
2628 3629 2646 3701 (
2669 3628 2752 3682 Id.
2781 3646 2798 3684 ι
2826 3671 2842 3697 ,
2875 3628 2999 3704 l8).
3021 3631 3180 3686 Videt
3209 3633 3350 3687 enim
3375 3633 3531 3688 Pater
3557 3632 3751 3687 Filium
3775 3641 3839 3687 ut
3899 3663 3904 3668 -

2245 3721 2660 3776 Filittszilius
2687 3722 2833 3777 videt
2881 3724 3089 3779 Patrem
3135 3733 3195 3780 ut
3237 3726 3446 3780 Patrem
3479 3727 3835 3781 immensum.

2245 3814 2540 3869 Humanam
2565 3816 2876 3885 sapientiam
2900 3816 3215 3872 invisibilem
3233 3820 3537 3887 pronuntiat
3563 3828 3652 3875 tua
3675 3819 3839 3879 Reli-

2243 3907 2459 3977 giositas
2479 3926 2490 3961 :
2508 3917 2563 3964 ut
2587 3918 2712 3980 puto
2728 3909 2917 3966 sufﬁcit
2939 3910 3085 3966 lsaiae
3101 3911 3296 3966 dictum
3317 3913 3842 3988 dicentis,Numquid

2244 4002 2496 4055 modicum
2517 4011 2588 4056 est
2613 4003 2748 4058 vobis
2770 4013 3020 4058 certamen
3057 4013 3296 4076 prastare
3305 4007 3618 4062 hominibus?
3632 4009 3702 4062 Et
3711 4028 3840 4081 quo-

2245 4094 2395 4148 modo
2423 4094 2642 4149 Domino
2685 4097 2984 4166 prtestabitis
3031 4107 3282 4151 certamen
3326 4098 3486 4169 (Isai.
3530 4117 3604 4155 vn
3631 4144 3646 4168 ,
3682 4103 3841 4173 l3)?

2247 4186 2464 4242 Certum
2491 4196 2573 4242 est
2600 4197 2776 4243 autem
2804 4190 2926 4258 quia
2954 4203 3059 4243 non
3105 4197 3188 4242 est
3216 4189 3484 4244 modicum
3523 4191 3844 4248 hominibus

2247 4286 2513 4333 certamen
2562 4288 2850 4348 praestare,
2899 4295 3020 4335 cum
3072 4280 3284 4352 quando
3337 4281 3574 4352 quamvis
3618 4283 3687 4336 sit
3738 4283 3845 4342 ille

2246 4373 2470 4443 quisque
2488 4372 2720 4442 sapiens,
2753 4372 2946 4428 habeat
2971 4373 3346 4442 sapientiorem
3375 4374 3464 4444 qui
3486 4389 3607 4429 eum
3629 4374 3842 4432 videat.

2247 4465 2446 4521 Deinde
2476 4464 2634 4536 hujus
2673 4466 2815 4520 enim
2855 4465 3111 4540 sapientia
3143 4481 3248 4520 non
3276 4466 3330 4520 in
3359 4480 3523 4535 opere
3551 4467 3671 4536 ejus
3719 4483 3846 4537 per-

2246 4558 2509 4628 spicitur?
2538 4573 2643 4612 non
2676 4558 2726 4611 in
2757 4556 3028 4626 discipulis
3059 4556 3354 4627 probatur?
3381 4557 3497 4612 Non
3537 4573 3671 4629 ergo
3702 4559 3846 4615 invi-

2247 4648 2416 4704 sibilis
2436 4657 2519 4703 est
2538 4648 2765 4702 humana
2788 4647 3211 4717 sapientia,,qu:e
3231 4646 3610 4717 comprehendi
3636 4657 3843 4718 potest,

2246 4755 2366 4809 quae
2391 4739 2599 4794 videtur
2622 4781 2637 4805 ,
2669 4747 2787 4808 qna:
2814 4748 2870 4794 et
2912 4737 3340 4808 reprehenditur.
3376 4739 3452 4794 De
3490 4749 3692 4794 caetero
3739 4755 3845 4796 au-

2248 4839 2353 4885 tem
2389 4831 2540 4884 decet
2569 4838 2623 4884 et
2647 4830 2848 4884 ordinis
2877 4836 2992 4895 est,
3025 4829 3197 4900 dignis
3227 4840 3280 4885 te
3307 4832 3379 4886 uti
3408 4832 3846 4900 comparationi-

2247 4923 2378 4986 bus;
2424 4921 2547 4991 quia
2596 4921 2663 4976 de
2717 4921 2825 4976 Deo
2872 4922 3143 4991 loqueris,
3200 4921 3269 4977 de
3298 4919 3386 4977 illa
3429 4923 3846 4991 immensitate;

2248 5013 2335 5069 cui
2377 5013 2476 5068 etsi
2527 5013 2853 5083 comparatio
2898 5013 3052 5068 detur
3083 5053 3098 5080 ,
3153 5021 3411 5083 quantum
3477 5013 3594 5068 ﬁeri
3658 5025 3854 5084 potest

2247 5103 2539 5159 secundum
2583 5104 2944 5174 excogitatum
2965 5103 3250 5158 humanum
3277 5145 3291 5167 ,
3332 5113 3424 5158 aut
3447 5115 3593 5160 certe
3638 5120 3851 5163 secun-

2249 5197 2373 5253 dum
2405 5200 2769 5255 auctoritatem
2792 5197 3088 5251 divinarum
3115 5194 3514 5266 Scripturarum
3537 5239 3550 5262 ,
3586 5214 3695 5251 non
3750 5215 3853 5271 per

2249 5292 2426 5346 omnia
2453 5290 2779 5361 comparatio
2806 5289 2912 5344 ulla
2943 5289 3098 5360 digna
3130 5289 3401 5346 invenitur
3423 5291 3489 5347 ad
3521 5291 3668 5347 illum
3702 5335 3718 5359 ,
3755 5294 3853 5365 qui

2250 5392 2333 5441 est
2360 5382 2808 5454 incomparabilis.

2322 5480 2410 5536 10.
2433 5481 2545 5551 Ego
2569 5480 2778 5534 Patrem
2811 5479 2981 5534 solum
3006 5477 3299 5534 secundum
3328 5478 3559 5533 antelata
3590 5479 3856 5534 testimo-

2249 5571 2358 5637 nia,
2378 5587 2484 5626 non
2504 5585 2623 5625 cum
2645 5569 2813 5626 altero
2832 5578 2888 5625 et
2911 5570 3068 5625 tertio
3088 5569 3208 5624 dico
3247 5568 3385 5640 quod
3432 5584 3572 5624 unus
3600 5579 3706 5634 est,
3748 5571 3854 5627 sed

2251 5664 2391 5736 quod
2420 5665 2564 5719 solus
2591 5679 2725 5718 unus
2747 5671 2829 5718 est
2850 5663 3008 5718 Deus.
3031 5662 3085 5718 Si
3107 5677 3233 5717 vero
3259 5663 3404 5717 solus
3429 5677 3564 5716 unus
3593 5677 3701 5716 non
3739 5671 3856 5730 cst,

2253 5773 2374 5831 pars
2402 5764 2500 5812 est.
2529 5755 2636 5811 Nec
2663 5756 2804 5812 enim
2831 5771 2894 5812 ex
2926 5753 3166 5827 partibus
3189 5753 3543 5827 compositum
3566 5769 3739 5810 unum
3763 5752 3856 5816 di-
