4084 6444
319 352 428 410 7‘29

318 488 386 528 co
411 472 578 525 Deum
609 485 622 522 :
654 465 746 522 sed
774 466 862 522 ille
887 463 1028 537 quod
1057 473 1157 532 est,
1180 465 1348 520 virtus
1393 471 1475 520 cst
1501 461 1734 532 ingenita
1772 459 1901 512 sim-

319 566 440 634 plex
465 581 477 617 :
519 562 683 618 Filius
696 570 818 616 ante
837 560 1015 615 omnia
1039 558 1233 614 saecula
1263 567 1317 614 et
1354 557 1470 627 ipse
1513 556 1682 610 virtus
1701 561 1784 609 est
1811 566 1905 622 ge-

320 655 463 708 nitus
482 655 522 704 ¹.
555 653 632 706 De
663 651 760 706 hac
786 666 915 706 sane
933 651 1124 704 virtute
1148 648 1266 703 Filii
1295 649 1480 702 beatus
1506 645 1793 717 Apostolus
1818 643 1905 698 di-

315 744 514 799 ccbat:
555 741 882 814 Congregatis
906 741 1044 796 vobis
1082 750 1126 794 et
1167 755 1275 793 meo
1319 738 1522 808 spiritu,
1561 753 1677 790 cum
1723 735 1905 788 virtute

321 833 527 887 Domini
555 831 678 886 Iesu
704 831 764 902 (l
810 829 927 886 Cor.
957 846 1013 897 ν,
1060 833 1095 886 4
1123 829 1167 900 ).
1201 830 1329 884 Dico
1385 828 1526 883 enim
1561 837 1614 882 et
1651 824 1906 894 proﬁteor

315 925 458 996 quod
481 940 579 980 nos
622 933 806 980 sancta
850 925 1044 978 docent
1093 921 1400 993 Evangelia.
1434 921 1502 975 Et
1521 919 1642 990 quia
1679 917 1908 988 Spiritus

314 1027 534 1072 sanctus
558 1025 613 1072 et
633 1019 745 1086 ipse
763 1016 1011 1070 sitvirtus
1063 1016 1117 1069 in
1167 1028 1260 1068 sua
1313 1011 1636 1082 proprietate
1671 1027 1684 1064 :
1717 1007 1907 1077 dequo

317 1111 576 1166 Dominus
607 1110 968 1180 testimonium
1008 1107 1274 1178 perhibet,
1303 1105 1550 1170 dicendo,
1607 1103 1704 1157 Vos
1741 1110 1906 1154 autem

313 1204 480 1256 sedete
501 1202 520 1274 (
545 1203 610 1256 ad
641 1217 766 1256 suos
793 1200 1084 1270 discipulos
1109 1198 1128 1270 )
1159 1201 1212 1252 in
1231 1198 1428 1252 ciuitate
1447 1195 1754 1261 Jerusalem,
1777 1209 1906 1263 quo-

313 1295 540 1364 adusque
563 1293 845 1346 induamini
869 1293 1050 1346 virtute
1087 1291 1148 1344 ab
1190 1289 1294 1344 alto
1317 1289 1334 1360 (
1357 1286 1484 1342 Luc.
1508 1301 1660 1351 xxw,
1693 1283 1760 1340 49
1789 1283 1829 1356 ).

387 1387 476 1442 il.
503 1385 560 1440 Si
589 1385 658 1439 ob
685 1386 786 1440 hoc
831 1383 1108 1439 invisibilis
1159 1382 1329 1438 Filius
1359 1395 1388 1434 a
1417 1389 1468 1435 te
1501 1378 1898 1449 pronuntiatur,

312 1491 378 1534 eo
399 1477 543 1548 quod
578 1478 744 1533 oculis
767 1477 1014 1532 humanis
1068 1473 1416 1545 contemplari
1439 1489 1544 1528 non
1577 1471 1780 1542 possit;
1809 1485 1905 1526 cur

311 1586 420 1626 non
451 1579 507 1626 et
543 1571 792 1626 ccelestes
833 1572 1054 1624 virtutes
1099 1569 1298 1638 pariter
1345 1565 1639 1622 invisibiles
1667 1578 1906 1635 pronun-

311 1664 436 1729 tias,
468 1662 681 1732 quando
713 1677 810 1718 nec
836 1662 963 1730 ipsa:
992 1661 1265 1715 obtutibus
1290 1657 1537 1714 humanis
1569 1657 1736 1712 videri
1763 1671 1894 1726 pos-

309 1753 458 1806 sint?
483 1753 597 1823 Ego
613 1753 824 1824 quidem
853 1751 1209 1807 testimonium
1231 1751 1426 1822 protuli
1461 1751 1576 1804 sine
1620 1749 1798 1819 aliqua
1821 1749 1903 1803 in-

309 1846 698 1914 terpretatione
724 1844 1010 1899 verborum
1041 1857 1307 1907 meorum,
1359 1840 1546 1896 dicens
1591 1859 1604 1894 :
1637 1839 1826 1892 Beatus
1846 1847 1895 1892 et

311 1937 455 1990 solus
503 1945 713 2006 potens,
755 1935 868 1990 Rea:
913 1950 1110 2006 regum,
1152 1941 1200 1987 et
1243 1931 1490 1986 Dominus
1533 1929 1904 1984 dominantium

311 2027 332 2095 (
354 2028 374 2082 Ι
399 2027 532 2082 Tim.
561 2043 638 2094 vr,
671 2028 799 2098 15).
832 2027 888 2082 Si
931 2027 1260 2097 Scripturam
1310 2025 1550 2089 recitavi,
1582 2022 1902 2094 reprehendi

312 2135 418 2173 non
447 2119 646 2174 debui:
676 2119 760 2172 sin
791 2133 922 2174 vero
967 2117 1322 2188 perscrutaris
1353 2115 1566 2171 sensum
1593 2115 1898 2184 Scripturae,

313 2211 482 2266 reddo
507 2212 788 2266 rationem.

383 2303 474 2355 12.
499 2304 586 2356 Ait
615 2303 756 2358 enim
787 2301 1094 2372 Apostolus,
1124 2299 1312 2356 Beatus
1335 2307 1380 2355 et
1406 2297 1542 2354 solus
1571 2305 1764 2367 potens,
1789 2295 1903 2350 Rex

311 2409 506 2464 regum.
537 2393 718 2448 Solum
740 2392 869 2447 dicit
917 2400 1187 2462 potentem
1233 2391 1467 2455 Patrem,
1501 2403 1606 2442 non
1655 2387 1778 2457 quia
1809 2385 1900 2439 Fi-

313 2485 417 2540 lius
435 2501 540 2540 non
571 2485 640 2540 sit
667 2495 872 2554 potens.
903 2484 1036 2538 Audi
1065 2483 1226 2554 igitur
1251 2480 1614 2536 testimonium
1647 2479 1714 2534 de
1739 2477 1897 2542 Filio,

313 2579 485 2647 ipsum
555 2577 810 2647 Spiritum
864 2585 1103 2630 sanctum
1141 2577 1460 2630 clamantem
1513 2581 1568 2628 et
1608 2571 1898 2636 dicentem,

313 2667 496 2722 Tollite
533 2678 723 2740 portas,
782 2668 1032 2738 principes
1053 2668 1242 2722 vestri’
1269 2676 1358 2730 :et
1413 2665 1693 2730 elevnmini,
1741 2670 1902 2734 parte

310 2759 590 2826 astet-nales,
617 2769 662 2812 et
689 2759 918 2812 introibit
939 2773 1029 2812 rea:
1047 2756 1242 2829 gloriae.
1269 2756 1338 2811 Et
1380 2755 1620 2825 sequitur
1644 2772 1655 2806 :
1689 2753 1812 2818 Quis
1829 2761 1901 2808 est

311 2852 408 2904 iste
450 2865 542 2905 rea:
589 2849 765 2920 glorias
795 2849 820 2902 ?
847 2849 916 2903 Et
963 2863 1277 2918 responsum
1333 2847 1607 2916 intelligo:
1649 2835 1900 2898 Dominus

311 2943 456 3014 fortis
474 2951 523 2996 et
577 2949 752 3013 potens
780 2941 798 3012 (
827 2939 973 2996 Psal.
1007 2955 1158 3007 mn,
1207 2939 1260 3004 7,
1311 2937 1414 3011 8).
1468 2935 1746 3004 Quomodo
1787 2949 1896 2988 non

309 3043 522 3104 potens,
544 3034 696 3104 cujus
731 3033 1026 3103 potentiam
1061 3032 1236 3086 omnis
1266 3030 1522 3101 prmdicat
1571 3027 1863 3084 creatura?

379 3128 470 3182 15.
493 3125 771 3195 Quomodo
791 3141 898 3180 non
929 3125 1162 3196 sapiens,
1195 3123 1264 3180 de
1289 3137 1396 3193 quo
1425 3122 1656 3192 Spiritus
1685 3129 1900 3176 sanctus

307 3219 616 3276 collaudans
659 3218 775 3288 ejus
831 3219 1143 3288 sapientiam
1207 3217 1402 3272 clamat
1439 3214 1678 3270 etdicit:
1735 3213 1901 3278 Quam

307 3311 633 3382 magnificam
655 3322 770 3364 sunt
799 3327 953 3380 opera
973 3319 1080 3376 tua,
1111 3307 1328 3362 Domine
1356 3309 1376 3362 l
1402 3307 1588 3362 Omnia
1615 3307 1668 3359 in
1693 3305 1898 3375 sapien-

309 3404 380 3456 tia
405 3404 566 3476 fecisti
595 3403 614 3474 (
637 3402 780 3456 Psal.
800 3419 914 3468 cut,
943 3402 1012 3458 ‘24
1105 3401 1234 3456 Nam
1257 3415 1378 3454 eum
1405 3399 1586 3454 omnia
1613 3411 1710 3468 per
1737 3396 1897 3450 Chri-

307 3503 447 3550 stum
497 3494 608 3549 sint
653 3493 814 3558 facta,
843 3493 960 3548 sine
1009 3492 1172 3548 dubio
1223 3491 1372 3546 illum
1409 3490 1638 3559 Spiritus
1683 3493 1900 3540 sanctus

309 3585 531 3641 laudans
555 3585 784 3652 dicebat,
817 3583 1004 3638 Omnia
1021 3585 1074 3637 in
1093 3583 1343 3654 sapientia
1364 3581 1548 3652 fecisti.
1575 3579 1642 3632 Et
1669 3593 1795 3631 eum
1826 3577 1900 3632 ita

311 3679 606 3744 habeatur,
657 3675 1036 3747 requirendum
1087 3685 1170 3730 est
1213 3687 1342 3744 ergo
1389 3669 1658 3742 quomodo
1711 3669 1899 3724 beatus

309 3771 504 3825 Paulus
531 3769 678 3834 dicit,
708 3769 894 3823 Beatus
914 3778 960 3822 et
985 3768 1123 3823 solus
1163 3765 1374 3838 potens?
1395 3764 1463 3820 Ut
1493 3771 1639 3833 puto,
1663 3760 1786 3816 ideo
1813 3775 1899 3816 so-

309 3863 420 3915 lum
445 3869 716 3931 potentem
743 3859 892 3926 dicit,
915 3859 1040 3929 quia
1067 3859 1214 3912 solus
1265 3864 1348 3911 est
1378 3853 1808 3924 incomparabilis
1834 3852 1890 3906 in

308 3966 404 4006 sua
453 3951 710 4022 potentia.
759 3951 834 4005 De
889 3951 1042 4018 cujus
1084 3945 1600 4016 incomparabilitate
1631 3943 1896 4014 propheta

307 4042 578 4098 admirans
621 4041 832 4096 dicebat
860 4058 872 4093 :
902 4039 1060 4105 Deus,
1085 4039 1196 4108 quis
1229 4037 1408 4092 similis
1451 4036 1546 4090 erit
1594 4035 1720 4104 tibi(
1747 4032 1894 4088 Psal.

309 4133 598 4206 cxxxn,2)
627 4135 649 4188 ?
698 4134 792 4190 Vis
821 4147 978 4188 nosse
1003 4131 1144 4203 quod
1173 4131 1317 4186 solus
1347 4136 1431 4185 est
1451 4137 1640 4198 potens
1673 4129 1696 4181 ?
1723 4127 1899 4181 intue-

309 4242 368 4283 re
391 4227 610 4294 Filium,
644 4225 912 4281 admirans
935 4225 1226 4295 potentiam
1252 4222 1391 4278 Filii.
1411 4221 1468 4276 ln
1496 4221 1609 4291 ipso
1625 4221 1766 4274 enim
1797 4219 1896 4273 ad-

307 4327 477 4385 verte,
500 4320 620 4388 quia
641 4319 788 4373 solus
808 4327 890 4372 est
906 4325 1113 4386 potens,
1146 4317 1234 4384 qui
1258 4323 1362 4368 tam
1387 4321 1660 4385 potentem
1683 4310 1886 4382 genuit.

310 4410 466 4466 Pater
495 4410 635 4464 enim
658 4410 710 4462 in
737 4408 822 4462 illa
866 4409 1122 4462 immensa
1171 4405 1408 4475 potentia
1446 4411 1712 4474 potentem
1745 4415 1898 4456 crea-

312 4511 482 4556 torem
505 4499 525 4530 ³
543 4499 744 4570 genuit.
771 4497 940 4554 Filius
967 4498 1020 4552 in
1047 4511 1144 4551 sua
1171 4497 1259 4550 illa
1281 4511 1310 4548 a
1347 4495 1504 4550 Patre
1541 4502 1758 4564 accepta
1803 4507 1900 4562 po-

311 4593 496 4658 tentia,
522 4599 583 4646 ut
607 4591 721 4661 ipse
747 4591 842 4655 ait,
877 4590 1060 4644 Omnia
1106 4588 1230 4640 mihi
1283 4588 1470 4640 tradita
1525 4595 1639 4640 sunt
1665 4603 1696 4639 a
1738 4584 1896 4639 Patre

310 4681 678 4742 meolMatth.
733 4697 808 4748 Il,
857 4680 992 4752 27),
1049 4693 1154 4734 non
1189 4687 1482 4734 creatorem
1527 4677 1746 4740 creavit,
1803 4676 1898 4732 sed

311 4783 612 4830 creaturam
634 4773 924 4828 constituit.
953 4772 1109 4827 Istam
1137 4771 1280 4825 enim
1311 4770 1603 4839 potentiam
1625 4768 1898 4822 admirans

312 4869 404 4922 Dei
440 4867 636 4932 Patris,
685 4865 896 4921 dicebat
933 4864 1151 4932 Paulus,
1196 4862 1380 4917 Beatus
1427 4869 1472 4915 et
1517 4860 1656 4916 solus
1703 4870 1897 4931 potens.

309 4960 439 5016 Nam
469 4961 514 5015 si
554 4968 610 5014 et
631 4960 792 5015 homo
821 4966 1009 5029 potens
1037 4966 1091 5012 et
1143 4972 1324 5023 verus,
1349 4955 1640 5012 secundum
1670 4954 1810 5025 quod
1833 4953 1900 5009 de

317 5051 409 5108 iob
435 5051 681 5121 legimus,
711 5049 839 5103 Erat
857 5049 1004 5103 homo
1033 5049 1119 5102 ille
1165 5065 1310 5102 verus
1331 5057 1375 5100 et
1388 5048 1559 5118 justus
1586 5045 1680 5100 Dei
1703 5047 1900 5111 cultor;

311 5146 482 5200 adhuc
514 5153 570 5199 et
595 5145 868 5214 regionem
897 5143 1037 5197 illius
1061 5141 1369 5196 describens
1410 5140 1558 5204 dicit,
1599 5139 1739 5209 quod
1762 5147 1903 5194 esset

313 5251 488 5308 potens
517 5248 564 5294 et
583 5255 794 5309 magnus
815 5239 948 5291 inter
989 5253 1162 5290 omnes
1197 5252 1257 5288 om
1297 5243 1436 5304 parte
1479 5233 1698 5287 Orientis
1754 5231 1902 5306 (Job

314 5349 350 5398 I,
374 5335 426 5398 1,
451 5332 558 5404 5)ε
588 5329 854 5402 quomodo
877 5345 1005 5400 ergo
1052 5329 1196 5384 solus
1237 5337 1424 5398 potens
1457 5327 1648 5382 Pater?
1677 5326 1784 5381 Sed
1817 5342 1903 5381 so-

313 5425 420 5480 lum
449 5426 580 5480 dicit
605 5424 674 5478 ob
717 5424 839 5491 hoc,
862 5423 982 5493 quia
1001 5422 1176 5476 nullus
1197 5421 1244 5476 ei
1281 5429 1640 5492 comparatur,
1667 5421 1786 5490 quia
1815 5435 1903 5475 so-

315 5517 392 5571 ius
422 5527 504 5572 est
545 5525 705 5570 tantae
758 5513 1157 5586 magnitudinis,
1207 5521 1365 5568 tantae
1408 5512 1704 5582 potestatis,
1742 5521 1900 5568 tanta:

379 5673 395 5704 ί
419 5671 564 5730 Alias,
586 5671 760 5734 genita.

379 5735 398 5768 ι
421 5735 540 5798 Editi
565 5733 758 5798 uestras.
785 5740 838 5783 At
869 5739 994 5798 sise,
1029 5733 1187 5784 vestri.
1213 5739 1267 5782 Et
1289 5735 1359 5784 sic
1397 5735 1686 5798 Augustinus
1703 5769 1716 5794 ,
1741 5739 1901 5784 Enarr.

317 5797 366 5848 in
384 5797 612 5846 eumdem
629 5797 860 5857 psalmum
879 5796 954 5843 25.

383 5861 404 5894 ⁸
423 5858 528 5910 sola
551 5859 702 5910 editio
723 5865 828 5910 Lov.
868 5858 1062 5918 omittit,
1097 5865 1376 5911 creatorem.

1128 334 1466 397 COLLATIO
1500 335 1644 398 CUM
1676 327 2018 398 MAXIMINO
2053 331 2455 394 ARIANORUM
2493 339 2839 398 EPISCOPO.

3485 351 3588 408 730

2014 465 2282 528 potentiae.
2341 465 2460 522 Pari
2506 469 2663 524 modo
2710 480 2764 526 et
2815 471 3106 542 sapientem
3161 475 3334 532 solum
3371 477 3584 536 Patrem

2017 555 2265 620 prredicat
2293 558 2478 614 beatus
2509 561 2700 617 Paulus
2722 565 2994 633 apostolus
3016 564 3200 621 dicens
3227 568 3325 632 sic,
3359 569 3474 624 Soli
3493 588 3582 626 sa-

2015 647 2166 714 pienti
2190 647 2332 722 Deo(
2361 652 2514 708 Rom.
2560 671 2666 722 xvi,
2695 655 2763 710 27
2786 655 2826 726 ).
2852 655 2956 712 Sed
2975 658 3293 728 requirenda
3313 669 3394 716 est
3432 664 3590 730 ratio,

2015 739 2458 807 quemadmodum
2525 746 2670 801 solus
2717 747 2972 817 sapiens:
3005 761 3110 803 non
3158 751 3300 820 quod
3347 752 3594 810 Christus

2015 845 2120 886 non
2147 833 2215 886 sit
2239 835 2467 904 sapiens.
2487 836 2604 892 Jam
2629 840 2891 907 protulisti
2919 839 3188 896 Christum
3209 842 3308 898 Dei
3337 843 3583 901 Virtutem

2014 933 2059 976 et
2081 923 2178 978 Dei
2205 925 2559 998 Sapientiam(
2589 927 2750 984 ICor.
2784 947 2820 996 l,
2843 932 2950 1004 24)
2986 950 2999 985 :
3029 933 3272 990 dedimus
3309 943 3362 990 et
3393 951 3489 992 nos
3511 945 3588 991 te-

2014 1018 2279 1086 stimonia,
2313 1021 2454 1092 quod
2479 1023 2654 1077 omnia
2678 1025 2731 1076 in
2771 1025 3026 1094 sapientia
3052 1027 3307 1081 condidit.
3343 1027 3448 1082 Sed
3471 1043 3596 1084 vere

2013 1110 2161 1167 solus
2189 1113 2400 1182 sapiens
2425 1115 2602 1168 Pater.
2630 1115 2905 1171 Credimus
2941 1117 3248 1188 Scripturis,
3279 1127 3334 1174 et
3376 1135 3596 1174 venera-

2013 1221 2132 1260 mur
2159 1207 2298 1276 ipsas
2323 1207 2622 1278 Scriptnras
2637 1208 2841 1264 divinas
2873 1217 2962 1266 :et
2985 1226 3158 1282 neque
3194 1213 3400 1282 apicem
3429 1227 3591 1268 unum

2015 1301 2288 1367 praeterire
2317 1309 2579 1370 optamus,
2616 1301 2860 1356 timentes
2879 1301 3164 1371 periculum
3197 1303 3338 1372 quod
3363 1303 3418 1358 in
3467 1303 3594 1374 ipsis

2011 1389 2204 1444 divinis
2225 1391 2508 1462 Scripturis
2530 1401 2612 1447 est
2661 1394 2888 1462 positum
2923 1411 2935 1446 :
2982 1393 3069 1448 Va:
3094 1394 3470 1448 detrahentilms
3505 1401 3594 1448 aut

2011 1482 2355 1554 addentibus(
2399 1482 2548 1537 Deut.
2595 1500 2686 1550 tv,
2746 1483 2828 1556 2)
2867 1483 3002 1539 iVis
3060 1485 3197 1540 scire
3247 1495 3441 1554 quanta
3511 1493 3594 1541 est

2011 1575 2266 1644 sapientia
2311 1575 2519 1629 Patris?
2545 1575 2752 1630 Intuere
2792 1576 3004 1642 Filium,
3031 1583 3084 1630 et
3127 1575 3327 1631 videbis
3378 1577 3592 1646 sapien-

2013 1667 2136 1720 tiam
2165 1668 2356 1723 Patris.
2387 1669 2454 1722 Et
2494 1685 2555 1724 ea
2599 1669 2664 1724 de
2715 1684 2871 1724 causa
2905 1670 3018 1738 ipse
3073 1669 3315 1724 Christus
3360 1670 3590 1738 dicebat,

2015 1757 2113 1825 Qui
2129 1775 2206 1813 me
2230 1760 2372 1826 vidit,
2414 1761 2534 1814 vidit
2555 1769 2600 1814 et
2629 1759 2836 1814 Patrem
2862 1759 3049 1832 (Joan.
3077 1777 3186 1825 xw,
3215 1761 3286 1832 9)
3315 1779 3328 1814 :
3361 1760 3463 1816 hoc
3482 1769 3588 1828 est,

1987 1854 2063 1918 _in
2087 1870 2171 1910 me
2197 1855 2313 1924 ejus
2343 1855 2486 1910 videt
2509 1856 2842 1925 sapientiam,
2897 1856 3012 1924 ejus
3061 1855 3242 1908 laudat
3292 1855 3541 1910 virtutem
3574 1869 3590 1920 ;

2011 1946 2158 2000 illum
2199 1947 2477 2016 gloriticat,
2509 1947 2598 2016 qni
2635 1961 2720 2002 me
2745 1955 2946 2001 tantum
2975 1961 3038 2000 ac
3067 1947 3224 2000 talem
3253 1945 3436 2014 genuit
3469 1953 3593 2002 ante

2011 2037 2188 2092 omnia
2211 2037 2424 2101 sarcula,
2445 2051 2584 2092 unus
2609 2051 2794 2100 unum,
2825 2037 2968 2090 solus
2986 2036 3180 2090 solum.
3209 2035 3321 2089 Non
3345 2050 3590 2105 qumrens

2010 2129 2286 2184 materiam
2319 2127 2459 2183 unde
2491 2129 2707 2194 iaceret,
2735 2142 2840 2182 non
2870 2128 2922 2180 in
2949 2127 3150 2180 auxilio
3183 2127 3412 2196 aliquem
3444 2125 3588 2180 acci-

2010 2219 2181 2290 piens,
2215 2221 2306 2275 sed
2335 2229 2392 2274 ut
2418 2221 2560 2273 novit
2594 2220 2707 2290 ipse
2733 2234 2826 2272 sua
2875 2219 3067 2272 virtute
3117 2226 3172 2272 et
3207 2217 3466 2286 sapientia
3501 2231 3594 2287 ge-

2011 2313 2126 2366 nuit
2148 2312 2359 2366 Filium.
2391 2311 2528 2378 Non,
2564 2311 2960 2368 utcalumniam
2985 2309 3238 2364 iacientes
3253 2307 3446 2374 dicitis,
3462 2322 3593 2378 quo-

2009 2405 2150 2458 niam
2177 2404 2330 2458 sicuti
2373 2403 2473 2456 alia
2523 2410 2766 2457 creatura
2805 2417 2870 2456 ex
2917 2400 3083 2455 nihilo
3131 2399 3264 2454 facta
3292 2407 3393 2466 est,
3427 2400 3496 2454 ita
3528 2409 3584 2454 et

2009 2495 2323 2564 profitemur
2347 2494 2485 2564 quod
2509 2510 2574 2549 ex
2612 2493 2778 2548 nihilo
2801 2493 2951 2564 quasi
2977 2506 3113 2546 unus
3159 2491 3226 2548 de
3244 2492 3502 2546 creaturis
3526 2493 3594 2548 sit

2009 2587 2199 2643 iactus.
2231 2587 2383 2656 Quod
2413 2587 2627 2658 quidem
2658 2585 2778 2640 audi
2805 2585 3174 2640 auctoritatem
3213 2584 3481 2656 synodicre
3507 2584 3584 2639 le-
3675 2620 3690 2634 .

2007 2680 2218 2746 ctionis,
2248 2681 2368 2751 quia
2389 2681 2442 2736 in
2487 2681 2731 2734 Arimino
2749 2688 2926 2748 patres
2957 2678 3123 2733 nostri
3151 2678 3290 2734 inter
3314 2685 3507 2732 caetera
3537 2684 3592 2732 et

2009 2773 2110 2828 hoc
2137 2773 2386 2828 dixerunt
2417 2791 2429 2825 :
2458 2773 2517 2828 Si
2543 2772 2654 2839 quis
2673 2787 2736 2826 ex
2756 2770 2914 2824 nihilo
2958 2769 3152 2824 Filium
3173 2769 3312 2835 dicit,
3341 2777 3386 2822 et
3415 2785 3516 2822 non
3531 2783 3593 2822 ea:

2008 2863 2116 2918 Deo
2143 2863 2313 2929 Patre,
2335 2865 2604 2918 anathema
2632 2864 2716 2918 sit.
2739 2863 2793 2919 Si
2805 2863 2904 2926 vis,
2929 2876 3058 2918 sane
3081 2858 3381 2918 testimonia
3411 2859 3591 2928 profe-

2007 2971 2089 3010 ro.
2113 2956 2202 3010 Ait
2227 2955 2368 3009 enim
2397 2955 2472 3009 sic
2489 2956 2674 3010 beatus
2695 2953 2970 3023 apostolus
2996 2953 3229 3008 Joannes
3257 2971 3270 3006 :
3302 2951 3402 3019 Qui
3426 2951 3591 3022 diligit

2009 3047 2299 3116 genitorem,
2319 3047 2482 3117 diligit
2494 3055 2539 3100 et
2555 3063 2668 3100 eum
2686 3045 2773 3117 qui
2786 3062 2848 3100 ea:
2861 3062 2918 3100 eo
2939 3055 3086 3099 natus
3113 3055 3183 3100 est
3205 3045 3246 3116 (l
3261 3043 3474 3107 Joan.v,
3497 3043 3571 3114 1).

2081 3139 2168 3192 it.
2193 3137 2358 3192 Miror
2383 3152 2633 3207 namque,
2663 3136 2999 3192 cliarissime.
3045 3137 3180 3192 Cum
3205 3137 3347 3192 enim
3378 3146 3432 3190 et
3468 3135 3591 3205 Spi-

2007 3227 2166 3283 ritum
2191 3237 2431 3283 sanctum
2459 3227 2526 3283 de
2554 3228 2845 3284 subSIantia
2867 3228 3037 3283 Patris
3065 3242 3185 3284 esse
3200 3227 3406 3294 dicatis,
3436 3227 3478 3281 si
3503 3225 3592 3282 Fi-

2008 3320 2111 3374 lius
2137 3335 2202 3375 ex
2220 3319 2512 3374 substantia
2541 3321 2630 3374 Dei
2661 3320 2830 3374 Patris
2851 3328 2952 3384 est,
2987 3319 3053 3374 de
3080 3319 3369 3374 substantia
3417 3318 3590 3373 Patris

2006 3420 2060 3466 ct
2085 3411 2309 3481 Spiritus
2339 3419 2570 3476 sanctus,
2597 3427 2693 3465 cur
2735 3425 2869 3466 unus
2902 3411 3068 3466 Filius
3111 3417 3214 3474 est,
3237 3418 3292 3465 et
3319 3410 3452 3464 alius
3481 3424 3590 3466 non

2006 3511 2089 3560 est
2113 3503 2289 3558 ﬁlius?
2315 3503 2450 3570 Quid
2481 3503 2630 3559 vobis
2649 3503 2890 3573 deliquit,
2912 3518 3032 3558 cum
3070 3517 3136 3556 ex
3155 3502 3340 3558 eadem
3369 3501 3439 3556 sit
3459 3501 3588 3556 sub-

2005 3595 2219 3661 stantia,
2250 3594 2610 3664 cumaequalis
2637 3593 2706 3648 sit
2732 3593 2884 3656 Filio,
2929 3602 2984 3646 ut
3031 3592 3397 3661 dicis;quare
3443 3590 3588 3646 enim

2005 3702 2112 3744 non
2139 3696 2192 3744 et
2216 3689 2328 3758 ipse
2347 3688 2517 3742 lunres
2533 3688 2770 3742 omnium
2819 3686 3180 3750 constitutus;
3209 3699 3374 3755 quare
3403 3699 3509 3740 non
3533 3693 3588 3740 et

2007 3782 2122 3851 ipse
2148 3781 2284 3836 filius
2311 3781 2333 3834 ?
2360 3795 2526 3850 quare
2552 3795 2657 3834 non
2685 3787 2740 3834 et
2778 3780 2891 3848 ipse
2943 3793 3008 3832 eo
3053 3776 3316 3832 vocabulo
3365 3783 3588 3832 vocatur

2005 3889 2110 3942 quo
2135 3881 2190 3928 et
2214 3873 2475 3938 Christus,
2499 3871 2874 3942 Primogenitus
2911 3871 3074 3924 omnis
3099 3878 3343 3924 creatura:
3367 3869 3564 3939 (Coloss

2005 3981 2044 4032 ι,
2075 3967 2144 4022 15
2173 3965 2232 4038 )?
2278 3967 2382 4019 Aut
2401 3967 2444 4020 si
2465 3965 2700 4036 aequalis,
2728 3963 2836 4033 jam
2861 3977 2964 4016 non
2983 3977 3119 4018 unus
3135 3962 3460 4033 unigenitus,
3492 3961 3588 4018 ha-

2004 4061 2138 4117 bens
2167 4071 2222 4118 et
2265 4063 2489 4118 alterum
2546 4077 2726 4116 secum
2752 4061 3010 4131 genitum,
3041 4069 3094 4114 et
3124 4067 3383 4129 prmterea
3405 4073 3472 4114 ex
3499 4073 3590 4114 ea-

2005 4157 2126 4212 dem
2145 4157 2437 4214 substantia
2491 4157 2684 4220 Patris,
2731 4154 2870 4209 unde
2895 4161 2948 4208 et
2982 4151 3171 4207 Filium
3223 4153 3397 4208 dicitis
3445 4167 3586 4208 esse.

2006 4249 2158 4318 Quod
2183 4249 2394 4320 quidem
2417 4258 2470 4303 et
2494 4249 2694 4302 doloris
2719 4259 2800 4301 est
2827 4246 3033 4301 audire.
3065 4245 3180 4300 Non
3209 4246 3352 4300 enim
3381 4245 3444 4299 ad
3473 4246 3590 4299 ani-

2008 4358 2109 4398 ma:
2135 4343 2510 4411 ingenuitatem
2535 4341 2856 4409 comparatis
2901 4339 3046 4394 illam
3091 4346 3292 4394 tantam
3341 4339 3589 4410 magniﬁ-

2007 4438 2256 4502 centiam,
2311 4435 2402 4491 sed
2433 4434 2499 4488 ad
2539 4434 2876 4505 fragilitatem
2925 4432 3183 4501 corporis.
3237 4431 3313 4486 De
3365 4445 3592 4500 corpore

2006 4529 2190 4598 utique
2239 4528 2474 4581 nascitur
2521 4539 2666 4590 caro,
2729 4523 3020 4593 corporalis
3047 4523 3224 4577 ﬁlius:
3255 4537 3358 4577 non
3408 4532 3587 4578 tamen

2007 4623 2182 4675 anima
2209 4620 2276 4675 de
2300 4620 2472 4674 anima
2505 4619 2760 4673 nascitur.
2792 4617 2847 4672 Si
2897 4631 3024 4687 ergo
3078 4623 3256 4670 nostra
3282 4616 3458 4670 anima
3511 4617 3593 4670 in-

2008 4712 2424 4782 corruptibiliter
2441 4717 2662 4780 generat
2707 4718 2762 4764 et
2789 4708 3202 4778 impassibiliter,
3231 4709 3428 4764 nullam
3469 4722 3592 4762 sen-

2011 4806 2146 4861 tiens
2195 4805 2621 4868 diminutionem,
2679 4818 2782 4856 non
2848 4801 3263 4872 inquinationem
3310 4801 3588 4868 aliquam;

2010 4897 2104 4954 sed
2139 4898 2372 4966 legitime
2421 4895 2712 4952 secundum
2749 4895 2870 4964 jura
2897 4895 3072 4949 divina
3129 4901 3350 4964 generat
3402 4891 3588 4954 lilium,

2010 4987 2267 5059 sapientia
2297 5003 2610 5043 consensum
2631 4984 3064 5042 ‘accommodans
3089 4983 3297 5052 corpori
3325 4983 3434 5053 ipsa
3458 4982 3594 5035 inte-

2009 5097 2102 5152 gra
2123 5090 2300 5135 manet
2333 5099 2345 5135 :
2379 5090 2576 5152 quanto
2602 5081 2768 5150 magis
2818 5079 3152 5148 omnipotens
3187 5077 3324 5131 Deus
3351 5075 3375 5128 ?
3403 5075 3513 5144 jam
3541 5083 3596 5130 et

2011 5175 2170 5243 paulo
2185 5183 2307 5227 ante
2334 5173 2461 5238 dixi,
2483 5173 2549 5227 ad
2572 5187 2728 5242 quem
2763 5172 2936 5227 omnis
2979 5167 3305 5239 comparatio
3361 5168 3593 5220 humana

2011 5267 2183 5332 sileat,
2218 5275 2390 5320 tamen
2421 5273 2478 5318 ut
2502 5265 2736 5318 valemus
2753 5264 2930 5317 dicere
2951 5265 3225 5326 conamur,
3250 5268 3450 5329 quanto
3477 5273 3588 5312 ma-

2012 5359 2090 5428 gis
2117 5359 2258 5413 Deus
2278 5359 2436 5414 Pater
2463 5356 2878 5426 incorruptibilis
2913 5353 3386 5421 incorruptibiliter
3401 5351 3585 5422 genuit

2017 5454 2265 5508 Filium?
2293 5453 2488 5509 Gcnnit
2513 5461 2687 5506 autem
2719 5468 2730 5504 :
2765 5449 3062 5504 cautionem
3103 5461 3274 5502 meam
3307 5457 3448 5513 tene,
3481 5445 3589 5504 uti-

2011 5545 2334 5616 quehabens
2363 5543 2662 5598 testimonia
2693 5549 2991 5596 sanctarum
3032 5538 3424 5608 Scriptttrarum
3457 5555 3469 5591 :
3495 5535 3593 5590 Ge-

2077 5663 2092 5693 ¹
2121 5669 2238 5718 Am.,
2263 5657 2418 5722 ﬁlium
2432 5657 2726 5721 sapientiam.
2745 5663 2949 5722 —t.ov.,
2961 5662 3006 5722 et
3020 5653 3266 5719 sapientia.
3287 5654 3400 5703 vide
3415 5652 3594 5722 librum

2009 5713 2449 5773 secumltmicontt‘a
2467 5713 2786 5778 Maximinum,
2807 5733 2912 5782 cap.
2933 5713 3008 5768 14.
3029 5713 3596 5782 Br.,generatumﬁlium,

2007 5785 2290 5848 sumentium
2313 5795 2556 5848 consensu.
2583 5782 2729 5848 Lugd.
2759 5773 2894 5839 \7'enf,
2924 5773 3119 5844 generat
3133 5773 3292 5844 filium
3312 5773 3596 5841 sapientium

2013 5844 2256 5902 conatuum.
2285 5845 2422 5906 Alias,
2448 5854 2490 5897 et
2528 5844 2808 5910 sapientan
2826 5856 3118 5896 consensum.
3164 5849 3221 5894 It.
3297 5863 3302 5868 -
3387 5899 3392 5906 ,
