4042 6422
495 334 596 394 781

497 454 808 510 iterationem
850 451 961 522 ejus
1004 449 1118 520 quis
1171 446 1426 504 manabit
1467 443 1636 516 (Isai.
1665 457 1778 510 LIII,
1809 441 1888 510 8)
1920 442 1944 496 ’ἰ
1971 441 2076 496 (ἔδει

497 549 610 602 nuit
639 554 699 601 ut
736 545 919 609 voluit,
965 553 1024 598 ut
1061 551 1252 613 potens»
1279 541 1297 572 ί
1320 575 1334 604 ,
1370 538 1502 592 nihil
1545 536 1885 597 subtrahens,
1929 534 2077 588 nulla

501 641 696 694 invidia
718 637 1084 706 intercipiente
1112 642 1384 704 potentem
1420 629 1618 700 genuit.
1652 627 1786 690 Dixi,
1819 627 2083 696 religiosis

499 749 606 788 non
637 734 787 788 decet
816 732 1132 786 calumniam
1155 727 1330 782 facere
1361 742 1375 778 :
1408 739 1508 795 ego
1537 723 1769 778 Verbum
1803 722 1914 785 Dei,
1945 719 2080 774 Ver-

501 828 626 882 lnnn
647 827 738 881 Dei
793 824 1064 895 profiteor,
1112 833 1216 875 non
1269 819 1511 883 mortale,
1563 833 1668 872 non
1711 814 2078 884 corruptibile.

502 922 776 993 Siquidem
817 932 1009 988 corpus
1057 914 1196 986 quod
1235 917 1468 982 suscepit
1515 928 1609 980 pro
1647 912 1820 964 salute
1875 917 2080 974 nostra,

499 1015 692 1068 clamat
717 1011 783 1067 de
811 1010 900 1064 illo
925 1009 1218 1077 Scriptura,
1247 1006 1540 1076 Requiescct
1579 1019 1700 1057 caro
1720 1019 1828 1055 mea
1856 999 1909 1054 in
1947 1017 2038 1070 spe
2064 1013 2082 1062 ;

502 1106 602 1160 hoc
623 1115 723 1168 est,
751 1102 1159 1160 resurrectionis
1179 1115 1272 1170 spe
1301 1117 1312 1152 :
1344 1099 1582 1169 quoniam
1614 1111 1713 1150 non
1763 1095 2082 1165 derelinquas

500 1200 720 1251 animam
740 1211 900 1250 meam
920 1196 972 1248 in
992 1195 1210 1265 inferno,
1234 1206 1392 1261 neque
1407 1189 1551 1243 dabis
1569 1198 1798 1242 sanctum
1839 1197 1981 1239 tuum
2002 1185 2078 1238 via

501 1287 620 1342 dere
660 1285 1071 1355 corruptionem(
1107 1282 1249 1336 Psal.
1271 1296 1359 1344 xv,
1392 1281 1472 1348 9).
1501 1279 1557 1333 Si
1596 1279 1736 1332 enim
1766 1276 1891 1330 illud
1943 1275 2083 1346 quod

500 1388 742 1434 sanctum
766 1386 1008 1432 vocatum
1050 1384 1134 1430 est
1177 1374 1339 1428 Filius
1389 1372 1503 1432 Dei,
1544 1371 1939 1439 corruptionem
1981 1383 2084 1421 non

503 1471 648 1534 vidit,
688 1472 807 1540 quia
858 1469 1015 1523 tertio
1042 1468 1223 1538 utique
1275 1465 1361 1520 die
1415 1462 1703 1518 resurrexit
1733 1476 1760 1515 a
1823 1460 2082 1524 mortuis;

502 1571 702 1632 quanto
730 1562 896 1631 magis
917 1560 1184 1624 divinitas,
1215 1573 1331 1628 quin
1365 1557 1599 1625 suscepit
1625 1569 1820 1625 corpus
1842 1555 2086 1607 incomta

503 1657 703 1726 ptibilis
754 1655 1115 1710 manet?Cur
1167 1653 1300 1709 dicis
1348 1651 1488 1722 quod
1537 1665 1640 1704 non
1681 1649 1978 1716 intelligis?
2029 1647 2086 1701 Si

503 1763 612 1803 non
637 1748 728 1802 tibi
755 1747 820 1803 ad
863 1747 1040 1801 omnia
1092 1759 1408 1813 responsum
1457 1741 1678 1807 dedero,
1733 1740 1926 1795 merito
1972 1739 2088 1794 sine

503 1843 771 1896 intellectu
807 1855 925 1896 esse
948 1839 1228 1909 judicabor
1257 1857 1270 1891 :
1299 1837 1648 1907 siqnominus
1675 1843 1848 1888 tamen
1881 1849 1984 1887 non
2004 1837 2087 1888 est

501 1933 774 2001 religionis
804 1931 1014 1999 injuriis
1043 1939 1310 2001 appetere.
1338 1929 1452 1998 Ego
1483 1928 1624 1982 enim
1656 1940 1759 1980 non
1797 1925 1968 1979 solum
1998 1923 2086 1978 Fi-

505 2025 556 2078 lii
586 2024 676 2079 Dei
709 2023 1020 2092 sapientiam
1050 2020 1402 2075 immortalem
1428 2034 1546 2074 esse
1574 2031 1777 2079 assero,
1809 2015 1904 2070 sed
1929 2015 2086 2069 etiam

501 2114 858 2183 comprobabn
878 2111 1018 2184 quod
1042 2121 1094 2167 et
1120 2121 1425 2166 sanctorum
1453 2110 1547 2164 Dei
1577 2108 1834 2178 sapientia
1872 2108 2091 2161 immor-

502 2207 618 2260 talis
646 2207 732 2260 sit.
777 2205 906 2258 Nam
934 2205 977 2259 si
1007 2213 1061 2259 et
1083 2204 1202 2274 ipsi,
1256 2203 1356 2257 hoc
1381 2210 1482 2266 est,
1526 2216 1711 2255 eorum
1763 2213 1991 2268 corpora
2021 2195 2088 2251 ad

503 2298 954 2352 immortalitatem
1005 2306 1372 2360 revocantur;
1423 2301 1622 2364 quanto
1678 2291 1846 2360 magis
1901 2303 2088 2343 eorum

501 2391 618 2443 viva
651 2391 735 2442 illa
752 2389 1037 2459 sapientia,
1086 2401 1206 2459 qtue
1246 2401 1415 2455 usque
1464 2384 1529 2438 ad
1573 2381 2088 2438 consummationem

501 2482 680 2535 sweuii
709 2482 760 2535 in
807 2481 1056 2536 omnibus
1085 2479 1424 2535 credentibus
1454 2477 1625 2538 ﬂoret,
1657 2475 1840 2544 utique
1869 2475 2089 2528 immoré

505 2574 624 2627 talis
681 2574 909 2628 manet?
967 2573 1115 2628 Licet
1171 2573 1223 2626 in
1295 2571 1594 2641 prolixitate
1647 2567 1910 2622 sermonis
1956 2580 2093 2636 prae-

500 2667 819 2720 termiserim
877 2665 946 2721 de
995 2664 1393 2719 immortalitate
1451 2661 1833 2731 omnipotentis
1864 2659 1996 2723 Dei,
2025 2657 2090 2713 de

501 2771 566 2809 en
603 2757 743 2827 quod
783 2756 915 2812 dixit
944 2758 1131 2812 beatus
1200 2755 1474 2824 apostolus
1516 2753 1715 2808 Paulus
1743 2794 1756 2818 ,
1813 2751 1911 2817 Qui
1955 2751 2092 2806 solus

503 2851 646 2904 habet
689 2852 1118 2904 immortalitatem
1151 2849 1168 2920 (
1201 2848 1218 2900 Ι
1259 2847 1390 2900 Tim.
1439 2863 1511 2910 vt,
1535 2847 1600 2900 16
1631 2844 1651 2917 )
1682 2864 1696 2902 :
1725 2853 1957 2899 attamen
2002 2858 2089 2899 re-

504 2940 710 3011 plicabo
753 2949 993 3006 textum;
1038 2939 1334 3008 subsequar
1387 2945 1563 2991 autem
1596 2945 1647 2990 et
1693 2935 2090 3001 interpretatio-

505 3047 622 3086 nem
653 3033 761 3085 Deo
792 3031 999 3086 favente
1025 3040 1078 3085 et
1095 3029 1328 3085 donante
1368 3029 1613 3097 gratiam.
1645 3025 1732 3081 Sic
1771 3025 1913 3078 enim
1944 3025 2091 3080 solus

505 3123 949 3176 inmortalitatem
967 3121 1165 3176 habere
1188 3120 1526 3184 describitur,
1558 3119 1693 3173 sicut
1721 3129 1772 3173 et
1819 3117 1966 3171 solus
1995 3129 2090 3185 po-

506 3224 643 3280 tens,
676 3214 828 3280 sicuti
849 3222 902 3268 et
926 3214 1072 3268 solus
1109 3213 1341 3282 sapiens.
1369 3211 1500 3278 Quis
1526 3219 1700 3264 autem
1738 3208 2090 3279 spiritualium

507 3304 779 3358 hominum
818 3305 1044 3374 ignorat,
1096 3303 1214 3373 quia
1274 3304 1447 3356 anima
1500 3303 1728 3356 humana
1778 3301 2092 3356 immortalis

507 3398 627 3450 est?
657 3396 921 3451 Praeterea
955 3409 1074 3449 cum
1101 3394 1392 3450 Saivatoris
1418 3395 1488 3448 sit
1525 3393 1809 3459 sententia,
1840 3393 2086 3458 dicentis,

508 3489 683 3544 Nolite
713 3490 888 3543 timere
921 3504 1004 3542 eos
1041 3489 1127 3560 qui
1155 3488 1389 3542 occidunt
1412 3503 1618 3558 corpus,
1650 3487 1874 3539 quintam
1923 3495 2092 3539 autem

506 3599 605 3638 non
632 3590 840 3654 possunt
877 3581 1104 3636 occidere
1126 3580 1146 3652 (
1168 3579 1354 3634 Matth.
1379 3595 1432 3645 x,
1463 3579 1533 3634 28
1556 3579 1596 3650 ),
1622 3588 1679 3632 nt
1710 3579 2086 3634 immortalem.

506 3675 636 3730 Cum
667 3687 794 3744 ergo
821 3674 995 3728 anima
1022 3674 1091 3727 sit
1116 3672 1454 3738 immortalis,
1507 3672 1674 3725 multo
1714 3671 1883 3740 magis
1902 3685 2093 3727 omnes

506 3769 751 3823 cmlestes
784 3764 1346 3819 virtutesimmortales
1377 3777 1496 3817 esse
1543 3763 1922 3831 conspicimus.
1959 3761 2092 3817 Nam

506 3874 628 3914 cum
646 3858 786 3912 dicat
811 3856 1074 3922 Salvator,
1103 3856 1200 3921 Qui
1221 3855 1425 3909 verbum
1447 3869 1610 3909 meum
1627 3855 1861 3921 custodit,
1885 3865 2093 3908 mortem

507 3959 610 4006 non
639 3947 818 4004 videbit
847 3951 900 4003 in
920 3958 1160 4003 internum
1183 3947 1359 4018 (Joan.
1409 3963 1520 4012 Vill,
1551 3948 1665 4016 51).
1701 3949 1763 4001 lit
1784 3948 1827 4001 si
1856 3948 1941 4016 qui
1970 3963 2093 4003 ver-

509 4044 636 4099 bum
662 4042 857 4096 Christi
883 4041 1134 4105 custodit,
1155 4049 1365 4093 mortem
1392 4056 1492 4094 non
1519 4039 1703 4093 videbit
1732 4041 1784 4093 in
1805 4049 2050 4094 aeternum
2073 4047 2093 4103 ,τ

510 4142 709 4203 quanto
742 4133 909 4202 magis
947 4131 1038 4185 ille
1066 4131 1357 4186 secundum
1400 4130 1691 4184 divinitatis
1738 4146 1847 4184 sum
1896 4141 2090 4199 poten-

511 4227 638 4281 tiam
667 4224 980 4279 immortalis
1005 4231 1106 4290 est,
1130 4222 1278 4292 cujus
1300 4231 1500 4276 tantam
1527 4222 1630 4275 vim
1652 4222 1810 4275 habet
1836 4222 2095 4276 verbum?

512 4318 568 4374 ln
592 4334 656 4373 eo
700 4327 876 4372 autem
909 4315 1051 4386 quod
1086 4315 1252 4382 dicit,
1293 4314 1392 4381 Qui
1436 4314 1572 4369 solus
1618 4313 1764 4367 habet
1799 4315 2097 4369 immortali-

513 4420 708 4481 tatem;
771 4410 880 4480 jam
933 4407 1261 4463 reddidimus
1305 4408 1584 4463 rationem.
1643 4407 1813 4462 Habet
1881 4407 2094 4477 quidem
2135 4431 2142 4438 ν

513 4503 678 4558 Filius
705 4500 1176 4566 immortalitatem,
1211 4499 1304 4555 sed
1331 4500 1642 4570 accipiensa
1679 4499 1855 4554 Patre.
1891 4499 2096 4556 Habent

511 4606 568 4654 et
595 4609 781 4651 omnes
805 4595 1028 4650 virtutes
1063 4593 1308 4650 cmiestes
1337 4593 1788 4648 immortalitatem
1806 4635 1820 4661 ,
1868 4592 1963 4648 sed
1992 4608 2088 4648 ac-

512 4691 770 4760 cipientes
796 4703 890 4758 per
914 4686 1108 4742 Filium
1130 4727 1144 4754 ,
1171 4687 1290 4756 quia
1322 4685 1498 4740 omnia
1531 4701 1627 4756 per
1653 4687 1800 4742 illum
1826 4695 1965 4740 sunt.
1995 4687 2096 4741 Pa-

513 4792 595 4839 ter
615 4791 791 4837 autem
814 4797 939 4836 vere
965 4781 1118 4836 solus
1137 4779 1295 4834 habet
1321 4779 1788 4846 immortalitatem,
1820 4779 1906 4849 qui
1927 4780 2091 4848 ipsam

517 4875 970 4930 immortalitatem
986 4873 1199 4927 aliunde
1226 4888 1330 4926 non
1357 4880 1438 4926 est
1464 4881 1800 4934 consecutus,
1826 4871 1914 4940 qui
1943 4871 2093 4940 geni-

515 4976 686 5022 torem
716 4981 821 5020 non
850 4966 1041 5030 habet,
1065 4965 1151 5034 qui
1176 4965 1434 5034 originem
1467 4979 1571 5019 non
1600 4963 1778 5018 habet.
1813 4963 1977 5019 Filius
2002 4980 2096 5019 att-

516 5069 645 5126 tcm,
674 5069 732 5114 ut
757 5060 870 5130 ipse
890 5066 1204 5129 prosecutus
1229 5071 1307 5122 es,
1337 5055 1478 5124 quod
1499 5072 1560 5109 ex
1594 5055 1750 5110 Patre
1779 5057 1846 5109 sit
1865 5057 2092 5124 genitus.

515 5153 724 5223 Saepius
753 5151 1013 5222 aequalem
1039 5148 1232 5204 Filium
1259 5147 1456 5202 asseris
1481 5147 1622 5201 Patri
1655 5165 1665 5200 :
1697 5162 1818 5203 cum
1841 5147 1954 5218 ipse
1976 5149 2096 5202 uni.

517 5245 726 5314 genitus
757 5243 896 5296 Deus
921 5255 1134 5310 semper
1159 5248 1210 5294 et
1252 5239 1304 5292 in
1344 5238 1591 5292 omnibus
1640 5247 1909 5294 auctorem
1942 5255 2096 5295 suum

520 5335 772 5406 prtedicet
787 5335 995 5387 Patrem
1022 5348 1086 5400 ,a
1104 5347 1230 5402 quo,
1249 5339 1305 5385 ut
1326 5329 1482 5400 paulo
1500 5338 1621 5384 ante
1636 5329 1766 5396 dixi,
1786 5338 1841 5385 et
1857 5331 2018 5385 vitam
2039 5346 2100 5388 se

519 5435 861 5480 consecutum
899 5423 1002 5479 hoc
1031 5423 1191 5478 modo
1233 5420 1505 5494 professus
1550 5429 1662 5486 est,
1708 5421 1926 5488 dicens,
1957 5421 2101 5478 Sicut

528 5517 685 5572 Pater
711 5517 854 5570 habet
880 5518 1034 5570 vitam
1060 5517 1114 5569 in
1139 5515 1403 5585 semetipso
1422 5555 1438 5579 ,
1461 5515 1533 5568 sic
1555 5513 1690 5568 dedit
1718 5523 1762 5568 et
1784 5513 1922 5569 Filio
1949 5515 2102 5568 vitam

527 5611 710 5667 habere
758 5610 811 5662 in
850 5609 1112 5678 semetipso
1147 5606 1276 5679 (Id.
1304 5623 1359 5672 v,
1385 5606 1498 5677 26).
1532 5605 1740 5663 Intuere
1771 5607 1948 5678 igitur,
1973 5623 2104 5677 quo-

518 5817 520 5819 }
579 5746 795 5861 :uzlures
811 5751 939 5806 uss,
963 5739 1174 5795 tioiul'tttt
1207 5746 1368 5808 potens
1394 5753 1411 5793 :
1435 5742 1680 5805 sentinam
1712 5741 1898 5793 scilicet
1935 5742 2102 5806 verbo,

520 5821 578 5861 υο
670 5845 684 5861 .

520 5821 662 5867 υοιιηι
670 5845 684 5861 .

1729 321 1788 384 S.
1828 315 2198 383 Αυαυδτιᾱι
2236 321 2539 386 EPISCOPI

3658 333 3760 398 132

2189 442 2327 497 niam
2349 452 2403 499 et
2427 445 2875 506 immortalitatem
2899 458 2955 507 et
2978 451 3526 526 ineorruptibilitatem
3550 465 3604 514 et
3625 460 3765 517 inac-

2188 535 2581 592 cessibilitatem
2624 541 2807 611 utique
2833 557 2864 597 a
2895 537 3052 600 Patre
3080 559 3200 600 eum
3231 547 3336 600 vita
3355 550 3579 619 accepit.
3610 549 3767 607 Pater

2187 635 2364 680 autem
2388 629 2544 684 habet
2575 629 2626 683 in
2653 645 2712 687 se
2742 634 2924 699 vitam,
2959 647 3064 690 non
3085 637 3151 692 ab
3179 637 3356 708 aliquo
3376 639 3641 710 accipiens
3671 659 3684 696 :
3716 649 3770 697 et

2189 714 2312 768 ideo
2359 733 2484 773 vere
2537 719 2711 776 beatus
2752 733 2800 777 et
2849 727 2987 780 solus
3036 736 3229 796 potens.
3268 728 3397 796 Quis
3425 732 3770 802 semetipsum

2187 810 2460 864 exinanita“
2491 811 2746 885 (Philipp.
2781 831 2839 880 ιι,
2869 817 2922 886 7)
2947 816 2972 870 ?
3000 815 3160 874 Pater
3179 832 3265 874 aut
3294 819 3503 877 Filius?
3533 823 3660 890 Quis
3682 824 3768 878 cui

2189 912 2285 969 per
2332 903 2688 961 obedientiam
2740 903 3006 964 festinavit
3053 911 3285 981 placere,
3327 929 3487 984 quam
3541 917 3628 985 qui
3677 915 3767 971 di-

2187 992 2339 1046 cebat
2369 1011 2382 1047 :
2411 993 2518 1065 Ego
2547 1011 2660 1066 quae
2689 999 2874 1068 placita
2925 1011 3044 1056 sunt
3097 1004 3144 1057 ei
3174 1004 3310 1074 facio
3353 1021 3550 1077 semper
3581 1006 3761 1080 (Joan.

2187 1096 2298 1147 vm,
2338 1084 2623 1154 29)?Quis
2668 1098 2747 1143 est
2777 1091 2876 1145 iste
2917 1093 3006 1160 qui
3046 1093 3112 1148 ad
3157 1107 3558 1152 monumentum
3585 1098 3772 1155 Lazari

2188 1177 2407 1230 veniens
2436 1177 2647 1235 dicebat
2675 1200 2686 1236 :
2715 1181 2889 1251 Pater,
2922 1186 3110 1256 gratias
3143 1203 3240 1259 ago
3271 1189 3378 1256 tibi,
3409 1193 3648 1261 quoniam
3677 1209 3772 1246 an-

2189 1264 2306 1318 disti
2347 1279 2535 1332 me;et
2561 1287 2652 1342 ego
2683 1274 2899 1328 sciebam
2935 1278 3054 1342 quia
3100 1295 3296 1349 semper
3341 1298 3421 1335 me
3465 1285 3636 1350 audis,
3686 1285 3775 1338 sed

2192 1365 2398 1427 prapter
2413 1374 2498 1412 eos
2519 1362 2604 1430 qui
2628 1362 2974 1432 circumstant,
3008 1365 3137 1433 dixi,
3168 1379 3222 1422 ut
3251 1372 3458 1425 credant
3481 1374 3600 1442 quia
3623 1385 3676 1427 tu
3700 1392 3776 1429 me

2189 1448 2371 1502 misisti
2399 1449 2506 1520 (Id.
2537 1468 2609 1518 xi,
2639 1454 2724 1518 41,
2750 1456 3033 1526 ημρυίε
3067 1461 3250 1530 utique
3274 1463 3372 1516 iste
3400 1472 3514 1527 est,
3546 1466 3776 1534 quicum

2189 1540 2317 1594 caeci
2341 1542 2446 1594 nati
2476 1543 2658 1599 oculos
2685 1546 2936 1617 figuraret
2957 1592 2970 1614 ,
3002 1551 3299 1607 dicentibus
3321 1556 3622 1626 discipulis,
3650 1559 3776 1624 Quis

2191 1635 2430 1702 peccavit,
2467 1635 2548 1688 hic
2595 1646 2684 1690 aut
2727 1650 2958 1708 parentes
3006 1645 3133 1713 ejus,
3177 1655 3232 1699 ut
3258 1663 3421 1703 caecus
3446 1651 3777 1704 nasceretur?

2193 1725 2467 1792 respondit
2492 1768 2504 1790 ,
2559 1726 2738 1798 Neque
2781 1732 2863 1785 hic
2891 1735 3144 1803 peccavit,
3178 1752 3334 1809 neque
3372 1750 3602 1808 parentes
3627 1743 3780 1812 ejus;

2191 1815 2278 1866 sed
2300 1825 2353 1868 ut
2387 1818 2770 1887 munifcstentur
2792 1837 2946 1892 opera
2977 1823 3070 1878 Dei
3093 1826 3146 1878 in
3165 1827 3257 1881 illo
3285 1843 3303 1882 .'
3332 1845 3410 1882 me
3437 1840 3632 1898 Oportet
3653 1850 3777 1901 ope-

2190 1907 2298 1959 rari
2326 1923 2478 1978 opera
2507 1911 2618 1978 ejus
2653 1913 2740 1982 qui
2776 1929 2856 1967 me
2909 1916 3048 1968 misit
3091 1915 3200 1986 (Id.
3234 1933 3307 1984 ιι,
3356 1919 3519 1991 2-4)ἳ
3549 1922 3656 1976 Iste
3698 1929 3779 1978 est

2192 1998 2372 2067 utique
2395 1998 2559 2055 Filius
2588 2002 2934 2060 eharissimus
2973 2007 3152 2075 Patri,
3181 2010 3271 2079 qui
3309 2019 3365 2065 et
3388 2013 3654 2081 accipiens
3680 1992 3779 2084 pa?

2191 2107 2304 2155 nes,
2338 2107 2442 2146 non
2472 2094 2614 2162 prius
2637 2094 2813 2167 fregit,
2839 2098 2934 2153 sed
2963 2101 3108 2168 prius
3138 2101 3191 2155 in
3222 2103 3412 2158 coelum
3438 2106 3695 2175 respexit,
3729 2114 3779 2161 et

2191 2183 2386 2252 gratias
2416 2186 2523 2255 egit
2569 2202 2666 2241 suo
2712 2190 2960 2258 genitori,
3013 2199 3066 2245 et
3113 2193 3191 2248 sic
3221 2193 3375 2264 fregit
3404 2205 3458 2249 et
3486 2196 3772 2251 distribuit.

2193 2272 2282 2328 Sic
2331 2276 2510 2346 utique
2549 2286 2602 2331 et
2639 2279 2689 2332 in
2718 2279 2829 2349 ipsa
2874 2283 3139 2349 passione,
3173 2283 3281 2337 imo
3309 2287 3475 2355 magis
3505 2287 3776 2356 proximus

2191 2366 2448 2434 passioni,
2479 2376 2535 2421 ut
2561 2368 2719 2424 refert
2750 2372 3073 2442 evangelista
3101 2373 3310 2444 (Matth.
3339 2391 3484 2439 xxvi,
3514 2377 3600 2446 26)
3634 2395 3646 2430 :
3678 2378 3778 2432 Et-

2193 2458 2334 2512 enim
2365 2459 2612 2516 Domimts
2638 2461 2791 2517 Iesus
2833 2465 2886 2518 in
2912 2481 2970 2518 ea
3000 2477 3143 2520 nocte
3165 2484 3266 2537 qua
3290 2469 3599 2535 tradebatur,
3629 2487 3780 2526 acce-

2194 2551 2267 2620 pit
2297 2567 2494 2626 pauem,
2535 2564 2581 2607 et
2618 2557 2806 2626 gratias
2829 2573 2982 2628 agens
3014 2561 3162 2631 fregit
3196 2559 3237 2631 (Ι
3273 2559 3390 2615 Cor.
3420 2577 3494 2627 ιι,
3527 2561 3618 2628 23,
3654 2562 3775 2632 9.4).

2195 2640 2291 2697 llic
2329 2655 2410 2697 est
2438 2644 2622 2709 Filius,
2655 2657 2711 2699 ut
2745 2647 2854 2716 jam
2879 2663 2986 2702 non
3007 2650 3295 2705 obtundam
3336 2651 3637 2721 eloquentia
3666 2668 3779 2708 ser-

2196 2739 2370 2791 monis
2415 2739 2498 2793 vei
2547 2740 2694 2809 copia
2725 2742 3146 2797 testimoniorum
3173 2744 3449 2814 proferens
3480 2745 3712 2814 plurima
3733 2747 3770 2812 ¹,

2193 2829 2286 2883 sed
2313 2845 2408 2900 per
2451 2832 2823 2900 compendium
2874 2834 3050 2888 finiam
3073 2877 3088 2900 ,
3122 2836 3213 2905 qui
3242 2851 3407 2906 usque
3457 2836 3522 2891 ad
3545 2838 3778 2907 passeris

2194 2933 2420 2977 mortem
2449 2925 2565 2981 sine
2597 2925 2944 2994 permissioue
2972 2928 3143 2982 Patris
3172 2926 3302 2982 nihil
3334 2930 3467 2996 fieri,
3499 2930 3599 2984 hoc
3621 2930 3783 2985 modo

2193 3016 2527 3086 przedicavit,
2552 3018 2736 3072 dicens
2770 3037 2782 3073 :
2814 3018 3002 3074 Nonne
3020 3021 3121 3074 duo
3138 3037 3363 3092 passeres
3390 3038 3506 3078 asse
3531 3033 3782 3089 veneunt;

2193 3116 2238 3162 ei
2265 3125 2396 3162 unus
2423 3124 2486 3162 ex
2514 3109 2619 3164 illis
2655 3126 2755 3164 non
2783 3109 2927 3165 cadet
2949 3112 3002 3165 in
3034 3122 3218 3166 terram
3249 3113 3358 3166 sine
3383 3114 3642 3168 voluntate
3672 3112 3780 3168 Pa-

2195 3201 2286 3254 tris
2325 3199 2532 3270 (Matth.
2566 3215 2619 3262 ιι,
2648 3203 2778 3274 29)?
2827 3203 2923 3258 Hic
2967 3217 3104 3259 sane
3137 3215 3193 3260 et
3230 3204 3300 3260 de
3342 3219 3436 3260 sua
3483 3211 3776 3276 potestate,

2193 3306 2351 3361 quam
2383 3293 2586 3362 accepit
2615 3307 2644 3347 a
2673 3293 2848 3362 Patre,
2878 3295 3087 3350 diccbat
3119 3314 3131 3349 :
3169 3295 3478 3351 Potestatem
3508 3297 3671 3352 habeo
3697 3314 3780 3370 po-

2194 3385 2346 3438 nendi
2393 3386 2612 3438 animam
2656 3401 2850 3456 meam,
2883 3396 2930 3442 et
2961 3398 3252 3458 potestatem
3300 3389 3456 3443 habeo
3483 3391 3664 3443 iterum
3687 3406 3778 3444 su-

2195 3477 2362 3530 mendi
2386 3489 2514 3531 eam.
2547 3477 2662 3531 Hoc
2683 3480 2814 3532 enim
2841 3490 3147 3550 praeceptum
3186 3481 3362 3551 accepi
3399 3499 3431 3534 a
3474 3481 3628 3535 Putre
3667 3497 3777 3536 meo

2196 3567 2373 3641 (loau.
2404 3588 2457 3638 x,
2490 3571 2598 3643 18).
2653 3571 2709 3629 Si
2761 3573 2830 3627 ita
2872 3573 3111 3628 referunt
3161 3574 3448 3645 Evangelia
3475 3616 3488 3642 ,
3533 3583 3781 3630 teneatur

2195 3663 2336 3734 quod
2383 3665 2644 3735 legimus:
2677 3667 2720 3721 si
2750 3668 3035 3737 quominus
3067 3667 3209 3722 aliud
3241 3668 3442 3738 aliquid
3490 3669 3626 3724 forte
3647 3711 3662 3736 ,
3692 3675 3781 3723 aut

2195 3766 2253 3811 ut
2272 3757 2559 3813 obliviosus
2587 3759 2759 3814 minus
2776 3759 2907 3827 dixi,
2933 3760 3315 3831 reprehendar.
3348 3761 3457 3816 Nec
3484 3762 3629 3816 enim
3665 3762 3782 3816 talis

2194 3867 2333 3913 sum,
2362 3862 2418 3905 ut
2459 3851 2886 3908 emendationem
2917 3869 3022 3908 non
3052 3854 3328 3924 accipiam.
3363 3854 3629 3910 Praeterea
3661 3868 3780 3910 cum

2197 3946 2500 4011 episcopum
2546 3945 2823 4014 praecipiat
2861 3944 3046 3999 beatus
3088 3946 3361 4014 apostolus
3401 3945 3594 3999 Paulus
3629 3945 3774 4002 doci-

2196 4035 2354 4089 bilem
2386 4049 2502 4090 esse
2526 4029 2567 4106 (i
2597 4035 2726 4092 Tini.
2749 4051 2824 4104 ιιι,
2851 4035 2906 4105 2)
2931 4053 2944 4102 ;
2979 4037 3064 4091 ille
3085 4043 3165 4091 est
3193 4046 3370 4092 autem
3396 4035 3666 4104 docibilis,
3692 4036 3783 4107 qui

2197 4126 2434 4197 quotidie
2483 4138 2535 4182 ct
2578 4129 2734 4183 discit
2775 4137 2828 4184 et
2857 4129 3065 4198 proiicit
3103 4130 3346 4186 docendo
3373 4130 3592 4186 meliora
3625 4148 3642 4186 :
3677 4147 3782 4185 non

2197 4221 2499 4290 respuimus
2523 4263 2536 4285 ,
2570 4221 2614 4275 si
2645 4220 2770 4291 quid
2816 4222 3007 4277 melius
3040 4222 3238 4278 dictum
3268 4223 3457 4290 fuerit;
3505 4223 3568 4278 ad
3601 4225 3781 4276 omnia

2199 4325 2379 4368 sumus
2407 4313 2596 4382 parati,
2629 4313 2869 4384 quamvis
2909 4313 3116 4383 injuriis
3161 4316 3475 4370 aiiiciamur.
3503 4314 3782 4368 Verumta-

2198 4415 2316 4460 men
2345 4415 2402 4460 ut
2432 4419 2536 4460 non
2568 4405 2906 4476 obstrepatur
2931 4407 3165 4473 veritati,
3203 4423 3309 4462 non
3339 4420 3571 4462 nostram
3601 4407 3786 4478 queri-

2198 4498 2602 4567 murinjuriam,
2628 4498 2720 4553 sed
2753 4499 2844 4553 Dei
2876 4499 3096 4569 gloriam
3126 4499 3496 4570 prmdiCamus.
3589 4525 3597 4532 -

2271 4591 2356 4646 15.
2388 4591 2601 4644 Certum
2643 4598 2724 4645 est
2778 4589 2918 4661 quod
2970 4591 3044 4645 ait
3083 4591 3370 4662 Apostolus
3396 4635 3410 4656 ,
3463 4591 3708 4658 Quicum
3739 4591 3789 4645 in

2197 4680 2363 4750 forma
2388 4677 2484 4734 Dci
2509 4687 2652 4735 esset.
2680 4681 2805 4749 Quis
2828 4681 2969 4736 enim
3001 4687 3156 4753 negat
3184 4681 3372 4737 Filium
3398 4698 3515 4739 esse
3539 4683 3589 4738 in
3616 4684 3792 4739 forma

2200 4771 2293 4826 Dei
2311 4771 2332 4824 ?
2348 4771 2499 4840 Quod
2530 4772 2671 4825 enim
2701 4773 2769 4825 sit
2795 4772 2934 4826 Deus
2955 4813 2970 4839 ,
2996 4773 3137 4842 quod
3156 4774 3224 4828 sit
3239 4771 3522 4840 Dominus,
3544 4775 3694 4844 quod
3727 4775 3794 4829 sit

2198 4865 2342 4931 Rex,
2369 4867 2477 4933 jam
2507 4873 2632 4934 puto
2661 4864 2816 4918 latius
2858 4867 3219 4935 exposuimus.
3261 4865 3329 4921 Et
3355 4867 3474 4936 quia
3502 4882 3605 4920 non
3647 4869 3795 4938 rapi-

2201 4973 2316 5011 nam
2345 4957 2616 5010 arbitrutns
2645 4966 2716 5010 est
2741 4973 2847 5012 csse
2865 4973 2918 5011 se
2937 4959 3180 5031 azqualem
3196 4956 3323 5027 Deo,
3352 4957 3452 5014 hoc
3478 4973 3576 5013 nos
3598 4959 3795 5015 beatus

2201 5049 2470 5119 apostolus
2501 5048 2693 5104 Paulus
2721 5050 2952 5117 instruit,
3003 5050 3144 5120 quod
3173 5051 3267 5106 ille
3311 5066 3418 5106 non
3462 5051 3662 5121 rapuit,
3697 5065 3798 5107 nec

2201 5155 2298 5196 nos
2327 5141 2595 5206 dicimus;
2638 5141 2732 5197 sed
2758 5143 2880 5212 quia
2921 5142 3190 5197 exinaniuit
3218 5143 3564 5212 semetipsum,
3616 5149 3793 5215 factus

2203 5232 2434 5287 obcdicns
2465 5232 2605 5286 Patri
2635 5247 2790 5303 usque
2817 5232 2884 5285 ad
2925 5242 3135 5287 mortem
3153 5275 3167 5301 ,
3196 5243 3405 5288 mortem
3431 5243 3598 5288 autem
3630 5236 3801 5290 crucis

2208 5315 2556 5398 (Pliilippfu,
2583 5325 2727 5397 6-8),
2756 5327 2880 5380 totis
2907 5325 3110 5380 viribus
3141 5326 3508 5396 prtedicamus.
3529 5325 3640 5382 Nos
3667 5327 3802 5383 dicti

2205 5434 2388 5475 sumus
2411 5419 2500 5473 lilii
2531 5419 2725 5490 gratia,
2750 5434 2855 5474 non
2889 5429 3074 5474 natura
3104 5417 3208 5475 hoc
3231 5420 3339 5476 nati
3363 5438 3378 5476 :
3405 5420 3525 5476 ideo
3550 5421 3806 5491 unigeni-

2270 5553 2286 5585 ί
2321 5553 2394 5601 sic
2414 5551 2597 5623 aliquot
2630 5549 2847 5623 Mss._Ali_i
2872 5563 3003 5623 vero_
3013 5551 3226 5623 quidam,
3250 5558 3302 5623 nt
3333 5551 3485 5623 stricti
3504 5564 3596 5602 non
3619 5551 3801 5623 obtun-

2208 5615 2402 5665 dam...
2425 5612 2670 5676 preferena
2707 5612 2934 5676 plurima.
2976 5612 3218 5676 Editionea
3241 5622 3342 5662 Am.
3369 5621 3553 5676 αξη,
3587 5622 3646 5664 ut
3688 5630 3805 5665 san-

2207 5685 2336 5728 ctum
2356 5673 2447 5725 non
2471 5673 2732 5739 obtundam
2753 5673 3094 5739 eloquentia...
3122 5676 3368 5739 proferens
3400 5674 3628 5739 plurium.
3671 5683 3805 5737 ιον,

2208 5749 2258 5789 ut
2267 5738 2376 5802 jam
2398 5750 2488 5786 non
2511 5736 2568 5786 ob
2585 5744 2764 5802 tantam
2788 5735 3102 5802 elaquenttam
3117 5735 3447 5800 scrutatis,ch
3465 5736 3660 5802 copiam
3675 5735 3810 5790 testi-

2211 5797 2477 5855 moniorum
2499 5800 2743 5863 proferam
2763 5797 2989 5871 plurium.
