  <div class='ocr_page' id='page_1' title='image "/cluster/home/n/w/nwhite01/storage/ocr_20150623/42/hvd.32044015471493/372.png"; bbox 0 0 4084 6436; ppageno 0'>
   <div class='ocr_carea' id='block_1_1' title="bbox 263 318 371 374">
    <p class='ocr_par' dir='ltr' id='par_1_1' title="bbox 263 318 371 374">
     <span class='ocr_line' id='line_1_1' title="bbox 263 318 371 374; baseline 0.019 -2"><span class='ocrx_word' id='word_1_1' title='bbox 263 318 371 374; x_wconf 74' lang='lat'><strong>753</strong></span> 
     </span>
    </p>
   </div>
   <div class='ocr_carea' id='block_1_2' title="bbox 267 420 1852 495">
    <p class='ocr_par' dir='ltr' id='par_1_2' title="bbox 267 420 1852 495">
     <span class='ocr_line' id='line_1_2' title="bbox 267 420 1852 495; baseline -0.004 -11"><span class='ocrx_word' id='word_1_2' title='bbox 267 438 351 484; x_wconf 88' lang='lat' dir='ltr'><strong>tus</strong></span> <span class='ocrx_word' id='word_1_3' title='bbox 366 432 449 481; x_wconf 91' lang='lat' dir='ltr'><strong>est</strong></span> <span class='ocrx_word' id='word_1_4' title='bbox 470 424 654 492; x_wconf 72' lang='lat' dir='ltr'><strong>Filius,</strong></span> <span class='ocrx_word' id='word_1_5' title='bbox 676 421 796 495; x_wconf 85' lang='lat' dir='ltr'><strong>quia</strong></span> <span class='ocrx_word' id='word_1_6' title='bbox 825 421 967 495; x_wconf 90' lang='lat' dir='ltr'><strong>quod</strong></span> <span class='ocrx_word' id='word_1_7' title='bbox 987 431 1070 479; x_wconf 90' lang='lat' dir='ltr'><strong>est</strong></span> <span class='ocrx_word' id='word_1_8' title='bbox 1099 422 1389 479; x_wconf 91' lang='lat' dir='ltr'><strong>secundum</strong></span> <span class='ocrx_word' id='word_1_9' title='bbox 1416 420 1704 477; x_wconf 75' lang='lat' dir='ltr'><strong>divinitatis</strong></span> <span class='ocrx_word' id='word_1_10' title='bbox 1741 435 1852 477; x_wconf 79' lang='lat' dir='ltr'><strong>sua:</strong></span> 
     </span>
    </p>
   </div>
   <div class='ocr_carea' id='block_1_3' title="bbox 262 510 1854 583">
    <p class='ocr_par' dir='ltr' id='par_1_3' title="bbox 262 510 1854 583">
     <span class='ocr_line' id='line_1_3' title="bbox 262 510 1854 583; baseline -0.004 -10"><span class='ocrx_word' id='word_1_11' title='bbox 262 529 511 573; x_wconf 87' lang='lat' dir='ltr'><strong>naturam</strong></span> <span class='ocrx_word' id='word_1_12' title='bbox 535 559 549 580; x_wconf 90' lang='lat'><strong>,</strong></span> <span class='ocrx_word' id='word_1_13' title='bbox 581 515 682 571; x_wconf 87' lang='lat' dir='ltr'><strong>hoc</strong></span> <span class='ocrx_word' id='word_1_14' title='bbox 709 523 790 571; x_wconf 89' lang='lat' dir='ltr'><strong>est</strong></span> <span class='ocrx_word' id='word_1_15' title='bbox 835 525 989 570; x_wconf 87' lang='lat' dir='ltr'><strong>natus</strong></span> <span class='ocrx_word' id='word_1_16' title='bbox 1016 510 1203 570; x_wconf 88' lang='lat' dir='ltr'><strong>Filius.</strong></span> <span class='ocrx_word' id='word_1_17' title='bbox 1235 510 1331 568; x_wconf 87' lang='lat' dir='ltr'><strong>Cui</strong></span> <span class='ocrx_word' id='word_1_18' title='bbox 1362 511 1499 568; x_wconf 78' lang='lat' dir='ltr'><strong>forte</strong></span> <span class='ocrx_word' id='word_1_19' title='bbox 1528 513 1573 568; x_wconf 89' lang='lat' dir='ltr'><strong>si</strong></span> <span class='ocrx_word' id='word_1_20' title='bbox 1604 514 1716 583; x_wconf 90' lang='lat' dir='ltr'><strong>ipse</strong></span> <span class='ocrx_word' id='word_1_21' title='bbox 1746 511 1854 566; x_wconf 82' lang='lat' dir='ltr'><strong>fra-</strong></span> 
     </span>
    </p>
   </div>
   <div class='ocr_carea' id='block_1_4' title="bbox 268 606 1857 682">
    <p class='ocr_par' dir='ltr' id='par_1_4' title="bbox 268 606 1857 682">
     <span class='ocr_line' id='line_1_4' title="bbox 268 606 1857 682; baseline -0.003 -16"><span class='ocrx_word' id='word_1_22' title='bbox 268 621 404 666; x_wconf 97' lang='lat' dir='ltr'><strong>trem</strong></span> <span class='ocrx_word' id='word_1_23' title='bbox 441 610 710 682; x_wconf 81' lang='lat' dir='ltr'><strong>applicas,</strong></span> <span class='ocrx_word' id='word_1_24' title='bbox 740 609 862 680; x_wconf 90' lang='lat' dir='ltr'><strong>quia</strong></span> <span class='ocrx_word' id='word_1_25' title='bbox 896 606 1153 680; x_wconf 81' lang='lat' dir='ltr'><strong>Spiritum</strong></span> <span class='ocrx_word' id='word_1_26' title='bbox 1194 618 1434 662; x_wconf 90' lang='lat' dir='ltr'><strong>sanctum</strong></span> <span class='ocrx_word' id='word_1_27' title='bbox 1472 622 1653 677; x_wconf 90' lang='lat' dir='ltr'><strong>parem</strong></span> <span class='ocrx_word' id='word_1_28' title='bbox 1698 614 1857 675; x_wconf 85' lang='lat' dir='ltr'><strong>atque</strong></span> 
     </span>
    </p>
   </div>
   <div class='ocr_carea' id='block_1_5' title="bbox 268 694 1856 773">
    <p class='ocr_par' dir='ltr' id='par_1_5' title="bbox 268 694 1856 773">
     <span class='ocr_line' id='line_1_5' title="bbox 268 694 1856 773; baseline -0.006 -15"><span class='ocrx_word' id='word_1_29' title='bbox 268 703 528 773; x_wconf 79' lang='lat' dir='ltr'><strong>:equalcm</strong></span> <span class='ocrx_word' id='word_1_30' title='bbox 558 702 753 756; x_wconf 84' lang='lat' dir='ltr'><strong>asseris</strong></span> <span class='ocrx_word' id='word_1_31' title='bbox 796 694 967 765; x_wconf 82' lang='lat' dir='ltr'><strong>Filio;</strong></span> <span class='ocrx_word' id='word_1_32' title='bbox 1000 715 1151 770; x_wconf 73' lang='lat' dir='ltr'><strong>teque</strong></span> <span class='ocrx_word' id='word_1_33' title='bbox 1180 707 1234 753; x_wconf 91' lang='lat' dir='ltr'><strong>et</strong></span> <span class='ocrx_word' id='word_1_34' title='bbox 1258 696 1324 754; x_wconf 88' lang='lat' dir='ltr'><strong>de</strong></span> <span class='ocrx_word' id='word_1_35' title='bbox 1350 696 1643 752; x_wconf 88' lang='lat' dir='ltr'><strong>substantia</strong></span> <span class='ocrx_word' id='word_1_36' title='bbox 1685 694 1856 750; x_wconf 84' lang='lat' dir='ltr'><strong>Patris</strong></span> 
     </span>
    </p>
   </div>
   <div class='ocr_carea' id='block_1_6' title="bbox 268 784 1857 862">
    <p class='ocr_par' dir='ltr' id='par_1_6' title="bbox 268 784 1857 862">
     <span class='ocr_line' id='line_1_6' title="bbox 268 784 1857 862; baseline -0.005 -14"><span class='ocrx_word' id='word_1_37' title='bbox 268 808 391 848; x_wconf 89' lang='lat' dir='ltr'><strong>eum</strong></span> <span class='ocrx_word' id='word_1_38' title='bbox 422 807 542 848; x_wconf 89' lang='lat' dir='ltr'><strong>esse</strong></span> <span class='ocrx_word' id='word_1_39' title='bbox 572 790 837 862; x_wconf 84' lang='lat' dir='ltr'><strong>proﬁteris</strong></span> <span class='ocrx_word' id='word_1_40' title='bbox 870 808 884 844; x_wconf 90' lang='lat'><strong>:</strong></span> <span class='ocrx_word' id='word_1_41' title='bbox 914 789 959 845; x_wconf 91' lang='lat' dir='ltr'><strong>si</strong></span> <span class='ocrx_word' id='word_1_42' title='bbox 988 789 1060 844; x_wconf 90' lang='lat' dir='ltr'><strong>ita</strong></span> <span class='ocrx_word' id='word_1_43' title='bbox 1086 798 1188 855; x_wconf 87' lang='lat' dir='ltr'><strong>est,</strong></span> <span class='ocrx_word' id='word_1_44' title='bbox 1210 804 1338 861; x_wconf 87' lang='lat' dir='ltr'><strong>ergo</strong></span> <span class='ocrx_word' id='word_1_45' title='bbox 1364 788 1472 859; x_wconf 88' lang='lat' dir='ltr'><strong>jam</strong></span> <span class='ocrx_word' id='word_1_46' title='bbox 1498 803 1603 843; x_wconf 91' lang='lat' dir='ltr'><strong>non</strong></span> <span class='ocrx_word' id='word_1_47' title='bbox 1634 795 1717 842; x_wconf 90' lang='lat' dir='ltr'><strong>est</strong></span> <span class='ocrx_word' id='word_1_48' title='bbox 1736 784 1857 840; x_wconf 85' lang='lat' dir='ltr'><strong>uni-</strong></span> 
     </span>
    </p>
   </div>
   <div class='ocr_carea' id='block_1_7' title="bbox 270 877 1855 956">
    <p class='ocr_par' dir='ltr' id='par_1_7' title="bbox 270 877 1855 956">
     <span class='ocr_line' id='line_1_7' title="bbox 270 877 1855 956; baseline -0.004 -16"><span class='ocrx_word' id='word_1_49' title='bbox 270 885 481 956; x_wconf 89' lang='lat' dir='ltr'><strong>genitus</strong></span> <span class='ocrx_word' id='word_1_50' title='bbox 502 878 689 951; x_wconf 80' lang='lat' dir='ltr'><strong>Filius,</strong></span> <span class='ocrx_word' id='word_1_51' title='bbox 720 898 840 940; x_wconf 88' lang='lat' dir='ltr'><strong>cum</strong></span> <span class='ocrx_word' id='word_1_52' title='bbox 872 891 926 938; x_wconf 90' lang='lat' dir='ltr'><strong>et</strong></span> <span class='ocrx_word' id='word_1_53' title='bbox 950 881 1104 937; x_wconf 85' lang='lat' dir='ltr'><strong>aliter</strong></span> <span class='ocrx_word' id='word_1_54' title='bbox 1124 882 1193 936; x_wconf 90' lang='lat' dir='ltr'><strong>sit</strong></span> <span class='ocrx_word' id='word_1_55' title='bbox 1222 896 1288 937; x_wconf 86' lang='lat' dir='ltr'><strong>ex</strong></span> <span class='ocrx_word' id='word_1_56' title='bbox 1314 880 1502 936; x_wconf 88' lang='lat' dir='ltr'><strong>eadem</strong></span> <span class='ocrx_word' id='word_1_57' title='bbox 1539 877 1855 935; x_wconf 85' lang='lat' dir='ltr'><strong>substantia.</strong></span> 
     </span>
    </p>
   </div>
   <div class='ocr_carea' id='block_1_8' title="bbox 270 974 1859 1041">
    <p class='ocr_par' dir='ltr' id='par_1_8' title="bbox 270 974 1859 1041">
     <span class='ocr_line' id='line_1_8' title="bbox 270 974 1859 1041; baseline -0.004 -9"><span class='ocrx_word' id='word_1_58' title='bbox 270 976 378 1032; x_wconf 79' lang='lat' dir='ltr'><strong>Nos</strong></span> <span class='ocrx_word' id='word_1_59' title='bbox 408 976 463 1031; x_wconf 90' lang='lat' dir='ltr'><strong>in</strong></span> <span class='ocrx_word' id='word_1_60' title='bbox 491 975 699 1031; x_wconf 81' lang='lat' dir='ltr'><strong>Patrem</strong></span> <span class='ocrx_word' id='word_1_61' title='bbox 731 975 895 1030; x_wconf 86' lang='lat' dir='ltr'><strong>Deum</strong></span> <span class='ocrx_word' id='word_1_62' title='bbox 935 974 1173 1029; x_wconf 90' lang='lat' dir='ltr'><strong>innatum</strong></span> <span class='ocrx_word' id='word_1_63' title='bbox 1198 1016 1212 1038; x_wconf 93' lang='lat'><strong>,</strong></span> <span class='ocrx_word' id='word_1_64' title='bbox 1240 982 1483 1028; x_wconf 90' lang='lat' dir='ltr'><strong>naturam</strong></span> <span class='ocrx_word' id='word_1_65' title='bbox 1514 989 1619 1028; x_wconf 92' lang='lat' dir='ltr'><strong>non</strong></span> <span class='ocrx_word' id='word_1_66' title='bbox 1647 987 1859 1041; x_wconf 86' lang='lat' dir='ltr'><strong>accept-</strong></span> 
     </span>
    </p>
   </div>
   <div class='ocr_carea' id='block_1_9' title="bbox 273 1058 1862 1138">
    <p class='ocr_par' dir='ltr' id='par_1_9' title="bbox 273 1058 1862 1138">
     <span class='ocr_line' id='line_1_9' title="bbox 273 1058 1862 1138; baseline -0.004 -15"><span class='ocrx_word' id='word_1_67' title='bbox 273 1084 391 1123; x_wconf 88' lang='lat' dir='ltr'><strong>mus</strong></span> <span class='ocrx_word' id='word_1_68' title='bbox 423 1067 441 1101; x_wconf 84' lang='grc'>¹</span> <span class='ocrx_word' id='word_1_69' title='bbox 473 1087 485 1121; x_wconf 92' lang='lat'><strong>:</strong></span> <span class='ocrx_word' id='word_1_70' title='bbox 518 1067 788 1123; x_wconf 79' lang='lat' dir='ltr'><strong>credimus</strong></span> <span class='ocrx_word' id='word_1_71' title='bbox 812 1066 954 1138; x_wconf 91' lang='lat' dir='ltr'><strong>quod</strong></span> <span class='ocrx_word' id='word_1_72' title='bbox 976 1068 1049 1121; x_wconf 90' lang='lat' dir='ltr'><strong>ait</strong></span> <span class='ocrx_word' id='word_1_73' title='bbox 1069 1064 1343 1131; x_wconf 86' lang='lat' dir='ltr'><strong>Christus,</strong></span> <span class='ocrx_word' id='word_1_74' title='bbox 1374 1058 1600 1136; x_wconf 76' lang='lat' dir='ltr'><strong>Spiritus</strong></span> <span class='ocrx_word' id='word_1_75' title='bbox 1628 1072 1699 1117; x_wconf 90' lang='lat' dir='ltr'><strong>est</strong></span> <span class='ocrx_word' id='word_1_76' title='bbox 1727 1060 1862 1117; x_wconf 87' lang='lat' dir='ltr'><strong>Deus</strong></span> 
     </span>
    </p>
   </div>
   <div class='ocr_carea' id='block_1_10' title="bbox 275 1156 1864 1233">
    <p class='ocr_par' dir='ltr' id='par_1_10' title="bbox 275 1156 1864 1233">
     <span class='ocr_line' id='line_1_10' title="bbox 275 1156 1864 1233; baseline -0.003 -19"><span class='ocrx_word' id='word_1_77' title='bbox 275 1158 455 1233; x_wconf 80' lang='lat' dir='ltr'><strong>(Joan.</strong></span> <span class='ocrx_word' id='word_1_78' title='bbox 499 1176 571 1226; x_wconf 84' lang='lat' dir='ltr'><strong>IV,</strong></span> <span class='ocrx_word' id='word_1_79' title='bbox 596 1157 710 1231; x_wconf 58' lang='grc' dir='ltr'>Ἃ).</span> <span class='ocrx_word' id='word_1_80' title='bbox 734 1156 899 1213; x_wconf 89' lang='lat' dir='ltr'><strong>Filius</strong></span> <span class='ocrx_word' id='word_1_81' title='bbox 937 1168 1092 1213; x_wconf 86' lang='lat' dir='ltr'><strong>natus</strong></span> <span class='ocrx_word' id='word_1_82' title='bbox 1120 1166 1203 1213; x_wconf 90' lang='lat' dir='ltr'><strong>est</strong></span> <span class='ocrx_word' id='word_1_83' title='bbox 1224 1198 1242 1225; x_wconf 95' lang='lat'><strong>,</strong></span> <span class='ocrx_word' id='word_1_84' title='bbox 1285 1165 1343 1211; x_wconf 93' lang='lat' dir='ltr'><strong>ut</strong></span> <span class='ocrx_word' id='word_1_85' title='bbox 1378 1156 1607 1211; x_wconf 81' lang='lat' dir='ltr'><strong>diximus</strong></span> <span class='ocrx_word' id='word_1_86' title='bbox 1639 1174 1653 1211; x_wconf 88' lang='lat'>:</span> <span class='ocrx_word' id='word_1_87' title='bbox 1683 1170 1780 1210; x_wconf 89' lang='lat' dir='ltr'><strong>nos</strong></span> <span class='ocrx_word' id='word_1_88' title='bbox 1809 1163 1864 1211; x_wconf 92' lang='lat' dir='ltr'><strong>et</strong></span> 
     </span>
    </p>
   </div>
   <div class='ocr_carea' id='block_1_11' title="bbox 274 1249 1866 1322">
    <p class='ocr_par' dir='ltr' id='par_1_11' title="bbox 274 1249 1866 1322">
     <span class='ocr_line' id='line_1_11' title="bbox 274 1249 1866 1322; baseline -0.002 -14"><span class='ocrx_word' id='word_1_89' title='bbox 274 1269 463 1309; x_wconf 86' lang='lat' dir='ltr'><strong>verum</strong></span> <span class='ocrx_word' id='word_1_90' title='bbox 491 1251 681 1308; x_wconf 86' lang='lat' dir='ltr'><strong>Filium</strong></span> <span class='ocrx_word' id='word_1_91' title='bbox 704 1251 1039 1322; x_wconf 84' lang='lat' dir='ltr'><strong>proﬁtemur,</strong></span> <span class='ocrx_word' id='word_1_92' title='bbox 1064 1261 1118 1306; x_wconf 92' lang='lat' dir='ltr'><strong>et</strong></span> <span class='ocrx_word' id='word_1_93' title='bbox 1146 1249 1376 1306; x_wconf 89' lang='lat' dir='ltr'><strong>similem</strong></span> <span class='ocrx_word' id='word_1_94' title='bbox 1402 1249 1544 1304; x_wconf 84' lang='lat' dir='ltr'><strong>Patri</strong></span> <span class='ocrx_word' id='word_1_95' title='bbox 1568 1265 1673 1303; x_wconf 90' lang='lat' dir='ltr'><strong>non</strong></span> <span class='ocrx_word' id='word_1_96' title='bbox 1695 1249 1866 1305; x_wconf 86' lang='lat' dir='ltr'><strong>dene-</strong></span> 
     </span>
    </p>
   </div>
   <div class='ocr_carea' id='block_1_12' title="bbox 274 1339 1865 1419">
    <p class='ocr_par' dir='ltr' id='par_1_12' title="bbox 274 1339 1865 1419">
     <span class='ocr_line' id='line_1_12' title="bbox 274 1339 1865 1419; baseline -0.003 -19"><span class='ocrx_word' id='word_1_97' title='bbox 274 1362 463 1419; x_wconf 89' lang='lat' dir='ltr'><strong>gamus</strong></span> <span class='ocrx_word' id='word_1_98' title='bbox 494 1362 507 1400; x_wconf 89' lang='lat'><strong>:</strong></span> <span class='ocrx_word' id='word_1_99' title='bbox 541 1353 798 1417; x_wconf 64' lang='lat' dir='ltr'><strong>praetcrea</strong></span> <span class='ocrx_word' id='word_1_100' title='bbox 830 1344 897 1400; x_wconf 91' lang='lat' dir='ltr'><strong>de</strong></span> <span class='ocrx_word' id='word_1_101' title='bbox 925 1343 1116 1398; x_wconf 84' lang='lat' dir='ltr'><strong>divinis</strong></span> <span class='ocrx_word' id='word_1_102' title='bbox 1138 1342 1713 1415; x_wconf 91' lang='lat' dir='ltr'><strong>Scripturisinstructi.</strong></span> <span class='ocrx_word' id='word_1_103' title='bbox 1732 1339 1865 1396; x_wconf 86' lang='lat' dir='ltr'><strong>Nam</strong></span> 
     </span>
    </p>
   </div>
   <div class='ocr_carea' id='block_1_13' title="bbox 276 1431 1860 1510">
    <p class='ocr_par' dir='ltr' id='par_1_13' title="bbox 276 1431 1860 1510">
     <span class='ocr_line' id='line_1_13' title="bbox 276 1431 1860 1510; baseline -0.005 -17"><span class='ocrx_word' id='word_1_104' title='bbox 276 1437 399 1510; x_wconf 88' lang='lat' dir='ltr'><strong>quia</strong></span> <span class='ocrx_word' id='word_1_105' title='bbox 451 1437 690 1493; x_wconf 87' lang='lat' dir='ltr'><strong>diversas</strong></span> <span class='ocrx_word' id='word_1_106' title='bbox 729 1451 1041 1492; x_wconf 89' lang='lat' dir='ltr'><strong>accusamur</strong></span> <span class='ocrx_word' id='word_1_107' title='bbox 1068 1433 1248 1490; x_wconf 88' lang='lat' dir='ltr'><strong>dicere</strong></span> <span class='ocrx_word' id='word_1_108' title='bbox 1278 1442 1515 1500; x_wconf 88' lang='lat' dir='ltr'><strong>naturas,</strong></span> <span class='ocrx_word' id='word_1_109' title='bbox 1549 1432 1651 1488; x_wconf 86' lang='lat' dir='ltr'><strong>hoc</strong></span> <span class='ocrx_word' id='word_1_110' title='bbox 1693 1431 1860 1500; x_wconf 88' lang='lat' dir='ltr'><strong>scito,</strong></span> 
     </span>
    </p>
   </div>
   <div class='ocr_carea' id='block_1_14' title="bbox 277 1524 1868 1603">
    <p class='ocr_par' dir='ltr' id='par_1_14' title="bbox 277 1524 1868 1603">
     <span class='ocr_line' id='line_1_14' title="bbox 277 1524 1868 1603; baseline -0.004 -18"><span class='ocrx_word' id='word_1_111' title='bbox 277 1529 421 1603; x_wconf 89' lang='lat' dir='ltr'><strong>quod</strong></span> <span class='ocrx_word' id='word_1_112' title='bbox 450 1545 550 1585; x_wconf 89' lang='lat' dir='ltr'><strong>nos</strong></span> <span class='ocrx_word' id='word_1_113' title='bbox 588 1530 843 1596; x_wconf 86' lang='lat' dir='ltr'><strong>dicimus,</strong></span> <span class='ocrx_word' id='word_1_114' title='bbox 889 1528 1031 1600; x_wconf 90' lang='lat' dir='ltr'><strong>quod</strong></span> <span class='ocrx_word' id='word_1_115' title='bbox 1075 1526 1233 1584; x_wconf 86' lang='lat' dir='ltr'><strong>Pater</strong></span> <span class='ocrx_word' id='word_1_116' title='bbox 1258 1528 1475 1597; x_wconf 81' lang='lat' dir='ltr'><strong>Spiritus</strong></span> <span class='ocrx_word' id='word_1_117' title='bbox 1504 1524 1745 1596; x_wconf 81' lang='lat' dir='ltr'><strong>Spiritum</strong></span> <span class='ocrx_word' id='word_1_118' title='bbox 1772 1538 1868 1594; x_wconf 83' lang='lat' dir='ltr'><strong>ge-</strong></span> 
     </span>
    </p>
   </div>
   <div class='ocr_carea' id='block_1_15' title="bbox 276 1618 1872 1689">
    <p class='ocr_par' dir='ltr' id='par_1_15' title="bbox 276 1618 1872 1689">
     <span class='ocr_line' id='line_1_15' title="bbox 276 1618 1872 1689; baseline -0.005 -10"><span class='ocrx_word' id='word_1_119' title='bbox 276 1622 395 1679; x_wconf 86' lang='lat' dir='ltr'><strong>nuit</strong></span> <span class='ocrx_word' id='word_1_120' title='bbox 417 1623 442 1656; x_wconf 79' lang='grc'>²</span> <span class='ocrx_word' id='word_1_121' title='bbox 475 1620 605 1678; x_wconf 75' lang='lat' dir='ltr'><strong>ante</strong></span> <span class='ocrx_word' id='word_1_122' title='bbox 628 1618 805 1677; x_wconf 90' lang='lat' dir='ltr'><strong>omnia</strong></span> <span class='ocrx_word' id='word_1_123' title='bbox 833 1621 1047 1688; x_wconf 66' lang='lat' dir='ltr'><strong>saecula,</strong></span> <span class='ocrx_word' id='word_1_124' title='bbox 1069 1621 1211 1675; x_wconf 90' lang='lat' dir='ltr'><strong>Deus</strong></span> <span class='ocrx_word' id='word_1_125' title='bbox 1240 1620 1403 1674; x_wconf 88' lang='lat' dir='ltr'><strong>Deum</strong></span> <span class='ocrx_word' id='word_1_126' title='bbox 1432 1618 1611 1689; x_wconf 82' lang='lat' dir='ltr'><strong>genuit</strong></span> <span class='ocrx_word' id='word_1_127' title='bbox 1643 1635 1655 1671; x_wconf 90' lang='lat'><strong>:</strong></span> <span class='ocrx_word' id='word_1_128' title='bbox 1685 1625 1738 1672; x_wconf 90' lang='lat' dir='ltr'><strong>et</strong></span> <span class='ocrx_word' id='word_1_129' title='bbox 1766 1631 1872 1671; x_wconf 71' lang='lat' dir='ltr'><strong>ete-</strong></span> 
     </span>
    </p>
   </div>
   <div class='ocr_carea' id='block_1_16' title="bbox 279 1707 1867 1786">
    <p class='ocr_par' dir='ltr' id='par_1_16' title="bbox 279 1707 1867 1786">
     <span class='ocr_line' id='line_1_16' title="bbox 279 1707 1867 1786; baseline -0.006 -15"><span class='ocrx_word' id='word_1_130' title='bbox 279 1726 393 1772; x_wconf 81' lang='lat' dir='ltr'><strong>tera</strong></span> <span class='ocrx_word' id='word_1_131' title='bbox 420 1731 543 1786; x_wconf 72' lang='lat' dir='ltr'><strong>qua:</strong></span> <span class='ocrx_word' id='word_1_132' title='bbox 567 1715 677 1785; x_wconf 87' lang='lat' dir='ltr'><strong>jam</strong></span> <span class='ocrx_word' id='word_1_133' title='bbox 719 1715 963 1784; x_wconf 88' lang='lat' dir='ltr'><strong>superius</strong></span> <span class='ocrx_word' id='word_1_134' title='bbox 988 1712 1127 1768; x_wconf 85' lang='lat' dir='ltr'><strong>dicta</strong></span> <span class='ocrx_word' id='word_1_135' title='bbox 1153 1718 1298 1767; x_wconf 89' lang='lat' dir='ltr'><strong>sunt.</strong></span> <span class='ocrx_word' id='word_1_136' title='bbox 1322 1707 1494 1765; x_wconf 82' lang='lat' dir='ltr'><strong>Verus</strong></span> <span class='ocrx_word' id='word_1_137' title='bbox 1522 1709 1733 1763; x_wconf 87' lang='lat' dir='ltr'><strong>innatus</strong></span> <span class='ocrx_word' id='word_1_138' title='bbox 1763 1708 1867 1762; x_wconf 81' lang='lat' dir='ltr'><strong>Pa-</strong></span> 
     </span>
    </p>
   </div>
   <div class='ocr_carea' id='block_1_17' title="bbox 279 1798 1871 1878">
    <p class='ocr_par' dir='ltr' id='par_1_17' title="bbox 279 1798 1871 1878">
     <span class='ocr_line' id='line_1_17' title="bbox 279 1798 1871 1878; baseline -0.006 -14"><span class='ocrx_word' id='word_1_139' title='bbox 279 1816 362 1864; x_wconf 90' lang='lat' dir='ltr'><strong>ter</strong></span> <span class='ocrx_word' id='word_1_140' title='bbox 401 1824 588 1864; x_wconf 89' lang='lat' dir='ltr'><strong>verum</strong></span> <span class='ocrx_word' id='word_1_141' title='bbox 632 1808 815 1878; x_wconf 78' lang='lat' dir='ltr'><strong>genuit</strong></span> <span class='ocrx_word' id='word_1_142' title='bbox 842 1805 1054 1861; x_wconf 90' lang='lat' dir='ltr'><strong>Filium.</strong></span> <span class='ocrx_word' id='word_1_143' title='bbox 1080 1803 1186 1860; x_wconf 88' lang='lat' dir='ltr'><strong>Sed</strong></span> <span class='ocrx_word' id='word_1_144' title='bbox 1216 1818 1334 1858; x_wconf 90' lang='lat' dir='ltr'><strong>cum</strong></span> <span class='ocrx_word' id='word_1_145' title='bbox 1367 1801 1495 1857; x_wconf 88' lang='lat' dir='ltr'><strong>dicit</strong></span> <span class='ocrx_word' id='word_1_146' title='bbox 1524 1799 1777 1855; x_wconf 89' lang='lat' dir='ltr'><strong>Dominus</strong></span> <span class='ocrx_word' id='word_1_147' title='bbox 1817 1798 1871 1855; x_wconf 90' lang='lat' dir='ltr'><strong>in</strong></span> 
     </span>
    </p>
   </div>
   <div class='ocr_carea' id='block_1_18' title="bbox 281 1892 1874 1971">
    <p class='ocr_par' dir='ltr' id='par_1_18' title="bbox 281 1892 1874 1971">
     <span class='ocr_line' id='line_1_18' title="bbox 281 1892 1874 1971; baseline -0.008 -15"><span class='ocrx_word' id='word_1_148' title='bbox 281 1898 617 1971; x_wconf 84' lang='lat' dir='ltr'><strong>Evangelio,</strong></span> <span class='ocrx_word' id='word_1_149' title='bbox 664 1898 730 1954; x_wconf 88' lang='lat' dir='ltr'><strong>Ut</strong></span> <span class='ocrx_word' id='word_1_150' title='bbox 767 1906 1071 1970; x_wconf 77' lang='lat' dir='ltr'><strong>cognoscant</strong></span> <span class='ocrx_word' id='word_1_151' title='bbox 1112 1906 1157 1950; x_wconf 89' lang='lat' dir='ltr'><strong>te</strong></span> <span class='ocrx_word' id='word_1_152' title='bbox 1191 1894 1355 1950; x_wconf 87' lang='lat' dir='ltr'><strong>solum</strong></span> <span class='ocrx_word' id='word_1_153' title='bbox 1380 1892 1543 1947; x_wconf 85' lang='lat' dir='ltr'><strong>Deum</strong></span> <span class='ocrx_word' id='word_1_154' title='bbox 1582 1906 1775 1958; x_wconf 78' lang='lat' dir='ltr'><strong>verum,</strong></span> <span class='ocrx_word' id='word_1_155' title='bbox 1826 1898 1874 1945; x_wconf 87' lang='lat' dir='ltr'><strong>et</strong></span> 
     </span>
    </p>
   </div>
   <div class='ocr_carea' id='block_1_19' title="bbox 282 1982 1873 2064">
    <p class='ocr_par' dir='ltr' id='par_1_19' title="bbox 282 1982 1873 2064">
     <span class='ocr_line' id='line_1_19' title="bbox 282 1982 1873 2064; baseline -0.006 -18"><span class='ocrx_word' id='word_1_156' title='bbox 282 2008 431 2064; x_wconf 83' lang='lat' dir='ltr'><strong>quem</strong></span> <span class='ocrx_word' id='word_1_157' title='bbox 460 1991 639 2045; x_wconf 88' lang='lat' dir='ltr'><strong>misisti</strong></span> <span class='ocrx_word' id='word_1_158' title='bbox 678 1990 855 2045; x_wconf 84' lang='lat' dir='ltr'><strong>Jesum</strong></span> <span class='ocrx_word' id='word_1_159' title='bbox 886 1986 1143 2044; x_wconf 83' lang='lat' dir='ltr'><strong>Christum</strong></span> <span class='ocrx_word' id='word_1_160' title='bbox 1171 1982 1296 2059; x_wconf 84' lang='lat' dir='ltr'><strong>(Id.</strong></span> <span class='ocrx_word' id='word_1_161' title='bbox 1326 2002 1453 2053; x_wconf 81' lang='lat' dir='ltr'><strong>xvn,</strong></span> <span class='ocrx_word' id='word_1_162' title='bbox 1486 1984 1564 2056; x_wconf 78' lang='lat'><strong>5);</strong></span> <span class='ocrx_word' id='word_1_163' title='bbox 1594 1983 1671 2038; x_wconf 89' lang='lat' dir='ltr'><strong>sic</strong></span> <span class='ocrx_word' id='word_1_164' title='bbox 1700 1982 1873 2037; x_wconf 90' lang='lat' dir='ltr'><strong>solum</strong></span> 
     </span>
    </p>
   </div>
   <div class='ocr_carea' id='block_1_20' title="bbox 283 2073 1876 2150">
    <p class='ocr_par' dir='ltr' id='par_1_20' title="bbox 283 2073 1876 2150">
     <span class='ocr_line' id='line_1_20' title="bbox 283 2073 1876 2150; baseline -0.007 -13"><span class='ocrx_word' id='word_1_165' title='bbox 283 2097 471 2147; x_wconf 79' lang='lat' dir='ltr'><strong>verum</strong></span> <span class='ocrx_word' id='word_1_166' title='bbox 511 2080 639 2136; x_wconf 90' lang='lat' dir='ltr'><strong>dicit</strong></span> <span class='ocrx_word' id='word_1_167' title='bbox 666 2079 901 2146; x_wconf 88' lang='lat' dir='ltr'><strong>Patrem,</strong></span> <span class='ocrx_word' id='word_1_168' title='bbox 946 2077 1215 2150; x_wconf 91' lang='lat' dir='ltr'><strong>quomodo</strong></span> <span class='ocrx_word' id='word_1_169' title='bbox 1257 2083 1310 2131; x_wconf 91' lang='lat' dir='ltr'><strong>et</strong></span> <span class='ocrx_word' id='word_1_170' title='bbox 1359 2074 1530 2131; x_wconf 90' lang='lat' dir='ltr'><strong>solum</strong></span> <span class='ocrx_word' id='word_1_171' title='bbox 1554 2073 1789 2139; x_wconf 88' lang='lat' dir='ltr'><strong>bonum,</strong></span> <span class='ocrx_word' id='word_1_172' title='bbox 1820 2078 1876 2127; x_wconf 89' lang='lat' dir='ltr'><strong>et</strong></span> 
     </span>
    </p>
   </div>
   <div class='ocr_carea' id='block_1_21' title="bbox 286 2160 1873 2245">
    <p class='ocr_par' dir='ltr' id='par_1_21' title="bbox 286 2160 1873 2245">
     <span class='ocr_line' id='line_1_21' title="bbox 286 2160 1873 2245; baseline -0.006 -16"><span class='ocrx_word' id='word_1_173' title='bbox 286 2175 461 2230; x_wconf 88' lang='lat' dir='ltr'><strong>solum</strong></span> <span class='ocrx_word' id='word_1_174' title='bbox 508 2181 812 2245; x_wconf 88' lang='lat' dir='ltr'><strong>potentem,</strong></span> <span class='ocrx_word' id='word_1_175' title='bbox 844 2169 1115 2242; x_wconf 91' lang='lat' dir='ltr'><strong>quomodo</strong></span> <span class='ocrx_word' id='word_1_176' title='bbox 1148 2180 1201 2225; x_wconf 89' lang='lat' dir='ltr'><strong>et</strong></span> <span class='ocrx_word' id='word_1_177' title='bbox 1233 2169 1408 2223; x_wconf 91' lang='lat' dir='ltr'><strong>solum</strong></span> <span class='ocrx_word' id='word_1_178' title='bbox 1454 2166 1771 2238; x_wconf 88' lang='lat' dir='ltr'><strong>sapientem.</strong></span> <span class='ocrx_word' id='word_1_179' title='bbox 1802 2160 1873 2222; x_wconf 89' lang='lat' dir='ltr'><strong>Ut</strong></span> 
     </span>
    </p>
   </div>
   <div class='ocr_carea' id='block_1_22' title="bbox 287 2256 1873 2338">
    <p class='ocr_par' dir='ltr' id='par_1_22' title="bbox 287 2256 1873 2338">
     <span class='ocr_line' id='line_1_22' title="bbox 287 2256 1873 2338; baseline -0.006 -16"><span class='ocrx_word' id='word_1_180' title='bbox 287 2275 413 2338; x_wconf 88' lang='lat' dir='ltr'><strong>puto</strong></span> <span class='ocrx_word' id='word_1_181' title='bbox 442 2281 541 2322; x_wconf 90' lang='lat' dir='ltr'><strong>nec</strong></span> <span class='ocrx_word' id='word_1_182' title='bbox 568 2266 682 2336; x_wconf 87' lang='lat' dir='ltr'><strong>ipse</strong></span> <span class='ocrx_word' id='word_1_183' title='bbox 727 2264 969 2322; x_wconf 91' lang='lat' dir='ltr'><strong>diabolus</strong></span> <span class='ocrx_word' id='word_1_184' title='bbox 999 2278 1160 2318; x_wconf 92' lang='lat' dir='ltr'><strong>ausus</strong></span> <span class='ocrx_word' id='word_1_185' title='bbox 1197 2269 1279 2317; x_wconf 91' lang='grc' dir='ltr'><strong>εει</strong></span> <span class='ocrx_word' id='word_1_186' title='bbox 1327 2256 1505 2316; x_wconf 86' lang='lat' dir='ltr'><strong>dicere</strong></span> <span class='ocrx_word' id='word_1_187' title='bbox 1546 2258 1685 2330; x_wconf 92' lang='lat' dir='ltr'><strong>quod</strong></span> <span class='ocrx_word' id='word_1_188' title='bbox 1715 2256 1873 2313; x_wconf 89' lang='lat' dir='ltr'><strong>Pater</strong></span> 
     </span>
    </p>
   </div>
   <div class='ocr_carea' id='block_1_23' title="bbox 287 2349 1874 2428">
    <p class='ocr_par' dir='ltr' id='par_1_23' title="bbox 287 2349 1874 2428">
     <span class='ocr_line' id='line_1_23' title="bbox 287 2349 1874 2428; baseline -0.006 -16"><span class='ocrx_word' id='word_1_189' title='bbox 287 2374 393 2413; x_wconf 89' lang='lat' dir='ltr'><strong>non</strong></span> <span class='ocrx_word' id='word_1_190' title='bbox 424 2358 713 2428; x_wconf 79' lang='lat' dir='ltr'><strong>perfectum</strong></span> <span class='ocrx_word' id='word_1_191' title='bbox 745 2356 928 2427; x_wconf 81' lang='lat' dir='ltr'><strong>genuit</strong></span> <span class='ocrx_word' id='word_1_192' title='bbox 947 2362 1072 2410; x_wconf 90' lang='lat' dir='ltr'><strong>ante</strong></span> <span class='ocrx_word' id='word_1_193' title='bbox 1098 2353 1277 2408; x_wconf 88' lang='lat' dir='ltr'><strong>omnia</strong></span> <span class='ocrx_word' id='word_1_194' title='bbox 1302 2351 1497 2407; x_wconf 85' lang='lat' dir='ltr'><strong>Filium</strong></span> <span class='ocrx_word' id='word_1_195' title='bbox 1516 2351 1558 2406; x_wconf 86' lang='grc'>³.</span> <span class='ocrx_word' id='word_1_196' title='bbox 1588 2349 1705 2406; x_wconf 87' lang='lat' dir='ltr'><strong>Non</strong></span> <span class='ocrx_word' id='word_1_197' title='bbox 1733 2349 1874 2405; x_wconf 90' lang='lat' dir='ltr'><strong>enim</strong></span> 
     </span>
    </p>
   </div>
   <div class='ocr_carea' id='block_1_24' title="bbox 290 2440 1876 2521">
    <p class='ocr_par' dir='ltr' id='par_1_24' title="bbox 290 2440 1876 2521">
     <span class='ocr_line' id='line_1_24' title="bbox 290 2440 1876 2521; baseline -0.006 -17"><span class='ocrx_word' id='word_1_198' title='bbox 290 2450 659 2521; x_wconf 88' lang='lat' dir='ltr'><strong>proficientem</strong></span> <span class='ocrx_word' id='word_1_199' title='bbox 682 2448 884 2520; x_wconf 79' lang='lat' dir='ltr'><strong>genuit.</strong></span> <span class='ocrx_word' id='word_1_200' title='bbox 916 2444 1088 2503; x_wconf 78' lang='lat' dir='ltr'><strong>Homo</strong></span> <span class='ocrx_word' id='word_1_201' title='bbox 1114 2446 1291 2511; x_wconf 88' lang='lat' dir='ltr'><strong>enim,</strong></span> <span class='ocrx_word' id='word_1_202' title='bbox 1335 2443 1487 2513; x_wconf 87' lang='lat' dir='ltr'><strong>cujus</strong></span> <span class='ocrx_word' id='word_1_203' title='bbox 1529 2450 1582 2498; x_wconf 91' lang='lat' dir='ltr'><strong>et</strong></span> <span class='ocrx_word' id='word_1_204' title='bbox 1623 2440 1876 2512; x_wconf 88' lang='lat' dir='ltr'><strong>accepisti</strong></span> 
     </span>
    </p>
   </div>
   <div class='ocr_carea' id='block_1_25' title="bbox 290 2536 1876 2611">
    <p class='ocr_par' dir='ltr' id='par_1_25' title="bbox 290 2536 1876 2611">
     <span class='ocr_line' id='line_1_25' title="bbox 290 2536 1876 2611; baseline -0.004 -15"><span class='ocrx_word' id='word_1_205' title='bbox 290 2539 769 2611; x_wconf 87' lang='lat' dir='ltr'><strong>comparationem,</strong></span> <span class='ocrx_word' id='word_1_206' title='bbox 820 2540 863 2595; x_wconf 92' lang='lat' dir='ltr'><strong>si</strong></span> <span class='ocrx_word' id='word_1_207' title='bbox 895 2548 1101 2610; x_wconf 89' lang='lat' dir='ltr'><strong>poterat</strong></span> <span class='ocrx_word' id='word_1_208' title='bbox 1147 2536 1435 2608; x_wconf 83' lang='lat' dir='ltr'><strong>perfectum</strong></span> <span class='ocrx_word' id='word_1_209' title='bbox 1468 2546 1589 2588; x_wconf 88' lang='lat' dir='ltr'><strong>mox</strong></span> <span class='ocrx_word' id='word_1_210' title='bbox 1615 2548 1876 2604; x_wconf 84' lang='lat' dir='ltr'><strong>generare</strong></span> 
     </span>
    </p>
   </div>
   <div class='ocr_carea' id='block_1_26' title="bbox 293 2625 1880 2703">
    <p class='ocr_par' dir='ltr' id='par_1_26' title="bbox 293 2625 1880 2703">
     <span class='ocr_line' id='line_1_26' title="bbox 293 2625 1880 2703; baseline -0.004 -16"><span class='ocrx_word' id='word_1_211' title='bbox 293 2632 498 2701; x_wconf 86' lang='lat' dir='ltr'><strong>lilium,</strong></span> <span class='ocrx_word' id='word_1_212' title='bbox 526 2646 632 2688; x_wconf 90' lang='lat' dir='ltr'><strong>non</strong></span> <span class='ocrx_word' id='word_1_213' title='bbox 677 2632 956 2703; x_wconf 90' lang='lat' dir='ltr'><strong>parvulum</strong></span> <span class='ocrx_word' id='word_1_214' title='bbox 998 2635 1317 2702; x_wconf 79' lang='lat' dir='ltr'><strong>generaret,</strong></span> <span class='ocrx_word' id='word_1_215' title='bbox 1368 2626 1458 2699; x_wconf 89' lang='lat' dir='ltr'><strong>qui</strong></span> <span class='ocrx_word' id='word_1_216' title='bbox 1496 2625 1880 2696; x_wconf 82' lang='lat' dir='ltr'><strong>coagmentatis</strong></span> 
     </span>
    </p>
   </div>
   <div class='ocr_carea' id='block_1_27' title="bbox 291 2717 1880 2799">
    <p class='ocr_par' dir='ltr' id='par_1_27' title="bbox 291 2717 1880 2799">
     <span class='ocr_line' id='line_1_27' title="bbox 291 2717 1880 2799; baseline -0.006 -20"><span class='ocrx_word' id='word_1_217' title='bbox 291 2725 446 2779; x_wconf 88' lang='lat' dir='ltr'><strong>annis</strong></span> <span class='ocrx_word' id='word_1_218' title='bbox 481 2724 694 2780; x_wconf 88' lang='lat' dir='ltr'><strong>tandem</strong></span> <span class='ocrx_word' id='word_1_219' title='bbox 741 2722 1030 2795; x_wconf 89' lang='lat' dir='ltr'><strong>aliquando</strong></span> <span class='ocrx_word' id='word_1_220' title='bbox 1059 2719 1325 2791; x_wconf 89' lang='lat' dir='ltr'><strong>compleat</strong></span> <span class='ocrx_word' id='word_1_221' title='bbox 1372 2719 1453 2773; x_wconf 89' lang='lat' dir='ltr'><strong>sul</strong></span> <span class='ocrx_word' id='word_1_222' title='bbox 1482 2717 1742 2799; x_wconf 80' lang='lat' dir='ltr'><strong>genitoris</strong></span> <span class='ocrx_word' id='word_1_223' title='bbox 1786 2730 1880 2771; x_wconf 88' lang='lat' dir='ltr'><strong>vo-</strong></span> 
     </span>
    </p>
   </div>
   <div class='ocr_carea' id='block_1_28' title="bbox 291 2807 1881 2885">
    <p class='ocr_par' dir='ltr' id='par_1_28' title="bbox 291 2807 1881 2885">
     <span class='ocr_line' id='line_1_28' title="bbox 291 2807 1881 2885; baseline -0.008 -12"><span class='ocrx_word' id='word_1_224' title='bbox 291 2817 569 2873; x_wconf 90' lang='lat' dir='ltr'><strong>luntatem.</strong></span> <span class='ocrx_word' id='word_1_225' title='bbox 604 2817 760 2872; x_wconf 86' lang='lat' dir='ltr'><strong>Pater</strong></span> <span class='ocrx_word' id='word_1_226' title='bbox 788 2824 965 2871; x_wconf 89' lang='lat' dir='ltr'><strong>autem</strong></span> <span class='ocrx_word' id='word_1_227' title='bbox 1016 2813 1108 2885; x_wconf 89' lang='lat' dir='ltr'><strong>qui</strong></span> <span class='ocrx_word' id='word_1_228' title='bbox 1148 2826 1276 2868; x_wconf 91' lang='lat' dir='ltr'><strong>vere</strong></span> <span class='ocrx_word' id='word_1_229' title='bbox 1319 2810 1508 2865; x_wconf 86' lang='lat' dir='ltr'><strong>beatus</strong></span> <span class='ocrx_word' id='word_1_230' title='bbox 1536 2818 1618 2864; x_wconf 92' lang='lat' dir='ltr'><strong>est</strong></span> <span class='ocrx_word' id='word_1_231' title='bbox 1655 2816 1707 2864; x_wconf 92' lang='lat' dir='ltr'><strong>et</strong></span> <span class='ocrx_word' id='word_1_232' title='bbox 1737 2807 1881 2863; x_wconf 90' lang='lat' dir='ltr'><strong>solus</strong></span> 
     </span>
    </p>
   </div>
   <div class='ocr_carea' id='block_1_29' title="bbox 294 2904 1884 2981">
    <p class='ocr_par' dir='ltr' id='par_1_29' title="bbox 294 2904 1884 2981">
     <span class='ocr_line' id='line_1_29' title="bbox 294 2904 1884 2981; baseline -0.006 -16"><span class='ocrx_word' id='word_1_233' title='bbox 294 2920 506 2981; x_wconf 89' lang='lat' dir='ltr'><strong>potens,</strong></span> <span class='ocrx_word' id='word_1_234' title='bbox 536 2909 693 2965; x_wconf 91' lang='lat' dir='ltr'><strong>talem</strong></span> <span class='ocrx_word' id='word_1_235' title='bbox 718 2908 901 2980; x_wconf 89' lang='lat' dir='ltr'><strong>genuit</strong></span> <span class='ocrx_word' id='word_1_236' title='bbox 923 2906 1116 2963; x_wconf 87' lang='lat' dir='ltr'><strong>Filium</strong></span> <span class='ocrx_word' id='word_1_237' title='bbox 1156 2904 1326 2976; x_wconf 85' lang='lat' dir='ltr'><strong>qualis</strong></span> <span class='ocrx_word' id='word_1_238' title='bbox 1353 2909 1406 2957; x_wconf 88' lang='lat' dir='ltr'><strong>et</strong></span> <span class='ocrx_word' id='word_1_239' title='bbox 1434 2914 1573 2957; x_wconf 88' lang='lat' dir='ltr'><strong>nunc</strong></span> <span class='ocrx_word' id='word_1_240' title='bbox 1602 2906 1718 2968; x_wconf 88' lang='lat' dir='ltr'><strong>est,</strong></span> <span class='ocrx_word' id='word_1_241' title='bbox 1751 2915 1884 2971; x_wconf 88' lang='lat' dir='ltr'><strong>qua-</strong></span> 
     </span>
    </p>
   </div>
   <div class='ocr_carea' id='block_1_30' title="bbox 299 2993 1881 3074">
    <p class='ocr_par' dir='ltr' id='par_1_30' title="bbox 299 2993 1881 3074">
     <span class='ocr_line' id='line_1_30' title="bbox 299 2993 1881 3074; baseline -0.006 -17"><span class='ocrx_word' id='word_1_242' title='bbox 299 3003 363 3058; x_wconf 90' lang='lat' dir='ltr'><strong>lis</strong></span> <span class='ocrx_word' id='word_1_243' title='bbox 388 3010 444 3058; x_wconf 87' lang='lat' dir='ltr'><strong>et</strong></span> <span class='ocrx_word' id='word_1_244' title='bbox 466 3011 743 3074; x_wconf 85' lang='lat' dir='ltr'><strong>permanet</strong></span> <span class='ocrx_word' id='word_1_245' title='bbox 773 2999 889 3057; x_wconf 86' lang='lat' dir='ltr'><strong>sine</strong></span> <span class='ocrx_word' id='word_1_246' title='bbox 918 2998 1046 3068; x_wconf 83' lang='lat' dir='ltr'><strong>ﬁne,</strong></span> <span class='ocrx_word' id='word_1_247' title='bbox 1076 3014 1183 3055; x_wconf 90' lang='lat' dir='ltr'><strong>non</strong></span> <span class='ocrx_word' id='word_1_248' title='bbox 1215 2995 1598 3069; x_wconf 75' lang='lat' dir='ltr'><strong>proﬁcientem,</strong></span> <span class='ocrx_word' id='word_1_249' title='bbox 1631 2993 1724 3050; x_wconf 89' lang='lat' dir='ltr'><strong>sed</strong></span> <span class='ocrx_word' id='word_1_250' title='bbox 1757 3008 1881 3065; x_wconf 88' lang='lat' dir='ltr'><strong>per-</strong></span> 
     </span>
    </p>
   </div>
   <div class='ocr_carea' id='block_1_31' title="bbox 295 3084 1887 3165">
    <p class='ocr_par' dir='ltr' id='par_1_31' title="bbox 295 3084 1887 3165">
     <span class='ocr_line' id='line_1_31' title="bbox 295 3084 1887 3165; baseline -0.006 -15"><span class='ocrx_word' id='word_1_251' title='bbox 295 3092 497 3150; x_wconf 77' lang='lat' dir='ltr'><strong>fectum</strong></span> <span class='ocrx_word' id='word_1_252' title='bbox 527 3109 543 3149; x_wconf 90' lang='lat'><strong>:</strong></span> <span class='ocrx_word' id='word_1_253' title='bbox 569 3093 766 3165; x_wconf 88' lang='lat' dir='ltr'><strong>quique</strong></span> <span class='ocrx_word' id='word_1_254' title='bbox 787 3101 841 3149; x_wconf 91' lang='lat' dir='ltr'><strong>et</strong></span> <span class='ocrx_word' id='word_1_255' title='bbox 869 3088 1249 3163; x_wconf 76' lang='lat' dir='ltr'><strong>perfectionem</strong></span> <span class='ocrx_word' id='word_1_256' title='bbox 1285 3102 1314 3143; x_wconf 91' lang='lat' dir='ltr'><strong>a</strong></span> <span class='ocrx_word' id='word_1_257' title='bbox 1344 3100 1443 3144; x_wconf 89' lang='lat' dir='ltr'><strong>suo</strong></span> <span class='ocrx_word' id='word_1_258' title='bbox 1473 3084 1713 3158; x_wconf 70' lang='lat' dir='ltr'><strong>genuere</strong></span> <span class='ocrx_word' id='word_1_259' title='bbox 1733 3098 1887 3141; x_wconf 89' lang='lat' dir='ltr'><strong>acce-</strong></span> 
     </span>
    </p>
   </div>
   <div class='ocr_carea' id='block_1_32' title="bbox 293 3175 1888 3259">
    <p class='ocr_par' dir='ltr' id='par_1_32' title="bbox 293 3175 1888 3259">
     <span class='ocr_line' id='line_1_32' title="bbox 293 3175 1888 3259; baseline -0.006 -16"><span class='ocrx_word' id='word_1_260' title='bbox 293 3188 403 3259; x_wconf 89' lang='lat' dir='ltr'><strong>pit,</strong></span> <span class='ocrx_word' id='word_1_261' title='bbox 444 3202 476 3242; x_wconf 85' lang='lat' dir='ltr'><strong>a</strong></span> <span class='ocrx_word' id='word_1_262' title='bbox 504 3200 611 3259; x_wconf 91' lang='lat' dir='ltr'><strong>quo</strong></span> <span class='ocrx_word' id='word_1_263' title='bbox 657 3194 711 3242; x_wconf 89' lang='lat' dir='ltr'><strong>et</strong></span> <span class='ocrx_word' id='word_1_264' title='bbox 752 3186 915 3241; x_wconf 85' lang='lat' dir='ltr'><strong>vitam</strong></span> <span class='ocrx_word' id='word_1_265' title='bbox 964 3189 1282 3240; x_wconf 88' lang='lat' dir='ltr'><strong>consecutus</strong></span> <span class='ocrx_word' id='word_1_266' title='bbox 1321 3186 1422 3236; x_wconf 86' lang='lat' dir='ltr'><strong>est.</strong></span> <span class='ocrx_word' id='word_1_267' title='bbox 1472 3175 1764 3235; x_wconf 84' lang='lat' dir='ltr'><strong>Salvatoris</strong></span> <span class='ocrx_word' id='word_1_268' title='bbox 1804 3184 1888 3233; x_wconf 88' lang='lat' dir='ltr'><strong>est</strong></span> 
     </span>
    </p>
   </div>
   <div class='ocr_carea' id='block_1_33' title="bbox 294 3267 1888 3347">
    <p class='ocr_par' dir='ltr' id='par_1_33' title="bbox 294 3267 1888 3347">
     <span class='ocr_line' id='line_1_33' title="bbox 294 3267 1888 3347; baseline -0.008 -11"><span class='ocrx_word' id='word_1_269' title='bbox 294 3280 596 3347; x_wconf 88' lang='lat' dir='ltr'><strong>sententia,</strong></span> <span class='ocrx_word' id='word_1_270' title='bbox 627 3272 695 3333; x_wconf 82' lang='lat' dir='ltr'><strong>In</strong></span> <span class='ocrx_word' id='word_1_271' title='bbox 719 3293 805 3333; x_wconf 90' lang='lat' dir='ltr'><strong>ore</strong></span> <span class='ocrx_word' id='word_1_272' title='bbox 846 3276 1062 3331; x_wconf 82' lang='lat' dir='ltr'><strong>duorum</strong></span> <span class='ocrx_word' id='word_1_273' title='bbox 1090 3282 1179 3330; x_wconf 89' lang='lat' dir='ltr'><strong>aut</strong></span> <span class='ocrx_word' id='word_1_274' title='bbox 1222 3272 1372 3327; x_wconf 87' lang='lat' dir='ltr'><strong>trium</strong></span> <span class='ocrx_word' id='word_1_275' title='bbox 1402 3270 1600 3326; x_wconf 84' lang='lat' dir='ltr'><strong>testium</strong></span> <span class='ocrx_word' id='word_1_276' title='bbox 1644 3267 1888 3324; x_wconf 81' lang='lat' dir='ltr'><strong>constabit</strong></span> 
     </span>
    </p>
   </div>
   <div class='ocr_carea' id='block_1_34' title="bbox 295 3358 1885 3443">
    <p class='ocr_par' dir='ltr' id='par_1_34' title="bbox 295 3358 1885 3443">
     <span class='ocr_line' id='line_1_34' title="bbox 295 3358 1885 3443; baseline -0.006 -16"><span class='ocrx_word' id='word_1_277' title='bbox 295 3387 443 3427; x_wconf 84' lang='lat' dir='ltr'><strong>omne</strong></span> <span class='ocrx_word' id='word_1_278' title='bbox 467 3372 669 3426; x_wconf 77' lang='lat' dir='ltr'><strong>uerbum</strong></span> <span class='ocrx_word' id='word_1_279' title='bbox 699 3366 911 3443; x_wconf 80' lang='lat' dir='ltr'><strong>(Matth.</strong></span> <span class='ocrx_word' id='word_1_280' title='bbox 959 3380 1110 3435; x_wconf 82' lang='lat' dir='ltr'><strong>xvtu,</strong></span> <span class='ocrx_word' id='word_1_281' title='bbox 1158 3363 1270 3437; x_wconf 88' lang='grc'>16).</span> <span class='ocrx_word' id='word_1_282' title='bbox 1327 3363 1598 3419; x_wconf 87' lang='lat' dir='ltr'><strong>Protulisti</strong></span> <span class='ocrx_word' id='word_1_283' title='bbox 1628 3358 1885 3433; x_wconf 79' lang='lat' dir='ltr'><strong>ap05toll-</strong></span> 
     </span>
    </p>
   </div>
   <div class='ocr_carea' id='block_1_35' title="bbox 248 3452 1889 3529">
    <p class='ocr_par' dir='ltr' id='par_1_35' title="bbox 248 3452 1889 3529">
     <span class='ocr_line' id='line_1_35' title="bbox 248 3452 1889 3529; baseline -0.007 -8"><span class='ocrx_word' id='word_1_284' title='bbox 248 3498 253 3503; x_wconf 98' lang='lat'><strong><em>-</em></strong></span> <span class='ocrx_word' id='word_1_285' title='bbox 296 3480 421 3521; x_wconf 91' lang='lat' dir='ltr'><strong>cum</strong></span> <span class='ocrx_word' id='word_1_286' title='bbox 471 3464 832 3520; x_wconf 88' lang='lat' dir='ltr'><strong>testimonium</strong></span> <span class='ocrx_word' id='word_1_287' title='bbox 857 3502 872 3527; x_wconf 94' lang='lat'><strong>,</strong></span> <span class='ocrx_word' id='word_1_288' title='bbox 934 3460 1031 3529; x_wconf 85' lang='lat' dir='ltr'><strong>Qui</strong></span> <span class='ocrx_word' id='word_1_289' title='bbox 1059 3474 1172 3513; x_wconf 87' lang='lat' dir='ltr'><strong>cum</strong></span> <span class='ocrx_word' id='word_1_290' title='bbox 1196 3458 1250 3512; x_wconf 87' lang='lat' dir='ltr'><strong>in</strong></span> <span class='ocrx_word' id='word_1_291' title='bbox 1292 3457 1459 3527; x_wconf 79' lang='lat' dir='ltr'><strong>forma</strong></span> <span class='ocrx_word' id='word_1_292' title='bbox 1488 3452 1583 3509; x_wconf 87' lang='lat' dir='ltr'><strong>Dei</strong></span> <span class='ocrx_word' id='word_1_293' title='bbox 1609 3462 1753 3519; x_wconf 91' lang='lat' dir='ltr'><strong>esset,</strong></span> <span class='ocrx_word' id='word_1_294' title='bbox 1787 3469 1889 3510; x_wconf 76' lang='lat' dir='ltr'><strong>non</strong></span> 
     </span>
    </p>
   </div>
   <div class='ocr_carea' id='block_1_36' title="bbox 298 3545 1885 3627">
    <p class='ocr_par' dir='ltr' id='par_1_36' title="bbox 298 3545 1885 3627">
     <span class='ocr_line' id='line_1_36' title="bbox 298 3545 1885 3627; baseline -0.007 -18"><span class='ocrx_word' id='word_1_295' title='bbox 298 3555 534 3627; x_wconf 86' lang='lat' dir='ltr'><strong>rapinam</strong></span> <span class='ocrx_word' id='word_1_296' title='bbox 560 3555 833 3609; x_wconf 85' lang='lat' dir='ltr'><strong>arbitratus</strong></span> <span class='ocrx_word' id='word_1_297' title='bbox 873 3556 946 3606; x_wconf 87' lang='lat' dir='ltr'><strong>est</strong></span> <span class='ocrx_word' id='word_1_298' title='bbox 972 3566 991 3605; x_wconf 87' lang='lat'><strong><em>:</em></strong></span> <span class='ocrx_word' id='word_1_299' title='bbox 1020 3548 1160 3621; x_wconf 90' lang='lat' dir='ltr'><strong>quod</strong></span> <span class='ocrx_word' id='word_1_300' title='bbox 1194 3557 1286 3603; x_wconf 91' lang='lat' dir='ltr'><strong>tuo</strong></span> <span class='ocrx_word' id='word_1_301' title='bbox 1312 3545 1534 3602; x_wconf 88' lang='lat' dir='ltr'><strong>arbitrio</strong></span> <span class='ocrx_word' id='word_1_302' title='bbox 1562 3546 1885 3613; x_wconf 85' lang='lat' dir='ltr'><strong>interpreta-</strong></span> 
     </span>
    </p>
   </div>
   <div class='ocr_carea' id='block_1_37' title="bbox 299 3630 1890 3717">
    <p class='ocr_par' dir='ltr' id='par_1_37' title="bbox 299 3630 1890 3717">
     <span class='ocr_line' id='line_1_37' title="bbox 299 3630 1890 3717; baseline -0.008 -14"><span class='ocrx_word' id='word_1_303' title='bbox 299 3655 384 3703; x_wconf 89' lang='lat' dir='ltr'><strong>tus</strong></span> <span class='ocrx_word' id='word_1_304' title='bbox 403 3660 498 3713; x_wconf 87' lang='lat' dir='ltr'><strong>es;</strong></span> <span class='ocrx_word' id='word_1_305' title='bbox 526 3660 676 3717; x_wconf 61' lang='lat' dir='ltr'><strong>atque</strong></span> <span class='ocrx_word' id='word_1_306' title='bbox 702 3654 758 3701; x_wconf 91' lang='lat' dir='ltr'><strong>et</strong></span> <span class='ocrx_word' id='word_1_307' title='bbox 797 3658 896 3699; x_wconf 90' lang='lat' dir='ltr'><strong>nos</strong></span> <span class='ocrx_word' id='word_1_308' title='bbox 916 3685 932 3710; x_wconf 92' lang='lat'><strong>,</strong></span> <span class='ocrx_word' id='word_1_309' title='bbox 969 3650 1028 3696; x_wconf 88' lang='lat' dir='ltr'><strong>ut</strong></span> <span class='ocrx_word' id='word_1_310' title='bbox 1057 3640 1327 3696; x_wconf 89' lang='lat' dir='ltr'><strong>sensimus</strong></span> <span class='ocrx_word' id='word_1_311' title='bbox 1350 3679 1365 3704; x_wconf 93' lang='lat'><strong>,</strong></span> <span class='ocrx_word' id='word_1_312' title='bbox 1407 3634 1799 3706; x_wconf 87' lang='lat' dir='ltr'><strong>respondimus.</strong></span> <span class='ocrx_word' id='word_1_313' title='bbox 1831 3630 1890 3691; x_wconf 81' lang='lat' dir='ltr'><strong>in</strong></span> 
     </span>
    </p>
   </div>
   <div class='ocr_carea' id='block_1_38' title="bbox 298 3725 1889 3800">
    <p class='ocr_par' dir='ltr' id='par_1_38' title="bbox 298 3725 1889 3800">
     <span class='ocr_line' id='line_1_38' title="bbox 298 3725 1889 3800; baseline -0.008 -8"><span class='ocrx_word' id='word_1_314' title='bbox 298 3737 603 3793; x_wconf 87' lang='lat' dir='ltr'><strong>auditorum</strong></span> <span class='ocrx_word' id='word_1_315' title='bbox 631 3750 759 3792; x_wconf 87' lang='lat' dir='ltr'><strong>sane</strong></span> <span class='ocrx_word' id='word_1_316' title='bbox 799 3734 901 3790; x_wconf 84' lang='lat' dir='ltr'><strong>erit</strong></span> <span class='ocrx_word' id='word_1_317' title='bbox 929 3731 1150 3788; x_wconf 88' lang='lat' dir='ltr'><strong>arbitrio</strong></span> <span class='ocrx_word' id='word_1_318' title='bbox 1173 3772 1188 3797; x_wconf 92' lang='lat'><strong>,</strong></span> <span class='ocrx_word' id='word_1_319' title='bbox 1221 3726 1347 3800; x_wconf 90' lang='lat' dir='ltr'><strong>quid</strong></span> <span class='ocrx_word' id='word_1_320' title='bbox 1394 3727 1592 3799; x_wconf 85' lang='lat' dir='ltr'><strong>eligant</strong></span> <span class='ocrx_word' id='word_1_321' title='bbox 1661 3725 1889 3781; x_wconf 88' lang='lat' dir='ltr'><strong>alterum</strong></span> 
     </span>
    </p>
   </div>
   <div class='ocr_carea' id='block_1_39' title="bbox 299 3816 1895 3891">
    <p class='ocr_par' dir='ltr' id='par_1_39' title="bbox 299 3816 1895 3891">
     <span class='ocr_line' id='line_1_39' title="bbox 299 3816 1895 3891; baseline -0.01 -4"><span class='ocrx_word' id='word_1_322' title='bbox 299 3830 368 3887; x_wconf 88' lang='lat' dir='ltr'><strong>de</strong></span> <span class='ocrx_word' id='word_1_323' title='bbox 395 3829 607 3886; x_wconf 88' lang='lat' dir='ltr'><strong>duobus</strong></span> <span class='ocrx_word' id='word_1_324' title='bbox 637 3842 650 3882; x_wconf 90' lang='lat'><strong>:</strong></span> <span class='ocrx_word' id='word_1_325' title='bbox 679 3836 771 3884; x_wconf 87' lang='lat' dir='ltr'><strong>aut</strong></span> <span class='ocrx_word' id='word_1_326' title='bbox 808 3832 957 3882; x_wconf 87' lang='lat' dir='ltr'><strong>certe</strong></span> <span class='ocrx_word' id='word_1_327' title='bbox 996 3821 1287 3880; x_wconf 88' lang='lat' dir='ltr'><strong>secundum</strong></span> <span class='ocrx_word' id='word_1_328' title='bbox 1342 3816 1672 3891; x_wconf 73' lang='lat' dir='ltr'><strong>sequentium</strong></span> <span class='ocrx_word' id='word_1_329' title='bbox 1708 3816 1895 3873; x_wconf 89' lang='lat' dir='ltr'><strong>lectio-</strong></span> 
     </span>
    </p>
   </div>
   <div class='ocr_carea' id='block_1_40' title="bbox 302 3908 1892 3985">
    <p class='ocr_par' dir='ltr' id='par_1_40' title="bbox 302 3908 1892 3985">
     <span class='ocr_line' id='line_1_40' title="bbox 302 3908 1892 3985; baseline -0.011 -6"><span class='ocrx_word' id='word_1_330' title='bbox 302 3925 384 3979; x_wconf 92' lang='lat' dir='ltr'><strong>nis</strong></span> <span class='ocrx_word' id='word_1_331' title='bbox 413 3921 607 3978; x_wconf 85' lang='lat' dir='ltr'><strong>Filium</strong></span> <span class='ocrx_word' id='word_1_332' title='bbox 655 3919 992 3977; x_wconf 88' lang='lat' dir='ltr'><strong>obedientem</strong></span> <span class='ocrx_word' id='word_1_333' title='bbox 1046 3914 1188 3971; x_wconf 80' lang='lat' dir='ltr'><strong>Patri</strong></span> <span class='ocrx_word' id='word_1_334' title='bbox 1220 3912 1551 3985; x_wconf 88' lang='lat' dir='ltr'><strong>approbent,</strong></span> <span class='ocrx_word' id='word_1_335' title='bbox 1583 3908 1674 3980; x_wconf 85' lang='lat' dir='ltr'><strong>qui</strong></span> <span class='ocrx_word' id='word_1_336' title='bbox 1702 3925 1755 3965; x_wconf 86' lang='lat' dir='ltr'><strong>se</strong></span> <span class='ocrx_word' id='word_1_337' title='bbox 1778 3908 1892 3963; x_wconf 77' lang='lat' dir='ltr'><strong>exi-</strong></span> 
     </span>
    </p>
   </div>
   <div class='ocr_carea' id='block_1_41' title="bbox 302 3998 1889 4087">
    <p class='ocr_par' dir='ltr' id='par_1_41' title="bbox 302 3998 1889 4087">
     <span class='ocr_line' id='line_1_41' title="bbox 302 3998 1889 4087; baseline -0.011 -17"><span class='ocrx_word' id='word_1_338' title='bbox 302 4017 516 4080; x_wconf 87' lang='lat' dir='ltr'><strong>nanivit,</strong></span> <span class='ocrx_word' id='word_1_339' title='bbox 544 4016 761 4087; x_wconf 76' lang='lat' dir='ltr'><strong>formam</strong></span> <span class='ocrx_word' id='word_1_340' title='bbox 783 4009 1033 4084; x_wconf 85' lang='lat' dir='ltr'><strong>accipiens</strong></span> <span class='ocrx_word' id='word_1_341' title='bbox 1058 4009 1183 4063; x_wconf 87' lang='lat' dir='ltr'><strong>servi</strong></span> <span class='ocrx_word' id='word_1_342' title='bbox 1209 4024 1227 4072; x_wconf 90' lang='lat'><strong><em>;</em></strong></span> <span class='ocrx_word' id='word_1_343' title='bbox 1257 4006 1340 4061; x_wconf 94' lang='lat' dir='ltr'><strong>cui</strong></span> <span class='ocrx_word' id='word_1_344' title='bbox 1371 4012 1426 4060; x_wconf 90' lang='lat' dir='ltr'><strong>et</strong></span> <span class='ocrx_word' id='word_1_345' title='bbox 1470 4003 1630 4058; x_wconf 85' lang='lat' dir='ltr'><strong>Pater</strong></span> <span class='ocrx_word' id='word_1_346' title='bbox 1663 3998 1889 4066; x_wconf 80' lang='lat' dir='ltr'><strong>donavit,</strong></span> 
     </span>
    </p>
   </div>
   <div class='ocr_carea' id='block_1_42' title="bbox 303 4100 1893 4173">
    <p class='ocr_par' dir='ltr' id='par_1_42' title="bbox 303 4100 1893 4173">
     <span class='ocr_line' id='line_1_42' title="bbox 303 4100 1893 4173; baseline -0.009 -10"><span class='ocrx_word' id='word_1_347' title='bbox 303 4117 359 4164; x_wconf 90' lang='lat' dir='ltr'><strong>ut</strong></span> <span class='ocrx_word' id='word_1_348' title='bbox 387 4108 655 4173; x_wconf 82' lang='lat' dir='ltr'><strong>diximus,</strong></span> <span class='ocrx_word' id='word_1_349' title='bbox 708 4118 891 4159; x_wconf 87' lang='lat' dir='ltr'><strong>nomen</strong></span> <span class='ocrx_word' id='word_1_350' title='bbox 941 4100 1077 4173; x_wconf 84' lang='lat' dir='ltr'><strong>quod</strong></span> <span class='ocrx_word' id='word_1_351' title='bbox 1106 4109 1179 4154; x_wconf 87' lang='lat' dir='ltr'><strong>est</strong></span> <span class='ocrx_word' id='word_1_352' title='bbox 1203 4110 1354 4169; x_wconf 81' lang='lat' dir='ltr'><strong>super</strong></span> <span class='ocrx_word' id='word_1_353' title='bbox 1396 4110 1542 4149; x_wconf 88' lang='lat' dir='ltr'><strong>omne</strong></span> <span class='ocrx_word' id='word_1_354' title='bbox 1569 4106 1752 4148; x_wconf 85' lang='lat' dir='ltr'><strong>nomen</strong></span> <span class='ocrx_word' id='word_1_355' title='bbox 1781 4107 1799 4147; x_wconf 92' lang='lat'><strong><em>:</em></strong></span> <span class='ocrx_word' id='word_1_356' title='bbox 1825 4102 1893 4148; x_wconf 86' lang='lat' dir='ltr'><strong>an</strong></span> 
     </span>
    </p>
   </div>
   <div class='ocr_carea' id='block_1_43' title="bbox 307 4187 1545 4267">
    <p class='ocr_par' dir='ltr' id='par_1_43' title="bbox 307 4187 1545 4267">
     <span class='ocr_line' id='line_1_43' title="bbox 307 4187 1545 4267; baseline -0.012 -13"><span class='ocrx_word' id='word_1_357' title='bbox 307 4209 450 4254; x_wconf 89' lang='lat' dir='ltr'><strong>tuam</strong></span> <span class='ocrx_word' id='word_1_358' title='bbox 478 4199 703 4267; x_wconf 83' lang='lat' dir='ltr'><strong>quisque</strong></span> <span class='ocrx_word' id='word_1_359' title='bbox 738 4193 999 4265; x_wconf 63' lang='lat' dir='ltr'><strong>intelligat</strong></span> <span class='ocrx_word' id='word_1_360' title='bbox 1029 4187 1545 4261; x_wconf 86' lang='lat' dir='ltr'><strong>interpretationem.</strong></span> 
     </span>
    </p>
   </div>
   <div class='ocr_carea' id='block_1_44' title="bbox 377 4276 1896 4345">
    <p class='ocr_par' dir='ltr' id='par_1_44' title="bbox 377 4276 1896 4345">
     <span class='ocr_line' id='line_1_44' title="bbox 377 4276 1896 4345; baseline -0.011 0"><span class='ocrx_word' id='word_1_361' title='bbox 377 4289 466 4345; x_wconf 82' lang='grc'>16.</span> <span class='ocrx_word' id='word_1_362' title='bbox 500 4287 731 4344; x_wconf 84' lang='lat' dir='ltr'><strong>Ascendo</strong></span> <span class='ocrx_word' id='word_1_363' title='bbox 775 4284 842 4340; x_wconf 88' lang='lat' dir='ltr'><strong>ad</strong></span> <span class='ocrx_word' id='word_1_364' title='bbox 874 4283 1035 4339; x_wconf 87' lang='lat' dir='ltr'><strong>Deum</strong></span> <span class='ocrx_word' id='word_1_365' title='bbox 1078 4298 1243 4336; x_wconf 88' lang='lat' dir='ltr'><strong>meum</strong></span> <span class='ocrx_word' id='word_1_366' title='bbox 1285 4288 1333 4334; x_wconf 92' lang='lat' dir='ltr'><strong>et</strong></span> <span class='ocrx_word' id='word_1_367' title='bbox 1357 4277 1425 4333; x_wconf 90' lang='lat' dir='ltr'><strong>ad</strong></span> <span class='ocrx_word' id='word_1_368' title='bbox 1470 4276 1629 4332; x_wconf 89' lang='lat' dir='ltr'><strong>Deum</strong></span> <span class='ocrx_word' id='word_1_369' title='bbox 1673 4282 1896 4330; x_wconf 86' lang='lat' dir='ltr'><strong>vestrum</strong></span> 
     </span>
    </p>
   </div>
   <div class='ocr_carea' id='block_1_45' title="bbox 312 4363 1893 4453">
    <p class='ocr_par' dir='ltr' id='par_1_45' title="bbox 312 4363 1893 4453">
     <span class='ocr_line' id='line_1_45' title="bbox 312 4363 1893 4453; baseline -0.011 -16"><span class='ocrx_word' id='word_1_370' title='bbox 312 4379 489 4453; x_wconf 79' lang='lat' dir='ltr'><strong>(Joan.</strong></span> <span class='ocrx_word' id='word_1_371' title='bbox 517 4395 612 4446; x_wconf 82' lang='lat' dir='ltr'><strong>xx,</strong></span> <span class='ocrx_word' id='word_1_372' title='bbox 637 4377 753 4451; x_wconf 83' lang='grc'>17),</span> <span class='ocrx_word' id='word_1_373' title='bbox 789 4375 1067 4432; x_wconf 90' lang='lat' dir='ltr'><strong>Dominum</strong></span> <span class='ocrx_word' id='word_1_374' title='bbox 1096 4381 1316 4445; x_wconf 88' lang='lat' dir='ltr'><strong>propter</strong></span> <span class='ocrx_word' id='word_1_375' title='bbox 1348 4364 1589 4425; x_wconf 68' lang='lat' dir='ltr'><strong>&#39;l‘ormam</strong></span> <span class='ocrx_word' id='word_1_376' title='bbox 1638 4365 1777 4421; x_wconf 89' lang='lat' dir='ltr'><strong>servi</strong></span> <span class='ocrx_word' id='word_1_377' title='bbox 1806 4363 1893 4421; x_wconf 81' lang='lat' dir='ltr'><strong>di-</strong></span> 
     </span>
    </p>
   </div>
   <div class='ocr_carea' id='block_1_46' title="bbox 307 4456 1898 4541">
    <p class='ocr_par' dir='ltr' id='par_1_46' title="bbox 307 4456 1898 4541">
     <span class='ocr_line' id='line_1_46' title="bbox 307 4456 1898 4541; baseline -0.011 -13"><span class='ocrx_word' id='word_1_378' title='bbox 307 4472 452 4528; x_wconf 85' lang='lat' dir='ltr'><strong>xisse</strong></span> <span class='ocrx_word' id='word_1_379' title='bbox 476 4514 493 4539; x_wconf 92' lang='lat'><strong>,</strong></span> <span class='ocrx_word' id='word_1_380' title='bbox 542 4485 699 4541; x_wconf 91' lang='lat' dir='ltr'><strong>quam</strong></span> <span class='ocrx_word' id='word_1_381' title='bbox 743 4468 1014 4538; x_wconf 87' lang='lat' dir='ltr'><strong>suscepit,</strong></span> <span class='ocrx_word' id='word_1_382' title='bbox 1041 4462 1269 4530; x_wconf 81' lang='lat' dir='ltr'><strong>asseris,</strong></span> <span class='ocrx_word' id='word_1_383' title='bbox 1301 4469 1360 4515; x_wconf 89' lang='lat' dir='ltr'><strong>ut</strong></span> <span class='ocrx_word' id='word_1_384' title='bbox 1386 4466 1532 4531; x_wconf 90' lang='lat' dir='ltr'><strong>puto,</strong></span> <span class='ocrx_word' id='word_1_385' title='bbox 1567 4457 1812 4512; x_wconf 88' lang='lat' dir='ltr'><strong>utdicis:</strong></span> <span class='ocrx_word' id='word_1_386' title='bbox 1848 4456 1898 4512; x_wconf 87' lang='lat' dir='ltr'><strong>si</strong></span> 
     </span>
    </p>
   </div>
   <div class='ocr_carea' id='block_1_47' title="bbox 308 4548 1894 4635">
    <p class='ocr_par' dir='ltr' id='par_1_47' title="bbox 308 4548 1894 4635">
     <span class='ocr_line' id='line_1_47' title="bbox 308 4548 1894 4635; baseline -0.011 -15"><span class='ocrx_word' id='word_1_387' title='bbox 308 4566 422 4635; x_wconf 83' lang='lat' dir='ltr'><strong>ipse</strong></span> <span class='ocrx_word' id='word_1_388' title='bbox 468 4561 758 4619; x_wconf 87' lang='lat' dir='ltr'><strong>humilians</strong></span> <span class='ocrx_word' id='word_1_389' title='bbox 800 4574 861 4616; x_wconf 79' lang='lat' dir='ltr'><strong>se</strong></span> <span class='ocrx_word' id='word_1_390' title='bbox 893 4559 947 4614; x_wconf 89' lang='lat' dir='ltr'><strong>in</strong></span> <span class='ocrx_word' id='word_1_391' title='bbox 993 4570 1220 4627; x_wconf 88' lang='lat' dir='ltr'><strong>corpore</strong></span> <span class='ocrx_word' id='word_1_392' title='bbox 1267 4554 1395 4608; x_wconf 86' lang='lat' dir='ltr'><strong>dum</strong></span> <span class='ocrx_word' id='word_1_393' title='bbox 1432 4559 1574 4606; x_wconf 83' lang='lat' dir='ltr'><strong>esset</strong></span> <span class='ocrx_word' id='word_1_394' title='bbox 1615 4548 1894 4616; x_wconf 81' lang='lat' dir='ltr'><strong>humano,</strong></span> 
     </span>
    </p>
   </div>
   <div class='ocr_carea' id='block_1_48' title="bbox 309 4640 1896 4728">
    <p class='ocr_par' dir='ltr' id='par_1_48' title="bbox 309 4640 1896 4728">
     <span class='ocr_line' id='line_1_48' title="bbox 309 4640 1896 4728; baseline -0.011 -16"><span class='ocrx_word' id='word_1_395' title='bbox 309 4656 553 4728; x_wconf 89' lang='lat' dir='ltr'><strong>quamvis</strong></span> <span class='ocrx_word' id='word_1_396' title='bbox 579 4653 785 4710; x_wconf 86' lang='lat' dir='ltr'><strong>devicta</strong></span> <span class='ocrx_word' id='word_1_397' title='bbox 827 4660 999 4706; x_wconf 84' lang='lat' dir='ltr'><strong>morte</strong></span> <span class='ocrx_word' id='word_1_398' title='bbox 1042 4644 1369 4716; x_wconf 87' lang='lat' dir='ltr'><strong>triumphato</strong></span> <span class='ocrx_word' id='word_1_399' title='bbox 1398 4640 1609 4696; x_wconf 88' lang='lat' dir='ltr'><strong>diabolo</strong></span> <span class='ocrx_word' id='word_1_400' title='bbox 1652 4646 1773 4710; x_wconf 86' lang='lat' dir='ltr'><strong>post</strong></span> <span class='ocrx_word' id='word_1_401' title='bbox 1807 4648 1896 4695; x_wconf 82' lang='lat' dir='ltr'><strong>re-</strong></span> 
     </span>
    </p>
   </div>
   <div class='ocr_carea' id='block_1_49' title="bbox 311 4731 1896 4811">
    <p class='ocr_par' dir='ltr' id='par_1_49' title="bbox 311 4731 1896 4811">
     <span class='ocr_line' id='line_1_49' title="bbox 311 4731 1896 4811; baseline -0.011 -5"><span class='ocrx_word' id='word_1_402' title='bbox 311 4749 696 4805; x_wconf 87' lang='lat' dir='ltr'><strong>surrectionem</strong></span> <span class='ocrx_word' id='word_1_403' title='bbox 750 4756 934 4811; x_wconf 87' lang='lat' dir='ltr'><strong>suam,</strong></span> <span class='ocrx_word' id='word_1_404' title='bbox 968 4742 1071 4798; x_wconf 89' lang='lat' dir='ltr'><strong>isto</strong></span> <span class='ocrx_word' id='word_1_405' title='bbox 1116 4740 1281 4797; x_wconf 91' lang='lat' dir='ltr'><strong>utitur</strong></span> <span class='ocrx_word' id='word_1_406' title='bbox 1328 4731 1614 4793; x_wconf 75' lang='lat' dir='ltr'><strong>sermone‘</strong></span> <span class='ocrx_word' id='word_1_407' title='bbox 1639 4775 1654 4800; x_wconf 90' lang='lat'><strong>,</strong></span> <span class='ocrx_word' id='word_1_408' title='bbox 1678 4732 1896 4802; x_wconf 82' lang='lat' dir='ltr'><strong>dicens,</strong></span> 
     </span>
    </p>
   </div>
   <div class='ocr_carea' id='block_1_50' title="bbox 312 4824 1893 4896">
    <p class='ocr_par' dir='ltr' id='par_1_50' title="bbox 312 4824 1893 4896">
     <span class='ocr_line' id='line_1_50' title="bbox 312 4824 1893 4896; baseline -0.011 1"><span class='ocrx_word' id='word_1_409' title='bbox 312 4839 543 4896; x_wconf 79' lang='lat' dir='ltr'><strong>Ascendo</strong></span> <span class='ocrx_word' id='word_1_410' title='bbox 570 4839 638 4893; x_wconf 85' lang='lat' dir='ltr'><strong>ad</strong></span> <span class='ocrx_word' id='word_1_411' title='bbox 678 4835 885 4893; x_wconf 81' lang='lat' dir='ltr'><strong>Patrem</strong></span> <span class='ocrx_word' id='word_1_412' title='bbox 911 4850 1075 4890; x_wconf 83' lang='lat' dir='ltr'><strong>meum</strong></span> <span class='ocrx_word' id='word_1_413' title='bbox 1098 4840 1146 4888; x_wconf 88' lang='lat' dir='ltr'><strong>et</strong></span> <span class='ocrx_word' id='word_1_414' title='bbox 1185 4832 1254 4886; x_wconf 86' lang='lat' dir='ltr'><strong>ad</strong></span> <span class='ocrx_word' id='word_1_415' title='bbox 1285 4828 1491 4884; x_wconf 89' lang='lat' dir='ltr'><strong>Patrem</strong></span> <span class='ocrx_word' id='word_1_416' title='bbox 1516 4834 1734 4882; x_wconf 81' lang='lat' dir='ltr'><strong>vestrum</strong></span> <span class='ocrx_word' id='word_1_417' title='bbox 1758 4841 1776 4881; x_wconf 91' lang='lat'><strong><em>:</em></strong></span> <span class='ocrx_word' id='word_1_418' title='bbox 1799 4824 1893 4881; x_wconf 89' lang='lat' dir='ltr'><strong>ubi</strong></span> 
     </span>
    </p>
   </div>
   <div class='ocr_carea' id='block_1_51' title="bbox 308 4916 1899 5007">
    <p class='ocr_par' dir='ltr' id='par_1_51' title="bbox 308 4916 1899 5007">
     <span class='ocr_line' id='line_1_51' title="bbox 308 4916 1899 5007; baseline -0.01 -20"><span class='ocrx_word' id='word_1_419' title='bbox 308 4934 414 5007; x_wconf 80' lang='lat' dir='ltr'><strong>jam</strong></span> <span class='ocrx_word' id='word_1_420' title='bbox 445 4932 718 4989; x_wconf 87' lang='lat' dir='ltr'><strong>humilitas</strong></span> <span class='ocrx_word' id='word_1_421' title='bbox 746 4924 922 4989; x_wconf 87' lang='lat' dir='ltr'><strong>carnis</strong></span> <span class='ocrx_word' id='word_1_422' title='bbox 950 4927 1253 4984; x_wconf 86' lang='lat' dir='ltr'><strong>necessaria</strong></span> <span class='ocrx_word' id='word_1_423' title='bbox 1297 4938 1405 4979; x_wconf 91' lang='lat' dir='ltr'><strong>non</strong></span> <span class='ocrx_word' id='word_1_424' title='bbox 1431 4930 1546 4978; x_wconf 89' lang='lat' dir='ltr'><strong>erat</strong></span> <span class='ocrx_word' id='word_1_425' title='bbox 1568 4962 1584 4987; x_wconf 91' lang='lat'><strong>,</strong></span> <span class='ocrx_word' id='word_1_426' title='bbox 1629 4927 1683 4975; x_wconf 88' lang='lat' dir='ltr'><strong>ut</strong></span> <span class='ocrx_word' id='word_1_427' title='bbox 1733 4916 1899 4987; x_wconf 87' lang='lat' dir='ltr'><strong>dicis,</strong></span> 
     </span>
    </p>
   </div>
   <div class='ocr_carea' id='block_1_52' title="bbox 313 5010 1898 5102">
    <p class='ocr_par' dir='ltr' id='par_1_52' title="bbox 313 5010 1898 5102">
     <span class='ocr_line' id='line_1_52' title="bbox 313 5010 1898 5102; baseline -0.015 -14"><span class='ocrx_word' id='word_1_428' title='bbox 313 5038 533 5102; x_wconf 88' lang='lat' dir='ltr'><strong>propter</strong></span> <span class='ocrx_word' id='word_1_429' title='bbox 561 5026 775 5085; x_wconf 66' lang='lat' dir='ltr'><strong>Judasos</strong></span> <span class='ocrx_word' id='word_1_430' title='bbox 800 5043 815 5081; x_wconf 91' lang='lat'><strong>:</strong></span> <span class='ocrx_word' id='word_1_431' title='bbox 837 5021 932 5080; x_wconf 87' lang='lat' dir='ltr'><strong>sed</strong></span> <span class='ocrx_word' id='word_1_432' title='bbox 976 5023 1179 5091; x_wconf 83' lang='lat' dir='ltr'><strong>integra</strong></span> <span class='ocrx_word' id='word_1_433' title='bbox 1208 5016 1388 5088; x_wconf 89' lang='lat' dir='ltr'><strong>regula</strong></span> <span class='ocrx_word' id='word_1_434' title='bbox 1415 5014 1536 5070; x_wconf 89' lang='lat' dir='ltr'><strong>fidei</strong></span> <span class='ocrx_word' id='word_1_435' title='bbox 1568 5010 1898 5068; x_wconf 84' lang='lat' dir='ltr'><strong>tradebatur.</strong></span> 
     </span>
    </p>
   </div>
   <div class='ocr_carea' id='block_1_53' title="bbox 313 5106 1900 5184">
    <p class='ocr_par' dir='ltr' id='par_1_53' title="bbox 313 5106 1900 5184">
     <span class='ocr_line' id='line_1_53' title="bbox 313 5106 1900 5184; baseline -0.015 -6"><span class='ocrx_word' id='word_1_436' title='bbox 313 5121 478 5177; x_wconf 87' lang='lat' dir='ltr'><strong>Sicuti</strong></span> <span class='ocrx_word' id='word_1_437' title='bbox 505 5128 560 5176; x_wconf 85' lang='lat' dir='ltr'><strong>et</strong></span> <span class='ocrx_word' id='word_1_438' title='bbox 587 5118 641 5175; x_wconf 91' lang='lat' dir='ltr'><strong>in</strong></span> <span class='ocrx_word' id='word_1_439' title='bbox 670 5114 776 5173; x_wconf 90' lang='lat' dir='ltr'><strong>alio</strong></span> <span class='ocrx_word' id='word_1_440' title='bbox 821 5114 939 5171; x_wconf 88' lang='lat' dir='ltr'><strong>loco</strong></span> <span class='ocrx_word' id='word_1_441' title='bbox 965 5121 1085 5184; x_wconf 85' lang='lat' dir='ltr'><strong>post</strong></span> <span class='ocrx_word' id='word_1_442' title='bbox 1112 5106 1561 5165; x_wconf 81' lang='lat' dir='ltr'><strong>resurrectionem</strong></span> <span class='ocrx_word' id='word_1_443' title='bbox 1588 5116 1739 5158; x_wconf 90' lang='lat' dir='ltr'><strong>suam</strong></span> <span class='ocrx_word' id='word_1_444' title='bbox 1761 5143 1775 5167; x_wconf 93' lang='lat'><strong>,</strong></span> <span class='ocrx_word' id='word_1_445' title='bbox 1808 5112 1900 5157; x_wconf 87' lang='lat' dir='ltr'><strong>as-</strong></span> 
     </span>
    </p>
   </div>
   <div class='ocr_carea' id='block_1_54' title="bbox 317 5192 1901 5284">
    <p class='ocr_par' dir='ltr' id='par_1_54' title="bbox 317 5192 1901 5284">
     <span class='ocr_line' id='line_1_54' title="bbox 317 5192 1901 5284; baseline -0.016 -14"><span class='ocrx_word' id='word_1_446' title='bbox 317 5213 543 5284; x_wconf 87' lang='lat' dir='ltr'><strong>sumptis</strong></span> <span class='ocrx_word' id='word_1_447' title='bbox 566 5208 838 5280; x_wconf 88' lang='lat' dir='ltr'><strong>discipulis</strong></span> <span class='ocrx_word' id='word_1_448' title='bbox 866 5206 976 5263; x_wconf 87' lang='lat' dir='ltr'><strong>suis</strong></span> <span class='ocrx_word' id='word_1_449' title='bbox 1004 5205 1059 5260; x_wconf 87' lang='lat' dir='ltr'><strong>in</strong></span> <span class='ocrx_word' id='word_1_450' title='bbox 1107 5208 1343 5257; x_wconf 85' lang='lat' dir='ltr'><strong>montem</strong></span> <span class='ocrx_word' id='word_1_451' title='bbox 1370 5194 1561 5253; x_wconf 81' lang='lat' dir='ltr'><strong>Olireti</strong></span> <span class='ocrx_word' id='word_1_452' title='bbox 1582 5234 1597 5262; x_wconf 94' lang='lat'><strong>,</strong></span> <span class='ocrx_word' id='word_1_453' title='bbox 1644 5192 1859 5248; x_wconf 85' lang='lat' dir='ltr'><strong>dicebat</strong></span> <span class='ocrx_word' id='word_1_454' title='bbox 1886 5209 1901 5247; x_wconf 92' lang='lat'><strong>:</strong></span> 
     </span>
    </p>
   </div>
   <div class='ocr_carea' id='block_1_55' title="bbox 320 5288 1906 5369">
    <p class='ocr_par' dir='ltr' id='par_1_55' title="bbox 320 5288 1906 5369">
     <span class='ocr_line' id='line_1_55' title="bbox 320 5288 1906 5369; baseline -0.013 -10"><span class='ocrx_word' id='word_1_455' title='bbox 320 5303 455 5359; x_wconf 87' lang='lat' dir='ltr'><strong>Data</strong></span> <span class='ocrx_word' id='word_1_456' title='bbox 481 5308 553 5360; x_wconf 84' lang='lat' dir='ltr'><strong>est</strong></span> <span class='ocrx_word' id='word_1_457' title='bbox 573 5301 698 5358; x_wconf 80' lang='lat' dir='ltr'><strong>mihi</strong></span> <span class='ocrx_word' id='word_1_458' title='bbox 717 5298 879 5355; x_wconf 84' lang='lat' dir='ltr'><strong>omnis</strong></span> <span class='ocrx_word' id='word_1_459' title='bbox 900 5302 1119 5369; x_wconf 81' lang='lat' dir='ltr'><strong>patestas</strong></span> <span class='ocrx_word' id='word_1_460' title='bbox 1145 5293 1198 5347; x_wconf 86' lang='lat' dir='ltr'><strong>in</strong></span> <span class='ocrx_word' id='word_1_461' title='bbox 1222 5288 1347 5345; x_wconf 62' lang='lat' dir='ltr'><strong>curto</strong></span> <span class='ocrx_word' id='word_1_462' title='bbox 1372 5297 1419 5342; x_wconf 93' lang='lat' dir='ltr'><strong>et</strong></span> <span class='ocrx_word' id='word_1_463' title='bbox 1443 5288 1496 5341; x_wconf 78' lang='lat' dir='ltr'><strong>in</strong></span> <span class='ocrx_word' id='word_1_464' title='bbox 1520 5290 1655 5339; x_wconf 84' lang='lat' dir='ltr'><strong>terra</strong></span> <span class='ocrx_word' id='word_1_465' title='bbox 1684 5298 1704 5339; x_wconf 90' lang='lat'><strong><em>:</em></strong></span> <span class='ocrx_word' id='word_1_466' title='bbox 1732 5291 1906 5339; x_wconf 80' lang='lat' dir='ltr'><strong>euntes</strong></span> 
     </span>
    </p>
   </div>
   <div class='ocr_carea' id='block_1_56' title="bbox 320 5373 1904 5466">
    <p class='ocr_par' dir='ltr' id='par_1_56' title="bbox 320 5373 1904 5466">
     <span class='ocr_line' id='line_1_56' title="bbox 320 5373 1904 5466; baseline -0.016 -12"><span class='ocrx_word' id='word_1_467' title='bbox 320 5399 490 5454; x_wconf 80' lang='lat' dir='ltr'><strong>docete</strong></span> <span class='ocrx_word' id='word_1_468' title='bbox 517 5411 689 5453; x_wconf 85' lang='lat' dir='ltr'><strong>omnes</strong></span> <span class='ocrx_word' id='word_1_469' title='bbox 713 5401 905 5466; x_wconf 79' lang='lat' dir='ltr'><strong>gentes,</strong></span> <span class='ocrx_word' id='word_1_470' title='bbox 952 5387 1263 5461; x_wconf 75' lang='lat' dir='ltr'><strong>baptizautes</strong></span> <span class='ocrx_word' id='word_1_471' title='bbox 1292 5397 1376 5437; x_wconf 86' lang='lat' dir='ltr'><strong>eos</strong></span> <span class='ocrx_word' id='word_1_472' title='bbox 1399 5383 1451 5435; x_wconf 85' lang='lat' dir='ltr'><strong>in</strong></span> <span class='ocrx_word' id='word_1_473' title='bbox 1478 5376 1679 5433; x_wconf 86' lang='lat' dir='ltr'><strong>nomine</strong></span> <span class='ocrx_word' id='word_1_474' title='bbox 1706 5373 1904 5445; x_wconf 80' lang='lat' dir='ltr'><strong>Patris,</strong></span> 
     </span>
    </p>
   </div>
   <div class='ocr_carea' id='block_1_57' title="bbox 381 5518 1460 5577">
    <p class='ocr_par' dir='ltr' id='par_1_57' title="bbox 381 5518 1460 5577">
     <span class='ocr_line' id='line_1_57' title="bbox 381 5518 1460 5577; baseline -0.012 1"><span class='ocrx_word' id='word_1_475' title='bbox 381 5535 401 5568; x_wconf 72' lang='grc' dir='ltr'><strong>ι</strong></span> <span class='ocrx_word' id='word_1_476' title='bbox 436 5532 569 5577; x_wconf 75' lang='lat' dir='ltr'><strong>Annd</strong></span> <span class='ocrx_word' id='word_1_477' title='bbox 589 5530 735 5577; x_wconf 74' lang='lat' dir='ltr'><strong>Lund.</strong></span> <span class='ocrx_word' id='word_1_478' title='bbox 758 5536 879 5577; x_wconf 79' lang='lat' dir='ltr'><strong>Ven.</strong></span> <span class='ocrx_word' id='word_1_479' title='bbox 901 5532 1036 5577; x_wconf 74' lang='grc' dir='ltr'>ων..</span> <span class='ocrx_word' id='word_1_480' title='bbox 1056 5518 1336 5577; x_wconf 71' lang='lat' dir='ltr'><strong>accipimus.</strong></span> <span class='ocrx_word' id='word_1_481' title='bbox 1404 5524 1460 5566; x_wconf 68' lang='lat' dir='ltr'><strong>tu.</strong></span> 
     </span>
    </p>
   </div>
   <div class='ocr_carea' id='block_1_58' title="bbox 381 5530 1373 5660">
    <p class='ocr_par' dir='ltr' id='par_1_58' title="bbox 381 5530 1373 5660">
     <span class='ocr_line' id='line_1_58' title="bbox 381 5530 1373 5660; baseline 0.001 0"><span class='ocrx_word' id='word_1_482' title='bbox 381 5530 1373 5660; x_wconf 44' lang='lat' dir='ltr'><strong>=mmmmmm</strong></span> 
     </span>
    </p>
   </div>
   <div class='ocr_carea' id='block_1_59' title="bbox 382 5633 1781 5717">
    <p class='ocr_par' dir='ltr' id='par_1_59' title="bbox 382 5633 1781 5717">
     <span class='ocr_line' id='line_1_59' title="bbox 382 5633 1781 5717; baseline -0.006 -9"><span class='ocrx_word' id='word_1_483' title='bbox 382 5659 406 5692; x_wconf 79' lang='grc'><em>³</em></span> <span class='ocrx_word' id='word_1_484' title='bbox 435 5633 1218 5717; x_wconf 51' lang='grc' dir='ltr'><strong>ἶιῖῗθάἵιίιῖεάέὗὸιὶεῗὸᾶζζαιιιέ</strong></span> <span class='ocrx_word' id='word_1_485' title='bbox 1231 5633 1781 5717; x_wconf 12' lang='grc' dir='ltr'><strong>οεζυιίᾳίαξᾳξιρμβιίξετξτ</strong></span> 
     </span>
    </p>
   </div>
   <div class='ocr_carea' id='block_1_60' title="bbox 382 5696 1910 5799">
    <p class='ocr_par' dir='ltr' id='par_1_60' title="bbox 382 5696 1910 5799">
     <span class='ocr_line' id='line_1_60' title="bbox 382 5696 1910 5770; baseline -0.018 2"><span class='ocrx_word' id='word_1_486' title='bbox 382 5720 406 5752; x_wconf 68' lang='grc' dir='ltr'>δ</span> <span class='ocrx_word' id='word_1_487' title='bbox 435 5696 489 5770; x_wconf 68' lang='lat' dir='ltr'><strong>i3</strong></span> <span class='ocrx_word' id='word_1_488' title='bbox 510 5696 1231 5769; x_wconf 48' lang='lat' dir='ltr'><strong>ii&#39;ééf&#39;isib&#39;i&#39;iéizarIréﬁmm.</strong></span> <span class='ocrx_word' id='word_1_489' title='bbox 1254 5706 1328 5756; x_wconf 83' lang='lat' dir='ltr'><strong>Sic</strong></span> <span class='ocrx_word' id='word_1_490' title='bbox 1364 5705 1412 5753; x_wconf 87' lang='lat' dir='ltr'><strong>in</strong></span> <span class='ocrx_word' id='word_1_491' title='bbox 1452 5696 1625 5751; x_wconf 83' lang='lat' dir='ltr'><strong>iisdem</strong></span> <span class='ocrx_word' id='word_1_492' title='bbox 1667 5696 1910 5748; x_wconf 78' lang='lat' dir='ltr'><strong>codicibus</strong></span> 
     </span>
     <span class='ocr_line' id='line_1_61' title="bbox 384 5753 1908 5799; baseline -0.009 13"><span class='ocrx_word' id='word_1_493' title='bbox 384 5797 455 5799; x_wconf 44' lang='grc' dir='ltr'><em>πί</em></span> <span class='ocrx_word' id='word_1_494' title='bbox 516 5781 579 5799; x_wconf 64' lang='grc' dir='ltr'><strong>μ·</strong></span> <span class='ocrx_word' id='word_1_495' title='bbox 621 5753 715 5799; x_wconf 55' lang='lat' dir='ltr'><strong>i-an</strong></span> <span class='ocrx_word' id='word_1_496' title='bbox 762 5793 788 5799; x_wconf 79' lang='grc'>.-</span> <span class='ocrx_word' id='word_1_497' title='bbox 836 5777 865 5799; x_wconf 80' lang='lat' dir='ltr'><strong>a</strong></span> <span class='ocrx_word' id='word_1_498' title='bbox 914 5782 955 5799; x_wconf 66' lang='grc' dir='ltr'>,ιι</span> <span class='ocrx_word' id='word_1_499' title='bbox 984 5768 1059 5799; x_wconf 72' lang='lat' dir='ltr'><strong>Mr</strong></span> <span class='ocrx_word' id='word_1_500' title='bbox 1095 5769 1189 5799; x_wconf 58' lang='lat' dir='ltr'><strong>&quot;ac</strong></span> <span class='ocrx_word' id='word_1_501' title='bbox 1230 5780 1260 5799; x_wconf 76' lang='grc' dir='ltr'><strong><em>η</em></strong></span> <span class='ocrx_word' id='word_1_502' title='bbox 1305 5765 1338 5799; x_wconf 82' lang='grc' dir='ltr'><strong>ο</strong></span> <span class='ocrx_word' id='word_1_503' title='bbox 1373 5757 1908 5799; x_wconf 68' lang='lat' dir='ltr'><strong>Mmﬁnnm-mimm</strong></span> 
     </span>
    </p>
   </div>
   <div class='ocr_carea' id='block_1_61' title="bbox 321 5757 1909 5845">
    <p class='ocr_par' dir='ltr' id='par_1_61' title="bbox 321 5757 1909 5845">
     <span class='ocr_line' id='line_1_62' title="bbox 321 5757 1909 5845; baseline -0.014 -11"><span class='ocrx_word' id='word_1_504' title='bbox 321 5757 489 5845; x_wconf 61' lang='grc' dir='ltr'><strong>ηιμ-ἔξ</strong></span> <span class='ocrx_word' id='word_1_505' title='bbox 507 5757 1079 5845; x_wconf 54' lang='grc' dir='ltr'><strong>ἷοῗῖῑὲῖξξῖιῘὸᾟέιῖόῐ.</strong></span> <span class='ocrx_word' id='word_1_506' title='bbox 1090 5757 1207 5835; x_wconf 57' lang='grc' dir='ltr'><strong>πε,</strong></span> <span class='ocrx_word' id='word_1_507' title='bbox 1230 5780 1280 5821; x_wconf 83' lang='grc' dir='ltr'>ιι.</span> <span class='ocrx_word' id='word_1_508' title='bbox 1305 5765 1357 5830; x_wconf 88' lang='lat'><strong>9,</strong></span> <span class='ocrx_word' id='word_1_509' title='bbox 1373 5765 1502 5819; x_wconf 72' lang='lat' dir='ltr'><strong>circa</strong></span> <span class='ocrx_word' id='word_1_510' title='bbox 1515 5761 1683 5825; x_wconf 84' lang='lat' dir='ltr'><strong>ﬁnem,</strong></span> <span class='ocrx_word' id='word_1_511' title='bbox 1702 5757 1775 5813; x_wconf 85' lang='lat' dir='ltr'><strong>uti</strong></span> <span class='ocrx_word' id='word_1_512' title='bbox 1796 5771 1909 5817; x_wconf 86' lang='lat' dir='ltr'><strong>cum</strong></span> 
     </span>
    </p>
   </div>
   <div class='ocr_carea' id='block_1_62' title="bbox 322 5838 1089 5910">
    <p class='ocr_par' dir='ltr' id='par_1_62' title="bbox 322 5838 1089 5910">
     <span class='ocr_line' id='line_1_63' title="bbox 322 5838 1089 5910; baseline -0.012 -11"><span class='ocrx_word' id='word_1_513' title='bbox 322 5838 591 5899; x_wconf 56' lang='lat' dir='ltr'><strong>meum</strong></span> <span class='ocrx_word' id='word_1_514' title='bbox 605 5843 769 5910; x_wconf 79' lang='lat' dir='ltr'><strong>jungit</strong></span> <span class='ocrx_word' id='word_1_515' title='bbox 790 5838 1089 5892; x_wconf 69' lang='lat' dir='ltr'><strong>animum.</strong></span> 
     </span>
    </p>
   </div>
   <div class='ocr_carea' id='block_1_63' title="bbox 641 5973 695 5989">
    <p class='ocr_par' dir='ltr' id='par_1_63' title="bbox 641 5973 695 5989">
     <span class='ocr_line' id='line_1_64' title="bbox 641 5973 695 5989; baseline 0 -10"><span class='ocrx_word' id='word_1_516' title='bbox 641 5973 673 5989; x_wconf 62' lang='grc' dir='ltr'><em>η</em></span> <span class='ocrx_word' id='word_1_517' title='bbox 692 5976 695 5979; x_wconf 75' lang='grc'><strong><em>,</em></strong></span> 
     </span>
    </p>
   </div>
   <div class='ocr_carea' id='block_1_64' title="bbox 1036 306 2751 371">
    <p class='ocr_par' dir='ltr' id='par_1_64' title="bbox 1036 306 2751 371">
     <span class='ocr_line' id='line_1_65' title="bbox 1036 306 2751 371; baseline -0.003 -2"><span class='ocrx_word' id='word_1_518' title='bbox 1036 308 1376 371; x_wconf 82' lang='lat' dir='ltr'><strong>COLLATIO</strong></span> <span class='ocrx_word' id='word_1_519' title='bbox 1410 308 1555 369; x_wconf 77' lang='lat' dir='ltr'><strong>CUM</strong></span> <span class='ocrx_word' id='word_1_520' title='bbox 1584 307 1927 368; x_wconf 72' lang='grc' dir='ltr'><strong>ΜΑΧΙΜΙΝΟ</strong></span> <span class='ocrx_word' id='word_1_521' title='bbox 1961 308 2370 369; x_wconf 77' lang='lat' dir='ltr'><strong>ARIANORUM</strong></span> <span class='ocrx_word' id='word_1_522' title='bbox 2400 306 2751 366; x_wconf 84' lang='lat' dir='ltr'><strong>EPISCOPO.</strong></span> 
     </span>
    </p>
   </div>
   <div class='ocr_carea' id='block_1_65' title="bbox 3431 309 3536 367">
    <p class='ocr_par' dir='ltr' id='par_1_65' title="bbox 3431 309 3536 367">
     <span class='ocr_line' id='line_1_66' title="bbox 3431 309 3536 367; baseline 0 0"><span class='ocrx_word' id='word_1_523' title='bbox 3431 309 3536 367; x_wconf 65' lang='grc'><strong>751</strong></span> 
     </span>
    </p>
   </div>
   <div class='ocr_carea' id='block_1_66' title="bbox 1963 421 3539 494">
    <p class='ocr_par' dir='ltr' id='par_1_66' title="bbox 1963 421 3539 494">
     <span class='ocr_line' id='line_1_67' title="bbox 1963 421 3539 494; baseline -0.002 -14"><span class='ocrx_word' id='word_1_524' title='bbox 1963 432 2008 480; x_wconf 85' lang='lat' dir='ltr'><strong>ct</strong></span> <span class='ocrx_word' id='word_1_525' title='bbox 2032 422 2172 489; x_wconf 80' lang='lat' dir='ltr'><strong>Filii,</strong></span> <span class='ocrx_word' id='word_1_526' title='bbox 2197 432 2243 477; x_wconf 90' lang='lat' dir='ltr'><strong>et</strong></span> <span class='ocrx_word' id='word_1_527' title='bbox 2272 424 2495 494; x_wconf 86' lang='lat' dir='ltr'><strong>Spiritus</strong></span> <span class='ocrx_word' id='word_1_528' title='bbox 2534 423 2728 487; x_wconf 89' lang='lat' dir='ltr'><strong>sancti,</strong></span> <span class='ocrx_word' id='word_1_529' title='bbox 2754 421 2986 478; x_wconf 76' lang='lat' dir='ltr'><strong>docentes</strong></span> <span class='ocrx_word' id='word_1_530' title='bbox 3023 438 3106 477; x_wconf 85' lang='lat' dir='ltr'><strong>eos</strong></span> <span class='ocrx_word' id='word_1_531' title='bbox 3142 437 3337 477; x_wconf 80' lang='lat' dir='ltr'><strong>servare</strong></span> <span class='ocrx_word' id='word_1_532' title='bbox 3371 425 3539 478; x_wconf 88' lang='lat' dir='ltr'><strong>omnia</strong></span> 
     </span>
    </p>
   </div>
   <div class='ocr_carea' id='block_1_67' title="bbox 1963 510 3540 587">
    <p class='ocr_par' dir='ltr' id='par_1_67' title="bbox 1963 510 3540 587">
     <span class='ocr_line' id='line_1_68' title="bbox 1963 510 3540 587; baseline 0.002 -20"><span class='ocrx_word' id='word_1_533' title='bbox 1963 532 2285 587; x_wconf 70' lang='lat' dir='ltr'><strong>qua’cumque</strong></span> <span class='ocrx_word' id='word_1_534' title='bbox 2314 515 2546 568; x_wconf 83' lang='lat' dir='ltr'><strong>mandavi</strong></span> <span class='ocrx_word' id='word_1_535' title='bbox 2592 513 2727 569; x_wconf 81' lang='lat' dir='ltr'><strong>vobis</strong></span> <span class='ocrx_word' id='word_1_536' title='bbox 2767 510 2978 587; x_wconf 78' lang='lat' dir='ltr'><strong>(Matth.</strong></span> <span class='ocrx_word' id='word_1_537' title='bbox 3013 530 3200 580; x_wconf 78' lang='lat' dir='ltr'><strong>xxvm,</strong></span> <span class='ocrx_word' id='word_1_538' title='bbox 3234 512 3444 585; x_wconf 67' lang='lat'><strong>18-20).</strong></span> <span class='ocrx_word' id='word_1_539' title='bbox 3474 514 3540 570; x_wconf 77' lang='lat' dir='ltr'><strong>Et</strong></span> 
     </span>
    </p>
   </div>
   <div class='ocr_carea' id='block_1_68' title="bbox 1963 604 3537 677">
    <p class='ocr_par' dir='ltr' id='par_1_68' title="bbox 1963 604 3537 677">
     <span class='ocr_line' id='line_1_69' title="bbox 1963 604 3537 677; baseline 0.001 -16"><span class='ocrx_word' id='word_1_540' title='bbox 1963 608 2007 662; x_wconf 90' lang='lat' dir='ltr'><strong>si</strong></span> <span class='ocrx_word' id='word_1_541' title='bbox 2053 607 2218 662; x_wconf 77' lang='lat' dir='ltr'><strong>Filius</strong></span> <span class='ocrx_word' id='word_1_542' title='bbox 2250 606 2558 663; x_wconf 85' lang='lat' dir='ltr'><strong>humilitatis</strong></span> <span class='ocrx_word' id='word_1_543' title='bbox 2584 608 2750 677; x_wconf 86' lang='lat' dir='ltr'><strong>gratia</strong></span> <span class='ocrx_word' id='word_1_544' title='bbox 2775 616 2829 664; x_wconf 88' lang='lat' dir='ltr'><strong>et</strong></span> <span class='ocrx_word' id='word_1_545' title='bbox 2854 624 2959 664; x_wconf 92' lang='lat' dir='ltr'><strong>non</strong></span> <span class='ocrx_word' id='word_1_546' title='bbox 2986 606 3223 664; x_wconf 86' lang='lat' dir='ltr'><strong>veritatis</strong></span> <span class='ocrx_word' id='word_1_547' title='bbox 3253 604 3353 663; x_wconf 91' lang='lat' dir='ltr'><strong>hoc</strong></span> <span class='ocrx_word' id='word_1_548' title='bbox 3383 609 3537 677; x_wconf 88' lang='lat' dir='ltr'><strong>dixit,</strong></span> 
     </span>
    </p>
   </div>
   <div class='ocr_carea' id='block_1_69' title="bbox 1964 694 3543 771">
    <p class='ocr_par' dir='ltr' id='par_1_69' title="bbox 1964 694 3543 771">
     <span class='ocr_line' id='line_1_70' title="bbox 1964 694 3543 771; baseline -0.001 -16"><span class='ocrx_word' id='word_1_549' title='bbox 1964 715 2058 756; x_wconf 87' lang='lat' dir='ltr'><strong>cur</strong></span> <span class='ocrx_word' id='word_1_550' title='bbox 2082 715 2242 754; x_wconf 86' lang='lat' dir='ltr'><strong>ausus</strong></span> <span class='ocrx_word' id='word_1_551' title='bbox 2284 696 2382 754; x_wconf 81' lang='lat' dir='ltr'><strong>fuit</strong></span> <span class='ocrx_word' id='word_1_552' title='bbox 2423 700 2709 770; x_wconf 77' lang='lat' dir='ltr'><strong>Apostolus</strong></span> <span class='ocrx_word' id='word_1_553' title='bbox 2739 698 2923 755; x_wconf 88' lang='lat' dir='ltr'><strong>eadem</strong></span> <span class='ocrx_word' id='word_1_554' title='bbox 2960 709 3202 771; x_wconf 90' lang='lat' dir='ltr'><strong>repetere</strong></span> <span class='ocrx_word' id='word_1_555' title='bbox 3228 707 3282 754; x_wconf 87' lang='lat' dir='ltr'><strong>et</strong></span> <span class='ocrx_word' id='word_1_556' title='bbox 3319 694 3500 754; x_wconf 89' lang='lat' dir='ltr'><strong>dicere</strong></span> <span class='ocrx_word' id='word_1_557' title='bbox 3526 739 3543 767; x_wconf 93' lang='lat'><strong>,</strong></span> 
     </span>
    </p>
   </div>
   <div class='ocr_carea' id='block_1_70' title="bbox 1969 782 3544 865">
    <p class='ocr_par' dir='ltr' id='par_1_70' title="bbox 1969 782 3544 865">
     <span class='ocr_line' id='line_1_71' title="bbox 1969 782 3544 865; baseline -0.003 -16"><span class='ocrx_word' id='word_1_558' title='bbox 1969 786 2038 849; x_wconf 84' lang='lat' dir='ltr'><strong>Ut</strong></span> <span class='ocrx_word' id='word_1_559' title='bbox 2054 791 2189 847; x_wconf 86' lang='lat' dir='ltr'><strong>Deus</strong></span> <span class='ocrx_word' id='word_1_560' title='bbox 2210 789 2417 846; x_wconf 86' lang='lat' dir='ltr'><strong>Domini</strong></span> <span class='ocrx_word' id='word_1_561' title='bbox 2441 792 2599 847; x_wconf 85' lang='lat' dir='ltr'><strong>nostri</strong></span> <span class='ocrx_word' id='word_1_562' title='bbox 2620 782 2655 845; x_wconf 73' lang='grc'>,1</span> <span class='ocrx_word' id='word_1_563' title='bbox 2659 809 2745 846; x_wconf 85' lang='lat' dir='ltr'><strong>esu</strong></span> <span class='ocrx_word' id='word_1_564' title='bbox 2762 792 2945 846; x_wconf 80' lang='lat' dir='ltr'><strong>Christi</strong></span> <span class='ocrx_word' id='word_1_565' title='bbox 2964 782 3120 845; x_wconf 80' lang='lat' dir='ltr'><strong>Pater</strong></span> <span class='ocrx_word' id='word_1_566' title='bbox 3135 788 3310 865; x_wconf 76' lang='lat' dir='ltr'><strong>gloria:</strong></span> <span class='ocrx_word' id='word_1_567' title='bbox 3327 782 3544 863; x_wconf 77' lang='lat' dir='ltr'><strong>(Ephes.</strong></span> 
     </span>
    </p>
   </div>
   <div class='ocr_carea' id='block_1_71' title="bbox 1967 872 3546 957">
    <p class='ocr_par' dir='ltr' id='par_1_71' title="bbox 1967 872 3546 957">
     <span class='ocr_line' id='line_1_72' title="bbox 1967 872 3546 957; baseline -0.003 -19"><span class='ocrx_word' id='word_1_568' title='bbox 1967 900 2007 952; x_wconf 88' lang='grc' dir='ltr'><strong>ι,</strong></span> <span class='ocrx_word' id='word_1_569' title='bbox 2040 880 2175 957; x_wconf 82' lang='lat' dir='ltr'><strong>l7)?</strong></span> <span class='ocrx_word' id='word_1_570' title='bbox 2205 883 2309 939; x_wconf 81' lang='lat' dir='ltr'><strong>Aut</strong></span> <span class='ocrx_word' id='word_1_571' title='bbox 2350 891 2528 949; x_wconf 88' lang='lat' dir='ltr'><strong>certe,</strong></span> <span class='ocrx_word' id='word_1_572' title='bbox 2558 878 2695 937; x_wconf 87' lang='lat' dir='ltr'><strong>Deus</strong></span> <span class='ocrx_word' id='word_1_573' title='bbox 2724 892 2769 937; x_wconf 91' lang='lat' dir='ltr'><strong>et</strong></span> <span class='ocrx_word' id='word_1_574' title='bbox 2802 880 2956 937; x_wconf 89' lang='lat' dir='ltr'><strong>Pater</strong></span> <span class='ocrx_word' id='word_1_575' title='bbox 2998 874 3208 937; x_wconf 86' lang='lat' dir='ltr'><strong>Domini</strong></span> <span class='ocrx_word' id='word_1_576' title='bbox 3238 884 3393 936; x_wconf 81' lang='lat' dir='ltr'><strong>nostri</strong></span> <span class='ocrx_word' id='word_1_577' title='bbox 3416 872 3546 935; x_wconf 68' lang='lat' dir='ltr'><strong>Iesu</strong></span> 
     </span>
    </p>
   </div>
   <div class='ocr_carea' id='block_1_72' title="bbox 1969 968 3550 1048">
    <p class='ocr_par' dir='ltr' id='par_1_72' title="bbox 1969 968 3550 1048">
     <span class='ocr_line' id='line_1_73' title="bbox 1969 968 3550 1048; baseline -0.004 -16"><span class='ocrx_word' id='word_1_578' title='bbox 1969 977 2153 1033; x_wconf 82' lang='lat' dir='ltr'><strong>Christi</strong></span> <span class='ocrx_word' id='word_1_579' title='bbox 2174 978 2283 1041; x_wconf 89' lang='lat' dir='ltr'><strong>scit,</strong></span> <span class='ocrx_word' id='word_1_580' title='bbox 2313 978 2399 1048; x_wconf 88' lang='lat' dir='ltr'><strong>qui</strong></span> <span class='ocrx_word' id='word_1_581' title='bbox 2419 985 2488 1030; x_wconf 89' lang='lat' dir='ltr'><strong>est</strong></span> <span class='ocrx_word' id='word_1_582' title='bbox 2514 975 2799 1030; x_wconf 77' lang='lat' dir='ltr'><strong>benedictus</strong></span> <span class='ocrx_word' id='word_1_583' title='bbox 2823 976 2875 1029; x_wconf 87' lang='lat' dir='ltr'><strong>in</strong></span> <span class='ocrx_word' id='word_1_584' title='bbox 2899 975 3083 1029; x_wconf 67' lang='lat' dir='ltr'><strong>saecula</strong></span> <span class='ocrx_word' id='word_1_585' title='bbox 3106 972 3168 1045; x_wconf 86' lang='lat' dir='ltr'><strong>(ll</strong></span> <span class='ocrx_word' id='word_1_586' title='bbox 3190 972 3310 1029; x_wconf 83' lang='lat' dir='ltr'><strong>Cor.</strong></span> <span class='ocrx_word' id='word_1_587' title='bbox 3333 990 3410 1040; x_wconf 79' lang='lat' dir='ltr'><strong>XI,</strong></span> <span class='ocrx_word' id='word_1_588' title='bbox 3428 968 3550 1045; x_wconf 74' lang='lat' dir='ltr'><strong>5i)?</strong></span> 
     </span>
    </p>
   </div>
   <div class='ocr_carea' id='block_1_73' title="bbox 1968 1064 3550 1136">
    <p class='ocr_par' dir='ltr' id='par_1_73' title="bbox 1968 1064 3550 1136">
     <span class='ocr_line' id='line_1_74' title="bbox 1968 1064 3550 1136; baseline -0.005 -12"><span class='ocrx_word' id='word_1_589' title='bbox 1968 1069 2206 1131; x_wconf 82' lang='lat' dir='ltr'><strong>Necaon,</strong></span> <span class='ocrx_word' id='word_1_590' title='bbox 2243 1067 2309 1123; x_wconf 85' lang='lat' dir='ltr'><strong>Ut</strong></span> <span class='ocrx_word' id='word_1_591' title='bbox 2337 1064 2602 1123; x_wconf 83' lang='lat' dir='ltr'><strong>unanimes</strong></span> <span class='ocrx_word' id='word_1_592' title='bbox 2631 1069 2681 1121; x_wconf 87' lang='lat' dir='ltr'><strong>iu</strong></span> <span class='ocrx_word' id='word_1_593' title='bbox 2710 1084 2808 1120; x_wconf 89' lang='lat' dir='ltr'><strong>uno</strong></span> <span class='ocrx_word' id='word_1_594' title='bbox 2835 1084 2920 1120; x_wconf 89' lang='lat' dir='ltr'><strong>ore</strong></span> <span class='ocrx_word' id='word_1_595' title='bbox 2947 1066 3284 1136; x_wconf 77' lang='lat' dir='ltr'><strong>Itonori/icetis</strong></span> <span class='ocrx_word' id='word_1_596' title='bbox 3314 1064 3474 1118; x_wconf 86' lang='lat' dir='ltr'><strong>Deum</strong></span> <span class='ocrx_word' id='word_1_597' title='bbox 3505 1073 3550 1117; x_wconf 89' lang='lat' dir='ltr'><strong>et</strong></span> 
     </span>
    </p>
   </div>
   <div class='ocr_carea' id='block_1_74' title="bbox 1971 1154 3553 1227">
    <p class='ocr_par' dir='ltr' id='par_1_74' title="bbox 1971 1154 3553 1227">
     <span class='ocr_line' id='line_1_75' title="bbox 1971 1154 3553 1227; baseline -0.004 -14"><span class='ocrx_word' id='word_1_598' title='bbox 1971 1154 2179 1214; x_wconf 88' lang='lat' dir='ltr'><strong>Patrem</strong></span> <span class='ocrx_word' id='word_1_599' title='bbox 2207 1157 2413 1213; x_wconf 86' lang='lat' dir='ltr'><strong>Domini</strong></span> <span class='ocrx_word' id='word_1_600' title='bbox 2437 1158 2596 1213; x_wconf 78' lang='lat' dir='ltr'><strong>nostri</strong></span> <span class='ocrx_word' id='word_1_601' title='bbox 2626 1155 2750 1214; x_wconf 83' lang='lat' dir='ltr'><strong>Jcsu</strong></span> <span class='ocrx_word' id='word_1_602' title='bbox 2782 1154 2966 1212; x_wconf 85' lang='lat' dir='ltr'><strong>Christi</strong></span> <span class='ocrx_word' id='word_1_603' title='bbox 2984 1158 3161 1227; x_wconf 80' lang='lat' dir='ltr'><strong>(Rom.</strong></span> <span class='ocrx_word' id='word_1_604' title='bbox 3205 1170 3297 1222; x_wconf 80' lang='lat' dir='ltr'><strong>xv,</strong></span> <span class='ocrx_word' id='word_1_605' title='bbox 3332 1154 3433 1225; x_wconf 74' lang='lat'><strong>6)?</strong></span> <span class='ocrx_word' id='word_1_606' title='bbox 3460 1154 3553 1207; x_wconf 87' lang='lat' dir='ltr'><strong>ad-</strong></span> 
     </span>
    </p>
   </div>
   <div class='ocr_carea' id='block_1_75' title="bbox 1971 1242 3553 1322">
    <p class='ocr_par' dir='ltr' id='par_1_75' title="bbox 1971 1242 3553 1322">
     <span class='ocr_line' id='line_1_76' title="bbox 1971 1242 3553 1322; baseline -0.004 -17"><span class='ocrx_word' id='word_1_607' title='bbox 1971 1251 2075 1305; x_wconf 89' lang='lat' dir='ltr'><strong>huc</strong></span> <span class='ocrx_word' id='word_1_608' title='bbox 2100 1259 2275 1306; x_wconf 86' lang='lat' dir='ltr'><strong>autem</strong></span> <span class='ocrx_word' id='word_1_609' title='bbox 2306 1260 2554 1322; x_wconf 81' lang='lat' dir='ltr'><strong>aggregat</strong></span> <span class='ocrx_word' id='word_1_610' title='bbox 2579 1258 2632 1304; x_wconf 92' lang='lat' dir='ltr'><strong>et</strong></span> <span class='ocrx_word' id='word_1_611' title='bbox 2657 1248 2803 1313; x_wconf 90' lang='lat' dir='ltr'><strong>dicit,</strong></span> <span class='ocrx_word' id='word_1_612' title='bbox 2834 1244 3133 1303; x_wconf 84' lang='lat' dir='ltr'><strong>Benedictus</strong></span> <span class='ocrx_word' id='word_1_613' title='bbox 3162 1248 3298 1303; x_wconf 86' lang='lat' dir='ltr'><strong>Deus</strong></span> <span class='ocrx_word' id='word_1_614' title='bbox 3322 1256 3367 1302; x_wconf 88' lang='lat' dir='ltr'><strong>ct</strong></span> <span class='ocrx_word' id='word_1_615' title='bbox 3396 1242 3553 1300; x_wconf 87' lang='lat' dir='ltr'><strong>Pater</strong></span> 
     </span>
    </p>
   </div>
   <div class='ocr_carea' id='block_1_76' title="bbox 1971 1336 3556 1413">
    <p class='ocr_par' dir='ltr' id='par_1_76' title="bbox 1971 1336 3556 1413">
     <span class='ocr_line' id='line_1_77' title="bbox 1971 1336 3556 1413; baseline -0.002 -17"><span class='ocrx_word' id='word_1_616' title='bbox 1971 1340 2176 1396; x_wconf 85' lang='lat' dir='ltr'><strong>Domini</strong></span> <span class='ocrx_word' id='word_1_617' title='bbox 2204 1342 2363 1397; x_wconf 86' lang='lat' dir='ltr'><strong>nostri</strong></span> <span class='ocrx_word' id='word_1_618' title='bbox 2391 1339 2516 1396; x_wconf 84' lang='lat' dir='ltr'><strong>Jesu</strong></span> <span class='ocrx_word' id='word_1_619' title='bbox 2543 1336 2731 1397; x_wconf 79' lang='lat' dir='ltr'><strong>Christi</strong></span> <span class='ocrx_word' id='word_1_620' title='bbox 2760 1340 2823 1413; x_wconf 93' lang='lat' dir='ltr'><strong>(ll</strong></span> <span class='ocrx_word' id='word_1_621' title='bbox 2853 1336 2969 1396; x_wconf 90' lang='lat' dir='ltr'><strong>Cor.</strong></span> <span class='ocrx_word' id='word_1_622' title='bbox 2996 1352 3032 1404; x_wconf 84' lang='grc' dir='ltr'><strong>ι,</strong></span> <span class='ocrx_word' id='word_1_623' title='bbox 3063 1338 3166 1413; x_wconf 78' lang='lat'><strong>5)?</strong></span> <span class='ocrx_word' id='word_1_624' title='bbox 3196 1340 3302 1396; x_wconf 88' lang='lat' dir='ltr'><strong>Cur</strong></span> <span class='ocrx_word' id='word_1_625' title='bbox 3329 1355 3461 1395; x_wconf 87' lang='lat' dir='ltr'><strong>sane</strong></span> <span class='ocrx_word' id='word_1_626' title='bbox 3500 1349 3556 1393; x_wconf 86' lang='lat' dir='ltr'><strong>et</strong></span> 
     </span>
    </p>
   </div>
   <div class='ocr_carea' id='block_1_77' title="bbox 1972 1430 3555 1505">
    <p class='ocr_par' dir='ltr' id='par_1_77' title="bbox 1972 1430 3555 1505">
     <span class='ocr_line' id='line_1_78' title="bbox 1972 1430 3555 1505; baseline -0.003 -14"><span class='ocrx_word' id='word_1_627' title='bbox 1972 1446 2095 1492; x_wconf 91' lang='lat' dir='ltr'><strong>ante</strong></span> <span class='ocrx_word' id='word_1_628' title='bbox 2126 1435 2542 1491; x_wconf 88' lang='lat' dir='ltr'><strong>incarnationem</strong></span> <span class='ocrx_word' id='word_1_629' title='bbox 2570 1432 2763 1490; x_wconf 90' lang='lat' dir='ltr'><strong>Christi</strong></span> <span class='ocrx_word' id='word_1_630' title='bbox 2808 1435 2967 1490; x_wconf 88' lang='lat' dir='ltr'><strong>etiam</strong></span> <span class='ocrx_word' id='word_1_631' title='bbox 2998 1430 3225 1505; x_wconf 90' lang='lat' dir='ltr'><strong>Spiritus</strong></span> <span class='ocrx_word' id='word_1_632' title='bbox 3252 1440 3465 1488; x_wconf 85' lang='lat' dir='ltr'><strong>sanctus</strong></span> <span class='ocrx_word' id='word_1_633' title='bbox 3489 1430 3555 1486; x_wconf 87' lang='lat' dir='ltr'><strong>ad</strong></span> 
     </span>
    </p>
   </div>
   <div class='ocr_carea' id='block_1_78' title="bbox 1973 1516 3554 1599">
    <p class='ocr_par' dir='ltr' id='par_1_78' title="bbox 1973 1516 3554 1599">
     <span class='ocr_line' id='line_1_79' title="bbox 1973 1516 3554 1599; baseline -0.003 -16"><span class='ocrx_word' id='word_1_634' title='bbox 1973 1528 2165 1583; x_wconf 80' lang='lat' dir='ltr'><strong>Filium</strong></span> <span class='ocrx_word' id='word_1_635' title='bbox 2197 1528 2409 1584; x_wconf 87' lang='lat' dir='ltr'><strong>dicebat</strong></span> <span class='ocrx_word' id='word_1_636' title='bbox 2438 1570 2453 1583; x_wconf 94' lang='lat'><strong>.</strong></span> <span class='ocrx_word' id='word_1_637' title='bbox 2484 1522 2758 1599; x_wconf 76' lang='lat' dir='ltr'><strong>PrOpIerea</strong></span> <span class='ocrx_word' id='word_1_638' title='bbox 2810 1529 2955 1581; x_wconf 72' lang='lat' dir='ltr'><strong>unxit</strong></span> <span class='ocrx_word' id='word_1_639' title='bbox 2994 1536 3039 1580; x_wconf 90' lang='lat' dir='ltr'><strong>te</strong></span> <span class='ocrx_word' id='word_1_640' title='bbox 3079 1526 3245 1593; x_wconf 86' lang='lat' dir='ltr'><strong>Deus,</strong></span> <span class='ocrx_word' id='word_1_641' title='bbox 3278 1516 3411 1579; x_wconf 85' lang='lat' dir='ltr'><strong>Deus</strong></span> <span class='ocrx_word' id='word_1_642' title='bbox 3440 1531 3554 1579; x_wconf 82' lang='lat' dir='ltr'><strong>tuus</strong></span> 
     </span>
    </p>
   </div>
   <div class='ocr_carea' id='block_1_79' title="bbox 1976 1619 3559 1696">
    <p class='ocr_par' dir='ltr' id='par_1_79' title="bbox 1976 1619 3559 1696">
     <span class='ocr_line' id='line_1_80' title="bbox 1976 1619 3559 1696; baseline -0.005 -20"><span class='ocrx_word' id='word_1_643' title='bbox 1976 1619 2145 1696; x_wconf 87' lang='lat' dir='ltr'><strong>(Psal.</strong></span> <span class='ocrx_word' id='word_1_644' title='bbox 2176 1638 2320 1688; x_wconf 84' lang='lat' dir='ltr'><strong>thv,</strong></span> <span class='ocrx_word' id='word_1_645' title='bbox 2350 1621 2445 1692; x_wconf 87' lang='lat'><strong>8)?</strong></span> <span class='ocrx_word' id='word_1_646' title='bbox 2474 1621 2641 1689; x_wconf 84' lang='lat' dir='ltr'><strong>Quam</strong></span> <span class='ocrx_word' id='word_1_647' title='bbox 2667 1619 2993 1683; x_wconf 80' lang='lat' dir='ltr'><strong>unctionem,</strong></span> <span class='ocrx_word' id='word_1_648' title='bbox 3016 1619 3257 1689; x_wconf 85' lang='lat' dir='ltr'><strong>quamvis</strong></span> <span class='ocrx_word' id='word_1_649' title='bbox 3277 1632 3559 1688; x_wconf 87' lang='lat' dir='ltr'><strong>argumen-</strong></span> 
     </span>
    </p>
   </div>
   <div class='ocr_carea' id='block_1_80' title="bbox 1977 1707 3556 1781">
    <p class='ocr_par' dir='ltr' id='par_1_80' title="bbox 1977 1707 3556 1781">
     <span class='ocr_line' id='line_1_81' title="bbox 1977 1707 3556 1781; baseline -0.003 -14"><span class='ocrx_word' id='word_1_650' title='bbox 1977 1714 2075 1767; x_wconf 89' lang='lat' dir='ltr'><strong>tari</strong></span> <span class='ocrx_word' id='word_1_651' title='bbox 2103 1713 2357 1779; x_wconf 87' lang='lat' dir='ltr'><strong>volueris,</strong></span> <span class='ocrx_word' id='word_1_652' title='bbox 2391 1711 2615 1781; x_wconf 89' lang='lat' dir='ltr'><strong>probare</strong></span> <span class='ocrx_word' id='word_1_653' title='bbox 2647 1726 2753 1765; x_wconf 89' lang='lat' dir='ltr'><strong>non</strong></span> <span class='ocrx_word' id='word_1_654' title='bbox 2775 1709 2971 1780; x_wconf 80' lang='lat' dir='ltr'><strong>pateris</strong></span> <span class='ocrx_word' id='word_1_655' title='bbox 2995 1710 3047 1763; x_wconf 91' lang='lat' dir='ltr'><strong>in</strong></span> <span class='ocrx_word' id='word_1_656' title='bbox 3072 1723 3297 1780; x_wconf 88' lang='lat' dir='ltr'><strong>corpore</strong></span> <span class='ocrx_word' id='word_1_657' title='bbox 3323 1707 3512 1762; x_wconf 86' lang='lat' dir='ltr'><strong>factam</strong></span> <span class='ocrx_word' id='word_1_658' title='bbox 3541 1722 3556 1762; x_wconf 87' lang='lat'><strong>:</strong></span> 
     </span>
    </p>
   </div>
   <div class='ocr_carea' id='block_1_81' title="bbox 1976 1798 3561 1877">
    <p class='ocr_par' dir='ltr' id='par_1_81' title="bbox 1976 1798 3561 1877">
     <span class='ocr_line' id='line_1_82' title="bbox 1976 1798 3561 1877; baseline -0.004 -17"><span class='ocrx_word' id='word_1_659' title='bbox 1976 1804 2235 1877; x_wconf 87' lang='lat' dir='ltr'><strong>siquidem</strong></span> <span class='ocrx_word' id='word_1_660' title='bbox 2264 1806 2584 1876; x_wconf 85' lang='lat' dir='ltr'><strong>baptizatum</strong></span> <span class='ocrx_word' id='word_1_661' title='bbox 2611 1804 2833 1875; x_wconf 81' lang='lat' dir='ltr'><strong>legimus</strong></span> <span class='ocrx_word' id='word_1_662' title='bbox 2859 1798 3070 1876; x_wconf 77' lang='lat' dir='ltr'><strong>(Matth.</strong></span> <span class='ocrx_word' id='word_1_663' title='bbox 3101 1818 3177 1867; x_wconf 88' lang='grc' dir='ltr'>ιιι,</span> <span class='ocrx_word' id='word_1_664' title='bbox 3202 1802 3314 1872; x_wconf 78' lang='grc'>16),</span> <span class='ocrx_word' id='word_1_665' title='bbox 3345 1810 3561 1855; x_wconf 87' lang='lat' dir='ltr'><strong>unctum</strong></span> 
     </span>
    </p>
   </div>
   <div class='ocr_carea' id='block_1_82' title="bbox 1976 1893 3560 1968">
    <p class='ocr_par' dir='ltr' id='par_1_82' title="bbox 1976 1893 3560 1968">
     <span class='ocr_line' id='line_1_83' title="bbox 1976 1893 3560 1968; baseline -0.004 -15"><span class='ocrx_word' id='word_1_666' title='bbox 1976 1908 2154 1953; x_wconf 88' lang='lat' dir='ltr'><strong>autem</strong></span> <span class='ocrx_word' id='word_1_667' title='bbox 2188 1914 2292 1952; x_wconf 91' lang='lat' dir='ltr'><strong>non</strong></span> <span class='ocrx_word' id='word_1_668' title='bbox 2319 1898 2543 1968; x_wconf 81' lang='lat' dir='ltr'><strong>legimus</strong></span> <span class='ocrx_word' id='word_1_669' title='bbox 2570 1896 2621 1951; x_wconf 90' lang='lat' dir='ltr'><strong>in</strong></span> <span class='ocrx_word' id='word_1_670' title='bbox 2652 1910 2897 1967; x_wconf 87' lang='lat' dir='ltr'><strong>corpore.</strong></span> <span class='ocrx_word' id='word_1_671' title='bbox 2928 1894 3033 1950; x_wconf 91' lang='lat' dir='ltr'><strong>Sed</strong></span> <span class='ocrx_word' id='word_1_672' title='bbox 3062 1910 3125 1949; x_wconf 81' lang='lat' dir='ltr'><strong>ex</strong></span> <span class='ocrx_word' id='word_1_673' title='bbox 3166 1894 3278 1964; x_wconf 86' lang='lat' dir='ltr'><strong>ipsa</strong></span> <span class='ocrx_word' id='word_1_674' title='bbox 3308 1893 3560 1961; x_wconf 89' lang='lat' dir='ltr'><strong>lectione,</strong></span> 
     </span>
    </p>
   </div>
   <div class='ocr_carea' id='block_1_83' title="bbox 1978 1988 3558 2059">
    <p class='ocr_par' dir='ltr' id='par_1_83' title="bbox 1978 1988 3558 2059">
     <span class='ocr_line' id='line_1_84' title="bbox 1978 1988 3558 2059; baseline -0.004 -14"><span class='ocrx_word' id='word_1_675' title='bbox 1978 2009 2096 2047; x_wconf 87' lang='lat' dir='ltr'><strong>cum</strong></span> <span class='ocrx_word' id='word_1_676' title='bbox 2120 1992 2279 2055; x_wconf 75' lang='lat' dir='ltr'><strong>dicat,</strong></span> <span class='ocrx_word' id='word_1_677' title='bbox 2317 1988 2593 2059; x_wconf 83' lang='lat' dir='ltr'><strong>Propterea</strong></span> <span class='ocrx_word' id='word_1_678' title='bbox 2622 1990 2731 2044; x_wconf 83' lang='lat' dir='ltr'><strong>oleo</strong></span> <span class='ocrx_word' id='word_1_679' title='bbox 2762 1988 2948 2044; x_wconf 73' lang='lat' dir='ltr'><strong>lcetitiw</strong></span> <span class='ocrx_word' id='word_1_680' title='bbox 2977 1988 3117 2041; x_wconf 72' lang='lat' dir='ltr'><strong>unxit</strong></span> <span class='ocrx_word' id='word_1_681' title='bbox 3147 1995 3193 2041; x_wconf 92' lang='lat' dir='ltr'><strong>te</strong></span> <span class='ocrx_word' id='word_1_682' title='bbox 3220 2002 3325 2058; x_wconf 70' lang='lat' dir='ltr'><strong>prae</strong></span> <span class='ocrx_word' id='word_1_683' title='bbox 3347 2002 3558 2040; x_wconf 90' lang='lat' dir='ltr'><strong>consor-</strong></span> 
     </span>
    </p>
   </div>
   <div class='ocr_carea' id='block_1_84' title="bbox 1978 2076 3563 2151">
    <p class='ocr_par' dir='ltr' id='par_1_84' title="bbox 1978 2076 3563 2151">
     <span class='ocr_line' id='line_1_85' title="bbox 1978 2076 3563 2151; baseline -0.003 -14"><span class='ocrx_word' id='word_1_684' title='bbox 1978 2083 2109 2139; x_wconf 82' lang='lat' dir='ltr'><strong>tibus</strong></span> <span class='ocrx_word' id='word_1_685' title='bbox 2133 2082 2250 2148; x_wconf 83' lang='lat' dir='ltr'><strong>tuis,</strong></span> <span class='ocrx_word' id='word_1_686' title='bbox 2277 2080 2434 2149; x_wconf 85' lang='lat' dir='ltr'><strong>Deus,</strong></span> <span class='ocrx_word' id='word_1_687' title='bbox 2457 2078 2593 2137; x_wconf 88' lang='lat' dir='ltr'><strong>Dens</strong></span> <span class='ocrx_word' id='word_1_688' title='bbox 2613 2086 2729 2135; x_wconf 88' lang='lat' dir='ltr'><strong>tuus</strong></span> <span class='ocrx_word' id='word_1_689' title='bbox 2751 2098 2768 2135; x_wconf 89' lang='lat'><strong><em>:</em></strong></span> <span class='ocrx_word' id='word_1_690' title='bbox 2789 2076 2968 2151; x_wconf 84' lang='lat' dir='ltr'><strong>utique</strong></span> <span class='ocrx_word' id='word_1_691' title='bbox 2992 2078 3289 2135; x_wconf 90' lang='lat' dir='ltr'><strong>ostenditur</strong></span> <span class='ocrx_word' id='word_1_692' title='bbox 3311 2078 3563 2150; x_wconf 91' lang='lat' dir='ltr'><strong>quoniam</strong></span> 
     </span>
    </p>
   </div>
   <div class='ocr_carea' id='block_1_85' title="bbox 1978 2168 3566 2250">
    <p class='ocr_par' dir='ltr' id='par_1_85' title="bbox 1978 2168 3566 2250">
     <span class='ocr_line' id='line_1_86' title="bbox 1978 2168 3566 2250; baseline -0.006 -17"><span class='ocrx_word' id='word_1_693' title='bbox 1978 2177 2175 2234; x_wconf 63' lang='lat' dir='ltr'><strong>laetitia!</strong></span> <span class='ocrx_word' id='word_1_694' title='bbox 2202 2176 2374 2233; x_wconf 92' lang='lat' dir='ltr'><strong>oleum</strong></span> <span class='ocrx_word' id='word_1_695' title='bbox 2409 2191 2504 2247; x_wconf 92' lang='lat' dir='ltr'><strong>pro</strong></span> <span class='ocrx_word' id='word_1_696' title='bbox 2527 2174 2783 2231; x_wconf 85' lang='lat' dir='ltr'><strong>vocabulo</strong></span> <span class='ocrx_word' id='word_1_697' title='bbox 2828 2173 2933 2229; x_wconf 92' lang='lat' dir='ltr'><strong>olei</strong></span> <span class='ocrx_word' id='word_1_698' title='bbox 2972 2168 3114 2227; x_wconf 88' lang='lat' dir='ltr'><strong>illam</strong></span> <span class='ocrx_word' id='word_1_699' title='bbox 3163 2171 3397 2250; x_wconf 70' lang='lat' dir='ltr'><strong>laetitiam</strong></span> <span class='ocrx_word' id='word_1_700' title='bbox 3424 2168 3566 2227; x_wconf 87' lang='lat' dir='ltr'><strong>desi-</strong></span> 
     </span>
    </p>
   </div>
   <div class='ocr_carea' id='block_1_86' title="bbox 1978 2260 3565 2343">
    <p class='ocr_par' dir='ltr' id='par_1_86' title="bbox 1978 2260 3565 2343">
     <span class='ocr_line' id='line_1_87' title="bbox 1978 2260 3565 2343; baseline -0.006 -18"><span class='ocrx_word' id='word_1_701' title='bbox 1978 2280 2138 2343; x_wconf 87' lang='lat' dir='ltr'><strong>gnat,</strong></span> <span class='ocrx_word' id='word_1_702' title='bbox 2179 2267 2247 2324; x_wconf 91' lang='lat' dir='ltr'><strong>de</strong></span> <span class='ocrx_word' id='word_1_703' title='bbox 2289 2281 2391 2340; x_wconf 86' lang='lat' dir='ltr'><strong>qua</strong></span> <span class='ocrx_word' id='word_1_704' title='bbox 2432 2264 2640 2323; x_wconf 89' lang='lat' dir='ltr'><strong>dicebat</strong></span> <span class='ocrx_word' id='word_1_705' title='bbox 2669 2278 2762 2335; x_wconf 85' lang='lat' dir='ltr'><strong>per</strong></span> <span class='ocrx_word' id='word_1_706' title='bbox 2802 2260 3161 2332; x_wconf 88' lang='lat' dir='ltr'><strong>Salomonem,</strong></span> <span class='ocrx_word' id='word_1_707' title='bbox 3191 2262 3303 2337; x_wconf 84' lang='lat' dir='ltr'><strong>Ego</strong></span> <span class='ocrx_word' id='word_1_708' title='bbox 3332 2279 3468 2319; x_wconf 88' lang='lat' dir='ltr'><strong>eram</strong></span> <span class='ocrx_word' id='word_1_709' title='bbox 3498 2270 3565 2315; x_wconf 81' lang='lat' dir='ltr'><strong>ad</strong></span> 
     </span>
    </p>
   </div>
   <div class='ocr_carea' id='block_1_87' title="bbox 1980 2355 3564 2436">
    <p class='ocr_par' dir='ltr' id='par_1_87' title="bbox 1980 2355 3564 2436">
     <span class='ocr_line' id='line_1_88' title="bbox 1980 2355 3564 2436; baseline -0.007 -18"><span class='ocrx_word' id='word_1_710' title='bbox 1980 2381 2127 2436; x_wconf 87' lang='lat' dir='ltr'><strong>quem</strong></span> <span class='ocrx_word' id='word_1_711' title='bbox 2166 2362 2479 2434; x_wconf 82' lang='lat' dir='ltr'><strong>udgaudebut</strong></span> <span class='ocrx_word' id='word_1_712' title='bbox 2518 2359 2779 2433; x_wconf 88' lang='lat' dir='ltr'><strong>quotidie;</strong></span> <span class='ocrx_word' id='word_1_713' title='bbox 2809 2358 3016 2414; x_wconf 73' lang='lat' dir='ltr'><strong>lmtubar</strong></span> <span class='ocrx_word' id='word_1_714' title='bbox 3042 2367 3209 2412; x_wconf 90' lang='lat' dir='ltr'><strong>autem</strong></span> <span class='ocrx_word' id='word_1_715' title='bbox 3239 2364 3354 2410; x_wconf 86' lang='lat' dir='ltr'><strong>ante</strong></span> <span class='ocrx_word' id='word_1_716' title='bbox 3384 2355 3564 2427; x_wconf 81' lang='lat' dir='ltr'><strong>faciem</strong></span> 
     </span>
    </p>
   </div>
   <div class='ocr_carea' id='block_1_88' title="bbox 1982 2449 3567 2528">
    <p class='ocr_par' dir='ltr' id='par_1_88' title="bbox 1982 2449 3567 2528">
     <span class='ocr_line' id='line_1_89' title="bbox 1982 2449 3567 2528; baseline -0.006 -19"><span class='ocrx_word' id='word_1_717' title='bbox 1982 2456 2091 2528; x_wconf 88' lang='lat' dir='ltr'><strong>ejus</strong></span> <span class='ocrx_word' id='word_1_718' title='bbox 2113 2455 2165 2508; x_wconf 91' lang='lat' dir='ltr'><strong>in</strong></span> <span class='ocrx_word' id='word_1_719' title='bbox 2192 2454 2328 2508; x_wconf 88' lang='lat' dir='ltr'><strong>omni</strong></span> <span class='ocrx_word' id='word_1_720' title='bbox 2367 2460 2617 2522; x_wconf 83' lang='lat' dir='ltr'><strong>tempore,</strong></span> <span class='ocrx_word' id='word_1_721' title='bbox 2660 2468 2775 2505; x_wconf 88' lang='lat' dir='ltr'><strong>cum</strong></span> <span class='ocrx_word' id='word_1_722' title='bbox 2812 2449 3067 2504; x_wconf 75' lang='lat' dir='ltr'><strong>(tutaretur</strong></span> <span class='ocrx_word' id='word_1_723' title='bbox 3103 2449 3220 2504; x_wconf 87' lang='lat' dir='ltr'><strong>orbe</strong></span> <span class='ocrx_word' id='word_1_724' title='bbox 3249 2451 3490 2521; x_wconf 78' lang='lat' dir='ltr'><strong>perfecto,</strong></span> <span class='ocrx_word' id='word_1_725' title='bbox 3520 2454 3567 2500; x_wconf 92' lang='lat' dir='ltr'><strong>et</strong></span> 
     </span>
    </p>
   </div>
   <div class='ocr_carea' id='block_1_89' title="bbox 1982 2536 3568 2619">
    <p class='ocr_par' dir='ltr' id='par_1_89' title="bbox 1982 2536 3568 2619">
     <span class='ocr_line' id='line_1_90' title="bbox 1982 2536 3568 2619; baseline -0.008 -12"><span class='ocrx_word' id='word_1_726' title='bbox 1982 2548 2239 2607; x_wconf 74' lang='lat' dir='ltr'><strong>iwtaretur</strong></span> <span class='ocrx_word' id='word_1_727' title='bbox 2266 2548 2321 2604; x_wconf 89' lang='lat' dir='ltr'><strong>in</strong></span> <span class='ocrx_word' id='word_1_728' title='bbox 2362 2546 2483 2619; x_wconf 79' lang='lat' dir='ltr'><strong>filiis</strong></span> <span class='ocrx_word' id='word_1_729' title='bbox 2506 2545 2767 2601; x_wconf 84' lang='lat' dir='ltr'><strong>hominum</strong></span> <span class='ocrx_word' id='word_1_730' title='bbox 2798 2536 2977 2618; x_wconf 88' lang='lat' dir='ltr'><strong>(Prov.</strong></span> <span class='ocrx_word' id='word_1_731' title='bbox 3008 2559 3121 2609; x_wconf 81' lang='lat' dir='ltr'><strong>VIII,</strong></span> <span class='ocrx_word' id='word_1_732' title='bbox 3152 2538 3240 2610; x_wconf 76' lang='lat'><strong>30,</strong></span> <span class='ocrx_word' id='word_1_733' title='bbox 3273 2536 3387 2614; x_wconf 77' lang='lat' dir='ltr'><strong>3i).</strong></span> <span class='ocrx_word' id='word_1_734' title='bbox 3418 2538 3473 2595; x_wconf 87' lang='lat' dir='ltr'><strong>In</strong></span> <span class='ocrx_word' id='word_1_735' title='bbox 3500 2555 3568 2596; x_wconf 89' lang='lat' dir='ltr'><strong>eo</strong></span> 
     </span>
    </p>
   </div>
   <div class='ocr_carea' id='block_1_90' title="bbox 1983 2628 3570 2712">
    <p class='ocr_par' dir='ltr' id='par_1_90' title="bbox 1983 2628 3570 2712">
     <span class='ocr_line' id='line_1_91' title="bbox 1983 2628 3570 2712; baseline -0.007 -15"><span class='ocrx_word' id='word_1_736' title='bbox 1983 2652 2160 2697; x_wconf 90' lang='lat' dir='ltr'><strong>autem</strong></span> <span class='ocrx_word' id='word_1_737' title='bbox 2193 2639 2334 2712; x_wconf 89' lang='lat' dir='ltr'><strong>quod</strong></span> <span class='ocrx_word' id='word_1_738' title='bbox 2364 2638 2510 2701; x_wconf 91' lang='lat' dir='ltr'><strong>dicit,</strong></span> <span class='ocrx_word' id='word_1_739' title='bbox 2539 2636 2647 2709; x_wconf 82' lang='lat' dir='ltr'><strong>Ego</strong></span> <span class='ocrx_word' id='word_1_740' title='bbox 2672 2652 2809 2691; x_wconf 89' lang='lat' dir='ltr'><strong>eram</strong></span> <span class='ocrx_word' id='word_1_741' title='bbox 2840 2628 2909 2690; x_wconf 85' lang='lat' dir='ltr'><strong>ad</strong></span> <span class='ocrx_word' id='word_1_742' title='bbox 2934 2653 3080 2705; x_wconf 88' lang='lat' dir='ltr'><strong>quem</strong></span> <span class='ocrx_word' id='word_1_743' title='bbox 3101 2632 3418 2707; x_wconf 87' lang='lat' dir='ltr'><strong>adgaudebat</strong></span> <span class='ocrx_word' id='word_1_744' title='bbox 3442 2648 3570 2703; x_wconf 81' lang='lat' dir='ltr'><strong>quo-</strong></span> 
     </span>
    </p>
   </div>
   <div class='ocr_carea' id='block_1_91' title="bbox 1985 2723 3569 2804">
    <p class='ocr_par' dir='ltr' id='par_1_91' title="bbox 1985 2723 3569 2804">
     <span class='ocr_line' id='line_1_92' title="bbox 1985 2723 3569 2804; baseline -0.008 -14"><span class='ocrx_word' id='word_1_745' title='bbox 1985 2732 2107 2790; x_wconf 88' lang='lat' dir='ltr'><strong>tidie</strong></span> <span class='ocrx_word' id='word_1_746' title='bbox 2133 2750 2152 2790; x_wconf 91' lang='lat'><strong><em>:</em></strong></span> <span class='ocrx_word' id='word_1_747' title='bbox 2176 2732 2356 2804; x_wconf 87' lang='lat' dir='ltr'><strong>utique</strong></span> <span class='ocrx_word' id='word_1_748' title='bbox 2384 2731 2577 2803; x_wconf 90' lang='lat' dir='ltr'><strong>legitur</strong></span> <span class='ocrx_word' id='word_1_749' title='bbox 2615 2731 2667 2786; x_wconf 90' lang='lat' dir='ltr'><strong>in</strong></span> <span class='ocrx_word' id='word_1_750' title='bbox 2712 2726 2846 2786; x_wconf 90' lang='lat' dir='ltr'><strong>libro</strong></span> <span class='ocrx_word' id='word_1_751' title='bbox 2886 2729 3156 2785; x_wconf 86' lang='lat' dir='ltr'><strong>Geneseos</strong></span> <span class='ocrx_word' id='word_1_752' title='bbox 3178 2770 3191 2791; x_wconf 91' lang='lat'><strong>,</strong></span> <span class='ocrx_word' id='word_1_753' title='bbox 3224 2726 3472 2798; x_wconf 89' lang='lat' dir='ltr'><strong>quoniam</strong></span> <span class='ocrx_word' id='word_1_754' title='bbox 3502 2723 3569 2779; x_wconf 89' lang='lat' dir='ltr'><strong>ad</strong></span> 
     </span>
    </p>
   </div>
   <div class='ocr_carea' id='block_1_92' title="bbox 1987 2810 3568 2896">
    <p class='ocr_par' dir='ltr' id='par_1_92' title="bbox 1987 2810 3568 2896">
     <span class='ocr_line' id='line_1_93' title="bbox 1987 2810 3568 2896; baseline -0.009 -15"><span class='ocrx_word' id='word_1_755' title='bbox 1987 2826 2166 2881; x_wconf 87' lang='lat' dir='ltr'><strong>omnia</strong></span> <span class='ocrx_word' id='word_1_756' title='bbox 2195 2841 2355 2896; x_wconf 82' lang='lat' dir='ltr'><strong>opera</strong></span> <span class='ocrx_word' id='word_1_757' title='bbox 2383 2820 2501 2877; x_wconf 85' lang='lat' dir='ltr'><strong>Filii</strong></span> <span class='ocrx_word' id='word_1_758' title='bbox 2530 2818 2711 2887; x_wconf 77' lang='lat' dir='ltr'><strong>Pater,</strong></span> <span class='ocrx_word' id='word_1_759' title='bbox 2743 2821 2880 2876; x_wconf 80' lang='lat' dir='ltr'><strong>sicut</strong></span> <span class='ocrx_word' id='word_1_760' title='bbox 2905 2819 3148 2890; x_wconf 79' lang='lat' dir='ltr'><strong>legimus,</strong></span> <span class='ocrx_word' id='word_1_761' title='bbox 3174 2814 3239 2870; x_wconf 85' lang='lat' dir='ltr'><strong>Et</strong></span> <span class='ocrx_word' id='word_1_762' title='bbox 3267 2810 3388 2871; x_wconf 85' lang='lat' dir='ltr'><strong>vidit</strong></span> <span class='ocrx_word' id='word_1_763' title='bbox 3407 2812 3568 2882; x_wconf 88' lang='lat' dir='ltr'><strong>Deus,</strong></span> 
     </span>
    </p>
   </div>
   <div class='ocr_carea' id='block_1_93' title="bbox 1987 2904 3571 2986">
    <p class='ocr_par' dir='ltr' id='par_1_93' title="bbox 1987 2904 3571 2986">
     <span class='ocr_line' id='line_1_94' title="bbox 1987 2904 3571 2986; baseline -0.009 -11"><span class='ocrx_word' id='word_1_764' title='bbox 1987 2930 2032 2976; x_wconf 89' lang='lat' dir='ltr'><strong>et</strong></span> <span class='ocrx_word' id='word_1_765' title='bbox 2062 2936 2171 2974; x_wconf 91' lang='lat' dir='ltr'><strong>ecce</strong></span> <span class='ocrx_word' id='word_1_766' title='bbox 2192 2918 2360 2973; x_wconf 90' lang='lat' dir='ltr'><strong>omnia</strong></span> <span class='ocrx_word' id='word_1_767' title='bbox 2389 2916 2519 2970; x_wconf 87' lang='lat' dir='ltr'><strong>bona</strong></span> <span class='ocrx_word' id='word_1_768' title='bbox 2542 2913 2689 2969; x_wconf 83' lang='lat' dir='ltr'><strong>valde</strong></span> <span class='ocrx_word' id='word_1_769' title='bbox 2710 2908 2860 2986; x_wconf 82' lang='lat' dir='ltr'><strong>(Gen.</strong></span> <span class='ocrx_word' id='word_1_770' title='bbox 2894 2929 2928 2976; x_wconf 89' lang='lat' dir='ltr'><strong>I,</strong></span> <span class='ocrx_word' id='word_1_771' title='bbox 2954 2908 3069 2979; x_wconf 70' lang='lat'><strong>51);</strong></span> <span class='ocrx_word' id='word_1_772' title='bbox 3102 2906 3322 2963; x_wconf 88' lang='lat' dir='ltr'><strong>laudans</strong></span> <span class='ocrx_word' id='word_1_773' title='bbox 3349 2904 3467 2962; x_wconf 79' lang='lat' dir='ltr'><strong>Filii</strong></span> <span class='ocrx_word' id='word_1_774' title='bbox 3490 2906 3571 2961; x_wconf 89' lang='lat' dir='ltr'><strong>sui</strong></span> 
     </span>
    </p>
   </div>
   <div class='ocr_carea' id='block_1_94' title="bbox 1989 2997 3573 3083">
    <p class='ocr_par' dir='ltr' id='par_1_94' title="bbox 1989 2997 3573 3083">
     <span class='ocr_line' id='line_1_95' title="bbox 1989 2997 3573 3083; baseline -0.009 -17"><span class='ocrx_word' id='word_1_775' title='bbox 1989 3028 2144 3083; x_wconf 87' lang='lat' dir='ltr'><strong>opus,</strong></span> <span class='ocrx_word' id='word_1_776' title='bbox 2179 3004 2439 3080; x_wconf 81' lang='lat' dir='ltr'><strong>gaudebat</strong></span> <span class='ocrx_word' id='word_1_777' title='bbox 2476 3010 2529 3062; x_wconf 88' lang='lat' dir='ltr'><strong>et</strong></span> <span class='ocrx_word' id='word_1_778' title='bbox 2556 3006 2831 3061; x_wconf 73' lang='lat' dir='ltr'><strong>lmtabatur</strong></span> <span class='ocrx_word' id='word_1_779' title='bbox 2869 3003 2922 3057; x_wconf 91' lang='lat' dir='ltr'><strong>in</strong></span> <span class='ocrx_word' id='word_1_780' title='bbox 2951 2998 3123 3061; x_wconf 82' lang='lat' dir='ltr'><strong>Filio;</strong></span> <span class='ocrx_word' id='word_1_781' title='bbox 3155 3015 3306 3071; x_wconf 70' lang='lat' dir='ltr'><strong>mque</strong></span> <span class='ocrx_word' id='word_1_782' title='bbox 3335 3008 3388 3054; x_wconf 92' lang='lat' dir='ltr'><strong>et</strong></span> <span class='ocrx_word' id='word_1_783' title='bbox 3409 2997 3573 3053; x_wconf 87' lang='lat' dir='ltr'><strong>Filius</strong></span> 
     </span>
    </p>
   </div>
   <div class='ocr_carea' id='block_1_95' title="bbox 1989 3089 3573 3178">
    <p class='ocr_par' dir='ltr' id='par_1_95' title="bbox 1989 3089 3573 3178">
     <span class='ocr_line' id='line_1_96' title="bbox 1989 3089 3573 3178; baseline -0.012 -16"><span class='ocrx_word' id='word_1_784' title='bbox 1989 3105 2220 3178; x_wconf 83' lang='lat' dir='ltr'><strong>perfecta</strong></span> <span class='ocrx_word' id='word_1_785' title='bbox 2267 3103 2539 3158; x_wconf 82' lang='lat' dir='ltr'><strong>voluntate</strong></span> <span class='ocrx_word' id='word_1_786' title='bbox 2585 3099 2754 3154; x_wconf 84' lang='lat' dir='ltr'><strong>Patris</strong></span> <span class='ocrx_word' id='word_1_787' title='bbox 2785 3097 3063 3152; x_wconf 64' lang='lat' dir='ltr'><strong>laztabatur</strong></span> <span class='ocrx_word' id='word_1_788' title='bbox 3094 3094 3146 3148; x_wconf 94' lang='lat' dir='ltr'><strong>in</strong></span> <span class='ocrx_word' id='word_1_789' title='bbox 3176 3099 3461 3163; x_wconf 87' lang='lat' dir='ltr'><strong>conspectu</strong></span> <span class='ocrx_word' id='word_1_790' title='bbox 3492 3089 3573 3145; x_wconf 90' lang='lat' dir='ltr'><strong>sui</strong></span> 
     </span>
    </p>
   </div>
   <div class='ocr_carea' id='block_1_96' title="bbox 1989 3185 3575 3273">
    <p class='ocr_par' dir='ltr' id='par_1_96' title="bbox 1989 3185 3575 3273">
     <span class='ocr_line' id='line_1_97' title="bbox 1989 3185 3575 3273; baseline -0.012 -15"><span class='ocrx_word' id='word_1_791' title='bbox 1989 3198 2268 3273; x_wconf 81' lang='lat' dir='ltr'><strong>genitoris.</strong></span> <span class='ocrx_word' id='word_1_792' title='bbox 2299 3193 2477 3253; x_wconf 84' lang='lat' dir='ltr'><strong>Omnis</strong></span> <span class='ocrx_word' id='word_1_793' title='bbox 2501 3192 2772 3266; x_wconf 85' lang='lat' dir='ltr'><strong>Scriptura</strong></span> <span class='ocrx_word' id='word_1_794' title='bbox 2801 3190 3037 3245; x_wconf 85' lang='lat' dir='ltr'><strong>divinitus</strong></span> <span class='ocrx_word' id='word_1_795' title='bbox 3065 3186 3310 3261; x_wconf 87' lang='lat' dir='ltr'><strong>inspirata</strong></span> <span class='ocrx_word' id='word_1_796' title='bbox 3340 3185 3478 3241; x_wconf 79' lang='lat' dir='ltr'><strong>utilis</strong></span> <span class='ocrx_word' id='word_1_797' title='bbox 3500 3192 3575 3240; x_wconf 80' lang='lat' dir='ltr'><strong>est</strong></span> 
     </span>
    </p>
   </div>
   <div class='ocr_carea' id='block_1_97' title="bbox 1990 3280 3578 3363">
    <p class='ocr_par' dir='ltr' id='par_1_97' title="bbox 1990 3280 3578 3363">
     <span class='ocr_line' id='line_1_98' title="bbox 1990 3280 3578 3363; baseline -0.011 -15"><span class='ocrx_word' id='word_1_798' title='bbox 1990 3294 2058 3347; x_wconf 83' lang='lat' dir='ltr'><strong>ad</strong></span> <span class='ocrx_word' id='word_1_799' title='bbox 2075 3291 2355 3348; x_wconf 86' lang='lat' dir='ltr'><strong>docendum</strong></span> <span class='ocrx_word' id='word_1_800' title='bbox 2376 3286 2443 3363; x_wconf 90' lang='lat' dir='ltr'><strong>(ll</strong></span> <span class='ocrx_word' id='word_1_801' title='bbox 2477 3287 2697 3353; x_wconf 87' lang='lat' dir='ltr'><strong>Tim.m,</strong></span> <span class='ocrx_word' id='word_1_802' title='bbox 2725 3280 2837 3356; x_wconf 83' lang='grc'>16).</span> <span class='ocrx_word' id='word_1_803' title='bbox 2860 3281 2940 3340; x_wconf 88' lang='lat' dir='ltr'><strong>0b</strong></span> <span class='ocrx_word' id='word_1_804' title='bbox 2964 3298 3121 3354; x_wconf 90' lang='lat' dir='ltr'><strong>quam</strong></span> <span class='ocrx_word' id='word_1_805' title='bbox 3153 3296 3264 3335; x_wconf 85' lang='lat' dir='ltr'><strong>rem</strong></span> <span class='ocrx_word' id='word_1_806' title='bbox 3282 3296 3381 3333; x_wconf 89' lang='lat' dir='ltr'><strong>non</strong></span> <span class='ocrx_word' id='word_1_807' title='bbox 3407 3286 3578 3331; x_wconf 84' lang='lat' dir='ltr'><strong>trans-</strong></span> 
     </span>
    </p>
   </div>
   <div class='ocr_carea' id='block_1_98' title="bbox 1990 3370 3573 3453">
    <p class='ocr_par' dir='ltr' id='par_1_98' title="bbox 1990 3370 3573 3453">
     <span class='ocr_line' id='line_1_99' title="bbox 1990 3370 3573 3453; baseline -0.01 -11"><span class='ocrx_word' id='word_1_808' title='bbox 1990 3388 2077 3442; x_wconf 82' lang='lat' dir='ltr'><strong>ibit</strong></span> <span class='ocrx_word' id='word_1_809' title='bbox 2108 3390 2210 3441; x_wconf 88' lang='lat' dir='ltr'><strong>iota</strong></span> <span class='ocrx_word' id='word_1_810' title='bbox 2256 3403 2413 3441; x_wconf 85' lang='lat' dir='ltr'><strong>unum</strong></span> <span class='ocrx_word' id='word_1_811' title='bbox 2440 3380 2519 3438; x_wconf 78' lang='lat' dir='ltr'><strong>vel</strong></span> <span class='ocrx_word' id='word_1_812' title='bbox 2540 3399 2672 3437; x_wconf 88' lang='lat' dir='ltr'><strong>unus</strong></span> <span class='ocrx_word' id='word_1_813' title='bbox 2701 3397 2832 3453; x_wconf 73' lang='lat' dir='ltr'><strong>apex</strong></span> <span class='ocrx_word' id='word_1_814' title='bbox 2859 3378 3071 3451; x_wconf 80' lang='lat' dir='ltr'><strong>(Matth.</strong></span> <span class='ocrx_word' id='word_1_815' title='bbox 3095 3394 3149 3443; x_wconf 83' lang='grc' dir='ltr'>ν,</span> <span class='ocrx_word' id='word_1_816' title='bbox 3172 3374 3283 3447; x_wconf 85' lang='grc'>18).</span> <span class='ocrx_word' id='word_1_817' title='bbox 3318 3370 3573 3429; x_wconf 89' lang='lat' dir='ltr'><strong>Dominus</strong></span> 
     </span>
    </p>
   </div>
   <div class='ocr_carea' id='block_1_99' title="bbox 1993 3469 3577 3547">
    <p class='ocr_par' dir='ltr' id='par_1_99' title="bbox 1993 3469 3577 3547">
     <span class='ocr_line' id='line_1_100' title="bbox 1993 3469 3577 3547; baseline -0.01 -13"><span class='ocrx_word' id='word_1_818' title='bbox 1993 3481 2145 3547; x_wconf 82' lang='lat' dir='ltr'><strong>dixit,</strong></span> <span class='ocrx_word' id='word_1_819' title='bbox 2175 3476 2365 3533; x_wconf 69' lang='lat' dir='ltr'><strong>Cretum</strong></span> <span class='ocrx_word' id='word_1_820' title='bbox 2392 3487 2437 3537; x_wconf 75' lang='grc' dir='ltr'>ε]</span> <span class='ocrx_word' id='word_1_821' title='bbox 2465 3486 2599 3530; x_wconf 87' lang='lat' dir='ltr'><strong>terra</strong></span> <span class='ocrx_word' id='word_1_822' title='bbox 2628 3471 2928 3538; x_wconf 86' lang='lat' dir='ltr'><strong>transibunt,</strong></span> <span class='ocrx_word' id='word_1_823' title='bbox 2969 3469 3117 3525; x_wconf 83' lang='lat' dir='ltr'><strong>verba</strong></span> <span class='ocrx_word' id='word_1_824' title='bbox 3143 3477 3310 3522; x_wconf 82' lang='lat' dir='ltr'><strong>autem</strong></span> <span class='ocrx_word' id='word_1_825' title='bbox 3336 3481 3448 3520; x_wconf 85' lang='lat' dir='ltr'><strong>mea</strong></span> <span class='ocrx_word' id='word_1_826' title='bbox 3476 3481 3577 3519; x_wconf 87' lang='lat' dir='ltr'><strong>non</strong></span> 
     </span>
    </p>
   </div>
   <div class='ocr_carea' id='block_1_100' title="bbox 1995 3566 2747 3647">
    <p class='ocr_par' dir='ltr' id='par_1_100' title="bbox 1995 3566 2747 3647">
     <span class='ocr_line' id='line_1_101' title="bbox 1995 3566 2747 3647; baseline -0.016 -18"><span class='ocrx_word' id='word_1_827' title='bbox 1995 3575 2320 3647; x_wconf 75' lang='lat' dir='ltr'><strong>prwteribunt</strong></span> <span class='ocrx_word' id='word_1_828' title='bbox 2348 3568 2609 3641; x_wconf 73' lang='lat' dir='ltr'><strong>(ld.xx1v,</strong></span> <span class='ocrx_word' id='word_1_829' title='bbox 2632 3566 2747 3635; x_wconf 67' lang='lat'><strong>55).</strong></span> 
     </span>
    </p>
   </div>
   <div class='ocr_carea' id='block_1_101' title="bbox 2067 3648 3577 3735">
    <p class='ocr_par' dir='ltr' id='par_1_101' title="bbox 2067 3648 3577 3735">
     <span class='ocr_line' id='line_1_102' title="bbox 2067 3648 3577 3735; baseline -0.015 -11"><span class='ocrx_word' id='word_1_830' title='bbox 2067 3670 2153 3724; x_wconf 89' lang='grc'><strong>17.</strong></span> <span class='ocrx_word' id='word_1_831' title='bbox 2183 3665 2405 3722; x_wconf 88' lang='lat' dir='ltr'><strong>Constat</strong></span> <span class='ocrx_word' id='word_1_832' title='bbox 2429 3660 2570 3735; x_wconf 91' lang='lat' dir='ltr'><strong>quod</strong></span> <span class='ocrx_word' id='word_1_833' title='bbox 2615 3658 2666 3715; x_wconf 92' lang='lat' dir='ltr'><strong>in</strong></span> <span class='ocrx_word' id='word_1_834' title='bbox 2704 3652 2967 3732; x_wconf 90' lang='lat' dir='ltr'><strong>principio</strong></span> <span class='ocrx_word' id='word_1_835' title='bbox 3000 3662 3115 3711; x_wconf 90' lang='lat' dir='ltr'><strong>erat</strong></span> <span class='ocrx_word' id='word_1_836' title='bbox 3140 3652 3326 3719; x_wconf 84' lang='lat' dir='ltr'><strong>Filius,</strong></span> <span class='ocrx_word' id='word_1_837' title='bbox 3357 3657 3412 3706; x_wconf 91' lang='lat' dir='ltr'><strong>et</strong></span> <span class='ocrx_word' id='word_1_838' title='bbox 3439 3648 3577 3721; x_wconf 89' lang='lat' dir='ltr'><strong>apud</strong></span> 
     </span>
    </p>
   </div>
   <div class='ocr_carea' id='block_1_102' title="bbox 1996 3740 3579 3823">
    <p class='ocr_par' dir='ltr' id='par_1_102' title="bbox 1996 3740 3579 3823">
     <span class='ocr_line' id='line_1_103' title="bbox 1996 3740 3579 3823; baseline -0.011 -8"><span class='ocrx_word' id='word_1_839' title='bbox 1996 3756 2207 3816; x_wconf 89' lang='lat' dir='ltr'><strong>Patrem</strong></span> <span class='ocrx_word' id='word_1_840' title='bbox 2236 3764 2379 3823; x_wconf 88' lang='lat' dir='ltr'><strong>erat,</strong></span> <span class='ocrx_word' id='word_1_841' title='bbox 2426 3764 2481 3809; x_wconf 89' lang='lat' dir='ltr'><strong>ct</strong></span> <span class='ocrx_word' id='word_1_842' title='bbox 2510 3748 2651 3808; x_wconf 89' lang='lat' dir='ltr'><strong>Deus</strong></span> <span class='ocrx_word' id='word_1_843' title='bbox 2684 3760 2796 3805; x_wconf 83' lang='lat' dir='ltr'><strong>erat</strong></span> <span class='ocrx_word' id='word_1_844' title='bbox 2840 3767 2852 3802; x_wconf 90' lang='lat'><strong>:</strong></span> <span class='ocrx_word' id='word_1_845' title='bbox 2899 3757 2952 3802; x_wconf 88' lang='lat' dir='ltr'><strong>et</strong></span> <span class='ocrx_word' id='word_1_846' title='bbox 2983 3746 3067 3800; x_wconf 90' lang='lat' dir='ltr'><strong>hic</strong></span> <span class='ocrx_word' id='word_1_847' title='bbox 3092 3754 3206 3800; x_wconf 87' lang='lat' dir='ltr'><strong>erat</strong></span> <span class='ocrx_word' id='word_1_848' title='bbox 3235 3744 3285 3798; x_wconf 91' lang='lat' dir='ltr'><strong>in</strong></span> <span class='ocrx_word' id='word_1_849' title='bbox 3319 3740 3579 3812; x_wconf 89' lang='lat' dir='ltr'><strong>principio</strong></span> 
     </span>
    </p>
   </div>
   <div class='ocr_carea' id='block_1_103' title="bbox 1995 3837 3582 3924">
    <p class='ocr_par' dir='ltr' id='par_1_103' title="bbox 1995 3837 3582 3924">
     <span class='ocr_line' id='line_1_104' title="bbox 1995 3837 3582 3924; baseline -0.013 -16"><span class='ocrx_word' id='word_1_850' title='bbox 1995 3848 2135 3924; x_wconf 89' lang='lat' dir='ltr'><strong>apud</strong></span> <span class='ocrx_word' id='word_1_851' title='bbox 2178 3848 2382 3917; x_wconf 89' lang='lat' dir='ltr'><strong>Deum,</strong></span> <span class='ocrx_word' id='word_1_852' title='bbox 2430 3856 2489 3902; x_wconf 94' lang='lat' dir='ltr'><strong>ut</strong></span> <span class='ocrx_word' id='word_1_853' title='bbox 2516 3840 2899 3916; x_wconf 85' lang='lat' dir='ltr'><strong>primogenitus</strong></span> <span class='ocrx_word' id='word_1_854' title='bbox 2949 3837 3125 3894; x_wconf 90' lang='lat' dir='ltr'><strong>omnis</strong></span> <span class='ocrx_word' id='word_1_855' title='bbox 3172 3843 3429 3892; x_wconf 68' lang='lat' dir='ltr'><strong>creatura:</strong></span> <span class='ocrx_word' id='word_1_856' title='bbox 3469 3851 3483 3887; x_wconf 93' lang='lat'><strong>:</strong></span> <span class='ocrx_word' id='word_1_857' title='bbox 3527 3840 3582 3888; x_wconf 88' lang='lat' dir='ltr'><strong>et</strong></span> 
     </span>
    </p>
   </div>
   <div class='ocr_carea' id='block_1_104' title="bbox 1997 3924 3582 4012">
    <p class='ocr_par' dir='ltr' id='par_1_104' title="bbox 1997 3924 3582 4012">
     <span class='ocr_line' id='line_1_105' title="bbox 1997 3924 3582 4012; baseline -0.014 -14"><span class='ocrx_word' id='word_1_858' title='bbox 1997 3947 2173 4000; x_wconf 81' lang='lat' dir='ltr'><strong>omnia</strong></span> <span class='ocrx_word' id='word_1_859' title='bbox 2205 3960 2299 4012; x_wconf 83' lang='lat' dir='ltr'><strong>per</strong></span> <span class='ocrx_word' id='word_1_860' title='bbox 2327 3943 2498 4010; x_wconf 87' lang='lat' dir='ltr'><strong>ipsum</strong></span> <span class='ocrx_word' id='word_1_861' title='bbox 2526 3938 2657 3991; x_wconf 75' lang='lat' dir='ltr'><strong>facta</strong></span> <span class='ocrx_word' id='word_1_862' title='bbox 2708 3924 2943 3995; x_wconf 67' lang='lat' dir='ltr'><strong>sunt,et</strong></span> <span class='ocrx_word' id='word_1_863' title='bbox 2975 3931 3092 3985; x_wconf 86' lang='lat' dir='ltr'><strong>sine</strong></span> <span class='ocrx_word' id='word_1_864' title='bbox 3126 3929 3242 3999; x_wconf 88' lang='lat' dir='ltr'><strong>ipso</strong></span> <span class='ocrx_word' id='word_1_865' title='bbox 3281 3924 3471 3980; x_wconf 81' lang='lat' dir='ltr'><strong>factum</strong></span> <span class='ocrx_word' id='word_1_866' title='bbox 3500 3931 3582 3977; x_wconf 90' lang='lat' dir='ltr'><strong>est</strong></span> 
     </span>
    </p>
   </div>
   <div class='ocr_carea' id='block_1_105' title="bbox 1997 4019 3627 4107">
    <p class='ocr_par' dir='ltr' id='par_1_105' title="bbox 1997 4019 3627 4107">
     <span class='ocr_line' id='line_1_106' title="bbox 1997 4019 3627 4107; baseline -0.017 -14"><span class='ocrx_word' id='word_1_867' title='bbox 1997 4037 2129 4093; x_wconf 86' lang='lat' dir='ltr'><strong>nihil</strong></span> <span class='ocrx_word' id='word_1_868' title='bbox 2159 4030 2258 4107; x_wconf 90' lang='lat' dir='ltr'><strong>(Id.</strong></span> <span class='ocrx_word' id='word_1_869' title='bbox 2289 4050 2329 4100; x_wconf 89' lang='grc' dir='ltr'><strong>ι,</strong></span> <span class='ocrx_word' id='word_1_870' title='bbox 2354 4030 2467 4105; x_wconf 77' lang='grc'>1-5)</span> <span class='ocrx_word' id='word_1_871' title='bbox 2502 4022 2677 4102; x_wconf 87' lang='lat' dir='ltr'><strong>:quod</strong></span> <span class='ocrx_word' id='word_1_872' title='bbox 2699 4026 2748 4081; x_wconf 92' lang='lat' dir='ltr'><strong>in</strong></span> <span class='ocrx_word' id='word_1_873' title='bbox 2769 4022 2998 4096; x_wconf 89' lang='lat' dir='ltr'><strong>Spiritus</strong></span> <span class='ocrx_word' id='word_1_874' title='bbox 3026 4019 3193 4079; x_wconf 87' lang='lat' dir='ltr'><strong>sancti</strong></span> <span class='ocrx_word' id='word_1_875' title='bbox 3214 4032 3436 4107; x_wconf 84' lang='lat' dir='ltr'><strong>persona</strong></span> <span class='ocrx_word' id='word_1_876' title='bbox 3466 4029 3583 4107; x_wconf 87' lang='lat' dir='ltr'><strong>sus-</strong></span> <span class='ocrx_word' id='word_1_877' title='bbox 3624 4034 3627 4037; x_wconf 93' lang='grc'><strong>·</strong></span> 
     </span>
    </p>
   </div>
   <div class='ocr_carea' id='block_1_106' title="bbox 1997 4104 3581 4202">
    <p class='ocr_par' dir='ltr' id='par_1_106' title="bbox 1997 4104 3581 4202">
     <span class='ocr_line' id='line_1_107' title="bbox 1997 4104 3581 4202; baseline -0.017 -16"><span class='ocrx_word' id='word_1_878' title='bbox 1997 4131 2100 4202; x_wconf 92' lang='lat' dir='ltr'><strong>cipi</strong></span> <span class='ocrx_word' id='word_1_879' title='bbox 2129 4104 2235 4184; x_wconf 86' lang='lat' dir='ltr'><strong>non</strong></span> <span class='ocrx_word' id='word_1_880' title='bbox 2262 4104 2456 4197; x_wconf 85' lang='lat' dir='ltr'><strong>potest.</strong></span> <span class='ocrx_word' id='word_1_881' title='bbox 2486 4122 2594 4178; x_wconf 87' lang='lat' dir='ltr'><strong>Nec</strong></span> <span class='ocrx_word' id='word_1_882' title='bbox 2618 4118 2761 4177; x_wconf 89' lang='lat' dir='ltr'><strong>enim</strong></span> <span class='ocrx_word' id='word_1_883' title='bbox 2780 4114 2902 4173; x_wconf 83' lang='lat' dir='ltr'><strong>talia</strong></span> <span class='ocrx_word' id='word_1_884' title='bbox 2927 4113 3167 4170; x_wconf 89' lang='lat' dir='ltr'><strong>invenies</strong></span> <span class='ocrx_word' id='word_1_885' title='bbox 3193 4106 3377 4167; x_wconf 79' lang='lat' dir='ltr'><strong>referri</strong></span> <span class='ocrx_word' id='word_1_886' title='bbox 3401 4122 3466 4162; x_wconf 87' lang='lat' dir='ltr'><strong>ex</strong></span> <span class='ocrx_word' id='word_1_887' title='bbox 3498 4104 3581 4160; x_wconf 91' lang='lat' dir='ltr'><strong>di-</strong></span> 
     </span>
    </p>
   </div>
   <div class='ocr_carea' id='block_1_107' title="bbox 1998 4198 3581 4291">
    <p class='ocr_par' dir='ltr' id='par_1_107' title="bbox 1998 4198 3581 4291">
     <span class='ocr_line' id='line_1_108' title="bbox 1998 4198 3581 4291; baseline -0.016 -11"><span class='ocrx_word' id='word_1_888' title='bbox 1998 4198 2136 4279; x_wconf 73' lang='lat' dir='ltr'><strong>vinis</strong></span> <span class='ocrx_word' id='word_1_889' title='bbox 2174 4215 2491 4291; x_wconf 88' lang='lat' dir='ltr'><strong>Scripturis,</strong></span> <span class='ocrx_word' id='word_1_890' title='bbox 2521 4223 2580 4271; x_wconf 91' lang='lat' dir='ltr'><strong>ut</strong></span> <span class='ocrx_word' id='word_1_891' title='bbox 2622 4226 2743 4271; x_wconf 91' lang='lat' dir='ltr'><strong>eum</strong></span> <span class='ocrx_word' id='word_1_892' title='bbox 2770 4207 3027 4282; x_wconf 60' lang='lat' dir='ltr'><strong>aqualem</strong></span> <span class='ocrx_word' id='word_1_893' title='bbox 3067 4220 3277 4262; x_wconf 87' lang='lat' dir='ltr'><strong>asseras</strong></span> <span class='ocrx_word' id='word_1_894' title='bbox 3310 4202 3467 4259; x_wconf 88' lang='lat' dir='ltr'><strong>Filio.</strong></span> <span class='ocrx_word' id='word_1_895' title='bbox 3495 4198 3581 4255; x_wconf 86' lang='lat' dir='ltr'><strong>Si-</strong></span> 
     </span>
    </p>
   </div>
   <div class='ocr_carea' id='block_1_108' title="bbox 2000 4294 3584 4388">
    <p class='ocr_par' dir='ltr' id='par_1_108' title="bbox 2000 4294 3584 4388">
     <span class='ocr_line' id='line_1_109' title="bbox 2000 4294 3584 4388; baseline -0.015 -18"><span class='ocrx_word' id='word_1_896' title='bbox 2000 4315 2213 4388; x_wconf 90' lang='lat' dir='ltr'><strong>quidem</strong></span> <span class='ocrx_word' id='word_1_897' title='bbox 2253 4323 2304 4369; x_wconf 92' lang='lat' dir='ltr'><strong>et</strong></span> <span class='ocrx_word' id='word_1_898' title='bbox 2347 4306 2512 4366; x_wconf 79' lang='lat' dir='ltr'><strong>Filius</strong></span> <span class='ocrx_word' id='word_1_899' title='bbox 2544 4308 2594 4361; x_wconf 91' lang='lat' dir='ltr'><strong>in</strong></span> <span class='ocrx_word' id='word_1_900' title='bbox 2627 4304 2884 4377; x_wconf 88' lang='lat' dir='ltr'><strong>principio</strong></span> <span class='ocrx_word' id='word_1_901' title='bbox 2920 4311 3035 4356; x_wconf 86' lang='lat' dir='ltr'><strong>erat</strong></span> <span class='ocrx_word' id='word_1_902' title='bbox 3063 4318 3075 4353; x_wconf 89' lang='lat'><strong>:</strong></span> <span class='ocrx_word' id='word_1_903' title='bbox 3106 4297 3265 4354; x_wconf 91' lang='lat' dir='ltr'><strong>Pater</strong></span> <span class='ocrx_word' id='word_1_904' title='bbox 3307 4310 3433 4350; x_wconf 88' lang='lat' dir='ltr'><strong>vero</strong></span> <span class='ocrx_word' id='word_1_905' title='bbox 3461 4294 3584 4347; x_wconf 83' lang='lat' dir='ltr'><strong>ante</strong></span> 
     </span>
    </p>
   </div>
   <div class='ocr_carea' id='block_1_109' title="bbox 2004 4388 3586 4481">
    <p class='ocr_par' dir='ltr' id='par_1_109' title="bbox 2004 4388 3586 4481">
     <span class='ocr_line' id='line_1_110' title="bbox 2004 4388 3586 4481; baseline -0.016 -17"><span class='ocrx_word' id='word_1_906' title='bbox 2004 4407 2320 4481; x_wconf 79' lang='lat' dir='ltr'><strong>principium</strong></span> <span class='ocrx_word' id='word_1_907' title='bbox 2349 4413 2402 4459; x_wconf 89' lang='lat' dir='ltr'><strong>et</strong></span> <span class='ocrx_word' id='word_1_908' title='bbox 2427 4404 2540 4457; x_wconf 90' lang='lat' dir='ltr'><strong>sine</strong></span> <span class='ocrx_word' id='word_1_909' title='bbox 2564 4397 2823 4471; x_wconf 87' lang='lat' dir='ltr'><strong>principio</strong></span> <span class='ocrx_word' id='word_1_910' title='bbox 2847 4404 2949 4462; x_wconf 87' lang='lat' dir='ltr'><strong>est,</strong></span> <span class='ocrx_word' id='word_1_911' title='bbox 2981 4404 3036 4449; x_wconf 93' lang='lat' dir='ltr'><strong>ut</strong></span> <span class='ocrx_word' id='word_1_912' title='bbox 3058 4392 3323 4463; x_wconf 84' lang='lat' dir='ltr'><strong>ingenitus</strong></span> <span class='ocrx_word' id='word_1_913' title='bbox 3352 4397 3405 4443; x_wconf 91' lang='lat' dir='ltr'><strong>et</strong></span> <span class='ocrx_word' id='word_1_914' title='bbox 3435 4388 3586 4441; x_wconf 85' lang='lat' dir='ltr'><strong>inna-</strong></span> 
     </span>
    </p>
   </div>
   <div class='ocr_carea' id='block_1_110' title="bbox 2005 4479 3585 4563">
    <p class='ocr_par' dir='ltr' id='par_1_110' title="bbox 2005 4479 3585 4563">
     <span class='ocr_line' id='line_1_111' title="bbox 2005 4479 3585 4563; baseline -0.014 -7"><span class='ocrx_word' id='word_1_915' title='bbox 2005 4479 2105 4557; x_wconf 81' lang='lat' dir='ltr'><strong>tus.</strong></span> <span class='ocrx_word' id='word_1_916' title='bbox 2144 4503 2269 4555; x_wconf 79' lang='lat' dir='ltr'><strong>Erat</strong></span> <span class='ocrx_word' id='word_1_917' title='bbox 2312 4506 2489 4552; x_wconf 88' lang='lat' dir='ltr'><strong>autem</strong></span> <span class='ocrx_word' id='word_1_918' title='bbox 2534 4495 2584 4550; x_wconf 91' lang='lat' dir='ltr'><strong>in</strong></span> <span class='ocrx_word' id='word_1_919' title='bbox 2618 4492 2877 4563; x_wconf 88' lang='lat' dir='ltr'><strong>principio</strong></span> <span class='ocrx_word' id='word_1_920' title='bbox 2918 4497 2974 4545; x_wconf 91' lang='lat' dir='ltr'><strong>ut</strong></span> <span class='ocrx_word' id='word_1_921' title='bbox 3003 4484 3386 4559; x_wconf 88' lang='lat' dir='ltr'><strong>primogenitus</strong></span> <span class='ocrx_word' id='word_1_922' title='bbox 3411 4479 3585 4535; x_wconf 89' lang='lat' dir='ltr'><strong>omnis</strong></span> 
     </span>
    </p>
   </div>
   <div class='ocr_carea' id='block_1_111' title="bbox 2003 4580 3581 4664">
    <p class='ocr_par' dir='ltr' id='par_1_111' title="bbox 2003 4580 3581 4664">
     <span class='ocr_line' id='line_1_112' title="bbox 2003 4580 3581 4664; baseline -0.016 -13"><span class='ocrx_word' id='word_1_923' title='bbox 2003 4604 2260 4652; x_wconf 69' lang='lat' dir='ltr'><strong>creatura:</strong></span> <span class='ocrx_word' id='word_1_924' title='bbox 2290 4588 2503 4664; x_wconf 87' lang='lat' dir='ltr'><strong>(Coloss.</strong></span> <span class='ocrx_word' id='word_1_925' title='bbox 2533 4604 2568 4653; x_wconf 88' lang='grc' dir='ltr'><strong>ι,</strong></span> <span class='ocrx_word' id='word_1_926' title='bbox 2596 4584 2708 4657; x_wconf 81' lang='grc'>15).</span> <span class='ocrx_word' id='word_1_927' title='bbox 2735 4585 2873 4639; x_wconf 85' lang='lat' dir='ltr'><strong>Ante</strong></span> <span class='ocrx_word' id='word_1_928' title='bbox 2893 4596 3106 4638; x_wconf 86' lang='lat' dir='ltr'><strong>onmem</strong></span> <span class='ocrx_word' id='word_1_929' title='bbox 3131 4584 3425 4635; x_wconf 86' lang='lat' dir='ltr'><strong>creaturam</strong></span> <span class='ocrx_word' id='word_1_930' title='bbox 3449 4580 3581 4637; x_wconf 85' lang='lat' dir='ltr'><strong>erat,</strong></span> 
     </span>
    </p>
   </div>
   <div class='ocr_carea' id='block_1_112' title="bbox 2003 4662 3588 4759">
    <p class='ocr_par' dir='ltr' id='par_1_112' title="bbox 2003 4662 3588 4759">
     <span class='ocr_line' id='line_1_113' title="bbox 2003 4662 3588 4759; baseline -0.016 -14"><span class='ocrx_word' id='word_1_931' title='bbox 2003 4697 2287 4759; x_wconf 86' lang='lat' dir='ltr'><strong>antequam</strong></span> <span class='ocrx_word' id='word_1_932' title='bbox 2302 4662 2569 4757; x_wconf 5' lang='lat' dir='ltr'><strong>(quidquid</strong></span> <span class='ocrx_word' id='word_1_933' title='bbox 2590 4687 2753 4749; x_wconf 87' lang='lat' dir='ltr'><strong>esset,</strong></span> <span class='ocrx_word' id='word_1_934' title='bbox 2785 4685 2839 4733; x_wconf 91' lang='lat' dir='ltr'><strong>et</strong></span> <span class='ocrx_word' id='word_1_935' title='bbox 2857 4675 2998 4748; x_wconf 90' lang='lat' dir='ltr'><strong>apud</strong></span> <span class='ocrx_word' id='word_1_936' title='bbox 3023 4668 3191 4730; x_wconf 86' lang='lat' dir='ltr'><strong>Deum</strong></span> <span class='ocrx_word' id='word_1_937' title='bbox 3218 4678 3352 4737; x_wconf 88' lang='lat' dir='ltr'><strong>erat,</strong></span> <span class='ocrx_word' id='word_1_938' title='bbox 3374 4676 3427 4723; x_wconf 90' lang='lat' dir='ltr'><strong>et</strong></span> <span class='ocrx_word' id='word_1_939' title='bbox 3450 4662 3588 4720; x_wconf 86' lang='lat' dir='ltr'><strong>Deus</strong></span> 
     </span>
    </p>
   </div>
   <div class='ocr_carea' id='block_1_113' title="bbox 1994 4761 3232 4850">
    <p class='ocr_par' dir='ltr' id='par_1_113' title="bbox 1994 4761 3232 4850">
     <span class='ocr_line' id='line_1_114' title="bbox 1994 4761 3232 4850; baseline -0.018 -10"><span class='ocrx_word' id='word_1_940' title='bbox 1994 4761 2142 4850; x_wconf 56' lang='lat' dir='ltr'><strong>crat,</strong></span> <span class='ocrx_word' id='word_1_941' title='bbox 2170 4791 2224 4837; x_wconf 88' lang='lat' dir='ltr'><strong>et</strong></span> <span class='ocrx_word' id='word_1_942' title='bbox 2254 4779 2339 4835; x_wconf 89' lang='lat' dir='ltr'><strong>hic</strong></span> <span class='ocrx_word' id='word_1_943' title='bbox 2364 4788 2478 4833; x_wconf 87' lang='lat' dir='ltr'><strong>erat</strong></span> <span class='ocrx_word' id='word_1_944' title='bbox 2507 4777 2557 4831; x_wconf 90' lang='lat' dir='ltr'><strong>in</strong></span> <span class='ocrx_word' id='word_1_945' title='bbox 2586 4771 2846 4845; x_wconf 88' lang='lat' dir='ltr'><strong>principio</strong></span> <span class='ocrx_word' id='word_1_946' title='bbox 2876 4768 3015 4841; x_wconf 91' lang='lat' dir='ltr'><strong>apud</strong></span> <span class='ocrx_word' id='word_1_947' title='bbox 3047 4769 3232 4822; x_wconf 90' lang='lat' dir='ltr'><strong>Deum.</strong></span> 
     </span>
    </p>
   </div>
   <div class='ocr_carea' id='block_1_114' title="bbox 2079 4848 3588 4945">
    <p class='ocr_par' dir='ltr' id='par_1_114' title="bbox 2079 4848 3588 4945">
     <span class='ocr_line' id='line_1_115' title="bbox 2079 4848 3588 4945; baseline -0.02 -12"><span class='ocrx_word' id='word_1_948' title='bbox 2079 4848 2165 4933; x_wconf 67' lang='lat' dir='ltr'><strong>i8.</strong></span> <span class='ocrx_word' id='word_1_949' title='bbox 2198 4872 2369 4945; x_wconf 84' lang='lat' dir='ltr'><strong>Quid,</strong></span> <span class='ocrx_word' id='word_1_950' title='bbox 2411 4872 2457 4927; x_wconf 84' lang='lat' dir='ltr'><strong>si</strong></span> <span class='ocrx_word' id='word_1_951' title='bbox 2509 4867 2740 4925; x_wconf 85' lang='lat' dir='ltr'><strong>audieris</strong></span> <span class='ocrx_word' id='word_1_952' title='bbox 2787 4860 2997 4921; x_wconf 84' lang='lat' dir='ltr'><strong>Patrem</strong></span> <span class='ocrx_word' id='word_1_953' title='bbox 3045 4859 3345 4919; x_wconf 88' lang='lat' dir='ltr'><strong>dicentem,</strong></span> <span class='ocrx_word' id='word_1_954' title='bbox 3400 4848 3588 4905; x_wconf 87' lang='lat' dir='ltr'><strong>Tecum</strong></span> 
     </span>
    </p>
   </div>
   <div class='ocr_carea' id='block_1_115' title="bbox 2008 4946 3591 5041">
    <p class='ocr_par' dir='ltr' id='par_1_115' title="bbox 2008 4946 3591 5041">
     <span class='ocr_line' id='line_1_116' title="bbox 2008 4946 3591 5041; baseline -0.02 -16"><span class='ocrx_word' id='word_1_955' title='bbox 2008 4969 2309 5041; x_wconf 85' lang='lat' dir='ltr'><strong>principium</strong></span> <span class='ocrx_word' id='word_1_956' title='bbox 2349 4966 2402 5021; x_wconf 88' lang='lat' dir='ltr'><strong>in</strong></span> <span class='ocrx_word' id='word_1_957' title='bbox 2449 4963 2531 5017; x_wconf 87' lang='lat' dir='ltr'><strong>die</strong></span> <span class='ocrx_word' id='word_1_958' title='bbox 2576 4960 2772 5015; x_wconf 86' lang='lat' dir='ltr'><strong>virtutis</strong></span> <span class='ocrx_word' id='word_1_959' title='bbox 2812 4967 2930 5019; x_wconf 71' lang='lat' dir='ltr'><strong>tum,</strong></span> <span class='ocrx_word' id='word_1_960' title='bbox 2975 4954 3030 5008; x_wconf 90' lang='lat' dir='ltr'><strong>in</strong></span> <span class='ocrx_word' id='word_1_961' title='bbox 3078 4946 3431 5023; x_wconf 87' lang='lat' dir='ltr'><strong>splendoribus</strong></span> <span class='ocrx_word' id='word_1_962' title='bbox 3451 4961 3591 5041; x_wconf 49' lang='lat' dir='ltr'><strong>fan-</strong></span> 
     </span>
    </p>
   </div>
   <div class='ocr_carea' id='block_1_116' title="bbox 2007 5030 3586 5127">
    <p class='ocr_par' dir='ltr' id='par_1_116' title="bbox 2007 5030 3586 5127">
     <span class='ocr_line' id='line_1_117' title="bbox 2007 5030 3586 5127; baseline -0.018 -11"><span class='ocrx_word' id='word_1_963' title='bbox 2007 5074 2237 5127; x_wconf 85' lang='lat' dir='ltr'><strong>ctorum,</strong></span> <span class='ocrx_word' id='word_1_964' title='bbox 2298 5074 2361 5113; x_wconf 78' lang='lat' dir='ltr'><strong>ea:</strong></span> <span class='ocrx_word' id='word_1_965' title='bbox 2418 5066 2558 5110; x_wconf 87' lang='lat' dir='ltr'><strong>utero</strong></span> <span class='ocrx_word' id='word_1_966' title='bbox 2609 5063 2725 5107; x_wconf 90' lang='lat' dir='ltr'><strong>ante</strong></span> <span class='ocrx_word' id='word_1_967' title='bbox 2769 5048 3036 5121; x_wconf 79' lang='lat' dir='ltr'><strong>luciferum</strong></span> <span class='ocrx_word' id='word_1_968' title='bbox 3097 5041 3247 5116; x_wconf 86' lang='lat' dir='ltr'><strong>genui</strong></span> <span class='ocrx_word' id='word_1_969' title='bbox 3296 5047 3342 5093; x_wconf 87' lang='lat' dir='ltr'><strong>te</strong></span> <span class='ocrx_word' id='word_1_970' title='bbox 3388 5030 3586 5109; x_wconf 87' lang='lat' dir='ltr'><strong>(Psnt.</strong></span> 
     </span>
    </p>
   </div>
   <div class='ocr_carea' id='block_1_117' title="bbox 2007 5127 3587 5223">
    <p class='ocr_par' dir='ltr' id='par_1_117' title="bbox 2007 5127 3587 5223">
     <span class='ocr_line' id='line_1_118' title="bbox 2007 5127 3587 5223; baseline -0.02 -13"><span class='ocrx_word' id='word_1_971' title='bbox 2007 5171 2132 5221; x_wconf 71' lang='lat' dir='ltr'><strong>cxx,</strong></span> <span class='ocrx_word' id='word_1_972' title='bbox 2163 5150 2271 5223; x_wconf 81' lang='lat'><strong>&#39;5)?</strong></span> <span class='ocrx_word' id='word_1_973' title='bbox 2314 5148 2393 5205; x_wconf 86' lang='lat' dir='ltr'><strong>Ex</strong></span> <span class='ocrx_word' id='word_1_974' title='bbox 2441 5157 2629 5204; x_wconf 90' lang='lat' dir='ltr'><strong>ventre</strong></span> <span class='ocrx_word' id='word_1_975' title='bbox 2671 5142 2894 5206; x_wconf 89' lang='lat' dir='ltr'><strong>matris,</strong></span> <span class='ocrx_word' id='word_1_976' title='bbox 2951 5134 3094 5209; x_wconf 90' lang='lat' dir='ltr'><strong>quod</strong></span> <span class='ocrx_word' id='word_1_977' title='bbox 3138 5147 3239 5190; x_wconf 90' lang='lat' dir='ltr'><strong>nec</strong></span> <span class='ocrx_word' id='word_1_978' title='bbox 3278 5129 3444 5223; x_wconf 62' lang='lat' dir='ltr'><strong>iudici</strong></span> <span class='ocrx_word' id='word_1_979' title='bbox 3487 5127 3587 5181; x_wconf 77' lang='lat' dir='ltr'><strong>dit“-</strong></span> 
     </span>
    </p>
   </div>
   <div class='ocr_carea' id='block_1_118' title="bbox 2012 5214 3595 5310">
    <p class='ocr_par' dir='ltr' id='par_1_118' title="bbox 2012 5214 3595 5310">
     <span class='ocr_line' id='line_1_119' title="bbox 2012 5214 3595 5310; baseline -0.019 -10"><span class='ocrx_word' id='word_1_980' title='bbox 2012 5214 2216 5308; x_wconf 66' lang='lat' dir='ltr'><strong>tidunt,</strong></span> <span class='ocrx_word' id='word_1_981' title='bbox 2257 5249 2440 5297; x_wconf 89' lang='lat' dir='ltr'><strong>natum</strong></span> <span class='ocrx_word' id='word_1_982' title='bbox 2486 5234 2749 5310; x_wconf 76' lang='lat' dir='ltr'><strong>profiteris</strong></span> <span class='ocrx_word' id='word_1_983' title='bbox 2784 5228 3077 5291; x_wconf 87' lang='lat' dir='ltr'><strong>secundum</strong></span> <span class='ocrx_word' id='word_1_984' title='bbox 3131 5238 3367 5280; x_wconf 90' lang='lat' dir='ltr'><strong>carnem.</strong></span> <span class='ocrx_word' id='word_1_985' title='bbox 3402 5214 3470 5274; x_wconf 85' lang='lat' dir='ltr'><strong>Et</strong></span> <span class='ocrx_word' id='word_1_986' title='bbox 3498 5233 3595 5310; x_wconf 83' lang='lat' dir='ltr'><strong>cur</strong></span> 
     </span>
    </p>
   </div>
   <div class='ocr_carea' id='block_1_119' title="bbox 2011 5308 3593 5394">
    <p class='ocr_par' dir='ltr' id='par_1_119' title="bbox 2011 5308 3593 5394">
     <span class='ocr_line' id='line_1_120' title="bbox 2011 5308 3593 5394; baseline -0.021 1"><span class='ocrx_word' id='word_1_987' title='bbox 2011 5339 2111 5394; x_wconf 86' lang='lat' dir='ltr'><strong>ista</strong></span> <span class='ocrx_word' id='word_1_988' title='bbox 2142 5332 2444 5393; x_wconf 87' lang='lat' dir='ltr'><strong>testimonia</strong></span> <span class='ocrx_word' id='word_1_989' title='bbox 2481 5308 2534 5386; x_wconf 81' lang='lat' dir='ltr'><strong>in</strong></span> <span class='ocrx_word' id='word_1_990' title='bbox 2563 5324 2798 5386; x_wconf 87' lang='lat' dir='ltr'><strong>medium</strong></span> <span class='ocrx_word' id='word_1_991' title='bbox 2828 5338 2934 5380; x_wconf 92' lang='lat' dir='ltr'><strong>non</strong></span> <span class='ocrx_word' id='word_1_992' title='bbox 2978 5317 3316 5392; x_wconf 81' lang='lat' dir='ltr'><strong>proferantur</strong></span> <span class='ocrx_word' id='word_1_993' title='bbox 3336 5352 3356 5383; x_wconf 89' lang='lat'><strong>,</strong></span> <span class='ocrx_word' id='word_1_994' title='bbox 3380 5326 3497 5383; x_wconf 75' lang='lat' dir='ltr'><strong>qua:</strong></span> <span class='ocrx_word' id='word_1_995' title='bbox 3526 5308 3593 5363; x_wconf 87' lang='lat' dir='ltr'><strong>il-</strong></span> 
     </span>
    </p>
   </div>
   <div class='ocr_carea' id='block_1_120' title="bbox 2013 5406 3593 5486">
    <p class='ocr_par' dir='ltr' id='par_1_120' title="bbox 2013 5406 3593 5486">
     <span class='ocr_line' id='line_1_121' title="bbox 2013 5406 3593 5486; baseline -0.019 0"><span class='ocrx_word' id='word_1_996' title='bbox 2013 5433 2116 5486; x_wconf 89' lang='lat' dir='ltr'><strong>lam</strong></span> <span class='ocrx_word' id='word_1_997' title='bbox 2163 5430 2492 5485; x_wconf 87' lang='lat' dir='ltr'><strong>nativitatcm</strong></span> <span class='ocrx_word' id='word_1_998' title='bbox 2536 5423 2904 5479; x_wconf 88' lang='lat' dir='ltr'><strong>demonstrant</strong></span> <span class='ocrx_word' id='word_1_999' title='bbox 2932 5416 2986 5471; x_wconf 92' lang='lat' dir='ltr'><strong>in</strong></span> <span class='ocrx_word' id='word_1_1000' title='bbox 3028 5408 3328 5484; x_wconf 89' lang='lat' dir='ltr'><strong>principio,</strong></span> <span class='ocrx_word' id='word_1_1001' title='bbox 3360 5406 3497 5461; x_wconf 85' lang='lat' dir='ltr'><strong>sicut</strong></span> <span class='ocrx_word' id='word_1_1002' title='bbox 3540 5411 3593 5458; x_wconf 90' lang='lat' dir='ltr'><strong>et</strong></span> 
     </span>
    </p>
   </div>
   <div class='ocr_carea' id='block_1_121' title="bbox 2015 5506 3594 5597">
    <p class='ocr_par' dir='ltr' id='par_1_121' title="bbox 2015 5506 3594 5597">
     <span class='ocr_line' id='line_1_122' title="bbox 2015 5506 3594 5597; baseline -0.019 -15"><span class='ocrx_word' id='word_1_1003' title='bbox 2015 5525 2323 5597; x_wconf 63' lang='lat' dir='ltr'><strong>prtucedeus</strong></span> <span class='ocrx_word' id='word_1_1004' title='bbox 2353 5537 2451 5578; x_wconf 92' lang='lat' dir='ltr'><strong>nos</strong></span> <span class='ocrx_word' id='word_1_1005' title='bbox 2478 5516 2689 5574; x_wconf 91' lang='lat' dir='ltr'><strong>instruit</strong></span> <span class='ocrx_word' id='word_1_1006' title='bbox 2714 5507 3118 5570; x_wconf 81' lang='lat' dir='ltr'><strong>testimonium?</strong></span> <span class='ocrx_word' id='word_1_1007' title='bbox 3145 5506 3198 5563; x_wconf 93' lang='lat' dir='ltr'><strong>Si</strong></span> <span class='ocrx_word' id='word_1_1008' title='bbox 3231 5508 3447 5576; x_wconf 87' lang='lat' dir='ltr'><strong>pr0pter</strong></span> <span class='ocrx_word' id='word_1_1009' title='bbox 3471 5514 3594 5553; x_wconf 86' lang='lat' dir='ltr'><strong>cor-</strong></span> 
     </span>
    </p>
   </div>
   <div class='ocr_carea' id='block_1_122' title="bbox 2017 5598 3596 5691">
    <p class='ocr_par' dir='ltr' id='par_1_122' title="bbox 2017 5598 3596 5691">
     <span class='ocr_line' id='line_1_123' title="bbox 2017 5598 3596 5691; baseline -0.016 -19"><span class='ocrx_word' id='word_1_1010' title='bbox 2017 5638 2112 5691; x_wconf 83' lang='lat' dir='ltr'><strong>pus</strong></span> <span class='ocrx_word' id='word_1_1011' title='bbox 2139 5622 2193 5675; x_wconf 93' lang='lat' dir='ltr'><strong>in</strong></span> <span class='ocrx_word' id='word_1_1012' title='bbox 2232 5634 2336 5689; x_wconf 91' lang='lat' dir='ltr'><strong>quo</strong></span> <span class='ocrx_word' id='word_1_1013' title='bbox 2364 5613 2654 5673; x_wconf 84' lang='lat' dir='ltr'><strong>exinauivit</strong></span> <span class='ocrx_word' id='word_1_1014' title='bbox 2682 5608 3026 5678; x_wconf 87' lang='lat' dir='ltr'><strong>semetipsum</strong></span> <span class='ocrx_word' id='word_1_1015' title='bbox 3049 5645 3067 5671; x_wconf 91' lang='lat'><strong>,</strong></span> <span class='ocrx_word' id='word_1_1016' title='bbox 3096 5603 3182 5675; x_wconf 85' lang='lat' dir='ltr'><strong>qui</strong></span> <span class='ocrx_word' id='word_1_1017' title='bbox 3202 5617 3315 5655; x_wconf 87' lang='lat' dir='ltr'><strong>cum</strong></span> <span class='ocrx_word' id='word_1_1018' title='bbox 3346 5598 3482 5653; x_wconf 74' lang='lat' dir='ltr'><strong>dives</strong></span> <span class='ocrx_word' id='word_1_1019' title='bbox 3519 5607 3596 5647; x_wconf 79' lang='lat' dir='ltr'><strong>es-</strong></span> 
     </span>
    </p>
   </div>
   <div class='ocr_carea' id='block_1_123' title="bbox 2015 5684 3595 5782">
    <p class='ocr_par' dir='ltr' id='par_1_123' title="bbox 2015 5684 3595 5782">
     <span class='ocr_line' id='line_1_124' title="bbox 2015 5684 3595 5782; baseline -0.02 -12"><span class='ocrx_word' id='word_1_1020' title='bbox 2015 5684 2107 5777; x_wconf 74' lang='lat' dir='ltr'><strong>set,</strong></span> <span class='ocrx_word' id='word_1_1021' title='bbox 2143 5684 2345 5782; x_wconf 69' lang='lat' dir='ltr'><strong>propter</strong></span> <span class='ocrx_word' id='word_1_1022' title='bbox 2372 5727 2463 5764; x_wconf 87' lang='lat' dir='ltr'><strong>nos</strong></span> <span class='ocrx_word' id='word_1_1023' title='bbox 2490 5724 2680 5778; x_wconf 72' lang='lat' dir='ltr'><strong>pauper</strong></span> <span class='ocrx_word' id='word_1_1024' title='bbox 2715 5707 2873 5778; x_wconf 79' lang='lat' dir='ltr'><strong>(actus</strong></span> <span class='ocrx_word' id='word_1_1025' title='bbox 2902 5709 2994 5766; x_wconf 64' lang='lat' dir='ltr'><strong>est,</strong></span> <span class='ocrx_word' id='word_1_1026' title='bbox 3024 5706 3084 5754; x_wconf 89' lang='lat' dir='ltr'><strong>ut</strong></span> <span class='ocrx_word' id='word_1_1027' title='bbox 3111 5698 3187 5751; x_wconf 86' lang='lat' dir='ltr'><strong>ait</strong></span> <span class='ocrx_word' id='word_1_1028' title='bbox 3209 5692 3492 5765; x_wconf 83' lang='lat' dir='ltr'><strong>Apostolus</strong></span> <span class='ocrx_word' id='word_1_1029' title='bbox 3531 5684 3595 5754; x_wconf 88' lang='lat' dir='ltr'><strong>(II</strong></span> 
     </span>
    </p>
   </div>
   <div class='ocr_carea' id='block_1_124' title="bbox 2018 5780 3599 5878">
    <p class='ocr_par' dir='ltr' id='par_1_124' title="bbox 2018 5780 3599 5878">
     <span class='ocr_line' id='line_1_125' title="bbox 2018 5780 3599 5878; baseline -0.019 -12"><span class='ocrx_word' id='word_1_1030' title='bbox 2018 5780 2149 5866; x_wconf 75' lang='lat' dir='ltr'><strong>Cor.</strong></span> <span class='ocrx_word' id='word_1_1031' title='bbox 2168 5780 2279 5874; x_wconf 76' lang='lat' dir='ltr'><strong>vui,</strong></span> <span class='ocrx_word' id='word_1_1032' title='bbox 2310 5802 2391 5878; x_wconf 84' lang='lat'><strong>9),</strong></span> <span class='ocrx_word' id='word_1_1033' title='bbox 2420 5802 2714 5858; x_wconf 77' lang='lat' dir='ltr'><strong>debitorem</strong></span> <span class='ocrx_word' id='word_1_1034' title='bbox 2744 5814 2798 5858; x_wconf 83' lang='lat' dir='ltr'><strong>se</strong></span> <span class='ocrx_word' id='word_1_1035' title='bbox 2826 5795 2985 5853; x_wconf 88' lang='lat' dir='ltr'><strong>sentit</strong></span> <span class='ocrx_word' id='word_1_1036' title='bbox 3010 5806 3109 5849; x_wconf 88' lang='lat' dir='ltr'><strong>suo</strong></span> <span class='ocrx_word' id='word_1_1037' title='bbox 3132 5784 3399 5864; x_wconf 77' lang='lat' dir='ltr'><strong>genitori;</strong></span> <span class='ocrx_word' id='word_1_1038' title='bbox 3430 5780 3599 5839; x_wconf 84' lang='lat' dir='ltr'><strong>multo</strong></span> 
     </span>
    </p>
   </div>
  </div>
