4042 6420
551 328 656 392 7‘55

553 452 721 522 magis
749 452 838 523 qui
872 450 1017 506 illum
1045 453 1247 503 tantum
1281 462 1343 502 ac
1373 445 1527 501 talem
1570 445 1751 517 genuit
1771 487 1787 513 ,
1818 444 1867 500 ei
1897 442 2128 497 debitam

553 546 948 600 venerationem
976 554 1030 601 et
1055 544 1293 599 debitum
1324 540 1636 610 obsequium
1664 580 1678 603 ,
1706 548 1763 592 ut
1790 537 2137 592 charissimus

554 636 721 692 Filius
742 652 962 692 necesse
987 645 1068 691 est
1092 645 1150 689 ut
1180 646 1391 703 semper
1414 631 1603 687 otl'erat
1628 645 1725 685 suo
1753 629 1999 700 genitori.
2032 628 2136 697 0p-

555 733 680 787 time
710 738 1023 801 prosecutus
1058 743 1117 783 es
1160 728 1382 793 dicens,
1432 725 1681 795 quoniam
1728 733 1780 777 et
1827 722 2137 793 parentibus

552 832 769 893 prOpter
797 823 1014 876 formam
1046 821 1189 875 servi
1232 828 1375 874 esset
1413 816 1684 886 subjectus
1714 815 1865 886 (Luc.
1909 831 1943 869 ιι
1970 855 1984 879 ,
2018 814 2132 883 51).

552 916 607 970 Si
632 915 771 969 enim
793 914 1095 983 parentibus
1114 912 1383 982 subjectus
1404 910 1671 966 invenitur
1697 924 1831 980 quos
1859 909 1972 978 ipse
1987 921 2137 962 crea-

551 1009 661 1073 vit,
690 1008 810 1077 quia
838 1007 1013 1059 omnia
1046 1020 1139 1075 per
1163 1008 1333 1075 ipsum
1366 1014 1489 1059 sunt
1516 1005 1647 1058 facta
1672 1022 1686 1066 ;
1716 1019 1817 1059 nec
1844 1003 1983 1057 enim
2016 1010 2136 1072 post

553 1106 789 1167 tempora
815 1141 830 1164 ,
860 1097 954 1153 sed
994 1106 1117 1152 ante
1144 1107 1379 1167 tempora
1408 1098 1650 1151 novimus
1676 1096 1867 1150 Filium
1895 1095 2133 1165 genitum

549 1207 576 1245 a
606 1192 759 1246 Patre
794 1209 805 1245 :
838 1193 884 1244 si
928 1191 1237 1260 parentibus
1264 1190 1506 1244 subditus
1531 1230 1544 1254 ,
1572 1197 1629 1243 ut
1658 1189 1955 1243 divinarum
1985 1187 2132 1242 Scri-

549 1292 819 1351 pturarum
866 1283 1154 1337 auctoritas
1196 1282 1315 1337 luce
1357 1282 1551 1336 clarius
1598 1280 1890 1350 praedicat;
1937 1288 2135 1349 quanto

548 1377 716 1446 magis
758 1376 939 1444 utique
968 1375 1043 1428 illi
1072 1389 1171 1429 suo
1204 1374 1427 1445 genitori
1458 1382 1539 1428 est
1567 1373 1808 1427 subditus
1835 1415 1847 1438 ,
1879 1374 1966 1443 qui
2014 1380 2132 1427 tan-

548 1476 657 1521 tum
700 1482 762 1522 ac
792 1468 950 1522 talem
993 1467 1209 1537 genuit,
1241 1465 1531 1519 secundmn
1563 1466 1704 1535 quod
1750 1466 1823 1519 ait
1861 1464 2135 1533 apostolus

551 1559 760 1626 Paulus,
793 1559 917 1614 Cum
956 1560 1126 1613 omnia
1153 1560 1339 1629 fuerint
1371 1557 1508 1611 Filio
1530 1558 1773 1628 subjecta,
1808 1569 1925 1611 tunc
1954 1568 2000 1612 et
2029 1558 2136 1628 ipse

550 1651 715 1705 Filius
741 1652 994 1722 subjectus
1019 1653 1112 1705 erit
1136 1650 1214 1704 illi
1251 1653 1337 1721 qui
1375 1650 1465 1704 sibi
1497 1652 1705 1717 subjecit
1732 1650 1901 1703 omnia
1932 1650 1972 1719 (1
2014 1649 2131 1704 Cor.

550 1760 619 1798 xv
645 1787 658 1810 ,
689 1745 827 1812 28)?
874 1745 985 1799 Hoc
1011 1746 1092 1799 vis
1130 1754 1187 1798 ut
1215 1754 1268 1798 et
1296 1758 1325 1797 a
1355 1744 1508 1798 nobis
1552 1744 1759 1798 dicatur
1784 1785 1797 1808 ,
1830 1742 1971 1812 quod
2012 1757 2133 1797 cor-

551 1840 661 1907 pori
688 1880 702 1904 ,
733 1839 839 1891 imo
879 1838 1044 1909 magis
1071 1838 1449 1908 dispensationi
1476 1880 1491 1903 ,
1520 1852 1678 1907 quam
1708 1852 1803 1906 pro
1834 1844 2012 1891 nostra
2043 1851 2133 1891 sa-

553 1930 659 1983 lute
680 1930 950 1999 suscepit,
980 1932 1156 1984 omnia
1181 1930 1416 2000 subjecta
1448 1929 1789 1998 proﬁteamur
1820 1946 1835 1984 :
1868 1944 2051 1985 revera
2081 1939 2135 1986 et

548 2035 741 2089 corpus
768 2022 906 2074 Patri
952 2021 1246 2090 subjectum
1274 2064 1288 2087 ,
1318 2037 1424 2075 non
1450 2021 1638 2076 Filium
1681 2022 1851 2091 ipsum
1884 2023 2132 2091 unigeni-

552 2121 659 2165 tum
689 2113 875 2167 Deum.
918 2114 1024 2170 Nos
1052 2117 1191 2168 enim
1221 2115 1419 2169 scimus
1440 2123 1494 2170 et
1518 2115 1784 2171 credimus
1809 2116 1949 2186 quod
1984 2116 2135 2171 Pater

539 2205 744 2274 judicat
781 2207 1027 2261 neminem
1050 2248 1064 2272 ,
1098 2208 1186 2261 sed
1224 2224 1369 2262 omne
1398 2209 1652 2279 judicium
1691 2210 1827 2263 dedit
1853 2208 1991 2263 Filio
2015 2252 2030 2275 ,
2080 2218 2135 2264 ut

548 2312 718 2350 omnes
764 2298 1096 2367 honoriﬁcent
1127 2299 1320 2353 Filium
1344 2342 1357 2364 ,
1391 2302 1519 2354 sicut
1562 2301 1901 2371 honori/icant
1944 2312 1991 2355 et
2022 2301 2131 2355 Pa-

550 2398 675 2442 trem
715 2388 890 2460 (Joan.
923 2407 953 2444 v
976 2431 992 2457 ,
1018 2390 1093 2445 9.2
1118 2434 1133 2459 ,
1163 2392 1274 2462 23).
1305 2391 1416 2446 lloc
1442 2392 1586 2447 enim
1629 2393 1941 2463 proﬁtemur
1964 2434 1978 2459 ,
2011 2394 2133 2463 quia

547 2481 676 2535 etin
704 2482 1114 2549 resurrectione,
1143 2498 1264 2537 cum
1291 2484 1469 2538 omnia
1496 2482 1693 2539 fuerint
1714 2484 1849 2539 Filio
1870 2485 2129 2554 subjecta,

547 2587 668 2626 cum
698 2588 883 2627 omnes
903 2590 1026 2629 eum
1054 2574 1337 2643 honorant,
1362 2586 1416 2631 et
1443 2586 1781 2643 venerantur,
1805 2586 1858 2632 et
1885 2578 2129 2646 adorant,

547 2679 648 2719 nec
691 2672 816 2719 tunc
843 2681 971 2721 sane
1000 2667 1177 2721 Filius
1194 2668 1403 2723 extollit
1428 2684 1486 2725 se
1519 2686 1532 2722 :
1566 2670 1659 2724 sed
1681 2671 1838 2726 etiam
1867 2686 1987 2725 cum
2013 2686 2131 2726 om-

547 2757 702 2811 nibus
732 2758 833 2813 sibi
872 2759 1127 2828 subjectis
1171 2761 1413 2817 subditus
1458 2763 1599 2817 Patri
1632 2764 1733 2818 hoc
1778 2764 1935 2819 modo
1978 2765 2131 2820 inve-

547 2849 689 2902 nitur
711 2890 727 2916 ,
757 2857 813 2903 ut
852 2850 1029 2915 dicat,
1068 2850 1243 2906 Venite
1266 2894 1281 2918 ,
1315 2853 1556 2907 benedicti
1587 2854 1759 2908 Patris
1798 2856 1893 2908 mei
1921 2897 1935 2919 ,
1967 2856 2130 2925 possi-

545 2940 657 2992 dete
694 2956 903 3010 regnum
936 2952 1169 3011 paratum
1194 2944 1331 2998 vobis
1375 2944 1436 2998 ab
1475 2945 1667 3015 origine
1708 2946 1886 2999 mundi
1912 2946 2123 3016 (Matth.

546 3048 651 3086 xxv
673 3072 688 3098 ,
720 3033 833 3104 54).

618 3128 704 3182 t9.
737 3127 852 3182 Jam
892 3128 1092 3185 dictum
1123 3139 1205 3186 est
1242 3130 1383 3201 quod
1413 3138 1468 3186 et
1512 3131 1625 3202 ipse
1666 3146 1763 3202 pro
1794 3139 1885 3187 tuo
1914 3132 2131 3188 arbitrio

544 3218 833 3273 secundum
860 3235 1074 3276 sensum
1104 3230 1250 3276 tuum
1271 3224 1417 3277 visus
1445 3237 1505 3278 es
1533 3223 1785 3279 alienare.
1813 3223 1927 3281 Stat
1952 3233 2129 3279 tamen

462 3318 467 3323 ‘
542 3312 885 3380 apostolicum
931 3314 1129 3369 dictum
1156 3358 1170 3382 ,
1216 3317 1336 3385 quia
1366 3318 1496 3369 sicut
1534 3327 1764 3388 oportet,
1798 3335 1943 3372 orare
1971 3318 2131 3373 nesci—

542 3421 684 3469 mus;
705 3406 791 3457 sed
821 3405 926 3476 ipse
952 3406 1176 3475 Spiritus
1204 3408 1424 3477 postulat
1448 3424 1539 3477 pro
1568 3408 1708 3464 nobis
1736 3408 1997 3479 gemitibus
2024 3411 2131 3463 ine-

542 3498 896 3552 narrabitibus.
942 3499 1009 3554 Et
1052 3502 1171 3571 quia
1202 3510 1516 3569 argumento
1550 3502 1696 3557 visus
1738 3519 1794 3558 es
1823 3503 2129 3573 obstrepere

540 3588 743 3657 dicens,
774 3590 918 3661 Ergo
946 3601 1052 3646 tam
1084 3593 1401 3648 miserabilis
1430 3604 1514 3649 est
1552 3594 1778 3667 Spiritus
1805 3606 2040 3663 sanctus,
2073 3605 2130 3652 ut

539 3682 758 3750 gemat?
786 3682 893 3737 Nos
919 3686 1058 3737 enim
1090 3699 1193 3737 non
1226 3684 1580 3741 miserabilem
1607 3687 1857 3756 Spiritum
1886 3696 2126 3743 sanctum

541 3774 785 3838 dit-imus,
812 3775 1070 3845 siquidem
1092 3792 1156 3831 ex
1179 3776 1290 3846 ipsa
1317 3778 1545 3833 lectione
1565 3779 1729 3849 gloria
1759 3779 1986 3849 Spiritus
2006 3796 2129 3836 san-

539 3866 609 3920 cti
638 3866 971 3934 ostenditur,
1004 3869 1123 3937 quia
1154 3884 1257 3922 non
1301 3883 1398 3938 pro
1439 3884 1498 3925 se
1522 3871 1682 3939 gemit
1715 3888 1726 3922 :
1760 3870 1851 3925 sed
1891 3871 2011 3926 audi
2046 3873 2128 3944 Ie-

540 3959 769 4014 clionem
794 3961 809 3991 ¹
836 4001 849 4024 ,
882 3962 1002 4030 quia
1033 3978 1123 4031 pro
1162 3962 1345 4016 sanctis
1376 3963 1553 4031 (Rom.
1590 3980 1679 4017 vm
1705 4006 1717 4025 .
1762 3964 1833 4019 26
1854 4006 1869 4031 ,
1896 3964 2009 4034 27).
2040 3964 2126 4021 Si-

540 4051 752 4121 quidem
784 4066 880 4106 nec
909 4052 1077 4108 Filius
1103 4068 1199 4122 pro
1220 4067 1299 4120 se,
1328 4054 1420 4108 sed
1449 4069 1544 4123 pro
1572 4057 1724 4110 nobis
1744 4057 1924 4125 utique
1945 4066 2128 4126 postu-

542 4142 613 4195 lat
637 4152 690 4196 et
712 4143 1011 4212 interpellat
1038 4186 1051 4208 ,
1082 4144 1343 4213 sicutjam
1369 4147 1559 4213 protuli
1584 4147 1632 4198 iu
1661 4147 2001 4216 przcccdenti.
2029 4148 2128 4215 Qui

540 4237 593 4291 in
614 4237 809 4291 modico
848 4238 1014 4306 ﬁdelis
1038 4248 1108 4291 est
1132 4278 1146 4303 ,
1179 4239 1297 4292 etin
1319 4239 1483 4308 majus
1506 4239 1669 4307 [idelis
1698 4240 1944 4293 invenitur
1973 4240 2124 4312 (Luc.

539 4345 626 4384 va
650 4373 667 4399 ,
700 4331 813 4400 10).

611 4423 701 4478 20.
736 4424 841 4478 Nec
869 4423 1010 4479 enim
1036 4425 1192 4479 aliter
1214 4426 1379 4480 asseri
1410 4435 1583 4495 potest
1608 4425 1748 4497 quod
1772 4425 1935 4482 Pater
1960 4436 2014 4482 et
2042 4426 2129 4482 Fi-

540 4515 644 4570 lius
669 4532 829 4571 unum
860 4518 984 4583 sint,
1015 4518 1113 4571 nisi
1142 4517 1243 4573 hoc
1264 4533 1393 4573 sane
1413 4518 1572 4573 modo
1598 4534 1703 4587 quo
1732 4528 1783 4573 tu
1812 4519 1923 4589 ipse
1949 4530 2002 4575 et
2028 4535 2127 4576 nos

541 4610 769 4680 probare
798 4626 1078 4680 possumus
1106 4611 1186 4665 his
1217 4612 1342 4681 ipsis
1375 4613 1633 4682 exemplis
1662 4613 1853 4683 quibus
1895 4629 2022 4670 usus
2045 4629 2122 4670 es.

541 4704 670 4758 Nam
697 4705 780 4771 si,
811 4714 865 4759 ut
885 4704 1015 4760 dicis
1040 4747 1053 4771 ,
1086 4714 1140 4759 et
1165 4706 1448 4775 Apostolus
1468 4708 1786 4776 conﬁrmat,
1822 4710 1921 4777 Qui
1942 4710 2127 4780 adjun-

538 4796 608 4865 git
652 4812 705 4849 se
734 4795 948 4850 Domino
972 4839 985 4859 ,
1022 4814 1152 4850 unus
1179 4798 1383 4867 spiritus
1411 4807 1480 4853 est
1510 4799 1552 4866 (l
1582 4800 1699 4854 Cor.
1732 4818 1822 4865 v1,
1869 4802 1997 4872 l7);
2044 4812 2127 4857 est

541 4887 721 4955 utique
748 4902 882 4940 unus
908 4888 1125 4956 spiritus
1166 4889 1219 4941 in
1248 4903 1511 4944 consensu
1554 4891 1779 4960 implens
1801 4893 2122 4948 voluntatem
2196 4948 2197 4951 η

543 4978 633 5032 Dei
659 5020 673 5041 ,
717 4980 1007 5034 secundum
1048 4981 1340 5036 Salvatoris
1385 4985 1743 5053 magisterium
1778 5000 1791 5038 ε
1826 4986 1914 5055 qui
1965 4987 2124 5042 ctiam

539 5070 641 5123 hoc
669 5072 825 5125 modo
856 5087 952 5125 nos
977 5088 1133 5127 orare
1165 5073 1382 5141 docuit,
1412 5083 1470 5128 ut
1498 5076 1636 5129 inter
1675 5086 1865 5132 czctera
1909 5094 2121 5147 precum

538 5171 839 5216 nostrarum
870 5172 921 5216 et
949 5163 1050 5218 hoc
1082 5165 1319 5219 dicamus
1344 5207 1358 5231 ,
1390 5164 1510 5219 Fiat
1539 5168 1769 5225 voluntas
1795 5180 1881 5223 tua
1908 5172 2036 5223 sicut
2072 5172 2126 5225 in

537 5252 662 5306 caelo
686 5264 730 5307 et
756 5255 807 5308 in
847 5265 979 5308 terra
1005 5254 1214 5323 (Matth.
1245 5273 1295 5311 vt
1321 5298 1334 5321 ,
1364 5255 1475 5329 10).
1507 5259 1667 5314 Terra
1696 5263 1872 5331 utique
1906 5280 2004 5318 nos
2032 5279 2125 5317 su-

536 5359 676 5398 mus.
706 5346 853 5401 Sicut
878 5363 1003 5418 ergo
1032 5349 1082 5402 in
1112 5350 1418 5405 coelestibus
1446 5352 1538 5406 Dei
1571 5352 1629 5405 tit
1654 5354 1894 5409 voluntas
1920 5396 1935 5421 ,
1978 5367 2028 5410 ut
2072 5366 2126 5411 et

538 5434 590 5487 in
617 5435 770 5490 nobis
797 5436 897 5491 hoc
918 5441 1075 5494 modo
1096 5443 1425 5511 compleatur
1449 5444 1537 5514 qui
1562 5444 1661 5499 hoc
1692 5461 1925 5513 oramus,
1950 5458 2001 5502 et
2025 5448 2125 5503 hoc

539 5524 690 5583 factis
734 5530 1115 5599 adimplealnus
1141 5552 1153 5598 ;
1183 5544 1238 5589 ut
1277 5552 1412 5591 unus
1433 5539 1651 5608 Spiritus
1687 5539 1979 5596 efficiamur
2004 5559 2123 5597 cum

539 5620 669 5688 Deo,
691 5627 902 5691 quando
925 5626 1024 5681 hoc
1046 5628 1288 5684 volumus
1309 5634 1447 5701 quod
1472 5634 1610 5688 Deus
1630 5636 1758 5689 vult.
1785 5636 1916 5691 Nam
1939 5647 1991 5693 et
2012 5646 2125 5708 ipse

600 5738 619 5817 ξ
645 5738 727 5817 sic
755 5736 977 5817 plerique
1003 5749 1106 5793 Mss.
1131 5743 1217 5795 Alii
1242 5759 1378 5808 vero,
1414 5749 1501 5799 sed
1546 5756 1629 5799 aut
1673 5750 1939 5803 dilectione.
1988 5756 2124 5817 Etliti,

535 5797 619 5851 ted
642 5812 731 5867 pro
752 5797 1021 5854 dilectione.

1781 328 1837 384 S.
1880 314 2245 382 AUGUSTINI
2286 323 2583 385 EPISCOPI

3723 335 3827 396 736

2254 443 2416 501 Filius
2441 449 2669 517 passioni
2700 450 2993 521 proximus,
3017 450 3119 507 hoc
3141 450 3206 506 ad
3233 466 3385 507 suum
3413 454 3707 523 genitorem
3728 455 3833 510 uti-

2240 553 2345 607 que
2370 539 2631 596 clamahal.
2654 544 2837 598 dicens
2860 562 2872 599 :
2896 544 3036 596 Abba
3058 586 3072 607 ,
3102 542 3261 598 Pater
3285 586 3299 609 ,
3333 554 3551 599 transeat
3580 563 3612 598 a
3642 563 3720 600 me
3746 562 3834 600 ca-

2243 633 2315 687 lia:
2337 634 2429 687 iste
2452 652 2469 699 ;
2498 646 2831 691 verumtamen
2858 654 2957 691 non
2981 638 3109 691 sicut
3138 654 3227 709 ego
3248 638 3358 691 volo
3382 679 3397 705 ,
3427 639 3514 691 sed
3538 638 3663 691 sicut
3687 648 3739 691 tu
3758 640 3835 692 vis

2243 722 2431 795 (Marc.
2460 742 2547 780 xw
2569 769 2583 793 ,
2613 728 2723 798 56).
2756 728 2986 782 Dicendo
3009 737 3186 783 autem
3213 771 3228 795 ,
3262 729 3381 783 Non
3411 730 3537 783 sicut
3561 746 3651 801 ego
3677 731 3790 783 volo
3816 771 3832 797 ,

2242 816 2330 868 sed
2359 817 2487 870 sicut
2524 827 2576 871 tu
2605 822 2717 883 vis;
2747 820 2977 874 OSIendit
3005 835 3129 875 vere
3166 836 3315 874 suam
3345 820 3670 875 voluntatem
3701 822 3834 876 sub-

2238 906 2432 978 jectam
2460 926 2555 965 suo
2583 912 2829 981 genitori,
2856 922 3072 983 propter
3096 914 3247 983 cujus
3273 914 3598 969 voluntatem
3631 912 3836 969 facien-

2241 999 2361 1054 dam
2389 1001 2455 1055 de
2475 1002 2613 1057 etelo
2638 1003 2931 1073 descendit,
2957 1012 3015 1059 ut
3043 1005 3118 1059 ait
3150 1025 3163 1059 :
3198 1005 3449 1061 Descendi
3467 1007 3529 1061 de
3555 1008 3697 1074 caelo,
3727 1024 3833 1061 non

2241 1100 2295 1144 ut
2324 1094 2507 1163 faciam
2550 1096 2853 1151 voluntatem
2895 1115 3056 1152 meam
3081 1140 3096 1165 ,
3127 1099 3216 1154 sed
3258 1100 3563 1155 voluntatem
3591 1104 3701 1171 ejus
3742 1101 3833 1169 qui

2240 1184 2374 1236 misit
2401 1201 2478 1238 me
2508 1184 2683 1254 (Joan.
2712 1204 2784 1253 vi,
2809 1189 2921 1260 58).
2945 1190 3260 1246 Consonans
3283 1207 3409 1262 ergo
3430 1201 3483 1247 et
3504 1193 3823 1250 conveniens

2240 1284 2322 1330 est
2350 1275 2467 1330 Filii
2512 1278 2755 1335 voluntas
2781 1281 2845 1335 ad
2888 1286 3212 1337 voluntatem
3241 1283 3431 1337 Patris.
3475 1284 3529 1337 In
3568 1292 3825 1354 quantum

2241 1369 2409 1438 major
2431 1380 2514 1424 est
2538 1370 2705 1426 Filius
2731 1382 2789 1427 ut
2818 1374 2957 1428 Deus
2982 1375 3049 1429 ab
3077 1376 3219 1430 omni
3250 1384 3508 1440 creatura,
3535 1377 3588 1431 in
3621 1385 3831 1431 tantum

2240 1462 2407 1529 magis
2431 1477 2729 1519 consonans
2752 1465 3009 1521 voluntati
3036 1467 3208 1521 Patris
3239 1468 3508 1522 invenitur
3530 1510 3543 1533 ,
3573 1477 3627 1523 et
3657 1467 3831 1538 magis

2240 1551 2477 1607 adhaeret
2504 1569 2601 1609 suo
2637 1557 2885 1625 genitori.
2935 1558 3063 1612 Dico
3104 1559 3246 1613 enim
3270 1599 3286 1622 ,
3318 1559 3556 1614 adhaeret
3602 1574 3701 1613 suo
3729 1574 3830 1630 ge-

2240 1644 2399 1698 nitori
2447 1653 2504 1700 ut
2530 1646 2876 1703 charissimus
2920 1650 3057 1704 titius
3082 1691 3097 1716 ,
3130 1651 3180 1705 in
3230 1665 3452 1716 amore,
3485 1660 3539 1705 ct
3577 1652 3830 1706 dilectio-

2239 1750 2342 1800 ne,
2376 1745 2431 1791 et
2478 1740 2825 1795 unanimitate
2848 1780 2862 1807 ,
2896 1750 2951 1797 et
2996 1758 3258 1798 consensu
3284 1785 3298 1809 ,
3332 1755 3386 1799 et
3431 1745 3829 1800 convenientia.

2238 1826 2425 1883 Omnia
2470 1845 2587 1901 qum
2631 1831 2971 1901 proferuntur
3012 1850 3042 1889 a
3087 1836 3285 1890 sanctis
3331 1836 3655 1906 Scripturis,
3710 1838 3831 1906 ple-

2239 1934 2305 1974 na
2336 1923 2677 1999 veneratione
2714 1926 2986 1995 suscipere
3011 1925 3289 1981 debemus.
3322 1927 3431 1983 Nec
3471 1929 3611 1982 cnim
3643 1930 3696 1982 in
3728 1943 3830 1983 no-

2239 2023 2406 2070 strum
2462 2018 2823 2086 magisterium
2877 2018 3096 2074 devenit
3149 2019 3331 2074 divina
3385 2020 3659 2090 Scriptura
3693 2063 3708 2087 ,
3772 2029 3833 2077 ut

2238 2122 2268 2161 a
2320 2109 2472 2162 nobis
2520 2110 2943 2165 emendationem
2997 2113 3241 2183 accipiat.
3297 2114 3468 2185 Atque
3519 2116 3721 2169 utinam
3778 2123 3833 2170 et

2238 2198 2381 2269 digni
2412 2202 2757 2257 inveniamur
2780 2203 3173 2273 Scripturarum
3226 2206 3474 2276 discipuli
3499 2206 3825 2277 approbari!

2308 2291 2396 2345 2t.
2432 2292 2676 2363 Suscipio
2703 2311 2820 2364 qua:
2854 2297 3159 2365 protulisti,
3196 2295 3415 2352 Nescitis
3440 2299 3555 2368 quia
3578 2300 3832 2367 templum

2238 2382 2333 2437 Dei
2353 2386 2488 2451 estis,
2511 2396 2556 2439 et
2578 2386 2801 2456 Spiritus
2825 2388 2917 2442 Dei
2935 2390 3125 2443 habitat
3150 2392 3203 2444 in
3224 2392 3358 2446 vobis
3383 2392 3426 2463 (l
3447 2393 3561 2447 Cor.
3585 2409 3660 2458 ut,
3688 2393 3785 2463 16)
3808 2394 3833 2448 2

2236 2476 2346 2532 Nec
2372 2480 2513 2533 enim
2540 2480 2679 2536 Deus
2717 2482 2977 2538 inhabitat
3015 2485 3067 2539 in
3099 2485 3314 2541 homine
3338 2527 3354 2553 ,
3386 2502 3542 2557 quem
3568 2502 3672 2541 non
3702 2497 3833 2543 ante

2238 2569 2466 2638 Spiritus
2493 2581 2709 2628 sanctus
2737 2575 3148 2632 sanetiticaverit
3176 2588 3335 2648 atque
3365 2581 3688 2650 purgaverit.
3727 2580 3833 2635 De-

2238 2661 2395 2730 nique
2422 2672 2473 2717 et
2497 2663 2563 2717 ad
2586 2665 2804 2720 Mariam
2836 2667 2978 2721 illam
3002 2669 3209 2724 beatam
3237 2671 3493 2741 virginem
3523 2672 3828 2741 dicebatur,

2238 2753 2464 2818 Spiritus
2490 2767 2693 2812 sanctus
2720 2762 3032 2837 superveniet
3068 2764 3122 2816 in
3152 2772 3198 2817 te
3227 2780 3246 2816 :
3277 2764 3459 2834 utique
3485 2764 3552 2819 ad
3585 2766 3831 2821 sanctiﬁ-

2236 2847 2460 2901 candum
2489 2858 2541 2903 et
2566 2850 2631 2904 ad
2655 2852 3006 2922 purgandum.
3039 2855 3238 2910 Deinde
3262 2857 3503 2926 sequitur
3526 2898 3541 2921 ,
3575 2856 3641 2910 Et
3670 2859 3833 2913 virtus

2238 2937 2479 2995 Altissimi
2497 2942 2808 3001 obumbrabit
2838 2949 2927 3002 tibi
2952 2949 3104 3020 (Luc.
3134 2966 3190 3017 ι,
3222 2952 3337 3021 55).
3366 2952 3625 3008 Altissimi
3646 2962 3829 3009 autem

2237 3031 2403 3087 virtus
2429 3035 2568 3104 quod
2599 3037 2843 3094 Christus
2872 3041 2974 3107 sit,
3006 3043 3117 3112 jam
3163 3052 3215 3099 et
3244 3043 3358 3114 ipse
3387 3046 3677 3113 protulisti.
3721 3046 3830 3101 Ve-

2235 3124 2366 3178 ritas
2394 3140 2497 3180 non
2543 3143 2610 3183 ex
2652 3140 2967 3200 argumento
3004 3134 3271 3202 colligitur
3293 3175 3308 3201 ,
3342 3134 3436 3190 sed
3479 3138 3642 3190 certis
3673 3137 3832 3191 testi-

2235 3217 2430 3271 moniis
2448 3220 2845 3289 comprobatur.
2861 3222 2941 3279 Ob
2956 3240 3114 3295 quam
3139 3240 3352 3281 causam
3376 3227 3677 3282 testimonia
3703 3242 3833 3298 pro-

2236 3306 2378 3363 ferre
2416 3309 2621 3365 debetis
2645 3353 2659 3377 ,
2696 3314 2817 3383 quia
2859 3314 3089 3385 Spiritus
3117 3326 3332 3373 sanctus
3362 3318 3505 3374 Deus
3548 3327 3668 3387 est,
3702 3321 3831 3391 quia

2237 3399 2491 3455 Dominus
2534 3410 2654 3469 est,
2684 3406 2806 3473 quia
2833 3406 2944 3461 Rex
2976 3416 3057 3462 est
3079 3451 3095 3475 ,
3141 3410 3262 3480 quia
3286 3408 3510 3466 Creator
3549 3420 3629 3467 est
3653 3453 3666 3475 ,
3698 3413 3830 3481 quia

2234 3491 2404 3547 factor
2431 3500 2550 3559 est,
2579 3496 2701 3565 quia
2735 3498 2989 3554 consedet
3014 3500 3159 3555 Patri
3185 3510 3239 3557 et
3269 3500 3403 3556 Filio
3428 3545 3442 3567 ,
3479 3503 3596 3573 quia
3622 3502 3830 3558 adora-

2236 3591 2322 3639 lur
2343 3626 2359 3651 ,
2386 3586 2429 3640 si
2454 3601 2558 3642 non
2580 3602 2609 3643 a
2632 3590 2937 3647 coelestibus
2959 3634 2973 3657 ,
3007 3592 3091 3648 vel
3117 3602 3263 3648 certe
3292 3609 3319 3647 a
3353 3596 3692 3650 terrestribus
3718 3638 3735 3662 ,
3768 3604 3833 3651 ut

2233 3675 2403 3731 dicam
2430 3719 2445 3742 ,
2479 3679 2614 3734 forte
2641 3682 2780 3735 enim
2822 3692 3134 3739 ostensurus
3163 3700 3223 3741 es
3245 3727 3261 3753 ,
3290 3686 3411 3756 quia
3436 3687 3519 3741 vel
3546 3686 3614 3741 ah
3655 3687 3831 3741 inter-

2234 3770 2317 3823 nis
2343 3770 2613 3828 adoratur.
2638 3773 2762 3830 llmc
2788 3776 2927 3829 enim
2950 3776 3196 3841 dicimus,
3226 3792 3333 3831 non
3362 3778 3678 3847 derogantes
3705 3777 3830 3849 Spi-

2232 3862 2355 3915 ritui
2379 3872 2584 3918 sancto.
2616 3865 2709 3920 Est
2733 3867 2875 3922 enim
2902 3869 3130 3939 Spiritus
3158 3882 3371 3925 sanetus
3394 3912 3409 3935 ,
3444 3880 3499 3924 ut
3518 3873 3629 3941 jam
3657 3887 3829 3942 supe-

2232 3955 2344 4010 rius
2373 3959 2639 4026 prosecuti
2683 3975 2866 4017 sumus
2888 4004 2904 4028 ,
2937 3962 3053 4018 sine
3093 3979 3200 4033 quo
3228 3981 3370 4018 nemo
3413 3975 3572 4034 potest
3616 3966 3787 4021 dicere
3809 4009 3828 4035 ,

2232 4046 2508 4103 Dominum
2534 4049 2710 4105 Iesum
2736 4052 2780 4122 (Ι
2812 4052 2930 4108 Cor.
2956 4071 3026 4109 xu
3052 4097 3067 4123 ,
3099 4057 3177 4116 5).
3210 4057 3310 4111 Iste
3336 4065 3419 4112 est
3438 4058 3673 4127 Spiritus
3695 4075 3830 4113 san-

2232 4146 2316 4191 tus
2350 4140 2403 4193 in
2441 4157 2538 4211 quo
2576 4142 2851 4197 clamamus
2874 4187 2889 4209 ,
2920 4145 3061 4199 Abba
3084 4187 3099 4213 ,
3132 4147 3292 4205 Pater
3318 4148 3493 4218 (Rom.
3542 4165 3629 4203 vm
3653 4191 3668 4213 ,
3708 4150 3829 4206 15).

2231 4228 2337 4284 Iste.
2358 4243 2440 4286 est
2466 4232 2692 4302 Spiritus
2721 4246 2935 4291 sanctus
2962 4245 3136 4293 tantus
3165 4253 3227 4294 ac
3249 4239 3387 4305 talis,
3419 4240 3471 4294 in
3498 4257 3643 4312 quem
3664 4244 3832 4296 etiam

2231 4332 2279 4377 et
2306 4325 2481 4395 Angeli
2511 4328 2794 4397 prospicere
2820 4332 3183 4400 concupiscunt
3221 4331 3264 4403 (Ι
3294 4332 3436 4387 Petr.
3482 4350 3534 4398 ι,
3569 4333 3682 4403 12).
3714 4333 3831 4388 Ta-

2232 4415 2295 4469 lis
2320 4425 2402 4471 cst
2422 4459 2436 4483 ,
2467 4427 2571 4472 tam
2597 4430 2787 4489 potens
2808 4464 2822 4487 ,
2853 4432 2911 4476 ut
2930 4422 3126 4494 ubique
3152 4426 3204 4480 in
3226 4427 3370 4481 omni
3399 4436 3641 4482 creatura
3667 4471 3683 4494 ,
3707 4429 3832 4485 sive

2232 4507 2284 4562 in
2314 4510 2523 4566 oriente
2546 4554 2559 4580 ,
2593 4513 2707 4569 sive
2726 4514 2779 4568 in
2810 4516 3087 4571 occidente
3109 4559 3124 4585 ,
3155 4534 3311 4589 quam
3345 4519 3502 4573 etiam
3530 4519 3581 4573 in
3605 4530 3833 4589 septen-

2200 4654 2203 4657 ,
2230 4600 2403 4656 trione
2429 4610 2482 4656 et
2512 4605 2805 4660 meridiano
2828 4648 2843 4673 ,
2872 4608 3112 4679 quisquis
3142 4626 3263 4665 eum
3293 4609 3515 4674 adorat,
3552 4627 3659 4664 non
3696 4628 3831 4680 pos-

2230 4692 2300 4746 sit
2324 4692 2522 4761 dicere,
2551 4695 2826 4751 Dominum
2845 4698 3043 4763 Iesum.
3072 4702 3169 4755 nisi
3190 4704 3246 4755 in
3266 4701 3462 4772 Spiritu
3483 4712 3681 4755 sancto.
3716 4704 3832 4758 Ta-

2229 4786 2294 4840 lis
2322 4794 2405 4840 est
2426 4787 2585 4856 hujus
2614 4798 2795 4843 natura
2822 4833 2837 4857 ,
2868 4794 2955 4862 qui
2990 4793 3183 4863 ubique
3210 4808 3442 4863 praesens
3463 4794 3531 4848 sit
3569 4796 3832 4852 omnibus

2231 4878 2598 4934 invocantibus
2624 4881 2789 4936 Deum
2815 4886 2865 4937 in
2896 4886 3117 4940 veritate
3143 4884 3312 4957 (Psal.
3339 4901 3517 4952 chIv,
3543 4887 3653 4956 t8).
3679 4888 3836 4943 Tan-

2232 4981 2315 5026 tus
2343 4987 2405 5026 ac
2434 4973 2553 5027 talis
2590 4982 2709 5040 est,
2744 4985 2801 5030 ut
2827 4976 2913 5030 ubi
2958 4977 3179 5047 quisque
3206 4974 3365 5032 fuerit
3393 4977 3697 5047 baptizatus
3725 5020 3741 5040 .
3778 4980 3834 5035 in

2228 5062 2431 5118 eodem’
2462 5074 2732 5121 momento
2756 5106 2771 5131 ,
2802 5067 2901 5121 etsi
2928 5067 2980 5121 in
3024 5068 3228 5122 oriente
3254 5067 3550 5137 baptizetur
3570 5110 3587 5134 ,
3623 5071 3730 5125 etsi
3778 5071 3835 5127 in

2229 5158 2504 5213 occidente
2528 5200 2543 5225 ,
2574 5168 2628 5213 et
2666 5158 2754 5213 ubi
2796 5168 2851 5214 et
2876 5158 2964 5214 ubi
2989 5200 3003 5225 ,
3031 5159 3167 5213 adsit
3193 5159 3422 5229 Spiritus
3452 5171 3687 5217 sanctus.
3748 5163 3839 5218 ln-

2232 5260 2379 5306 tuere
2402 5261 2598 5321 quanta
2619 5261 2702 5307 est
2722 5252 2958 5321 potentia
2984 5250 3212 5322 Spiritus
3230 5255 3422 5309 sancti.
3452 5254 3506 5308 Si
3533 5255 3677 5310 enim
3705 5260 3840 5327 quis

2230 5342 2450 5413 derogat
2469 5343 2685 5412 Spiritui
2709 5351 2914 5409 sancto,
2940 5342 3160 5412 derogat
3180 5343 3361 5413 utique
3384 5345 3653 5415 uuigcnito
3681 5347 3838 5415 Deo,

2230 5452 2324 5505 per
2348 5451 2506 5506 quem
2534 5436 2702 5489 omnia
2724 5439 2861 5505 facta
2880 5444 3013 5501 sunt,
3045 5445 3091 5489 et
3120 5435 3228 5489 sine
3251 5452 3355 5506 quo
3381 5438 3570 5505 factum
3595 5448 3667 5491 est
3695 5441 3842 5494 nihil

2232 5529 2406 5599 (Joan.
2438 5545 2453 5583 ι
2478 5571 2493 5595 ,
2522 5529 2580 5598 5)
2616 5518 2796 5583 εέἱειιι
2818 5538 2869 5583 et
2895 5530 2983 5599 qui
3003 5545 3102 5582 non
3128 5529 3430 5598 honori/icui
3458 5529 3504 5583 [ι’
3508 5532 3652 5585 ilium
3678 5574 3696 5599 ,
3724 5550 3841 5589 non

2230 5622 2529 5690 Itouoriﬁcat
2563 5620 2765 5675 Patrem
2795 5621 2881 5693 qui
2908 5638 3020 5674 eum
3046 5621 3179 5674 misit
3212 5620 3321 5691 (Id.
3349 5638 3377 5675 v
3402 5665 3416 5689 ,
3448 5620 3562 5692 25).

2298 5714 2386 5766 9.9..
2416 5713 2553 5767 Dicis
2580 5712 2717 5783 quod
2744 5727 2845 5764 non
2876 5711 3067 5766 dixerit
3087 5712 3331 5767 Salvator
3350 5724 3530 5768 noster
3548 5714 3840 5786 Christus,

2234 5810 2299 5865 Ut
2329 5807 2427 5879 ipsi
2453 5814 2507 5861 et
2550 5820 2645 5861 nos
2684 5818 2887 5872 unum;
2916 5804 3047 5871 sed,
3085 5803 3151 5861 Ut
3194 5805 3292 5874 ipsi
3333 5808 3432 5861 sint
3458 5824 3610 5863 unum
3642 5808 3700 5863 in
3733 5824 3843 5868 na-
