4084 6434
279 384 387 442 737

281 509 399 555 tura
430 511 526 553 sua
551 505 605 553 et
631 493 925 552 substantia
951 507 1068 561 sua,
1089 491 1342 548 concordi
1371 489 1668 560 aequalitate
1690 488 1707 519 ί
1735 501 1868 558 quo-

279 588 403 666 dam
430 587 591 643 modo
615 586 749 643 uniti
775 594 934 656 atque
962 582 1174 639 conﬂati
1207 600 1222 638 :
1253 590 1308 637 et
1336 581 1491 635 Pater
1530 587 1584 634 et
1610 577 1773 632 Filius
1814 585 1869 631 et

277 681 509 752 Spiritus
534 689 750 736 sanctus
771 719 789 747 ,
820 693 984 734 unum
1009 675 1224 747 propter
1249 671 1570 729 individuam
1600 668 1869 726 eamdem-

277 788 383 842 que
414 781 682 826 naturam.
710 769 897 826 Recito
939 767 1221 823 lectionem
1245 807 1262 834 ,
1294 778 1450 836 quam
1480 763 1715 832 legentes
1739 774 1865 830 pos-

276 873 401 920 sunt
431 865 657 934 probare
685 862 812 933 quid
854 859 1098 916 Christus
1139 857 1352 914 dixerit.
1397 855 1487 911 Sic
1526 854 1668 909 enim
1710 851 1784 904 ait
1812 849 1869 922 in

275 957 590 1027 Evangelio,
620 955 832 1011 Patrem
857 967 1012 1007 suum
1041 964 1201 1006 orans
1228 963 1327 1021 pro
1355 944 1625 1017 discipulis
1649 960 1661 996 :
1688 941 1863 1006 Pater,

276 1052 360 1121 [ac
385 1051 502 1105 illos
528 1066 686 1104 unum
707 1089 724 1116 ,
754 1048 883 1103 sicut
910 1053 957 1100 et
983 1061 1074 1100 nos
1104 1027 1462 1098 unum'sumus
1490 1057 1509 1093 :
1538 1039 1666 1093 sicut
1695 1053 1783 1107 ego
1813 1035 1866 1088 in

276 1151 324 1196 te
347 1151 395 1195 et
426 1150 481 1194 tu
516 1141 568 1194 in
597 1157 674 1193 me
696 1181 710 1204 ,
741 1148 794 1192 ut
829 1147 874 1192 et
899 1137 977 1191 illi
999 1137 1052 1190 in
1079 1135 1220 1190 nobis
1241 1149 1397 1188 unum
1420 1131 1560 1197 sint;
1588 1138 1644 1183 ut
1681 1142 1866 1198 cogno-

274 1241 383 1286 scat
411 1232 494 1285 hic
520 1230 738 1285 mundus
761 1229 997 1300 quoniam
1028 1237 1082 1280 tu
1106 1243 1184 1279 me
1211 1225 1410 1291 misisti,
1443 1232 1488 1277 et
1511 1220 1732 1276 dilexisti
1750 1220 1866 1274 illos

275 1323 406 1377 sicut
423 1340 502 1377 me
514 1321 734 1376 dilexisti
748 1319 927 1390 (Joun.
943 1335 1070 1384 xvn,
1091 1317 1302 1386 21-25).
1317 1314 1466 1382 Quod
1497 1313 1636 1385 lego,
1660 1311 1861 1367 credo:

275 1413 579 1470 dilectionis
616 1413 741 1468 fecit
764 1411 1087 1467 mentionem
1112 1447 1128 1474 ,
1161 1416 1215 1462 et
1243 1421 1348 1461 non
1373 1403 1700 1461 substantiae.
1728 1391 1862 1457 Cer-

276 1514 390 1560 tum
422 1513 508 1560 cst
535 1512 712 1560 autem
756 1503 928 1574 ipsum
956 1499 1283 1556 Salvatorem
1319 1497 1516 1552 dixisse
1539 1537 1554 1562 ,
1586 1495 1686 1561 Qui
1721 1493 1864 1547 audit

273 1599 519 1652 mandata
540 1613 650 1651 mea
671 1639 688 1665 ,
716 1605 763 1651 et
785 1593 1000 1650 custodit
1019 1608 1080 1646 ea
1103 1633 1117 1657 ,
1149 1590 1236 1646 ille
1254 1598 1325 1645 est
1348 1590 1432 1660 qui
1452 1588 1616 1659 diligit
1641 1603 1737 1640 me.
1763 1585 1864 1653 Qui

271 1700 444 1744 autem
463 1689 628 1760 diligit
649 1704 727 1742 me
751 1728 767 1754 ,
799 1685 1034 1755 diligetur
1061 1700 1092 1736 a
1122 1680 1279 1736 Patre
1299 1696 1407 1734 meo
1431 1720 1445 1745 ,
1474 1688 1520 1734 et
1542 1693 1632 1748 ego
1652 1677 1862 1746 diligam

269 1782 421 1838 illum
442 1800 464 1849 ;
491 1791 538 1836 et
575 1782 826 1837 veniemus
849 1819 863 1844 ,
893 1787 939 1832 et
977 1775 1286 1830 mansionem
1320 1772 1459 1842 apud
1482 1785 1595 1825 eum
1622 1769 1862 1840 faciemus

271 1873 386 1946 (Id.
414 1890 505 1930 xiv
529 1915 546 1943 ,
576 1873 667 1942 21,
689 1870 805 1944 25).
838 1870 895 1927 Si
920 1870 1060 1926 enim
1089 1876 1234 1922 tanta
1258 1866 1346 1920 illa
1377 1864 1676 1920 sublimitas
1704 1873 1863 1932 atque

269 1969 523 2040 maiestas
542 1967 734 2034 Patris,
759 1979 964 2022 necnon
993 1962 1153 2018 etiam
1182 1959 1301 2015 Filii
1325 2001 1339 2026 ,
1375 1959 1513 2013 intra
1542 1971 1698 2010 unam
1729 1955 1859 2010 aedi-

269 2061 447 2114 culam
474 2058 669 2114 mentis
711 2065 908 2112 nostrze
946 2053 1235 2124 recipitur;
1267 2058 1465 2121 quanto
1489 2046 1656 2118 magis
1683 2046 1861 2116 utique

269 2151 438 2207 Filius
480 2160 687 2208 certum
723 2159 806 2206 est
831 2157 887 2205 et
912 2148 1028 2203 sine
1057 2145 1218 2202 dubio
1246 2142 1388 2214 quod
1433 2141 1534 2197 erit
1576 2139 1631 2194 in
1659 2138 1860 2195 Patre?

266 2243 344 2300 Ita
373 2254 551 2299 tamen
579 2254 636 2311 ut
661 2242 845 2309 Filius,
875 2248 932 2296 ut
959 2238 1095 2294 alius
1123 2253 1154 2292 a
1184 2237 1342 2291 Patre
1374 2251 1386 2288 :
1419 2233 1508 2303 qui
1534 2231 1766 2303 quidem,
1803 2238 1861 2284 ut

267 2337 381 2408 ipse
403 2335 698 2406 exposuisti
718 2336 762 2402 ³,
795 2349 959 2389 unum
985 2339 1128 2398 sunt,
1159 2330 1316 2385 Pater
1343 2336 1398 2384 et
1423 2326 1625 2392 Filius;
1655 2341 1759 2380 non
1783 2333 1859 2377 ta-

265 2445 388 2484 men
422 2444 560 2483 unus
594 2445 606 2481 :
642 2443 805 2482 unum
832 2425 898 2480 ad
928 2422 1264 2479 concordiam
1315 2419 1581 2490 pertinet,
1613 2431 1750 2472 unus
1791 2415 1858 2470 ad

265 2536 552 2576 numerum
594 2517 990 2589 singularitatis.
1017 2514 1150 2570 Nam
1181 2522 1236 2568 et
1260 2511 1406 2568 Pauli
1435 2509 1572 2566 beati
1617 2509 1856 2564 testimo-

265 2611 412 2666 nium
441 2609 706 2680 protulisti
731 2652 744 2675 ,
773 2608 915 2678 quod
958 2605 1143 2662 libenti
1169 2605 1348 2659 animo
1372 2602 1703 2672 suscepimus
1736 2617 1748 2652 :
1783 2600 1858 2655 si-

263 2703 481 2773 quidem
506 2702 716 2755 lirmum
737 2713 903 2770 genus
923 2706 1005 2753 est
1023 2695 1286 2761 veritatis,
1306 2693 1445 2764 quod
1467 2692 1534 2746 ab
1555 2692 1681 2761 ipsis
1698 2690 1856 2746 etiam

264 2792 753 2849 contradicentibus
775 2789 1053 2860 promitur.
1085 2786 1338 2842 Recitasti
1364 2784 1506 2840 enim
1533 2783 1752 2837 Paulum
1778 2780 1859 2835 di-

265 2884 408 2939 xisse
432 2927 447 2951 ,
481 2883 590 2954 Ego
635 2882 858 2952 plantavi
879 2921 895 2947 ,
927 2880 1109 2952 Apollo
1149 2878 1367 2949 rigavit;
1395 2876 1482 2931 sed
1511 2874 1650 2928 Deus
1693 2877 1858 2927 incre-

266 2985 489 3030 mentum
512 2975 666 3028 dedit.
696 2973 881 3044 Itaque
903 2988 1058 3043 neque
1075 2971 1163 3042 qui
1196 2971 1388 3040 plantat
1409 2977 1482 3022 est
1507 2966 1701 3036 aliquid
1725 3007 1740 3031 ,
1772 2982 1858 3019 ne-

267 3081 359 3135 que
381 3066 468 3134 qui
491 3065 623 3135 rigat
645 3082 665 3131 ,°
691 3065 779 3119 sed
806 3064 892 3129 qui
910 3063 1269 3116 incrementum
1295 3059 1380 3112 dat
1402 3057 1557 3112 Deus.
1592 3058 1690 3125 Qui
1712 3058 1860 3126 plan-

268 3165 338 3209 tat
352 3165 522 3209 autent
537 3164 584 3209 et
598 3155 683 3222 qui
698 3155 831 3224 rigat
847 3169 1006 3207 unum
1021 3159 1161 3215 sunt;
1177 3148 1514 3219 unusquisque
1533 3157 1699 3201 autem
1714 3163 1858 3201 suam

267 3249 544 3304 mercedem
578 3247 788 3317 accipiet
813 3245 1086 3301 secundum
1112 3259 1258 3297 suum
1291 3241 1509 3296 laborem
1541 3239 1582 3312 (Ι
1608 3239 1723 3294 Cor.
1759 3255 1855 3304 ιιι,

267 3341 412 3413 6-8).
446 3341 677 3397 Adverte
702 3339 858 3410 igitur
881 3379 896 3404 ,
927 3337 1046 3407 quia
1076 3336 1201 3390 licet
1228 3348 1393 3388 unum
1420 3333 1526 3386 sint
1549 3330 1854 3396 concordia,

267 3442 501 3488 attamen
526 3430 861 3502 unusquisque
880 3443 1027 3483 suam
1047 3425 1323 3480 mercedem
1349 3423 1560 3493 accipiet
1581 3421 1858 3475 secundum

268 3541 414 3578 suum
435 3525 674 3578 laborem.
705 3523 916 3578 Intuere
941 3534 1069 3590 ergo
1093 3529 1147 3574 et
1171 3517 1298 3572 illud
1324 3517 1465 3588 quod
1487 3515 1739 3570 Dominus
1764 3515 1855 3580 ait,

269 3614 381 3687 Ego
423 3624 469 3668 et
496 3614 652 3668 Pater
673 3629 830 3668 unum
857 3627 1031 3666 sumus
1061 3608 1238 3682 (Joan.
1264 3624 1300 3662 ι
1323 3649 1338 3675 ,
1371 3606 1461 3675 50)
1499 3623 1513 3659 :
1545 3606 1686 3676 quod
1715 3616 1858 3660 certa

268 3706 374 3761 ﬁde
403 3723 434 3760 a
464 3706 618 3762 nobis
647 3705 879 3761 creditur
919 3714 972 3758 et
1015 3701 1318 3772 suscipitur.
1358 3698 1461 3766 Qui
1505 3698 1670 3764 dicit,
1704 3697 1858 3769 Ego;

271 3795 437 3851 Filius
461 3807 544 3850 est
578 3813 593 3849 :
624 3796 715 3866 qui
740 3795 888 3862 dicit,
911 3803 959 3848 et
985 3791 1174 3857 Pater;
1193 3791 1418 3846 alterum
1441 3790 1652 3844 Patrem
1679 3799 1861 3844 osten-

271 3888 365 3944 dit.
402 3888 576 3944 Unum
611 3889 722 3954 ait;
764 3903 869 3942 non
893 3929 908 3956 ,
941 3900 1098 3941 unus.
1129 3884 1334 3954 Saepius
1380 3882 1579 3937 dictum
1629 3888 1711 3936 est
1737 3879 1859 3950 quia

272 3996 437 4034 unum
482 3979 549 4034 ad
575 3977 913 4034 concordiam
949 3976 1197 4046 pertinet.
1242 3971 1518 4040 Quomodo
1560 3986 1665 4026 non
1697 3986 1858 4025 unum

272 4073 432 4127 Pater
457 4081 513 4126 et
534 4071 698 4126 Filius
723 4112 738 4137 ,
770 4085 890 4125 cum
917 4067 1130 4138 quando
1153 4066 1348 4121 clamat
1374 4064 1540 4119 Filius
1565 4105 1580 4131 ,
1613 4062 1724 4134 Ego
1751 4078 1863 4131 qua:

273 4165 464 4235 placita
481 4173 599 4219 sunt
620 4162 766 4217 Patri
787 4162 921 4234 facio
940 4177 1135 4232 semper
1160 4157 1272 4229 (Id.
1305 4173 1418 4225 vnn,
1445 4157 1576 4227 29)?
1595 4156 1744 4212 Tunc
1770 4156 1863 4210 de-

273 4271 419 4310 mum
462 4269 570 4308 non
599 4262 741 4309 esset
765 4267 928 4306 unum
971 4265 1095 4306 cum
1124 4249 1282 4304 Patre
1304 4290 1320 4314 ,
1351 4248 1395 4303 si
1423 4247 1689 4302 contraria
1721 4245 1861 4300 Patri

272 4344 475 4401 iaceret
518 4342 822 4414 aliquando.
860 4341 948 4398 Sic
973 4351 1153 4396 autem
1178 4349 1233 4396 et
1255 4340 1497 4410 Apostoli
1537 4354 1697 4394 unum
1742 4347 1864 4392 sunt

272 4454 393 4494 cum
423 4440 586 4493 Patre
611 4447 666 4493 et
696 4437 830 4492 Filio
853 4479 868 4505 ,
899 4437 948 4490 in
974 4450 1039 4490 eo
1061 4434 1201 4505 quod
1234 4434 1285 4487 in
1317 4433 1562 4486 omnibus
1587 4431 1653 4486 ad
1679 4433 1865 4486 volun-

274 4541 435 4588 tatem
475 4532 573 4587 Dei
619 4529 790 4585 Patris
832 4527 1180 4599 respicientes
1204 4565 1218 4591 ,
1250 4523 1316 4579 ad
1364 4523 1711 4578 imitationem
1744 4521 1862 4576 Filii

272 4624 473 4681 subditi
517 4623 609 4678 uni
640 4622 750 4677 Deo
772 4621 916 4676 Patri
944 4628 1000 4675 et
1025 4618 1124 4688 ipsi
1153 4616 1492 4673 inveniuntur
1521 4615 1620 4686 (a).
1665 4615 1732 4669 Et
1755 4629 1862 4669 non

273 4723 482 4772 tantum
511 4729 609 4784 pro
635 4713 904 4782 Apostolis
939 4711 1165 4782 legimus
1190 4707 1520 4766 Salvatorem
1547 4722 1729 4763 orasse
1751 4747 1767 4773 ,
1807 4715 1866 4761 ut

273 4823 439 4862 unum
470 4805 598 4870 sint,
620 4803 717 4859 sed
744 4803 906 4858 etiam
937 4817 1034 4871 pro
1063 4799 1343 4855 creditoris
1373 4814 1468 4870 per
1491 4798 1711 4853 verbum
1739 4797 1862 4852 illo-

272 4915 413 4963 rum,
437 4896 624 4951 dicens
659 4913 671 4948 :
708 4894 828 4948 Non
849 4893 1014 4950 solum
1036 4909 1126 4963 pro
1152 4892 1230 4946 his
1249 4908 1413 4962 rogo;
1443 4890 1530 4944 sed
1559 4899 1605 4944 et
1635 4907 1726 4960 pro
1755 4906 1866 4943 cre-

273 4993 458 5045 dituris
485 5005 575 5059 per
600 4988 803 5042 verbum
826 4985 1032 5040 illorum
1053 4986 1106 5039 in
1134 5001 1212 5038 me
1243 5001 1262 5038 :
1292 4992 1346 5037 ut
1368 4999 1539 5038 omnes
1559 4999 1717 5036 unum
1743 4983 1860 5048 sint,

271 5085 401 5139 sicut
427 5092 484 5137 tu
511 5079 669 5136 Pater
693 5083 746 5135 in
767 5095 864 5147 me,
886 5087 934 5132 et
954 5094 1045 5148 ego
1064 5078 1118 5131 in
1141 5087 1206 5141 te,
1229 5084 1283 5129 ut
1303 5084 1349 5129 et
1368 5075 1444 5128 illi
1471 5075 1520 5127 in
1546 5074 1688 5127 nobis
1708 5090 1867 5128 unum

271 5181 370 5232 sint
395 5193 413 5240 ;
443 5184 503 5229 ut
525 5181 792 5245 cognoscat
813 5172 893 5225 hic
912 5172 1130 5224 mundus
1151 5169 1269 5239 quia
1291 5176 1345 5220 tu
1369 5183 1448 5220 me
1471 5165 1648 5218 misisti
1673 5204 1686 5225 ,
1720 5174 1766 5218 et
1790 5165 1870 5218 di-

275 5271 442 5325 lexisti
472 5267 591 5323 illos
633 5267 759 5322 sicut
787 5281 865 5318 me
893 5262 1135 5317 dilexisti.
1171 5259 1475 5315 Dilectionis
1503 5255 1628 5312 fecit
1651 5298 1664 5322 ,
1698 5263 1755 5310 ut
1783 5255 1866 5310 di-

277 5364 458 5418 ximus
482 5404 500 5429 ,
546 5359 870 5415 mentionem
896 5397 912 5424 ,
943 5363 999 5410 et
1040 5368 1146 5408 non
1189 5351 1500 5407 divinitatis.
1531 5348 1659 5416 Quis
1689 5358 1868 5402 autem

279 5455 494 5526 ignorat
514 5439 661 5524 quod
704 5449 898 5505 Paulus
921 5489 936 5513 ,
966 5445 1160 5502 Paulus
1194 5452 1312 5510 est;
1341 5451 1395 5498 et
1418 5440 1612 5512 Apollo
1635 5479 1650 5505 ,
1680 5439 1870 5510 Apollo

345 5610 365 5644 ί
401 5609 590 5679 A_l_iip_lot
611 5616 734 5667 Mss,
760 5603 1032 5664 concordia,
1055 5599 1343 5665 (equalitate.
1368 5599 1582 5658 Quidam.
1601 5596 1871 5647 concordia:

284 5670 570 5732 wgualitate.
616 5730 623 5732 _
1035 5726 1044 5732 _
1170 5727 1179 5732 _
1467 5721 1476 5730 ι

346 5720 368 5765 ⁵
400 5738 476 5781 Er.
501 5730 647 5793 Lugd.
680 5737 732 5793 et
762 5735 893 5793 tum,
918 5726 1044 5787 quod
1064 5727 1258 5789 quidem
1276 5721 1554 5788 exposuisti.
1581 5730 1721 5783 ven.,
1744 5720 1871 5784 quod

290 5793 403 5854 Quid
423 5799 495 5844 est
516 5790 792 5856 exposuisti.
829 5854 835 5856 _
880 5796 935 5838 tu.

349 5856 426 5919 (a)
449 5847 839 5916 vide'Augustini
864 5864 1012 5902 serm.
1041 5850 1148 5911 140,
1171 5864 1221 5899 n.
1247 5849 1294 5910 4,
1320 5856 1434 5900 tom.
1457 5847 1506 5897 5.

1067 374 1406 434 COLLATIO
1441 372 1584 432 CUM
1611 368 1950 429 MAXIMINO
1986 368 2394 430 ARIANORUM
2431 369 2777 432 EPISCOPO.

3453 391 3558 450 758

1975 494 2058 540 est
2094 502 2106 538 :
2139 501 2258 541 cum
2279 487 2491 557 quando
2514 489 2656 546 dicat
2684 495 2798 562 ipse
2819 493 3016 551 Paulus
3038 538 3054 564 ,
3086 495 3218 554 Plus
3245 503 3474 560 omnibus
3494 508 3559 562 it-

1972 577 2036 673 lis
2074 579 2338 673 laboravi;
2366 597 2467 635 non
2495 599 2584 653 ego
2615 593 2780 639 autem
2802 627 2818 654 ,
2847 588 2937 643 sed
2964 592 3129 660 gratia
3155 592 3248 648 Dei
3278 613 3474 652 mecum
3513 601 3558 673 (Ι

1973 667 2090 722 Cor.
2121 686 2188 724 xv
2213 713 2227 738 ,
2258 670 2348 744 10)
2370 673 2392 725 ?
2417 673 2549 728 Nam
2572 677 2659 747 qui
2695 679 2811 749 plus
2837 680 3082 753 laborat,
3113 686 3230 756 plus
3269 667 3555 761 consequi-

1973 769 2078 816 tur.
2108 761 2486 822 Verumtamen
2514 785 2674 824 unum
2701 781 2843 840 sunt,
2877 775 2926 830 in
2953 793 3239 847 consensu,
3273 783 3324 838 in
3352 799 3543 843 conve-

1970 854 2169 1002 niqntia
2195 898 2210 925 ,
2243 856 2295 912 in
2335 858 2657 929 dilectione;
2688 866 2899 935 quando
2942 869 2994 924 id
3025 871 3222 928 faciunt
3244 877 3386 947 quod
3413 877 3555 936 Deus

1971 962 2039 1002 vu
2067 957 2106 1002 t.
2951 949 2954 952 ’

1971 949 2106 1004 vult.
2951 949 2954 952 ’

2039 1041 2128 1098 25.
2161 1043 2302 1100 Dicis
2341 1047 2480 1116 quod
2510 1065 2647 1106 unus
2676 1063 2758 1110 est
2785 1055 2945 1114 Deus.
2974 1061 3196 1129 Astrue,
3230 1065 3276 1119 si
3307 1065 3465 1122 Pater
3497 1081 3553 1124 et

1968 1133 2136 1190 Filius
2161 1143 2214 1190 et
2241 1136 2468 1208 Spiritus
2493 1153 2706 1199 sanctus
2734 1162 2870 1204 unus
2896 1159 2978 1206 est
2998 1152 3159 1221 Deus,
3187 1171 3254 1210 an
3281 1159 3427 1213 solus
3451 1159 3550 1216 Pa-

1968 1233 2052 1282 ter
2081 1243 2216 1284 unus
2257 1228 2398 1286 Deus
2441 1233 2696 1291 dicendus
2738 1247 2852 1306 est,
2898 1242 3049 1313 cujus
3095 1244 3258 1302 Filius
3305 1249 3552 1307 Christus

1969 1331 2152 1377 noster
2172 1333 2254 1378 est
2285 1324 2445 1380 Deus.
2469 1326 2690 1386 Judaico
2727 1347 2878 1390 more
2907 1335 3135 1393 hortaris
3173 1355 3272 1397 nos
3311 1343 3551 1412 proﬁteri

1969 1426 2130 1467 unum
2153 1413 2351 1470 Deum?
2375 1417 2458 1471 An
2485 1418 2552 1474 de
2580 1421 2908 1492 subjectione
2949 1427 3069 1483 Filii
3112 1431 3315 1499 potius,
3355 1447 3548 1490 secun-

1966 1504 2095 1560 dum
2140 1506 2282 1576 quod
2324 1506 2484 1565 habet
2525 1510 2658 1568 ﬁdes
2704 1515 3025 1587 christiana,
3071 1524 3367 1581 ostenditur
3409 1543 3550 1585 unus

1966 1610 2088 1652 esse
2123 1598 2280 1666 Deus,
2329 1601 2482 1670 cujus
2525 1602 2665 1661 ﬁlius
2708 1617 2891 1662 noster
2935 1620 3018 1665 est
3066 1612 3246 1683 Deus,
3302 1626 3362 1672 ut
3407 1618 3546 1675 dixi-

1964 1687 2122 1742 mus?
2161 1688 2291 1743 Nam
2321 1691 2444 1760 quia
2473 1693 2632 1749 Pater
2679 1704 2734 1751 et
2766 1696 2930 1753 Filius
2975 1715 3079 1754 non
3133 1713 3214 1759 est
3256 1721 3411 1775 unus,
3455 1710 3544 1765 vel

1964 1778 2132 1835 Paulo
2177 1781 2337 1836 crede
2376 1783 2608 1853 dicenti,
2655 1789 2797 1856 quod
2843 1805 2939 1859 per
2976 1792 3209 1864 singulas
3257 1795 3370 1851 fere
3413 1798 3542 1868 Epi-

1963 1871 2128 1927 stolas
2146 1875 2467 1942 pronuntiat,
2509 1876 2692 1933 dicens
2724 1897 2736 1933 :
2770 1878 2947 1936 Gratia
2972 1884 3108 1939 vobis
3153 1897 3199 1940 et
3240 1903 3344 1956 pax
3366 1906 3397 1942 a
3433 1887 3544 1944 Deo

1964 1961 2124 2017 Patre
2150 1975 2319 2020 nostro
2343 1976 2390 2020 et
2410 1966 2628 2024 Domino
2647 1970 2770 2026 Jesu
2793 1971 2994 2028 Christo
3016 1975 3191 2046 (Rom.
3223 1995 3261 2046 1,
3290 1981 3356 2047 7;
3379 1980 3401 2034 l
3425 1979 3543 2037 Cor.

1963 2068 2001 2120 ι,
2031 2054 2096 2121 5;
2128 2054 2170 2109 ll
2197 2056 2313 2112 Cor.
2340 2074 2378 2126 ι,
2407 2058 2475 2124 2;
2507 2060 2677 2116 Galat.
2709 2080 2747 2132 ι,
2775 2065 2828 2130 5,
2870 2076 2914 2120 et
2939 2067 3129 2138 Ephes.
3163 2088 3209 2138 ι,
3240 2073 3330 2143 2).
3360 2075 3548 2133 Adhuc

1962 2155 2138 2201 autem
2172 2165 2185 2201 :
2224 2148 2368 2203 Unus
2406 2150 2546 2207 Deus
2576 2153 2753 2224 Pater,
2802 2174 2865 2212 ea:
2905 2177 3002 2226 quo
3048 2165 3249 2232 omnia,
3285 2176 3329 2220 et
3371 2183 3464 2223 nos
3493 2170 3546 2224 in

1960 2236 2109 2305 ipso;
2138 2248 2184 2292 et
2204 2254 2334 2294 unus
2359 2239 2606 2299 Dominus
2631 2244 2779 2301 Jesus
2804 2246 3054 2317 Christus,
3078 2271 3167 2324 per
3186 2273 3329 2325 quem
3353 2261 3543 2326 omnia,

1961 2337 2008 2383 et
2052 2346 2143 2384 nos
2184 2333 2238 2385 in
2279 2333 2391 2403 ipso
2431 2336 2447 2366 ³
2475 2335 2494 2406 (
2520 2335 2676 2392 lCor.
2705 2356 2797 2394 vni
2819 2383 2834 2408 ,
2862 2341 2952 2414 6).
2983 2344 3086 2400 Iste
3110 2358 3192 2402 est
3216 2351 3303 2418 qui
3331 2366 3363 2406 a
3392 2352 3546 2409 nobis

1961 2420 2272 2479 Christianis
2302 2441 2438 2482 unus
2463 2428 2600 2485 Deus
2631 2431 2967 2503 praedicatur,
2998 2453 3159 2507 quem
3184 2439 3352 2497 Filius
3380 2460 3542 2500 unum

1962 2518 2268 2585 pronuntiat
2311 2519 2507 2576 bonum
2533 2563 2548 2590 ,
2593 2523 3005 2583 dicenszNemo
3041 2529 3232 2600 bonus,
3276 2536 3374 2589 nisi
3416 2553 3547 2593 unus

1959 2608 2098 2664 Deus
2119 2611 2310 2682 (Marc.
2340 2630 2391 2682 x,
2415 2615 2524 2688 18).
2549 2617 2664 2673 Non
2690 2621 2831 2690 quod
2851 2623 3093 2679 Christus
3115 2641 3219 2681 non
3246 2628 3314 2682 sit
3337 2630 3543 2686 bonus:

1960 2700 2075 2793 ipse
2103 2705 2243 2758 enim
2273 2707 2379 2773 ait,
2411 2707 2525 2778 Ego
2564 2727 2677 2765 sum
2721 2722 2893 2784 pastor
2930 2715 3088 2770 bonus
3128 2718 3318 2789 (Joan.
3350 2738 3406 2789 χ,
3431 2724 3544 2793 11).

1958 2791 2075 2847 Non
2101 2795 2242 2863 quod
2275 2795 2505 2866 Spiritus
2533 2813 2748 2858 sanctus
2787 2822 2896 2860 non
2926 2808 2996 2862 sit
3025 2810 3196 2866 bonus
3221 2831 3234 2866 :
3261 2815 3386 2869 audi
3416 2791 3548 2885 pro-v

1963 2885 2173 2954 phetam
2200 2889 2514 2948 clamantem
2536 2934 2550 2959 ,
2579 2894 2802 2964 Spiritus
2831 2907 2946 2954 tuus
2972 2900 3132 2958 bonus
3157 2904 3365 2962 deducet
3390 2925 3468 2964 me
3494 2911 3550 2965 in

1960 2980 2092 3033 viam
2117 2991 2305 3036 rectam
2327 2983 2496 3053 (Psal.
2525 3001 2686 3055 exui,
2717 2989 2830 3060 10).
2860 2992 2998 3047 Audi
3025 3004 3200 3051 autem
3231 2997 3404 3054 adhuc
3431 2999 3550 3056 Sal-

1961 3073 2161 3128 vatoris
2191 3075 2550 3132 testimonium
2578 3078 2824 3151 dicentis,
2854 3082 3028 3138 Bonus
3049 3086 3198 3142 homo
3222 3089 3284 3144 de
3312 3092 3548 3147 thesauro

1961 3165 2128 3219 cordis
2154 3167 2235 3219 sui
2262 3172 2453 3239 profert
2478 3169 2609 3225 bona
2632 3169 2796 3244 (Luc.
2831 3190 2902 3243 vr,
2924 3177 3038 3250 45).
3063 3178 3278 3236 Necnon
3308 3183 3469 3236 etiam
3495 3193 3551 3239 et

1961 3259 2136 3314 omnis
2165 3273 2409 3315 creatura
2439 3262 2534 3318 Dei
2559 3264 2697 3320 bona
2729 3267 2900 3322 valde.
2931 3268 2986 3324 Si
3023 3282 3266 3328 creatura
3302 3275 3473 3345 bona,
3504 3278 3550 3332 si

1962 3348 2124 3405 homo
2150 3351 2341 3418 bonus,
2373 3353 2418 3409 si
2447 3353 2672 3424 Spiritus
2715 3370 2931 3416 sanctus
2969 3361 3172 3430 bonus,
3216 3365 3261 3418 si
3305 3365 3549 3424 Christus

1963 3441 2156 3511 bonus,
2188 3446 2638 3514 quemadmodum
2667 3466 2804 3506 unus
2831 3454 3001 3510 bonus
3033 3457 3413 3526 requirendum
3443 3470 3546 3516 est.

1961 3536 2096 3602 Quia
2124 3539 2302 3608 utique
2341 3541 2420 3598 sic
2461 3543 2534 3597 ait
2571 3543 2830 3614 Salvator,
2875 3547 3040 3603 Nemo
3084 3550 3261 3616 bonus,
3295 3554 3393 3608 nisi
3421 3571 3550 3612 unus

1960 3627 2100 3683 Deus
2121 3647 2139 3683 :
2164 3644 2230 3685 eo
2258 3631 2398 3701 quod
2427 3633 2542 3703 ipse
2566 3643 2650 3690 est
2681 3635 2798 3692 fons
2824 3638 3072 3696 bonitatis
3092 3683 3106 3708 ,
3151 3643 3240 3713 qui
3283 3646 3424 3714 quod
3467 3657 3551 3703 est

1961 3719 2135 3776 bonus
2155 3763 2169 3789 ,
2214 3737 2245 3776 a
2288 3725 2503 3779 nemine
2540 3728 2762 3796 accepit.
2793 3728 2924 3784 Nam
2947 3741 3000 3786 et
3025 3729 3270 3790 ChriStus
3299 3737 3440 3806 quod
3468 3747 3550 3795 est

1961 3812 2154 3878 bonus,
2181 3828 2212 3865 a
2237 3828 2334 3869 suo
2361 3817 2598 3884 genitore
2625 3827 2708 3872 est
2733 3827 2791 3873 ut
2818 3821 2887 3875 sit
2907 3821 3108 3886 bonus;
3133 3834 3187 3879 et
3206 3827 3378 3881 omnis
3398 3843 3549 3884 crea~

1969 3912 2085 3959 tura
2116 3905 2212 3960 Dei
2241 3907 2374 3961 bona
2399 3949 2413 3970 ,
2450 3923 2546 3977 per
2571 3907 2840 3966 Christum
2873 3915 3080 3984 accepit
3128 3925 3182 3970 ut
3217 3928 3359 3973 esset
3388 3919 3544 3979 bona.

1964 3997 2067 4053 Sed
2098 3999 2210 4054 sive
2237 4000 2424 4068 Filius,
2459 4004 2571 4057 sive
2592 4003 2683 4072 qui
2711 4019 2807 4073 per
2831 4005 2980 4060 illum
3013 4017 3135 4062 sunt
3174 4009 3293 4065 facti
3321 4053 3335 4078 ,
3364 4012 3431 4068 de
3462 4014 3552 4069 illo

1965 4108 2070 4146 uno
2091 4093 2235 4148 fonte
2260 4093 2512 4149 bonitatis
2541 4098 2900 4169 unusquisque
2927 4101 3218 4156 secundum
3243 4119 3548 4162 mensuram

1964 4185 2086 4240 lidei
2123 4201 2232 4241 sua:
2271 4199 2674 4258 assumpserunt
2719 4201 2776 4245 ut
2805 4203 2982 4248 essent
3013 4195 3157 4249 boni.
3189 4195 3346 4252 Pater
3373 4209 3552 4255 autem

1967 4293 2124 4346 unus,
2155 4279 2294 4349 quod
2321 4290 2401 4335 est
2432 4280 2624 4349 bonus,
2662 4297 2691 4336 a
2733 4285 2946 4340 nemine
2979 4289 3200 4355 accepit.
3229 4288 3297 4343 Et
3338 4289 3456 4346 ideo
3480 4292 3555 4347 ait

1965 4368 2226 4435 Christus,
2256 4369 2420 4426 Nemo
2442 4381 2512 4426 cst
2533 4374 2710 4440 bonus,
2745 4374 2842 4430 nisi
2872 4394 3021 4432 unus.
3047 4380 3134 4435 Sic
3154 4397 3279 4451 ergo
3314 4400 3446 4439 unus
3472 4397 3556 4441 est

1966 4462 2128 4526 Deus,
2155 4464 2277 4532 quia
2299 4479 2436 4518 unus
2459 4474 2544 4519 est
2572 4465 3020 4538 incomparabilis,
3043 4471 3165 4541 quia
3193 4488 3328 4528 unus
3352 4484 3434 4530 est
3453 4477 3558 4532 im-

1969 4570 2208 4620 tnensus,
2243 4565 2300 4612 ut
2322 4557 2432 4627 jam
2467 4573 2652 4613 sumus
2677 4563 2964 4630 prosecuti.

2037 4648 2127 4703 24.
2170 4647 2287 4703 Non
2331 4643 2655 4718 denegamus
2700 4652 2842 4722 quod
2885 4653 3048 4711 Filius
3086 4657 3268 4733 diligat
3306 4661 3553 4730 Patrem,

1968 4759 2088 4798 cum
2119 4742 2329 4814 quando
2363 4753 2418 4798 et
2446 4745 2708 4815 scriptum
2741 4746 2964 4817 legimus
3004 4767 3017 4804 :
3052 4749 3121 4805 Ut
3147 4753 3270 4805 sciat
3297 4753 3377 4806 hic
3403 4771 3554 4807 mun-

1970 4837 2065 4890 dus
2102 4837 2221 4908 quia
2254 4836 2411 4907 diligo
2448 4837 2676 4905 Patrem,
2705 4848 2752 4892 et
2777 4840 2905 4893 sicut
2934 4842 3230 4897 mandatum
3269 4845 3392 4898 mihi
3419 4846 3557 4902 dedit

1970 4929 2146 4996 Pater,
2171 4932 2243 4984 sic
2270 4933 2402 5002 facio
2425 4932 2599 5002 (Joan.
2631 4950 2735 5002 xlv,
2772 4933 2882 5008 5i).
2907 4935 3125 4991 Constat
3152 4938 3344 4993 Filium
3381 4925 3433 4994 εί
3470 4942 3556 4997 di-

1970 5021 2058 5092 ligi
2082 5033 2137 5077 et
2162 5023 2402 5093 diligere,
2426 5035 2473 5079 el
2508 5026 2814 5081 mandatum
2845 5028 3049 5095 Patris,
3083 5038 3138 5082 ut
3177 5031 3290 5100 ipse
3330 5033 3556 5099 asserit,

1971 5114 2212 5182 implere.
2243 5115 2309 5170 Et
2340 5116 2460 5171 ideo
2483 5134 2640 5173 unum
2666 5127 2806 5184 sunt,
2835 5119 3125 5175 secundum
3156 5122 3294 5192 quod
3321 5123 3414 5189 ait,
3447 5122 3558 5194 Ego

1971 5217 2018 5261 et
2046 5206 2202 5261 Pater
2226 5225 2380 5262 unum
2401 5227 2572 5264 sumus
2594 5209 2712 5280 (Id.
2739 5226 2792 5272 χ,
2817 5211 2938 5279 '50).
2972 5210 3104 5265 Nam
3138 5213 3187 5266 in
3215 5229 3280 5268 eo
3308 5214 3450 5283 quod
3480 5215 3560 5270 di-

1971 5300 2063 5366 cit,
2093 5300 2190 5368 Qui
2214 5319 2291 5356 me
2313 5302 2454 5366 vidit,
2473 5303 2590 5356 vidit
2610 5311 2656 5356 et
2671 5300 2880 5355 Patrem
2903 5301 3009 5372 (Id.
3040 5319 3144 5369 xlv,
3170 5303 3222 5374 9)
3247 5321 3260 5370 ;
3285 5316 3426 5360 certa
3457 5306 3561 5364 ﬁde

1973 5393 2300 5450 credendum
2332 5405 2415 5450 est
2443 5396 2564 5463 quia
2590 5395 2680 5465 qui
2708 5393 2851 5450 videt
2874 5394 3064 5450 Filium
3091 5437 3107 5464 ,
3134 5412 3228 5467 per
3254 5397 3448 5454 Filium
3479 5402 3556 5454 vi-

1974 5485 2064 5540 det
2087 5494 2141 5540 et
2167 5485 2415 5555 intelligit
2446 5485 2673 5540 Patrem.

2043 5580 2133 5636 25.
2167 5581 2387 5651 Propter
2410 5579 2631 5634 iormam
2659 5583 2820 5650 servi,
2845 5583 3098 5653 majorem
3126 5584 3332 5640 Patrem
3355 5587 3564 5657 profes-

2040 5719 2054 5749 ι
2090 5716 2225 5774 Editi,
2250 5729 2335 5774 per
2355 5715 2530 5778 ipsum.
2557 5723 2614 5780 At
2636 5724 2761 5775 Mss.,
2782 5715 2832 5765 in
2854 5715 2957 5780 ipso
2985 5730 3002 5766 :
3028 5725 3082 5768 et
3102 5720 3171 5768 sic
3192 5717 3398 5780 loeuma
3422 5725 3564 5780 Maxi-

1975 5780 2458 5904 ncanlqogiqluszrecte
2492 5778 2730 5842 prolatum
2761 5778 2896 5829 notat
2931 5784 3222 5844 augustinus
3267 5781 3317 5830 in
3356 5778 3480 5830 libro
3512 5779 3563 5843 2,

2069 5877 2081 5889 ⁶
2169 5873 2186 5901 ν
2243 5875 2255 5888 ⁹
2314 5875 2326 5900 τ

2069 5877 2081 5889 ο
2107 5873 2186 5901 .1,
2206 5873 2255 5888 II.
2278 5873 2326 5900 υτ
