4042 6490
555 429 661 488 739

560 560 646 602 Stis
673 559 731 600 es
755 563 768 600 :
791 544 930 616 quod
955 543 1086 600 mihi
1118 543 1335 598 nimium
1367 541 1584 597 stultum
1614 553 1734 596 esse
1762 540 1987 595 videtur.
2014 539 2134 594 Sci-

555 653 675 692 mus
703 639 864 703 enim,
897 636 1042 708 quod.
1084 643 1139 690 et
1181 637 1293 705 ipse
1339 633 1635 704 protulisti,
1682 633 1737 688 in
1778 632 1947 688 forma
1996 631 2133 687 servi

552 731 712 784 etiam
743 745 862 783 eum
902 709 1116 800 Angelis
1159 727 1414 780 minorem
1455 725 1667 780 factum.
1691 725 1800 780 Nec
1837 726 1977 778 enim
2006 725 2134 779 satis

553 823 605 877 in
635 822 854 894 gloriam
890 821 978 874 Dei
1002 818 1249 888 profusus
1270 834 1328 873 es
1352 819 1390 884 ¹,
1416 819 1500 888 qui
1525 818 1589 872 ad
1615 820 1833 874 formam
1857 818 1996 874 servi
2025 833 2136 870 ma-

548 913 720 983 jorem
746 911 952 965 Patrem
985 908 1266 979 proﬁteris.
1299 909 1375 961 Ad
1423 909 1648 962 formam
1689 908 1830 962 servi
1864 917 1917 963 et
1947 907 2133 980 Angeli

551 1005 779 1073 majores
806 1013 948 1058 sunt.
976 1000 1084 1055 Nec
1112 1001 1252 1056 enim
1283 1001 1347 1054 ad
1380 1001 1480 1054 hoc
1506 1000 1652 1054 venit
1670 999 1930 1063 Christus,
1959 1008 2012 1052 ut
2036 1013 2132 1053 nos

551 1094 838 1150 instrueret
879 1091 1019 1162 quod
1057 1091 1123 1145 ad
1165 1090 1389 1145 formam
1431 1092 1568 1145 servi
1615 1090 1782 1160 major
1809 1101 1891 1144 est
1934 1090 2126 1144 Pater:

548 1185 641 1240 sed
671 1184 787 1240 ideo
812 1183 1019 1242 Veritas
1045 1182 1112 1237 ad
1141 1197 1237 1236 nos
1266 1182 1408 1235 venit
1429 1223 1441 1242 ,
1468 1190 1524 1235 ut
1553 1181 1730 1251 utique
1755 1180 1969 1235 doceret
2000 1194 2125 1245 nos,

547 1287 704 1349 atque
730 1277 1050 1343 instrueret,
1079 1275 1219 1348 quod
1248 1276 1406 1330 Pater
1435 1273 1570 1328 Filio
1603 1274 1771 1342 major
1799 1283 1912 1336 est,
1943 1283 1994 1327 et
2026 1272 2127 1327 hoc

555 1370 685 1424 Filio
723 1371 809 1440 qui
841 1385 1060 1440 magnus
1084 1377 1165 1422 est
1196 1367 1354 1421 Deus.
1377 1367 1482 1419 Nos
1508 1367 1648 1419 enim
1673 1365 1749 1420 sic
1770 1365 2125 1436 gloriﬁcamus

551 1461 784 1524 Patrem,
815 1471 871 1515 ut
898 1474 1089 1529 magno
1120 1460 1230 1513 Deo
1269 1459 1523 1528 majorem
1571 1458 1716 1510 illiilli
1758 1457 2117 1527 proﬁteantur,

545 1562 604 1606 ut
632 1553 737 1606 alto
777 1552 1141 1607 sublimiorem
1184 1553 1573 1604 annuntiemus.
1607 1551 1687 1603 An
1727 1563 1856 1604 vero
1900 1550 1996 1604 iste
2042 1558 2124 1604 est

541 1645 749 1704 debitus
775 1645 946 1700 honor
975 1645 1089 1711 Dei,
1123 1653 1181 1698 ut
1207 1643 1374 1702 forma
1415 1642 1595 1698 servili
1635 1642 1804 1712 major
1845 1642 1915 1697 sit
1942 1643 2118 1709 Pater,

541 1747 594 1792 tu
625 1737 838 1795 videris.

609 1831 700 1886 26.
732 1829 872 1884 Dicis
914 1827 1056 1902 quod
1101 1843 1159 1884 se
1205 1827 1452 1888 divinitas
1493 1826 1733 1898 patribus
1762 1827 1993 1883 ostendit
2023 1845 2035 1881 :
2067 1837 2122 1883 ct

541 1923 699 1992 paulo
727 1931 850 1976 ante
878 1930 1189 1990 prosecutus
1232 1936 1325 1986 es,
1367 1919 1510 1990 quod
1555 1919 1736 1990 utique
1780 1919 2026 1974 divinitas
2051 1920 2121 1974 sit

539 2011 833 2066 invisibilis.
860 2009 1104 2065 Ostendit
1131 2026 1189 2065 se
1217 2025 1365 2077 sane,
1395 2026 1499 2064 non
1527 2010 1702 2077 Pater,
1727 2011 1815 2082 qui
1841 2012 2117 2065 invisibilis

537 2111 620 2157 est
644 2121 655 2156 :
683 2119 748 2156 ne
774 2104 818 2157 si
849 2103 1085 2157 dicamus
1125 2103 1334 2156 Patrem
1364 2103 1534 2160 visum
1576 2101 1758 2164 fuisse,
1805 2103 2114 2172 Apostolum

533 2193 816 2248 reddamus
847 2193 1156 2248 mendacem
1179 2235 1192 2258 ,
1239 2193 1328 2262 qui
1373 2193 1464 2260 ait,
1510 2194 1671 2257 Quem
1707 2193 1827 2246 vidit
1856 2195 2116 2247 hominum

533 2302 698 2353 nemo,
726 2303 879 2358 neque
898 2287 1062 2340 videre
1085 2296 1242 2357 potest
1267 2287 1308 2356 (Ι
1337 2285 1467 2339 Tim.
1485 2301 1554 2352 vr,
1580 2286 1691 2357 16).
1717 2287 1781 2339 Ει
1806 2302 1913 2341 non
1939 2289 2112 2342 solum

536 2379 838 2434 invenimur
862 2379 1010 2435 Novo
1041 2380 1291 2434 resistere
1321 2379 1664 2434 Testamento
1683 2419 1698 2446 ,
1728 2395 1911 2434 verum
1954 2381 2112 2436 etiam

532 2482 587 2526 et
613 2470 790 2525 Veteri
813 2472 923 2540 pari
956 2471 1114 2531 modo
1142 2472 1392 2530 contrarii
1424 2471 1743 2525 invenimur.
1771 2473 2005 2543 Denique
2034 2473 2113 2527 sic

532 2562 606 2615 ait
632 2561 840 2632 Moyses
864 2577 876 2614 :
906 2559 1022 2615 Non
1059 2571 1218 2632 potest
1255 2562 1463 2632 quisque
1502 2561 1665 2615 Deum
1693 2562 1858 2636 videre
1882 2573 1927 2616 et
1953 2565 2111 2617 vivere

532 2653 741 2727 (Exod.
764 2671 949 2723 χχχιιι,
979 2654 1049 2708 20
1067 2655 1105 2725 ).
1136 2655 1251 2724 Ipse
1278 2670 1408 2710 sane
1437 2655 1643 2726 Moyses
1668 2655 1948 2725 descripsit
1971 2657 2020 2708 in
2043 2656 2108 2709 li-

530 2745 628 2800 bro
657 2746 954 2810 Geneseos,
987 2744 1127 2814 quod
1154 2745 1220 2799 ab
1249 2746 1337 2798 illo
1366 2747 1539 2816 primo
1567 2745 1786 2801 homine
1816 2747 1982 2801 Adam
2015 2761 2108 2802 us-

532 2852 634 2906 que
661 2839 727 2892 ad
753 2840 918 2907 ipsam
949 2839 1366 2893 incarnationem
1393 2855 1604 2909 semper
1627 2839 1794 2894 Filius
1829 2842 1971 2894 visus
2006 2848 2105 2894 est.

531 2930 661 2984 Nam
692 2931 734 2984 si
762 2931 1059 2991 testimonia
1090 2932 1285 3002 quaeris
1305 2972 1320 2997 ,
1350 2933 1527 3001 utique
1555 2931 1715 2986 habes
1744 2933 1972 3004 positum
2005 2932 2108 2986 Pa-

530 3031 663 3077 trem
691 3023 756 3077 ad
779 3021 967 3076 Filium
999 3022 1260 3078 dicentem
1284 3042 1295 3075 :
1323 3023 1598 3078 Faciamus
1619 3025 1870 3078 hominem
1890 3027 1956 3078 ad
1981 3026 2109 3079 ima-

527 3118 691 3186 ginem
713 3125 757 3169 et
783 3117 1159 3176 similitudinem
1176 3126 1414 3170 nostram.
1435 3115 1718 3186 Sequitur:
1746 3117 1810 3170 Et
1829 3119 1946 3189 fecit
1971 3117 2107 3172 Deus

531 3207 777 3260 hominem
815 3205 974 3278 (Gen.
1004 3223 1040 3273 ι,
1061 3207 1151 3270 26,
1179 3207 1248 3261 27
1336 3207 1462 3275 Quis
1490 3209 1668 3277 utique
1698 3207 1853 3274 Deus,
1884 3209 1984 3264 nisi
2013 3209 2106 3264 Fi-

527 3298 658 3351 lius?
673 3299 784 3353 lIoc
801 3299 981 3368 utique
1000 3307 1054 3353 et
1078 3309 1130 3352 tu
1149 3299 1200 3352 in
1227 3299 1328 3352 tuis
1350 3299 1660 3353 tractatibus
1677 3301 1985 3370 exposuisti.
2005 3300 2105 3357 Iste

525 3405 651 3461 ergo
679 3390 844 3446 Filius
871 3391 959 3461 qui
997 3400 1079 3445 est
1104 3391 1358 3462 propheta
1395 3391 1476 3445 sui
1505 3392 1758 3462 genitoris
1779 3434 1792 3459 ,
1831 3393 1917 3463 qui
1943 3403 1996 3448 et
2021 3393 2104 3448 di-

528 3484 701 3550 cebat,
733 3483 854 3538 Non
880 3495 951 3539 est
981 3484 1165 3539 bonum
1205 3485 1367 3538 solum
1393 3501 1499 3538 esse
1537 3486 1818 3552 hominem;
1857 3488 2104 3557 faciamus

522 3577 568 3628 ei
605 3577 916 3645 adiutorium
961 3578 1235 3631 secundum
1289 3593 1342 3631 se
1371 3576 1389 3647 (
1415 3576 1499 3630 Id.
1524 3594 1588 3643 ιι,
1623 3579 1768 3645 18);
1800 3580 1898 3634 iste
1937 3579 2103 3636 Filius

522 3668 649 3722 Adae
678 3677 760 3723 est
785 3668 951 3733 visus,
980 3668 1268 3746 secundum
1296 3671 1434 3739 quod
1461 3670 1686 3739 legimus
1721 3671 1890 3725 Adam
1917 3671 2101 3726 dicen-

523 3767 648 3823 tem,
687 3759 864 3816 Vocem
890 3770 1028 3815 tuam
1048 3762 1218 3814 audivi
1245 3761 1552 3814 ambulantis
1567 3763 1618 3814 in
1633 3763 1889 3829 paradiso,
1918 3773 1962 3815 et
1987 3763 2096 3816 abs~

521 3854 669 3907 condi
718 3871 814 3920 me,
838 3854 954 3923 quia
979 3855 1144 3908 nudus
1173 3871 1331 3908 eram.
1364 3854 1536 3908 [Iabes
1575 3854 1756 3924 utique
1789 3855 1927 3924 quod
1960 3855 2100 3910 Deus

522 3944 655 3998 dixit
682 3944 749 4009 ei,
787 3944 848 3997 Et
874 3945 984 4016 quis
1011 3947 1098 3998 tibi
1126 3945 1360 3999 indicavit
1387 3947 1506 4016 quia
1536 3945 1701 3999 nudus
1739 3963 1880 4011 eras,
1911 3948 2010 4001 nisi
2039 3947 2102 4001 de

521 4034 656 4106 ligno
704 4035 766 4088 de
811 4052 908 4105 quo
952 4051 1289 4106 prazceperam
1333 4036 1419 4089 tibi
1464 4051 1524 4090 ne
1569 4035 1919 4101 manducares,
1953 4054 2015 4091 ea:
2042 4053 2098 4092 eo

520 4129 834 4182 manducasti
863 4127 981 4200 (Id.
1005 4145 1080 4192 ιιι,
1113 4129 1200 4196 10,
1233 4130 1288 4183 Η
1313 4127 1368 4201 )‘t
1393 4129 1490 4184 Hic
1515 4129 1656 4184 Deus
1684 4138 1739 4184 et
1765 4130 1990 4185 Abraha:
2021 4131 2096 4184 vi-

519 4235 610 4276 sus
629 4230 714 4275 est
738 4218 846 4288 (Id.
873 4236 1022 4286 xvtu,
1045 4221 1098 4288 1)
1125 4238 1137 4274 ;
1167 4228 1221 4274 et
1240 4220 1360 4289 quia
1385 4219 1546 4273 Filius
1573 4221 1715 4273 visus
1739 4230 1820 4275 est
1845 4221 2094 4288 Abrahae,

518 4310 563 4366 si
595 4311 672 4365 vis
700 4311 936 4376 credere,
970 4311 1151 4380 utique
1179 4311 1292 4380 ipse
1322 4309 1624 4379 unigenitus
1651 4310 1792 4365 Deus
1818 4311 1870 4364 in
1911 4321 2096 4370 sancto

515 4402 797 4462 afﬁrmavit
816 4401 1119 4470 Evangelio,
1144 4400 1325 4456 dicens
1351 4401 1425 4455 sic
1455 4418 1467 4453 :
1497 4400 1750 4454 Abraham
1773 4411 1914 4470 pater
1942 4413 2098 4458 vester

515 4496 780 4550 exsultavit
803 4504 856 4548 ut
881 4495 1066 4549 videret
1090 4494 1221 4548 diem
1241 4511 1423 4560 meum,
1454 4504 1499 4548 et
1529 4495 1650 4548 vidit
1670 4536 1684 4561 ,
1716 4505 1760 4548 et
1787 4495 1986 4566 gavisus
2024 4506 2096 4551 est

518 4589 696 4663 (Joan.
723 4606 836 4654 vm,
865 4588 980 4659 56).
1010 4591 1104 4645 l-lic
1131 4591 1287 4644 etiam
1320 4588 1484 4643 Pilius
1527 4604 1556 4642 a
1595 4589 1758 4644 Iacob
1799 4591 1943 4646 visus
1971 4601 2052 4646 est
2073 4634 2088 4658 ,

514 4700 602 4754 qui
634 4684 686 4737 in
718 4682 878 4753 ﬁgura
901 4699 1002 4752 qua
1033 4690 1148 4737 erat
1173 4690 1447 4747 venturus,
1475 4681 1527 4735 id
1558 4689 1660 4747 est,
1690 4679 1941 4748 hominis,
1969 4693 2093 4738 ante

513 4771 912 4844 praemeditatus
941 4772 1259 4827 colluctasse
1285 4787 1405 4826 cum
1434 4771 1598 4825 Jacob
1629 4771 1914 4824 invenitur.
1941 4772 2092 4828 Unde

511 4872 566 4919 et
588 4864 750 4919 Jacob
778 4862 1025 4918 dicebat:
1058 4861 1175 4916 Vidi
1214 4860 1490 4915 Dominum
1533 4860 1664 4933 facie
1701 4861 1769 4913 ad
1799 4861 1981 4931 faciem
2001 4905 2015 4929 ,
2044 4874 2091 4918 et

511 4956 651 5011 salva
687 4958 820 5024 facta
849 4963 920 5010 est
946 4955 1116 5008 anima
1143 4971 1273 5007 mea.
1313 4953 1380 5007 Et
1420 4953 1522 5006 loci
1567 4951 1732 5022 ipsius
1775 4954 2090 5010 vocabulum

511 5057 872 5118 nuncupatum
900 5055 1001 5113 est,
1042 5045 1181 5101 Visio
1209 5045 1324 5100 Dei.
1352 5047 1464 5100 Iloc
1485 5046 1656 5116 ipsum
1689 5048 1961 5103 afﬁrmans
1987 5048 2089 5102 uti-

509 5156 613 5212 que
643 5139 782 5195 Deus
805 5181 820 5205 ,
861 5139 948 5208 qui
987 5138 1037 5193 in
1074 5137 1534 5208 prrcmeditatione
1558 5139 1940 5195 colluctabatur
1965 5156 2086 5196 cum

510 5231 704 5297 Iacob,
734 5229 873 5297 quod
918 5231 970 5285 in
1002 5231 1248 5300 passione
1289 5229 1485 5285 Christi
1520 5230 1794 5302 impletum
1825 5233 2084 5290 videmus.

507 5324 595 5376 Ait
620 5323 760 5376 enim
789 5321 856 5376 ad
887 5323 1056 5391 ipsum
1087 5321 1250 5376 Jacob
1269 5365 1283 5388 ,
1312 5321 1434 5377 Jam
1471 5340 1574 5378 non
1609 5325 1866 5380 vocabitur
1907 5344 2088 5384 nomen

506 5424 648 5467 tuum
667 5413 844 5478 Iacob,
878 5413 966 5468 sed
997 5412 1160 5467 Israel
1197 5415 1289 5467 erit
1334 5431 1516 5469 nomen
1554 5426 1695 5470 tuum
1721 5415 1884 5487 (Gen.
1916 5435 2082 5488 xxx",

508 5504 726 5574 25-50),
747 5505 850 5560 hoc
870 5513 971 5570 est,
1000 5504 1170 5559 Homo
1190 5505 1374 5561 videns
1398 5505 1584 5562 Deum.
1607 5508 1756 5563 Hunc
1779 5518 1834 5582 et
1857 5509 1910 5564 in
1936 5510 2086 5567 Novo

509 5595 850 5648 Testamento
876 5597 1045 5651 visum
1081 5595 1388 5668 probamus.
1420 5598 1492 5652 De
1532 5598 1632 5653 hoc
1670 5602 1908 5669 Apostoli
1940 5602 2084 5659 dice-

503 5687 633 5744 bant
659 5703 672 5740 :
705 5686 771 5744 Et
797 5685 1010 5746 viduum
1039 5688 1254 5759 gloriam
1281 5690 1406 5760 ejus,
1432 5691 1643 5760 gloriam
1667 5694 1810 5763 quasi
1842 5696 2083 5767 unigeniti

507 5795 540 5832 a
568 5777 726 5834 Patre
753 5778 772 5850 (
797 5778 949 5833 Joan.
981 5795 1020 5846 ι,
1049 5781 1116 5835 14
1136 5781 1176 5851 ).
1216 5783 1478 5837 Cteterum
1506 5784 1582 5850 si,
1612 5791 1669 5838 ut
1696 5786 1808 5855 ipse
1836 5789 2074 5858 conaris,

565 5889 583 5924 ι
620 5890 748 5956 apud
770 5897 844 5943 Er.
870 5891 1015 5958 Lugd.
1041 5900 1180 5955 Ven.,
1204 5894 1452 5957 provectus
1471 5901 1538 5944 es.
1628 5900 1684 5948 Μ.

1789 425 1848 483 S.
1889 423 2256 482 AUGUSTINI
2297 426 2596 486 EPISCM’I

2247 541 2403 596 Pater
2433 545 2571 599 VisllS
2597 564 2713 604 esse
2746 561 3032 620 asseratur,
3063 555 3346 614 mendaces
3375 569 3500 618 sunt
3523 563 3663 634 apud
3685 580 3781 622 vos
3803 569 3820 602 ⁸

2244 647 2430 689 Omnes
2456 637 2758 707 Scripturar.
2807 642 2934 697 Nam
2969 645 3196 716 denique
3241 649 3559 708 invisibilcm
3609 655 3819 714 Patrem

2243 725 2434 781 Paulus
2466 730 2713 798 prtrdicat
2743 733 2786 803 (l
2807 733 2940 788 Tim.
2965 753 3035 799 vi,
3071 739 3180 808 ‘16),
3213 752 3264 794 et
3295 742 3546 800 Dominus
3573 747 3624 800 in
3651 749 3822 804 Evan-

2238 819 2376 911 gelio
2405 820 2632 876 afﬁrmat
2660 824 2838 894 (Joan.
2863 843 2896 891 ι,
2924 828 3032 900 18).
3058 829 3263 900 Smpius
3288 848 3383 888 nos
3423 843 3823 911 accusas,quod

2237 909 2493 964 audenter
2521 922 2676 982 atque
2708 929 3090 983 prmsumenter
3110 935 3170 974 ea
3197 937 3318 991 quae
3347 939 3452 979 non
3486 938 3611 982 sunt
3637 909 3820 984 dicen-

2236 996 2301 1051 da
2332 1014 2360 1051 a
2400 1001 2552 1055 nobis
2591 1003 2853 1073 dicantur,
2903 1007 3044 1076 quod
3093 1009 3311 1080 quidem
3357 1013 3411 1067 in
3451 1016 3672 1071 arbitrio
3718 1023 3823 1075 erit

2236 1088 2523 1159 legentium
2555 1097 2934 1164 probare.Nec
2961 1101 3101 1154 enim
3141 1104 3219 1158 sic
3261 1104 3540 1174 loquimur,
3574 1119 3630 1163 ut
3656 1112 3821 1166 alicu-

2227 1179 2317 1249 jus
2361 1183 2570 1238 laudem
2613 1194 3088 1260 consequamur';
3135 1193 3229 1248 sed
3284 1197 3459 1252 studio
3504 1201 3821 1271 colligenda:

2231 1270 2596 1339 fraternitatis,
2627 1293 2742 1348 quae
2773 1281 3053 1338 nobiscum
3083 1294 3164 1340 est
3184 1286 3207 1317 ⁸
3232 1304 3246 1340 :
3277 1298 3368 1342 aut
3397 1291 3465 1345 ob
3489 1270 3652 1361 quam
3679 1293 3818 1350 forte

2230 1375 2283 1419 et
2311 1366 2420 1435 ipse
2451 1384 2740 1437 provocare
2773 1388 2870 1427 nos
2898 1374 3143 1445 dignatus
3170 1393 3250 1443 es,
3284 1389 3341 1434 ut
3372 1397 3685 1451 responsum
3714 1386 3817 1442 de-

2229 1472 2368 1521 mus,
2397 1467 2453 1512 ut
2479 1459 2528 1513 in
2558 1461 2710 1516 nobis
2752 1463 2822 1517 illi
2848 1464 3080 1521 denotati
3122 1471 3197 1522 sic
3228 1480 3329 1524 tute
3359 1478 3726 1540 consentiant,
3761 1486 3817 1532 ut

2227 1546 2449 1604 dixerim
2472 1593 2485 1617 ,
2518 1553 2866 1622 professioni,
2895 1573 3112 1614 necesse
3147 1561 3243 1615 fuit
3284 1579 3370 1618 me
3401 1577 3618 1635 propter
3658 1571 3816 1624 timo-

2226 1655 2339 1694 rem
2373 1643 2464 1696 Dci
2494 1643 2622 1700 dare
2657 1647 2749 1700 tibi
2782 1663 3117 1718 responsum.
3151 1653 3420 1726 Siquidem
3464 1675 3566 1713 non
3607 1670 3814 1718 tantum

2224 1732 2401 1786 verbis
2442 1749 2528 1788 me
2570 1736 2770 1792 nudare
2800 1751 3022 1796 conatus
3064 1755 3124 1797 es
3171 1758 3201 1797 a
3242 1745 3560 1816 diseipulatu
3591 1767 3810 1819 eorum;

2221 1835 2407 1876 verum
2438 1826 2596 1879 etiam
2627 1836 2681 1881 et
2707 1837 2984 1885 tractatum
3015 1841 3160 1888 tuum
3187 1834 3416 1904 dedisti,
3449 1840 3515 1895 ad
3545 1845 3686 1911 quod
3721 1862 3814 1901 ne-

2222 1927 2374 1970 cesse
2419 1927 2498 1970 est
2540 1934 2625 1974 me
2672 1923 2997 1991 respondere
3045 1941 3108 1980 ea
3162 1944 3282 1997 qua:
3325 1930 3392 1986 de
3443 1932 3811 1995 invisibilitate

2221 2007 2596 2076 omnipotentis
2626 2012 2717 2066 Dei
2745 2024 3056 2082 prosecutus
3083 2034 3220 2073 sum.
3248 2021 3418 2077 Etiam
3447 2033 3498 2078 et
3524 2027 3655 2096 ipse,
3687 2031 3810 2086 licet

2220 2096 2324 2188 alio
2356 2102 2627 2169 proposito
2650 2101 2700 2169 ‘,
2737 2113 2968 2161 attamen
2999 2110 3104 2163 tuis
3133 2111 3312 2166 verbis
3341 2115 3634 2184 afﬁrmasti,
3662 2123 3807 2188 quod

2219 2185 2446 2256 Spiritus
2473 2201 2684 2248 sanctus
2716 2194 2766 2248 in
2793 2198 2970 2265 specie
2999 2201 3264 2258 columba:
3293 2204 3364 2260 sit
3390 2207 3552 2274 visus,
3587 2185 3800 2268 nec—non

2218 2279 2270 2333 in
2298 2283 2474 2352 specie
2501 2285 2636 2354 ignis
2666 2286 2889 2356 (Matth.
2917 2307 3008 2356 ιιι,
3041 2293 3106 2346 16
3132 2335 3146 2360 ,
3179 2303 3224 2347 et
3252 2297 3363 2350 Act.
3397 2314 3468 2364 ιι,
3503 2300 3569 2370 5)
3594 2320 3609 2355 :
3636 2303 3806 2360 Filius

2217 2383 2364 2436 sane,
2393 2374 2442 2427 in
2465 2374 2633 2430 forma
2656 2378 2885 2434 hominis
2911 2399 2924 2434 :
2951 2383 3106 2437 Pater
3130 2397 3328 2450 autem,
3361 2405 3530 2460 neque
3548 2395 3596 2446 in
3617 2398 3804 2465 specie

2215 2466 2496 2535 columba},
2530 2485 2628 2525 nec
2653 2472 2704 2524 in
2731 2471 2901 2527 forma
2933 2474 3195 2539 hominis;
3220 2495 3319 2534 nec
3337 2481 3618 2552 aliquando
3641 2489 3806 2544 vertit

2214 2572 2273 2614 se
2294 2560 2348 2614 in
2378 2561 2594 2626 formas,
2623 2565 2716 2618 sed
2740 2581 2838 2620 nec
2863 2568 3146 2639 aliquando
3167 2582 3433 2629 vertetur:
3457 2577 3522 2632 de
3543 2595 3648 2649 quo
3667 2584 3806 2638 seri.

2215 2658 2359 2718 ptum
2383 2661 2484 2718 est,
2507 2653 2618 2723 Ego
2637 2673 2749 2709 sum
2774 2658 2860 2724 qui
2883 2675 3015 2724 sum,
3035 2671 3082 2714 et
3102 2679 3202 2716 non
3223 2681 3333 2718 sum
3355 2677 3578 2724 mutatus
3600 2672 3800 2739 (Exod.

2213 2754 2289 2803 ιιι,
2325 2742 2424 2808 14,
2466 2752 2514 2795 et
2543 2743 2769 2798 Matoch.
2803 2763 2894 2816 ιιι,
2923 2749 2956 2803 6
2977 2749 3017 2820 ).
3049 2751 3215 2807 Filius
3241 2769 3370 2811 sane
3411 2757 3463 2812 in
3507 2760 3674 2816 forma
3706 2765 3806 2821 Dei

2213 2833 2535 2887 constitutus
2553 2835 2665 2905 jam
2688 2877 2703 2902 ,
2731 2847 2787 2891 ut
2814 2837 2927 2907 ipse
2954 2844 3219 2911 protulisti
3242 2886 3256 2911 ,
3287 2845 3513 2904 formam
3539 2855 3679 2908 servi
3708 2871 3804 2911 ac-

2213 2923 2372 2990 cepit,
2403 2925 2541 2994 quod
2569 2942 2676 2981 non
2708 2929 2862 2983 Pater
2888 2949 2901 2984 :
2929 2931 3163 3000 Spiritus
3193 2952 3344 3007 teque
3371 2950 3588 2997 sanctus
3612 2959 3805 3003 susce-

2213 3013 2288 3083 pit
2314 3017 2545 3085 speciem
2573 3018 2854 3086 eolumbzze,
2875 3037 3032 3091 quam
3059 3039 3164 3078 non
3193 3031 3425 3098 suscepit
3445 3031 3624 3089 Pater.
3651 3037 3806 3094 Scito

2211 3125 2358 3180 ergo,
2391 3113 2509 3181 quia
2538 3130 2672 3168 unus
2703 3123 2785 3170 est
2813 3116 3112 3184 invisibilis,
3137 3137 3274 3175 unus
3299 3127 3458 3179 etiam
3484 3128 3806 3198 ineapabilis

2210 3213 2370 3272 atque
2413 3204 2722 3260 immensus.
2749 3206 2857 3262 Oro
2883 3218 2937 3263 et
2965 3219 3090 3280 opto
3117 3212 3409 3283 discipulus
3441 3234 3560 3273 esse
3588 3221 3807 3278 divina-

2209 3308 2326 3347 rum
2359 3293 2752 3364 Scripturarmn
2777 3316 2791 3352 :
2821 3313 2943 3352 nam
2975 3309 3028 3354 et
3065 3307 3309 3372 superius
3355 3308 3518 3363 credo
3565 3312 3808 3369 retinere

2211 3383 2542 3453 Religionem
2571 3396 2746 3453 tuam,
2778 3389 2919 3458 quod
2963 3390 3040 3445 sic
3077 3391 3202 3447 dedi
3232 3411 3569 3466 responsum,
3600 3403 3731 3471 quia
3759 3405 3808 3459 si

2210 3477 2493 3544 protuleris
2541 3479 2680 3547 quod
2726 3480 2883 3535 Pater
2927 3489 2981 3536 et
3025 3482 3191 3540 Filius
3229 3495 3282 3541 et
3317 3487 3542 3559 Spiritus
3580 3506 3809 3551 sanctus

2209 3583 2365 3621 unam
2398 3567 2626 3623 habeant
2670 3571 2915 3627 virtutem
2941 3615 2957 3640 ,
3002 3591 3160 3630 unam
3202 3579 3549 3636 substantiam
3575 3627 3591 3651 ,
3634 3603 3806 3644 unam

2207 3656 2488 3725 deitatem,
2522 3676 2678 3713 unam
2709 3662 3074 3731 majestatem,
3107 3681 3265 3722 unam
3290 3670 3548 3741 gloriam;
3577 3675 3620 3729 si
3646 3677 3808 3732 afﬁr-

2209 3749 2440 3802 maveris
2485 3748 2553 3803 de
2593 3749 2787 3806 divinis
2832 3755 3150 3825 Scripturis,
3201 3760 3247 3812 si
3296 3761 3487 3817 alicubi
3536 3767 3808 3837 scriptam

2205 3837 2487 3893 lectionem
2535 3844 2853 3910 protuleris,
2901 3860 2999 3901 nos
3047 3846 3346 3907 divinarum
3390 3853 3809 3926 Scripturarum

2204 3940 2456 4001 optamus
2484 3933 2707 3988 inveniri
2736 3935 3005 4006 discipuli.

2276 4021 2589 4077 Maximinus
2618 4026 2902 4096 episcopus
2927 4029 3216 4100 subscripsi
3237 4033 3290 4090 ⁸.

2271 4113 2340 4169 Ει
2385 4126 2505 4184 post
2548 4117 2888 4174 collationem
2935 4126 3277 4190 prmsentium
3317 4129 3648 4201 Augustinus
3693 4135 3814 4195 ista

2201 4205 2419 4260 dictavit
2448 4224 2461 4259 :
2493 4207 2705 4262 Auxilio
2732 4211 3025 4281 principum
3053 4218 3313 4272 munitum
3345 4235 3430 4275 me
3459 4221 3606 4292 loqui
3643 4223 3812 4283 dixi-

2200 4301 2288 4366 sti,
2319 4317 2424 4355 non
2450 4302 2738 4356 secundum
2773 4304 3015 4361 timorem
3041 4307 3131 4362 Dei
3164 4327 3178 4364 :
3205 4310 3296 4365 sed
3323 4310 3640 4381 hominibus,
3664 4323 3814 4387 qui-

2199 4391 2296 4446 bus
2325 4391 2487 4446 donat
2512 4393 2651 4447 Deus
2681 4393 3028 4463 intellectum,
3057 4400 3187 4455 satis
3216 4412 3437 4473 apparet
3456 4406 3571 4475 quis
3593 4407 3815 4478 loqua-

2200 4490 2285 4537 tur
2327 4482 2616 4538 secundum
2661 4485 2905 4541 timorem
2937 4487 3063 4555 Dei;
3109 4500 3284 4547 utrum
3333 4495 3423 4564 qui
3471 4496 3817 4558 obedienter

2197 4575 2343 4629 audit
2363 4575 2642 4630 Dominum
2665 4576 2949 4642 dicentem,
2978 4579 3132 4649 Audi,
3156 4581 3351 4651 Israel;
3374 4585 3627 4644 Dominus
3649 4591 3818 4650 Dens

2198 4673 2333 4731 tuus,
2359 4665 2608 4721 Dominus
2636 4684 2764 4722 unus
2793 4678 2866 4723 est
2891 4669 3069 4741 (Deut.
3097 4688 3170 4742 vr,
3197 4673 3288 4748 4);
3316 4677 3457 4748 quod
3488 4695 3589 4735 nos
3612 4693 3676 4738 et
3704 4688 3823 4744 ob-

2197 4763 2559 4825 temperanter
2605 4759 2882 4828 audimus,
2933 4771 2989 4817 et
3031 4763 3256 4821 ﬁdeliter
3301 4770 3662 4838 praedicamus
3693 4793 3819 4835 :an

2196 4845 2285 4902 ille
2304 4848 2394 4918 qui
2424 4848 2526 4904 hoc
2552 4849 2630 4904 sic
2654 4850 2838 4907 audire
2857 4868 2966 4908 non
2985 4855 3120 4920 vult,
3145 4866 3203 4912 ut
3223 4857 3356 4914 duos
3380 4860 3631 4919 dominos
3655 4867 3822 4926 duos

2195 4941 2325 4996 deos
2368 4957 2487 4998 esse
2523 4944 2846 5010 contendat;
2895 4957 3051 5018 atque
3100 4949 3170 5004 ita
3218 4950 3609 5012 introducendo
3655 4960 3825 5021 duos

2194 5033 2323 5088 deos
2354 5043 2407 5088 et
2436 5033 2570 5090 duos
2595 5035 2860 5105 dominos,
2893 5039 3138 5095 ostendat
3166 5056 3224 5097 se
3254 5058 3359 5098 non
3391 5046 3587 5103 timere
3617 5065 3824 5111 unum

2194 5125 2474 5182 Dominum
2521 5128 2685 5182 Deum
2733 5129 3034 5199 dicentem,
3075 5133 3240 5199 Audi,
3285 5134 3488 5203 Israel;
3525 5138 3827 5202 Dominus

2193 5218 2332 5274 Deus
2357 5228 2497 5285 tuus,
2533 5220 2782 5277 Dominus
2816 5239 2948 5277 unus
2982 5233 3071 5279 est.
3102 5225 3220 5282 Scis
3252 5238 3428 5284 autem
3471 5246 3827 5294 sermonem

2194 5322 2339 5368 tuum
2372 5314 2786 5383 prolixissimum
2814 5331 3107 5386 occupasse
3137 5319 3293 5376 nobis
3320 5331 3560 5392 tempora
3589 5329 3831 5396 quibus

2191 5404 2517 5475 respondere
2563 5420 2873 5475 possemus,
2921 5415 2975 5462 et
3014 5417 3215 5464 tantum
3266 5411 3372 5467 diei
3415 5420 3824 5491 remansisse,

2190 5507 2446 5567 quantum
2489 5498 2708 5552 omnino
2749 5512 2852 5553 non
2885 5497 3194 5569 sufﬁceret,
3221 5513 3279 5557 ut
3304 5520 3366 5560 ea
3403 5520 3523 5576 qua:
3551 5508 3782 5570 dixisci
3807 5554 3828 5583 ,

2254 5653 2270 5685 ι
2305 5651 2439 5712 mliti,
2462 5651 2594 5714 apud
2617 5663 2717 5714 nos.

2251 5717 2271 5778 3
2305 5721 2431 5774 3135.,
2456 5713 2504 5762 ut
2529 5727 2557 5762 a
2580 5715 2672 5764 tuis
2697 5713 2887 5778 laudern
2909 5728 3269 5778 consequantur.

2254 5777 2272 5808 ³
2307 5786 2402 5823 am.
2432 5784 2483 5825 et
2504 5781 2598 5832 Er.,
2624 5789 2731 5837 qua:
2756 5776 2992 5825 vobiscum
3016 5776 3102 5826 est.

2250 5837 2271 5906 ξ
2305 5838 2435 5906 Apud
2458 5845 2566 5906 eov.
2593 5840 2668 5886 hic
2690 5839 2900 5906 additum
2925 5845 3048 5906 erat,
3072 5847 3343 5906 occupatus.

2251 5901 2272 5933 ι
2305 5899 2409 5950 ςοιδ
2433 5900 2578 5950 editio
2601 5908 2731 5962 tt;v.,
2756 5899 3050 5963 subscripsit.
