4042 6452
239 529 409 588 saltem
436 523 590 581 nobis
611 521 996 593 relegerentur.
1025 519 1251 578 Noveris
1273 527 1452 580 tamen
1471 519 1648 575 omnla
1679 532 1798 591 quae

242 618 510 694 protulisti,
544 627 604 671 ιιι
628 615 884 686 probares
910 613 1077 667 Deum
1099 628 1219 668 esse
1246 611 1441 667 Filium
1469 611 1585 677 Dei,
1613 619 1668 665 et
1692 624 1805 664 ma-

241 726 382 785 gnum
410 709 573 763 Deum
596 748 614 775 ,
644 714 700 761 et
724 714 906 761 natum
931 718 1050 760 esse
1092 719 1156 759 ex
1186 703 1343 759 Patre
1363 746 1378 769 ,
1411 710 1466 757 et
1494 702 1654 756 alium
1683 714 1805 756 esse

241 807 394 879 ipsum
421 812 475 859 et
501 803 662 857 alium
689 816 811 857 esse
837 800 1050 856 Patrem
1070 841 1086 866 ,
1116 798 1365 869 quoniam
1397 812 1500 852 non
1531 805 1615 851 est
1648 795 1807 851 Pater

242 901 341 972 ipse
363 897 446 969 qui
471 895 660 963 Filius,
689 895 755 950 ad
778 894 1023 966 ingentes
1046 906 1223 949 moras
1246 890 1586 961 pertinuisse,
1616 886 1806 959 quibus

245 988 584 1047 necessarium
612 995 823 1056 tempus
860 983 1174 1040 sbsumeres
1198 998 1212 1036 :
1235 981 1388 1053 quasi
1419 981 1573 1036 nobis
1614 979 1712 1037 abs
1752 986 1807 1039 te

241 1078 550 1153 probandum
592 1084 736 1133 esset
761 1116 777 1143 ,
819 1074 960 1146 quod
988 1085 1044 1131 et
1073 1089 1170 1130 nos
1194 1088 1314 1129 esse
1342 1087 1530 1129 verum
1558 1071 1805 1125 fatemur.

241 1171 340 1228 Non
365 1169 504 1226 enim
532 1167 759 1223 dicimus
785 1166 959 1237 ipsum
990 1180 1109 1221 esse
1135 1165 1349 1220 Patrem
1380 1163 1469 1234 qui
1495 1170 1578 1223 est
1603 1161 1769 1223 Filius
1790 1201 1805 1228 ,

242 1270 320 1316 aut
340 1264 507 1330 ipsum
533 1272 657 1317 esse
679 1258 892 1313 Patrem
922 1256 1008 1313 vel
1039 1255 1232 1318 [ilium
1252 1256 1445 1328 quiest
1470 1253 1525 1309 in
1548 1254 1660 1327 ipsa
1684 1251 1809 1307 Tri—

244 1354 389 1410 nitate
431 1352 662 1421 Spiritus
698 1360 935 1405 sanctus.
981 1348 1208 1404 Prorsus
1238 1347 1373 1401 alius
1413 1355 1496 1401 est
1524 1346 1647 1413 ille,
1672 1343 1811 1400 alius

244 1446 337 1509 ille,
366 1453 419 1501 et
445 1443 583 1499 alius
612 1443 700 1499 ille
724 1460 737 1496 :
766 1442 859 1497 sed
883 1441 1039 1496 simul
1068 1455 1257 1495 omnes
1281 1453 1417 1494 unus
1445 1445 1528 1494 est
1552 1437 1811 1497 Dominus

246 1540 388 1594 Deus.
416 1537 475 1593 Si
499 1536 647 1591 enim
674 1535 968 1592 dixerimus
1008 1534 1145 1589 duos
1188 1548 1310 1589 esse
1352 1532 1597 1588 dominos
1641 1531 1809 1597 deos;

244 1648 385 1689 unum
408 1644 684 1700 magnum,
711 1628 936 1683 alterum
963 1626 1220 1697 majorem
1246 1642 1260 1692 ;
1289 1640 1452 1680 unum
1479 1623 1701 1688 bonum,
1732 1622 1813 1676 al-

246 1734 398 1781 terum
428 1721 747 1786 meliorem;
778 1734 938 1775 unum
978 1719 1274 1789 sapientem
1294 1759 1314 1791 ,
1344 1716 1574 1775 alterum
1603 1714 1815 1783 sapier

246 1819 449 1881 liorem;
499 1829 669 1869 unum
716 1813 1058 1878 clementem,
1110 1810 1336 1865 alterum
1375 1807 1812 1872 clementiorem;

246 1923 391 1964 mum
421 1913 697 1978 potentem
718 1945 732 1971 ,
764 1904 990 1959 alterum
1021 1902 1408 1973 potentiorum;
1439 1914 1603 1954 unum
1630 1898 1817 1953 invisi-

245 1999 407 2066 bilem,
437 1998 675 2053 alterum
705 1995 1142 2060 invisibiliorcm;
1173 2008 1334 2047 unum
1358 2007 1564 2057 verum,
1591 1991 1817 2051 alterum

245 2092 527 2156 veriorem;
558 2098 614 2145 et
640 2089 685 2143 si
711 2086 840 2159 quid
869 2086 1011 2140 aliud
1034 2086 1137 2141 isto
1165 2084 1326 2139 modo
1354 2092 1406 2139 te
1430 2083 1632 2139 sentire
1665 2096 1818 2137 mon-

244 2183 405 2243 strasti
422 2224 437 2251 ,
461 2190 527 2240 ut
551 2181 686 2239 duos
706 2179 958 2235 dominos
985 2177 1118 2235 deos
1158 2191 1257 2232 nos
1287 2175 1488 2232 habere
1515 2174 1771 2229 suaderes
1800 2190 1813 2227 :

245 2276 284 2332 si
306 2276 399 2330 hoc
423 2289 562 2346 ergo
587 2272 902 2335 dixerimus,
925 2277 1112 2347 arguet
1132 2283 1230 2324 nos
1259 2268 1373 2339 ipse
1396 2268 1535 2329 Deus
1550 2309 1564 2333 ,
1591 2265 1777 2321 dicens
1798 2306 1813 2331 ,

245 2364 366 2437 quod
388 2364 508 2439 jam
537 2360 971 2426 commemoravi,
997 2358 1155 2425 Audi,
1183 2357 1380 2423 Israel;
1410 2356 1658 2411 Dominus
1684 2355 1820 2410 Deus

248 2466 366 2522 tuus,
392 2457 649 2512 Dominus
698 2470 828 2509 unus
855 2462 947 2508 est.
976 2451 1250 2523 Tanquam
1291 2450 1436 2505 dicat
1463 2449 1617 2504 nobis
1650 2466 1663 2503 :
1692 2447 1821 2504 Filii

248 2549 516 2615 hominum,
546 2562 800 2618 usquequo
829 2560 1005 2616 graues
1026 2544 1212 2616 corde?
1235 2541 1413 2613 utquid
1433 2542 1643 2612 diligitis
1671 2540 1820 2595 vani-

248 2648 405 2704 tatem,
450 2647 504 2694 el
549 2638 775 2707 quceritis
818 2635 1135 2690 mendacium
1174 2633 1343 2708 (Psal.
1386 2648 1459 2699 tv,
1507 2632 1597 2705 3)?
1622 2631 1821 2702 thuid

248 2731 380 2787 vobis
402 2730 584 2786 facitis
611 2728 748 2784 duos
772 2728 1019 2784 dominos
1060 2726 1225 2782 deos?
1261 2740 1425 2796 quare
1455 2739 1541 2780 me
1583 2726 1820 2780 claman-

250 2830 363 2887 tem,
392 2822 553 2886 Audi,
584 2819 782 2887 Israel,
812 2834 918 2875 non
946 2817 1107 2873 vultis
1137 2816 1318 2872 audire
1340 2859 1354 2885 ,
1399 2816 1644 2871 Dominus
1683 2815 1824 2871 Deus

251 2920 367 2980 tuus,
396 2912 650 2967 Dominus
692 2926 822 2965 unus
851 2919 953 2977 est;
978 2909 1071 2965 sed
1101 2918 1285 2964 contra
1315 2924 1401 2963 me
1424 2908 1684 2976 clamatis,
1718 2907 1827 2963 θο-

252 3004 364 3059 mini
396 3004 467 3060 dii
502 3003 674 3059 nostri
699 3002 901 3058 domini
934 3001 1041 3057 duo
1066 3001 1231 3057 sunt?
1252 2999 1522 3071 Numquid
1551 3001 1653 3056 hoc
1679 2998 1825 3055 face-

251 3098 385 3165 retis,
406 3098 455 3155 si
502 3094 669 3151 Israel
710 3110 829 3151 esse
872 3094 1122 3151 velletis?
1156 3093 1291 3150 Cum
1333 3093 1435 3149 hoc
1474 3109 1602 3166 ergo
1631 3107 1825 3149 nomen

252 3189 643 3261 interpretetur,
676 3188 848 3245 Homo
874 3187 1057 3244 videns
1086 3187 1254 3243 Deum
1275 3195 1305 3253 ;‘
1336 3202 1466 3259 rogo
1510 3200 1565 3244 te
1584 3229 1599 3253 ,
1640 3187 1706 3242 da
1733 3200 1827 3242 ve-

253 3283 400 3351 niam,
429 3283 478 3339 si
509 3292 568 3339 tu
595 3297 699 3337 non
725 3282 828 3350 vis,
850 3296 951 3355 ego
970 3282 1089 3337 volo
1117 3296 1236 3337 esse
1266 3280 1448 3337 Israel.
1479 3281 1614 3337 Volo
1633 3281 1829 3352 quippe

250 3376 302 3429 in
321 3389 511 3435 eorum
539 3375 813 3430 consortio
832 3373 1148 3444 computari,
1173 3374 1364 3445 quibus
1391 3372 1619 3429 donatur
1646 3373 1830 3429 videre

253 3463 426 3522 Deum.
458 3466 537 3522 Et
578 3465 778 3538 gratias
816 3465 893 3520 illi
935 3466 1177 3538 agimus,
1206 3466 1329 3536 quia
1356 3464 1483 3521 facit
1520 3481 1618 3521 nos
1646 3465 1831 3522 videre

256 3576 372 3615 nunc
390 3577 487 3637 per
510 3560 771 3631 speculum
796 3559 847 3613 in
870 3558 1154 3631 aznigmale,
1182 3568 1300 3612 tunc
1320 3568 1489 3612 autem
1508 3558 1640 3627 facie
1663 3559 1732 3611 ad
1756 3558 1831 3627 fa-

257 3654 390 3721 ciem,
421 3654 568 3709 sicut
595 3651 888 3727 Apostolus
912 3651 1043 3707 dicit
1068 3650 1119 3722 (Ι
1145 3649 1261 3705 Cor.
1290 3666 1402 3716 xm,
1440 3651 1550 3722 12).
1578 3650 1832 3713 Videmus

256 3745 418 3816 itaque
442 3745 684 3800 donante
700 3744 837 3819 ipso,
859 3743 962 3798 etsi
988 3741 1162 3797 adhuc
1183 3757 1282 3813 per
1293 3742 1567 3813 speculum
1593 3741 1645 3797 in
1660 3742 1830 3813 aenig-

200 3832 211 3839 ’
257 3844 409 3905 mate,
444 3845 628 3891 tamen
676 3834 956 3901 videmus,
1002 3832 1273 3907 quomodo
1314 3833 1456 3887 inter
1503 3848 1561 3888 se
1591 3848 1697 3888 non
1726 3833 1834 3889 sint

254 3924 352 3981 duo
380 3927 487 3982 ista
514 3925 803 3993 contraria,
833 3935 890 3980 ut
915 3932 970 3980 et
994 3925 1127 3980 alius
1158 3924 1316 3979 Pater
1335 3925 1438 3991 sit,
1463 3924 1599 3979 alius
1628 3924 1796 3979 Filius
1814 3967 1830 3993 ,

255 4016 378 4077 alius
403 4016 641 4088 SpiriLus
662 4024 896 4082 sanctus,
920 4024 975 4071 et
995 4024 1172 4077 tamen
1203 4014 1256 4069 hi
1286 4024 1393 4070 tres
1421 4015 1581 4071 simul
1610 4031 1748 4070 unus
1766 4014 1837 4070 sit

256 4109 510 4166 Dominus
539 4110 699 4166 Deus.
723 4108 820 4185 Egi
844 4150 859 4175 ,
887 4108 1026 4163 sicut
1053 4107 1237 4179 potui,
1268 4116 1325 4162 ut
1351 4107 1451 4163 hoc
1486 4108 1646 4163 etiam
1674 4116 1728 4163 tu
1756 4108 1837 4163 vi-

258 4201 404 4260 deres
431 4220 447 4259 :
481 4201 581 4268 sed
603 4200 859 4261 resistere
886 4199 1144 4271 maluisti,
1172 4201 1296 4283 quia
1322 4199 1487 4259 Israel
1513 4203 1634 4258 esse
1658 4201 1835 4261 nolui-

993 398 1335 460 msrto
1356 397 1503 458 cun
1534 351 2324 470 inmansuetius

1906 518 2000 575 sti.
2026 518 2132 581 Sed
2157 520 2204 577 si
2227 522 2330 579 hoc
2357 523 2538 581 videre
2556 525 2731 585 adhuc
2754 523 2974 585 forsitan
3000 539 3108 581 non
3128 535 3301 598 potes,
3325 528 3486 585 crede

1910 623 1963 668 et
1993 613 2219 669 vidi-liis.
2244 616 2588 687 Intelligettdu
2616 618 2759 673 enim
2790 620 3037 675 videntur
3058 620 3159 674 ista
3191 635 3298 675 non
3319 621 3492 676 oculis

1898 706 2085 761 carnis
2113 707 2387 764 intuendo.
2429 710 2495 764 Et
2533 711 2638 766 scis
2675 711 2861 781 utique
2895 710 3095 767 dixisse
3138 712 3453 782 prephetam
3475 753 3490 778 ,

1913 795 2033 857 Nisi
2059 800 2388 866 credideritis,
2409 818 2508 855 non
2532 802 2816 873 intelligetis
2837 802 2989 873 (Isai.
3010 820 3101 867 vn,
3123 803 3198 875 9).
3222 802 3352 858 Cum
3368 820 3495 876 ergo
3526 820 3527 823 ‘

1912 890 2083 960 audis,
2130 892 2380 949 Dominus
2424 892 2562 959 Deus
2604 904 2747 963 tuus,
2793 894 3040 959 Dominus
3080 913 3211 951 unus
3251 907 3360 963 est;
3388 897 3496 952 noli

1913 981 2048 1041 duos
2075 982 2322 1041 dominos
2342 984 2474 1047 deos
2498 984 2700 1053 facere,
2728 986 2942 1051 Patrem
2963 997 3019 1042 ct
3041 988 3254 1049 Filium.
3283 988 3351 1043 Et
3375 1004 3496 1043 cum

1914 1075 2088 1140 audis,
2123 1075 2342 1130 Nescitis
2366 1078 2487 1149 quia
2511 1095 2727 1148 corpora
2746 1089 2908 1133 vestra
2932 1081 3174 1150 templum
3191 1082 3245 1135 in
3265 1081 3402 1135 vobis
3424 1090 3495 1137 est

1917 1167 2141 1237 Spiritus
2178 1169 2339 1223 sancti
2381 1185 2529 1238 quem
2547 1169 2741 1229 habetis
2761 1187 2793 1223 a
2819 1170 2959 1238 Deo';
2984 1173 3252 1237 eteadem
3292 1173 3449 1228 loco'
3482 1192 3497 1230 :

1918 1257 2142 1321 Nexilis
2166 1260 2283 1329 quis
2308 1276 2524 1331 corpore
2550 1270 2712 1323 vestra
2732 1262 2953 1316 membra
2972 1273 3086 1316 sunt
3106 1261 3292 1318 Christi
3314 1262 3356 1333 (Ι
3380 1262 3497 1317 Cor.

1918 1367 1989 1417 v1,
2022 1351 2111 1417 l9,
2141 1352 2229 1420 15)
2258 1368 2272 1404 :
2302 1366 2423 1405 cum
2450 1366 2577 1421 ergo
2607 1350 2722 1405 haec
2744 1351 2897 1407 audis
2921 1393 2936 1420 ,
2967 1353 3072 1415 noli
3102 1367 3297 1425 negare
3330 1353 3498 1408 Deum
3539 1379 3543 1382 ν

1918 1457 2040 1500 esse
2065 1443 2320 1513 Spiritum
2352 1452 2617 1508 sanctum,
2660 1458 2728 1497 ne
2768 1444 3020 1514 templum
3051 1455 3309 1499 creaturae
3334 1443 3501 1500 facias

1919 1535 2157 1591 membra
2181 1533 2471 1591 Creatoris.
2500 1535 2655 1590 Prius
2680 1535 2843 1590 crede
2870 1536 3003 1590 istos
3031 1543 3138 1590 tres
3158 1577 3173 1602 ,
3216 1544 3271 1591 et
3309 1536 3360 1590 in
3392 1537 3502 1591 suis

1920 1630 2144 1701 singulis
2186 1632 2430 1702 personis
2463 1639 2573 1686 tres
2601 1644 2739 1696 esse,
2769 1638 2824 1685 et
2851 1638 3027 1685 tamen
3068 1630 3228 1686 simul
3258 1645 3365 1685 non
3394 1638 3503 1685 tres

1916 1720 2167 1781 domos
2211 1720 2374 1789 deos,
2414 1721 2512 1781 sed
2556 1735 2720 1776 unum
2750 1721 3031 1775 Dominum
3072 1721 3234 1775 Deum
3264 1730 3506 1776 esse:ct

1921 1815 2069 1871 dabit
2097 1816 2335 1872 credenti
2377 1825 2432 1871 ct
2459 1816 2636 1871 oranti
2685 1815 2800 1885 ipse
2840 1813 3096 1869 Dominus
3135 1814 3501 1879 intellectum,

1920 1917 1982 1965 ut
2007 1909 2057 1964 id
2089 1909 2229 1980 quod
2259 1909 2459 1973 credis,
2490 1910 2653 1964 etiam
2678 1906 2898 1973 videre,
2942 1906 2999 1962 id
3039 1914 3125 1961 est
3146 1947 3161 1972 ,
3206 1905 3509 1976 intelligere

1918 2002 2200 2058 merearis.
2229 2001 2360 2056 Nam
2384 2000 2666 2057 causidera
2694 1999 2983 2070 diligenter
3010 1998 3211 2062 omnia,
3235 2012 3353 2067 quae
3384 2009 3509 2065 pro-
3602 1991 3606 1997 ’

1923 2093 2029 2151 lixa
2052 2092 2410 2164 disputatione
2430 2091 2630 2161 dixisti,
2660 2100 2714 2149 et
2742 2090 2949 2148 videbis
2973 2103 3042 2147 ex
3068 2087 3170 2144 hoc
3195 2102 3380 2143 errore
3406 2087 3508 2142 de-

1926 2184 2203 2254 scendere,
2234 2200 2338 2259 quo
2364 2183 2536 2238 facitis
2560 2183 2696 2238 duos
2724 2182 2971 2239 dominos
2997 2180 3149 2245 deos,
3175 2190 3361 2235 contra
3392 2180 3504 2234 cla-

1924 2277 2189 2334 rissimam
2214 2291 2400 2332 vocem
2428 2274 2639 2331 Domini
2679 2274 2773 2330 Dei
2798 2272 3045 2341 dicentis,
3081 2270 3332 2326 Dominus
3369 2268 3511 2325 Deus

1926 2378 2041 2425 tuus
2064 2412 2079 2439 ,
2130 2368 2379 2424 Dominus
2420 2385 2553 2423 unus
2589 2376 2662 2425 est
2689 2383 2707 2422 :
2732 2375 2786 2422 et
2825 2365 3030 2437 negatis
3057 2365 3225 2421 Deum
3255 2362 3513 2433 Spiritum

1927 2473 2189 2531 sanctum,
2208 2462 2360 2533 cujus
2376 2471 2619 2517 sanctum
2641 2476 2838 2531 negare
2865 2474 2969 2517 non
2986 2458 3212 2531 potestis
3232 2456 3509 2526 templum.

1928 2555 2055 2610 llaec
2079 2555 2289 2615 interim
2322 2566 2441 2626 post
2458 2553 2814 2613 Collatiouem
2841 2563 3079 2608 nostram
3098 2594 3113 2619 ,
3148 2566 3252 2622 qua
3279 2565 3514 2622 praesen-

1931 2657 2011 2702 tes
2029 2647 2330 2702 alternatim
2353 2646 2514 2705 locuti
2538 2661 2745 2710 sumus,
2770 2657 2822 2700 te
2841 2645 3189 2707 admonuisse
3209 2641 3479 2701 suﬂ'ecerit
3499 2659 3512 2695 :

1930 2738 1975 2794 si
2018 2748 2195 2794 autem
2230 2739 2489 2800 Dominus
2519 2737 2781 2803 voluerit,
2809 2738 3058 2813 quoniam
3090 2736 3303 2813 longum
3334 2742 3439 2800 est,
3462 2741 3517 2789 et

1932 2842 1987 2889 tu
2015 2848 2255 2891 remeare
2283 2833 2525 2898 festinas,
2559 2832 2966 2904 prosecutioncs
2993 2838 3202 2887 nostras
3237 2837 3361 2883 ante
3389 2843 3517 2895 ocu-

1932 2925 2014 2979 los
2039 2939 2226 2985 eorum
2252 2925 2343 2995 qui
2370 2925 2547 2993 legere
2572 2924 2875 2999 voluerint,
2922 2930 3118 2997 quanta
3162 2931 3351 2993 potero
3390 2934 3517 2993 per-

1934 3015 2219 3086 spicuitate
2245 3015 2586 3079 constituam,
2615 3023 2670 3070 ct
2701 3024 2752 3073 te
2784 3014 2928 3068 veris
2952 3013 3164 3091 quidem
3195 3010 3517 3073 testimoniis

1932 3106 2146 3172 divinis,
2180 3106 2308 3161 falsa
2332 3119 2507 3162 tamen
2536 3116 2713 3162 vestra
2739 3106 2986 3185 dogmata
3005 3107 3237 3183 probare
3265 3104 3517 3172 voluisse,

1932 3199 2067 3264 velis
2097 3200 2259 3265 nolis,
2290 3199 2597 3264 ostendam.

2005 3293 2075 3357 Et
2100 3292 2202 3355 alia
2231 3308 2389 3355 manu
2421 3311 2434 3349 :
2467 3291 2794 3365 Augustinus
2819 3292 3102 3363 episcopus
3131 3289 3446 3360 subscripsi.

2004 3385 2138 3447 ltem
2158 3387 2261 3445 alia
2292 3402 2472 3453 manu,
2494 3386 2813 3449 Maximinus
2840 3405 2853 3443 :
2880 3386 3016 3453 Cum
3036 3386 3356 3465 explicueris
3382 3384 3524 3449 hunc

1934 3480 2195 3547 libellum,
2227 3489 2281 3537 ct
2306 3480 2371 3539 ad
2398 3496 2488 3541 me
2520 3480 2900 3544 transmiseris.
2929 3478 2977 3541 si
3001 3494 3107 3543 non
3136 3479 3203 3541 ad
3226 3478 3405 3541 omnia
3430 3492 3520 3535 re-

1934 3586 2191 3649 sponsum
2222 3571 2437 3637 dedero,
2470 3581 2594 3631 tunc
2618 3587 2713 3627 ero
2736 3571 3032 3645 culpabilis.

2008 3667 2330 3738 Explicuere
2357 3665 2539 3729 Gesta.
2566 3665 2781 3729 Coeum
2804 3667 2847 3719 ⁸.

2005 3850 2023 3881 ί
2060 3853 2109 3898 ln
2131 3853 2258 3906 Mss,
2277 3850 2323 3896 el
2337 3843 2435 3895 alio
2455 3841 2574 3897 loco.

2002 3911 2025 3942 ⁸
2058 3916 2188 3970 ωνη
2210 3901 2435 3978 ίιΜυες
2459 3919 2585 3978 ῑςθηιΔ
2604 3908 2741 3978 Gesta
2772 3901 2965 3978 cernuli.
2998 3911 3097 3978 Ani.
3123 3907 3180 3978 et
3192 3907 3269 3978 llr.
3294 3908 3528 3978 post,s:c-

1940 4087 2085 4146 onere
2116 4101 2268 4146 Gesta.
2306 4092 2508 4143 tantuli.
2551 4092 2918 4155 Antiquissimus
2957 4087 3295 4155 Oorbeie‘nsis,
3340 4087 3529 4152 ετριεε.

1941 4152 3559 4273 mmm.umlmwemm,4w,

1648 5100 1649 5105 ‘
1864 5035 1954 5173 $3
