4042 6454
535 386 3802 454 Μ

1136 433 2125 621 multum
2190 500 3200 617 AUGUSTINI

1721 669 2235 737 HlPPONENSIS
2274 671 2625 735 EPISCOPI

2020 792 2293 850 CONTRA

636 927 2046 1098 MAXIMINUM
2160 928 3698 1092 H/ERETICUM
3821 937 3832 980 ”

1350 1191 2130 1335 adauctum
2205 1187 2973 1369 @piswpum

1745 1435 2058 1520 LIBRI
2129 1434 2388 1517 DUO
2431 1421 2531 1516 (α).

1939 1589 2411 1645 QWOW

1549 1637 2032 1808 ΗΒΕῘὶ
2046 1637 2466 1812 enim
2477 1704 2652 1813 US
2679 1637 2790 1810 (ι).
2861 1729 2872 1738 ·

974 1888 1195 1940 Ostendit
1217 1889 1524 1950 Augustinus,
1555 1898 1614 1936 ea
1636 1899 1746 1949 quae
1767 1888 1817 1936 in
1837 1883 2098 1936 Collatione
2121 1889 2228 1951 ipse
2249 1889 2389 1950 dixit,
2407 1889 2711 1940 Maximinum
2732 1900 2831 1940 non
2853 1888 3070 1952 potuisse
3090 1882 3346 1936 refellere.

1993 1993 2362 2050 W

596 2125 943 2198 Disputationi
982 2123 1250 2178 Maximini
1292 2123 1609 2177 Arianorum
1651 2121 1928 2192 episcopi,
1960 2123 2110 2193 cujus

522 2217 824 2289 proiixitate
849 2215 1075 2284 spatium
1096 2213 1223 2280 diei,
1243 2229 1346 2282 quo
1369 2219 1660 2281 prmsentcs
1679 2211 2106 2281 conferebamus,

521 2308 836 2378 absumpsit,
871 2305 1273 2376 responsionem
1303 2303 1536 2358 debitam
1568 2302 1820 2371 reddens,
1844 2304 1910 2359 ad
1937 2305 2109 2374 ipsum

521 2401 665 2471 loqui
703 2401 884 2470 utique
908 2398 1076 2453 debeo
1109 2415 1122 2450 :
1166 2397 1280 2451 sive
1324 2395 1499 2450 adhuc
1539 2395 1808 2450 existimet
1842 2397 2111 2451 contradi-

519 2494 748 2550 cendum
777 2506 1046 2548 essecum
1070 2490 1292 2561 legerit,
1326 2489 1437 2543 sive
1468 2487 1695 2542 Doi'nino
1722 2489 1773 2541 in
1805 2488 1922 2559 ejus
1949 2489 2112 2545 corde

519 2586 833 2642 mirabiliter
861 2592 1118 2654 operante
1137 2581 1486 2637 manifestata:
1509 2580 1524 2610 ¹
1551 2579 1852 2634 consentiat
1875 2581 2106 2635 veritati.

520 2677 656 2746 Quid
689 2677 781 2732 tibi
811 2676 981 2731 visum
1009 2683 1112 2741 est,
1144 2673 1304 2728 homo
1325 2672 1528 2737 ariane,
1561 2680 1666 2724 tam
1690 2671 1852 2724 multa
1882 2671 2062 2726 dicere
2086 2713 2102 2738 ,

519 2778 574 2823 et
603 2784 698 2838 pro
717 2781 876 2821 causa
908 2781 1026 2835 quae
1053 2765 1191 2818 inter
1232 2777 1332 2817 nos
1360 2761 1534 2832 agitur
1555 2760 1686 2814 nihil
1725 2760 1901 2816 dicere
1923 2804 1937 2829 ,
1962 2764 2113 2832 quasi

523 2859 625 2914 hoc
651 2858 717 2911 sit
744 2862 1068 2927 respondere
1097 2869 1273 2924 posse,
1305 2853 1447 2923 quod
1473 2863 1554 2908 est
1577 2861 1753 2908 tacere
1779 2868 1882 2908 non
1913 2856 2111 2923 posse?

524 2951 682 3008 Prius
707 2950 885 3020 itaque
919 2947 1194 3002 ostendam
1236 2944 1482 3000 refellere
1511 2954 1561 2998 te
1587 2961 1692 2997 non
1721 2948 1958 3013 potuisse
1987 2961 2109 3016 qua:

523 3041 630 3097 dixi
665 3039 935 3106 :deinde,
973 3046 1228 3108 quantum
1269 3035 1630 3091 necessarium
1669 3035 1965 3101 videbitur,
2012 3050 2111 3108 ego

522 3133 761 3188 refellam
790 3146 908 3200 qua:
940 3130 1053 3198 ipse
1083 3127 1283 3182 dixisti.
1324 3136 1329 3140 '

595 3222 822 3279 CAPUT
861 3219 1141 3276 PRIMUM.
1182 3248 1254 3259 --
1300 3217 1379 3271 De
1407 3217 1601 3272 duobus
1630 3219 1745 3272 diis.
1787 3218 1862 3274 De
1906 3219 2113 3275 duobus

528 3315 632 3371 diis
669 3331 788 3386 quae
834 3316 945 3384 ipse
993 3313 1204 3379 dixisti,
1241 3327 1340 3382 ego
1380 3319 1523 3366 certe
1568 3311 1898 3380 respondens
1927 3313 2113 3368 verbis

528 3410 632 3464 tuis
655 3450 670 3475 ,
699 3406 790 3462 ubi
811 3405 929 3460 aisti
969 3419 1000 3458 a
1035 3403 1185 3458 vobis
1221 3417 1385 3456 unum
1411 3403 1579 3457 Deum
1608 3403 1712 3457 coli
1741 3419 1754 3456 :
1797 3401 2113 3473 Consequens

524 3495 618 3565 est,
652 3499 888 3570 inquam,
911 3505 965 3550 ut
988 3505 1076 3548 aut
1099 3511 1198 3548 non
1225 3494 1402 3548 colatis
1429 3491 1702 3561 Christum,
1723 3502 1808 3545 aut
1836 3510 1934 3548 non
1953 3511 2110 3547 unum

527 3580 692 3647 Deum
717 3591 893 3645 colatis
914 3632 929 3657 ,
957 3589 1043 3643 sed
1065 3589 1211 3641 duos.
1265 3584 1345 3640 Ad
1373 3585 1474 3640 hoc
1503 3593 1559 3639 tu
1581 3585 1904 3655 respondere
1948 3601 2112 3640 cona-

528 3694 633 3751 tus,
685 3683 908 3737 multum
955 3679 1168 3752 quidem
1218 3679 1427 3734 locutus
1475 3693 1554 3744 es,
1581 3692 1828 3732 asserens
1877 3679 2021 3748 quod
2061 3689 2115 3734 et

526 3775 794 3832 Christum
823 3774 991 3828 Deum
1032 3771 1260 3827 colatis:
1303 3769 1398 3825 sed
1426 3769 1560 3824 duos
1581 3769 1712 3824 deos
1753 3786 1780 3822 a
1822 3770 1970 3824 vobis
2013 3771 2115 3824 coli

527 3862 771 3940 quamvis
799 3882 904 3922 non
931 3865 1227 3937 negaveris,
1259 3875 1434 3918 tamen
1459 3878 1562 3918 non
1587 3878 1748 3917 ausus
1771 3877 1830 3916 es
1850 3861 2113 3916 conﬁteri.

529 3959 756 4018 Seusisti
772 3960 935 4026 enim,
951 3959 1083 4013 duos
1110 3973 1228 4014 esse
1251 3957 1380 4012 deos
1400 3954 1671 4021 colendos,
1686 3954 2001 4009 Christianas
2025 3970 2118 4008 au-

530 4070 619 4111 res
637 4055 774 4109 ferre
792 4067 894 4107 non
924 4066 1098 4121 posse.
1125 4051 1167 4105 0
1194 4064 1350 4120 quam
1367 4048 1434 4102 de
1457 4047 1699 4118 proximo
1721 4058 1770 4101 te
1783 4046 2078 4116 corrigeres
2097 4086 2114 4112 ,

529 4151 575 4205 si
606 4152 821 4203 timeres
863 4143 1084 4200 credere
1129 4141 1268 4212 quod
1313 4142 1490 4195 dicere
1524 4140 1744 4194 timuisti
1769 4140 1783 4193 ι
1807 4139 1940 4194 Cum
1971 4139 2114 4194 enim

530 4239 726 4296 clamet
758 4238 778 4267 '
806 4235 1114 4304 Apostolus,
1165 4230 1327 4286 Corde
1376 4230 1595 4284 creditur
1630 4229 1698 4282 ad
1719 4230 2000 4301 justitiam,
2033 4245 2118 4284 ore

530 4328 777 4399 confessio
805 4327 864 4396 ﬁt
892 4323 960 4378 ad
996 4324 1210 4377 salutem
1253 4321 1423 4391 (Rom.
1453 4337 1506 4386 κ,
1538 4319 1662 4391 10);
1694 4321 1737 4374 si
1769 4319 1833 4374 ad
1859 4319 2115 4389 justitiam

531 4430 686 4493 putas
713 4417 979 4488 pertinere
1004 4413 1144 4485 quod
1169 4412 1363 4478 credis,
1385 4426 1479 4466 cur
1499 4410 1600 4465 hoc
1621 4411 1686 4464 ad
1713 4411 1934 4465 salutem
1958 4411 2118 4464 etiam

530 4529 624 4569 ore
663 4526 768 4566 non
807 4508 1122 4564 conﬁteris?
1147 4506 1203 4561 Si
1233 4513 1411 4558 autem
1445 4503 1579 4559 duos
1607 4502 1739 4558 deos
1770 4503 2024 4557 colendos
2049 4501 2117 4557 ad

531 4604 758 4659 salutem
787 4615 891 4654 non
921 4598 1146 4668 pertinet
1181 4593 1424 4650 conﬁteri
1443 4635 1458 4661 ,
1489 4595 1605 4648 sine
1632 4593 1790 4648 dubio
1821 4608 1921 4648 nec
1946 4592 2014 4647 ad
2033 4592 2120 4663 ju-

531 4696 730 4752 stitiam
776 4692 1003 4763 pertinet
1045 4687 1288 4744 credere.
1337 4687 1436 4752 Qui
1467 4700 1594 4756 ergo
1621 4700 1726 4739 non
1759 4684 1841 4739 vis
1869 4685 1958 4738 tali
1985 4699 2117 4739 con-

531 4789 765 4844 fessione
789 4799 939 4839 reum
985 4780 1154 4836 teneri
1191 4793 1253 4834 os
1293 4788 1441 4832 tuum
1462 4819 1476 4842 ,
1507 4792 1673 4846 quare
1703 4791 1808 4830 non
1836 4775 2060 4830 mundas
2087 4789 2118 4828 a

532 4880 623 4935 tali
648 4877 960 4934 credulitate
995 4888 1089 4929 cor
1117 4873 1300 4926 tuum?
1329 4870 1474 4924 Tene
1511 4884 1634 4923 cum
1661 4867 1929 4922 Catholica
1960 4866 2118 4921 ﬁdem

533 4982 732 5030 rectam
754 5012 769 5036 ,
802 4984 907 5024 non
953 4977 1004 5022 te
1033 4964 1230 5035 pudeat
1261 4959 1550 5017 emendare
1599 4973 1920 5028 perversam.
1973 4957 2120 5012 Tene

532 5081 653 5122 cum
693 5061 996 5124 Catholica,
1031 5057 1238 5112 Patrem
1267 5051 1480 5123 quidem
1517 5065 1622 5106 non
1664 5064 1782 5105 esse
1823 5049 1911 5120 qui
1959 5048 2123 5103 Filius

539 5172 641 5226 est,
671 5167 725 5213 et
765 5154 956 5211 Filium
999 5165 1107 5205 non
1139 5162 1259 5203 esse
1283 5144 1374 5216 qui
1398 5143 1556 5198 Pater
1579 5150 1698 5206 est;
1730 5149 1785 5196 et
1813 5141 1977 5196 Deum
2006 5154 2123 5196 esse

542 5250 788 5313 Patrem,
815 5245 978 5299 Deum
1000 5256 1122 5296 esse
1161 5237 1350 5292 Filium
1378 5253 1390 5288 :
1424 5243 1789 5289 verumtamen
1834 5231 2018 5284 ambos
2047 5230 2120 5285 si-

542 5341 655 5398 mul
685 5353 792 5394 non
835 5337 968 5392 duos
995 5333 1126 5388 deos
1161 5345 1312 5394 esse,
1343 5327 1434 5382 sed
1462 5339 1644 5380 unum.
1691 5323 1796 5376 lsto
1822 5323 1980 5376 modo
2010 5321 2125 5375 solo

543 5433 635 5487 ﬁet
681 5439 737 5484 ut
778 5437 833 5484 et
871 5428 1083 5482 Patrem
1120 5423 1265 5477 colas
1291 5428 1344 5475 et
1364 5418 1551 5473 Filium
1577 5456 1592 5482 ,
1623 5430 1721 5470 nec
1767 5423 1943 5468 tamen
1991 5413 2125 5468 duos

545 5523 675 5579 deos
695 5535 818 5576 esse
843 5516 1093 5573 colendos
1121 5514 1288 5579 dicas,
1319 5509 1412 5566 sed
1439 5523 1623 5574 unum,
1658 5521 1726 5561 ne
1752 5514 1902 5560 reatu
1935 5503 2126 5574 impie-

615 5680 633 5710 ι
670 5682 745 5725 Er.
784 5673 929 5733 Lugd.
973 5678 1091 5718 Ven.
1133 5681 1184 5720 et
1221 5674 1367 5733 Lov.,
1411 5662 1695 5728 mmtifestw.
1789 5668 1848 5711 ll.

617 5700 633 5710 ·
672 5700 745 5725 nr.
785 5700 929 5733 manu.
983 5700 1091 5718 νου.
1133 5700 1184 5720 ou.
1223 5700 1332 5717 νυν.
1413 5700 1664 5728 num—"nm.

611 5744 737 5806 ξβν-
791 5733 939 5806 und.-
995 5736 1276 5806 tenter.-
1310 5700 1511 5806 ,ςὲξηιαι-
1609 5733 1664 5774 M-

613 5801 688 5862 (ᾳ)
709 5787 1088 5862 Scripti'circiter
1103 5803 1278 5839 annum
1299 5787 1407 5838 428.

619 5855 692 5923 (ὁ)
712 5855 852 5926 Alias,
875 5855 1134 5913 secundus,

2216 2125 2338 2179 tatis
2366 2133 2453 2178 tua
2482 2123 2807 2178 conscientia
2832 2131 3217 2191 compungatur
3239 2161 3254 2186 ,
3283 2118 3496 2188 quando
3523 2121 3814 2174 sonueriut

2216 2217 2270 2271 in
2301 2217 2514 2271 auribus
2562 2215 2664 2271 tuis
2691 2215 2830 2270 dicta
2876 2213 3054 2269 divina
3078 2254 3093 2279 ,
3123 2212 3244 2281 quia
3274 2210 3476 2287 Nullus
3501 2210 3636 2265 Deus
3658 2252 3674 2275 ,
3709 2211 3814 2264 nisi

2213 2324 2348 2362 unus
2377 2306 2421 2378 (Ι
2449 2304 2569 2362 Cor.
2601 2321 2716 2370 VIII,
2744 2307 2830 2374 4);
2862 2313 2954 2371 et,
2977 2303 3116 2357 Audi
3142 2301 3307 2356 Israel
3330 2317 3350 2365 ;
3377 2301 3627 2355 Dominus
3655 2301 3813 2354 Deus

2215 2409 2358 2467 tuus,
2395 2399 2641 2454 Dominus
2681 2417 2809 2453 unus
2829 2407 2900 2452 est
2924 2415 2942 2452 :
2971 2408 3026 2452 et
3063 2396 3276 2466 quando
3302 2396 3454 2449 audis
3483 2437 3497 2460 ,
3525 2395 3816 2448 Dominum

2215 2492 2380 2547 Deum
2399 2502 2536 2547 tuum
2563 2492 2797 2546 adorabis
2817 2500 2863 2545 et
2888 2491 2965 2544 illi
2988 2491 3083 2544 soli
3107 2489 3290 2542 servies
3316 2487 3486 2560 (Deut.
3510 2503 3583 2553 Vl,
3610 2489 3665 2552 4,
3688 2489 3811 2557 l3);

2216 2600 2436 2640 securus
2469 2586 2658 2653 possis,
2687 2600 2792 2640 non
2821 2585 2920 2638 soli
2952 2583 3117 2648 Patri,
3141 2581 3233 2638 sed
3259 2583 3418 2636 etiam
3443 2581 3575 2635 Filio
3599 2597 3661 2636 ea
3689 2598 3814 2651 quae

2215 2679 2306 2734 uni
2336 2679 2446 2733 Deo
2471 2677 2695 2733 debetur
2735 2676 2990 2732 servitute
3032 2675 3256 2730 servire.
3294 2675 3559 2730 Memento
3597 2689 3726 2744 ergo
3756 2683 3813 2728 te

2217 2788 2322 2827 non
2363 2771 2703 2842 respondisse
2741 2770 2808 2826 ad
2834 2769 2961 2825 illud
2991 2769 3132 2839 quod
3158 2769 3454 2839 objeceram
3478 2809 3493 2834 ,
3527 2782 3633 2822 non
3655 2784 3684 2820 a
3713 2784 3814 2823 vo-

2215 2863 2297 2920 bis
2322 2865 2423 2919 coli
2452 2880 2614 2918 unum
2644 2864 2833 2926 Deum,
2866 2862 2959 2917 sed
2987 2862 3143 2916 duos.
3658 2905 3664 2910 .

2288 2953 2512 3010 CAPUT
2541 2954 2606 3008 ll.
2626 2984 2699 2994 —
2724 2953 2801 3008 De
2839 2954 3073 3007 humanis
3101 2953 3365 3022 contagiis.
3411 2949 3658 3006 Secundo
3688 2951 3813 3005 loco

2216 3048 2299 3118 egi
2329 3057 2502 3102 tecum
2528 3045 2595 3102 de
2624 3045 2800 3100 verbis
2828 3045 2952 3109 tuis,
2986 3043 3073 3097 ubi
3115 3044 3350 3106 dixeras,
3379 3041 3543 3096 Deum
3590 3040 3805 3095 Patrem

2217 3140 2286 3193 ad
2313 3141 2535 3193 [tantam
2575 3155 2676 3192 non
2703 3136 3034 3190 descendisse
3079 3136 3349 3205 contagia;
3375 3131 3527 3203 quasi
3557 3131 3812 3188 Christus

2218 3230 2308 3286 illa
2355 3231 2408 3285 in
2462 3244 2622 3284 carne
2670 3242 2954 3298 perpessus
2984 3227 3088 3280 sit:
3120 3235 3174 3280 et
3211 3224 3462 3278 admonui
3489 3263 3504 3288 ,
3535 3222 3812 3293 quomodo

2216 3323 2519 3394 contagium
2548 3320 2769 3390 intelligi
2799 3319 2998 3384 soleat,
3032 3333 3136 3371 non
3181 3317 3364 3386 utique
3393 3315 3498 3370 nisi
3545 3315 3596 3368 in
3626 3314 3810 3384 aliquo

2218 3414 2369 3478 vitio,
2393 3428 2422 3466 a
2449 3412 2641 3482 quibus
2669 3410 2915 3466 omnibus
2941 3410 3228 3464 immunem
3246 3407 3490 3462 novimus
3512 3406 3808 3462 Christum.

2217 3504 2327 3560 Nec
2351 3505 2417 3560 ad
2449 3504 2548 3560 hoc
2578 3503 2861 3574 quidquam
2908 3501 3236 3572 respondere
3266 3501 3504 3572 potuisti.
3534 3499 3807 3553 Testimo-

2218 3597 2306 3651 nia
2335 3596 2530 3666 quippe
2570 3594 2783 3660 divina,
2815 3609 2931 3662 qua:
2971 3592 3065 3646 abs
3100 3600 3152 3646 te
3195 3599 3611 3646 commemorata
3647 3599 3799 3653 sunt,

2219 3689 2350 3744 nihil
2382 3698 2432 3743 te
2479 3687 2730 3756 adjuvare
2768 3692 3054 3754 potuerunt
3086 3701 3098 3736 :
3126 3698 3232 3738 non
3265 3683 3407 3737 enim
3453 3683 3532 3736 eis
3580 3680 3813 3750 probare

2220 3781 2435 3852 potuisti
2464 3779 2698 3833 humano
2725 3775 2995 3832 Christum
3037 3774 3406 3828 attaminatum
3450 3788 3572 3828 esse
3614 3783 3836 3827 couta-.

2221 3874 2326 3942 gio.
2377 3871 2528 3940 Quod
2571 3871 2712 3924 enim
2769 3867 3082 3938 Apostolum
3131 3866 3333 3923 dixisse
3379 3878 3810 3928 commemoras,

2225 3962 2478 4027 Quoniam
2515 3960 2745 4016 Christus
2781 3976 2895 4013 cum
2951 3967 3182 4028 peccator
3227 3974 3328 4010 non
3357 3966 3514 4022 esset,
3548 3967 3814 4025 peccatum

2224 4071 2316 4124 pro
2352 4054 2490 4108 nobis
2519 4054 2635 4125 fecit
2659 4069 2679 4107 :
2708 4052 2825 4122 lege
2852 4050 3158 4121 diligentius
3179 4090 3196 4116 ,
3225 4059 3280 4105 et
3303 4065 3369 4104 ne
3410 4048 3546 4103 forte
3581 4048 3818 4103 mendo-

2222 4160 2340 4200 sum
2363 4145 2649 4200 iucurreris
2676 4143 2932 4208 codicem,
2961 4150 3053 4197 aut
3076 4141 3270 4196 latinus
3300 4141 3563 4210 interpres
3589 4155 3822 4196 errave-

2222 4237 2324 4302 rit,
2349 4251 2584 4306 grmcum
2625 4236 2864 4304 inspice;
2906 4244 2960 4288 et
2999 4233 3236 4289 invenies
3272 4249 3377 4287 non
3412 4232 3677 4288 Christum
3706 4248 3820 4301 pro

2221 4329 2376 4384 nobis
2399 4327 2591 4383 fecisse
2617 4337 2914 4398 peccatum,
2946 4326 3041 4382 sed
3068 4341 3100 4380 a
3130 4326 3285 4381 Patre
3315 4326 3424 4381 Deo
3450 4326 3618 4394 ipsum
3649 4325 3823 4380 Chri-

2223 4431 2363 4476 stum
2407 4420 2600 4475 factum
2645 4434 2765 4474 esse
2796 4428 3068 4489 peccatum
3094 4459 3108 4483 ,
3141 4417 3192 4472 id
3216 4425 3326 4484 est,
3359 4416 3678 4471 sacriﬁcium
3711 4433 3826 4485 pro

2222 4523 2460 4584 peccato.
2484 4513 2571 4568 Ait
2595 4513 2738 4567 enim
2767 4511 3088 4582 Apostolus:
3115 4510 3443 4565 Obsecremus
3472 4525 3564 4580 pro
3581 4508 3823 4580 Christo,

2223 4608 2616 4662 reconciliamini
2643 4605 2752 4661 Deo
2782 4607 2797 4637 ¹
2823 4622 2842 4660 :
2869 4622 2983 4659 eum
3009 4605 3095 4676 qui
3138 4621 3238 4658 non
3265 4612 3469 4658 noverat
3509 4615 3783 4674 peccatum
3806 4645 3824 4668 ,

2223 4717 2316 4771 pro
2359 4701 2499 4754 nobis
2528 4709 2786 4770 peccatum
2819 4698 2934 4768 fecit
2961 4696 3026 4770 (ll
3052 4695 3169 4752 Cor.
3192 4712 3244 4763 ν,
3274 4697 3364 4761 20,
3391 4695 3510 4766 21).
3538 4695 3656 4751 Non
3680 4711 3829 4767 ergo

2226 4791 2350 4845 fecit
2379 4791 2492 4859 ipse
2517 4798 2790 4858 peccatum
2811 4830 2826 4854 ,
2855 4788 2948 4842 sed
2989 4803 3110 4842 eum
3140 4787 3278 4842 Deus
3308 4801 3403 4856 pro
3431 4787 3584 4842 nobis
3623 4802 3832 4856 pecca-

2226 4893 2337 4938 tum
2370 4882 2513 4944 fecit,
2542 4881 2644 4935 hoc
2679 4889 2794 4945 est,
2827 4889 2886 4934 ut
2908 4879 3048 4946 dixi,
3077 4879 3392 4934 sacriﬁcium
3429 4893 3526 4947 pro
3562 4865 3829 4948 peccato.

2225 4975 2279 5030 Si
2307 4974 2447 5028 enim
2475 4972 2679 5028 recolas
2707 4972 2789 5026 vel
2819 4971 3050 5042 relegas,
3082 4970 3318 5025 invenies
3339 4971 3389 5024 in
3420 4971 3571 5025 libris
3602 4969 3836 5027 Veteris

2227 5067 2549 5122 Testamenti
2586 5073 2800 5134 peccata
2843 5064 3095 5134 appellari
3124 5062 3380 5119 sacriﬁcia
3426 5080 3525 5133 pro
3555 5068 3833 5136 peccatis.

2229 5157 2525 5216 Similitudo
2552 5156 2710 5212 etiam
2739 5156 2916 5211 carnis
2955 5157 3190 5224 peccati,
3217 5155 3267 5208 in
3290 5170 3394 5225 qua
3424 5156 3573 5210 venit
3599 5156 3662 5209 ad
3694 5174 3836 5224 nos,

2232 5249 2368 5308 dicta
2390 5257 2473 5303 est
2499 5257 2552 5302 et
2578 5249 2689 5318 ipsa
2715 5256 2990 5316 peccatum
3016 5263 3027 5298 :
3061 5244 3226 5312 Misit,
3249 5246 3438 5315 inquit,
3461 5245 3597 5300 Deus
3618 5245 3842 5304 Filium

2229 5357 2374 5396 suum
2396 5341 2447 5393 in
2473 5339 2800 5393 similitudine
2841 5338 3009 5391 carnis
3050 5338 3334 5405 peccati,et
3375 5337 3438 5390 de
3476 5347 3682 5407 peccato
3736 5341 3845 5392 da-

2233 5433 2421 5485 mnavit
2463 5440 2719 5502 peccatum
2746 5430 2798 5482 in
2828 5445 2980 5482 carne
3013 5427 3185 5501 (Rom.
3209 5443 3323 5495 vni,
3354 5425 3408 5498 5)
3435 5444 3449 5482 :
3483 5427 3585 5482 hoc
3612 5437 3731 5497 est,
3768 5431 3850 5488 de

2237 5523 2581 5580 similitudine
2600 5523 2774 5577 carnis
2801 5523 3023 5592 peccati,
3050 5536 3169 5591 qua:
3192 5520 3355 5591 ipsius
3377 5530 3516 5590 erat,
3543 5519 3850 5582 damnavit

2308 5716 2327 5748 ¹
2363 5724 2460 5767 Arn.
2476 5721 2552 5765 Er.
2572 5719 2626 5765 et
2643 5719 2774 5776 κει,
2793 5711 3094 5766 reconciliari
3117 5721 3232 5764 Deo.
