4084 6438
295 340 402 397 745

299 464 574 528 peccatum
615 455 667 511 in
715 466 874 510 carne
903 455 1138 526 peccati,
1169 471 1288 526 quae
1315 466 1493 510 nostra
1528 462 1629 508 est.
1652 447 1876 520 Propter

296 539 399 604 hoc
420 536 578 604 etiam
603 533 670 603 de
695 535 788 603 illo
815 534 1009 603 dicitur
1036 568 1049 605 :
1085 537 1232 617 Quod
1254 551 1382 604 enim
1412 555 1636 603 mortuus
1660 557 1731 603 est
1760 564 1877 618 pec-

292 647 426 705 cato,
452 645 676 695 mortuus
686 632 757 694 est
772 627 946 705 semel;
958 627 1091 710 quod
1102 649 1268 694 autem
1283 640 1418 707 vivit,
1437 640 1550 692 vivit
1575 630 1679 693 Deo
1696 631 1870 725 (Rom.

289 745 365 797 vi,
395 723 504 800 10).
536 731 760 786 Peccato
783 731 924 786 enim
957 739 1196 786 mortuus
1220 739 1302 786 est
1326 731 1512 790 semel.
1538 730 1658 799 quia
1680 717 1869 784 simiii-

290 821 462 876 tudini
492 822 507 853 ¹
529 823 707 877 carnis
737 823 936 891 peccati
962 831 1201 877 mortuus
1229 829 1333 887 est,
1361 822 1573 892 quando
1595 813 1872 876 moriendo

291 922 485 968 exutus
512 922 596 968 est
622 929 815 968 carne:
852 923 904 968 ut
935 929 1030 984 per
1058 913 1160 969 hoc
1187 914 1496 985 mysterium
1527 905 1868 982 signiﬁCaret,

291 1018 387 1057 eos
415 1003 504 1073 qui
531 1004 582 1058 in
613 1013 783 1059 morte
809 1003 974 1075 ipsius
994 1003 1344 1076 baptizantur,
1377 1004 1508 1058 mori
1533 1009 1780 1073 peceato,
1815 1001 1872 1058 ut

291 1097 474 1150 vivant
501 1097 630 1152 Deo.
658 1098 744 1152 Sic
768 1097 927 1153 etiam
955 1114 1047 1168 per
1075 1101 1284 1153 erucem
1313 1096 1478 1166 [actus
1507 1103 1587 1152 cat
1615 1099 1705 1166 pro
1732 1090 1873 1152 nobis

292 1188 617 1242 maledictum
646 1177 840 1258 (σαῖσι.
873 1189 1094 1265 ιιιιιῦ).
1123 1181 1364 1243 Pendens
1391 1189 1586 1259 quippe
1614 1189 1664 1243 in
1705 1189 1868 1259 ligno,

291 1288 522 1334 mortem
547 1275 665 1349 quae
694 1265 759 1334 dc
788 1266 1070 1336 maledicto
1096 1267 1189 1334 Dei
1229 1289 1482 1347 venerat,
1513 1280 1786 1350 suspendit
1817 1280 1870 1335 in

289 1358 458 1441 ligno,
486 1383 646 1442 atque
690 1363 760 1426 ita
796 1374 933 1427 vetus
973 1359 1122 1427 homo
1163 1382 1329 1428 noster
1366 1374 1516 1428 simul
1541 1375 1770 1443 conﬁxus
1799 1383 1871 1428 est

289 1461 432 1515 truci
454 1463 628 1532 (Rom.
645 1479 717 1528 vi,
740 1453 793 1531 εδ
819 1481 830 1516 :
857 1455 915 1518 ut
939 1479 1042 1518 non
1061 1464 1381 1520 mendaciter
1393 1464 1591 1520 dictum
1614 1465 1872 1534 intelliga-

290 1545 379 1608 tur
410 1555 462 1608 in
504 1537 680 1625 Lege,
710 1536 1008 1609 bialedictus
1055 1557 1216 1610 omnis
1265 1557 1350 1626 qui
1398 1555 1578 1627 pendet
1629 1558 1680 1611 in
1732 1557 1870 1628 ligno

292 1644 476 1717 (Deut.
506 1662 616 1712 nt,
639 1645 753 1712 25).
781 1647 918 1716 Quid
940 1656 1020 1703 est
1043 1689 1057 1715 ,
1083 1648 1380 1702 maledictus
1401 1690 1417 1714 ,
1445 1651 1566 1716 nisi,
1594 1649 1754 1704 Terra
1781 1667 1866 1718 es,

287 1744 414 1791 etin
441 1746 626 1792 terram
671 1739 764 1796 ibis
811 1739 961 1810 (Gen.
1014 1755 1068 1794 ιιι
1097 1782 1110 1806 ,
1145 1741 1231 1809 l9)
1253 1741 1275 1793 ?
1298 1741 1361 1795 Et
1387 1741 1510 1812 quid
1538 1750 1636 1824 est,
1665 1729 1869 1807 omnis;

290 1828 396 1884 nisi
427 1830 550 1899 quia
580 1839 633 1884 et
668 1831 781 1899 ipse
804 1829 1046 1885 Christus
1066 1871 1082 1898 ,
1113 1831 1202 1902 qui
1232 1841 1350 1886 cum
1381 1840 1524 1886 esset
1550 1831 1654 1886 vita
1677 1874 1692 1900 ,
1727 1833 1870 1886 mor-

289 1929 411 1975 tuus
440 1928 525 1976 est
562 1928 736 1976 tamen
773 1937 895 1976 vera
940 1931 1148 1987 morte,
1175 1937 1278 1976 non
1321 1910 1558 1979 licta'iSi
1606 1922 1869 1992 intelligas

286 2011 387 2067 ista
419 2011 670 2084 mysteria
693 2052 708 2077 ,
735 2001 890 2066 simul
917 1997 1178 2083 intelliges
1207 2028 1313 2067 non
1333 2027 1451 2068 esse
1476 2004 1734 2084 contagia.
1760 2006 1867 2069 Sed

285 2101 412 2174 quid
427 2083 505 2158 ad
535 2117 634 2158 nos
657 2145 670 2170 ,
695 2103 738 2158 si
768 2119 916 2160 more
963 2113 1052 2159 tuo
1100 2104 1355 2174 loquens,
1385 2113 1686 2160 contactum
1731 2103 1867 2161 forte

287 2182 589 2250 mortalium
628 2180 837 2249 voluisti
871 2195 1137 2265 appellare
1171 2188 1506 2266 contagium;
1536 2212 1655 2251 cum
1688 2202 1867 2252 tamen

286 2284 565 2339 nobiscum
596 2285 795 2340 sentias
818 2325 834 2352 ,
863 2285 1142 2340 Dominum
1186 2277 1366 2341 Jesum
1387 2327 1401 2351 ,
1434 2302 1534 2342 nec
1573 2273 1627 2341 in
1655 2287 1864 2358 spiritu,

289 2390 385 2430 nec
411 2374 465 2429 in
493 2390 653 2430 carne
681 2375 845 2429 ullum
869 2375 1116 2431 habuisse
1143 2370 1454 2445 peccatum?

355 2464 580 2520 CAPUT
619 2463 703 2519 lll.
727 2496 797 2505 —
819 2465 898 2520 De
915 2463 1150 2520 invisibili
1173 2454 1299 2521 Deo.
1332 2467 1510 2524 Tertio
1537 2469 1655 2525 loco
1687 2469 1754 2526 de
1779 2469 1864 2524 in-

285 2554 477 2608 visibili
510 2555 618 2610 Deo
647 2569 764 2610 cum
787 2561 1019 2628 agerem,
1047 2552 1295 2613 admonui
1327 2567 1377 2613 ut
1403 2560 1651 2616 crederes
1680 2563 1866 2617 invisi-

285 2637 445 2700 bilem
471 2686 485 2706 ,
515 2661 620 2700 non
667 2647 838 2702 salum
866 2641 1102 2716 Patrem,
1133 2649 1226 2705 sed
1253 2652 1409 2706 etiam
1445 2649 1637 2708 Filium
1669 2671 1863 2712 secun-

286 2728 410 2790 dum
437 2735 763 2791 divinitatem
784 2778 799 2803 ,
829 2754 930 2792 non
959 2739 1249 2795 secundum
1276 2757 1511 2812 carnem,
1537 2744 1590 2799 in
1612 2761 1714 2816 qua
1740 2763 1864 2804 eum

283 2829 548 2884 visibilem
598 2832 906 2886 mortalibus
934 2834 1239 2902 apparuisse
1283 2836 1401 2906 quis
1432 2839 1626 2908 negat?
1654 2841 1792 2896 unde
1811 2851 1866 2897 et

282 2920 387 2975 alio
412 2915 532 2980 loco
560 2930 744 2991 postea
785 2923 1066 2994 disputavi.
1110 2926 1188 2980 Tu
1217 2937 1392 2982 autem
1422 2930 1616 2985 cedens
1642 2930 1864 2988 manife-

283 3011 533 3068 stissima:
563 3014 800 3081 veritati,
815 3018 1132 3086 consensisti
1157 3032 1274 3074 esse
1293 3008 1610 3076 invisibilem
1630 3012 1820 3078 Filium
1845 3041 1858 3078 :

282 3120 343 3159 ac
374 3121 470 3175 per
494 3105 596 3161 hoc
625 3105 930 3164 destruxisti
959 3100 1098 3179 quod
1122 3100 1353 3180 dixeras,
1381 3117 1540 3168 unum
1565 3104 1862 3170 inuisibilem

282 3189 513 3250 Patrem.
564 3189 669 3252 Sed
717 3205 903 3256 rursus
963 3209 1050 3255 tua
1100 3203 1452 3260 consensione
1494 3206 1859 3275 centurbatus,

280 3287 405 3356 quia
453 3281 771 3344 invisibilem
811 3291 970 3346 etiam
998 3277 1189 3347 Filium
1219 3309 1337 3350 esse
1359 3303 1709 3354 consenseras
1728 3339 1742 3364 ,
1771 3314 1866 3354 au-

279 3395 369 3435 sus
397 3395 458 3436 es
485 3380 684 3450 dicere,
715 3383 921 3439 minora
939 3371 1159 3452 videria
1183 3385 1493 3459 majoribus,
1510 3375 1710 3462 majora
1732 3408 1863 3448 vero

278 3480 308 3527 ιι
339 3472 634 3528 minoribus
657 3490 764 3530 non
811 3491 968 3547 posse
994 3467 1194 3544 videri;
1228 3477 1412 3535 dicens
1441 3473 1668 3551 Angelos
1695 3482 1862 3540 videri

279 3563 348 3618 ab
372 3554 722 3637 Archangelis
743 3608 760 3635 ,
787 3567 990 3623 animas
1019 3568 1086 3624 ab
1109 3559 1325 3640 Angelis
1344 3612 1358 3636 ,
1390 3563 1622 3642 Angelos
1649 3589 1774 3629 vero
1793 3573 1862 3630 ab

279 3654 558 3709 animabus
600 3673 704 3711 non
740 3657 906 3712 videri
939 3676 952 3714 :
985 3648 1125 3715 unde
1159 3653 1317 3714 etiam
1359 3649 1624 3718 Christum
1668 3678 1862 3722 secun-

279 3732 407 3799 dum
442 3746 734 3804 divinitatis
774 3757 885 3804 sua:
914 3751 1260 3807 substantiam
1281 3793 1296 3818 ,
1320 3769 1426 3809 non
1454 3755 1625 3811 solum
1666 3757 1732 3813 ab
1760 3758 1860 3814 ho-

281 3825 535 3904 minibus,
567 3827 662 3895 sed
688 3854 788 3896 nec
810 3855 840 3895 a
874 3841 1167 3899 Virtutibus
1192 3845 1498 3902 ccelestibus
1521 3847 1687 3903 videri
1716 3864 1864 3906 asse-

280 3943 426 3996 rens,
461 3920 580 3986 ideo
600 3931 811 3988 Patrem
835 3935 1008 3990 solum
1035 3937 1350 3994 invisibilem
1373 3953 1493 3996 esse
1515 3940 1713 4008 dixisti,
1739 3943 1861 4013 quia

282 4022 611 4091 superiorem
656 4041 759 4080 non
801 4025 964 4082 habet
1001 4043 1028 4082 a
1076 4044 1181 4100 quo
1205 4030 1734 4101 circuminspiciatur.
1767 4035 1862 4090 Dic

283 4113 460 4180 nobis,
491 4131 620 4186 rogo
648 4127 719 4185 te,
751 4120 962 4188 quando
993 4121 1084 4175 tibi
1114 4121 1478 4178 indicaverunt
1507 4124 1820 4197 Archangeli
1841 4168 1859 4194 ,

283 4207 427 4274 quod
471 4208 572 4277 ipsi
611 4210 823 4264 videant
862 4213 1115 4284 Angelos,
1146 4229 1251 4268 non
1285 4224 1462 4270 autem
1490 4217 1768 4274 videantur
1789 4219 1858 4276 ab

281 4299 538 4368 Angelis?
563 4299 763 4368 Quibus
791 4305 1129 4360 narrantibus
1148 4306 1364 4376 Angelis
1385 4299 1694 4377 cognovisti,
1719 4310 1862 4380 quod

284 4387 384 4458 ipsi
412 4390 626 4446 videant
654 4393 878 4461 animas,
906 4395 1096 4450 anima:
1122 4395 1241 4451 illos
1271 4413 1374 4452 non
1404 4399 1656 4455 videant?
1682 4403 1727 4457 A
1757 4417 1862 4473 quo

281 4479 400 4537 haec
423 4482 650 4537 audisti?
679 4485 821 4541 unde
859 4486 1124 4542 didicisti?
1149 4488 1236 4542 ubi
1277 4488 1492 4559 legisti?
1521 4491 1706 4547 Nonne
1749 4509 1862 4550 me:

281 4571 385 4626 lius
412 4571 605 4634 divinis
633 4573 804 4630 Libris
832 4577 1065 4632 animum
1092 4567 1415 4646 intenderes,
1446 4581 1531 4636 ubi
1558 4582 1780 4652 legimus
1808 4594 1863 4640 et

281 4660 349 4715 ab
383 4661 690 4719 hominibus
736 4663 966 4737 Angelos
1005 4669 1182 4736 visos,
1206 4671 1416 4740 quando
1455 4673 1762 4740 voluerunt,
1807 4687 1863 4732 et

282 4754 552 4823 quomodo
616 4755 898 4814 voluerunt
968 4760 1166 4826 videri,
1226 4761 1446 4831 jubente
1507 4761 1593 4820 vel
1653 4767 1862 4825 sinente

281 4845 519 4900 omnium
561 4838 846 4904 Creatore‘i
895 4851 1267 4908 Verumtamen
1310 4855 1398 4924 qui
1448 4855 1688 4926 dixeras,
1743 4859 1863 4916 ideo

281 4938 448 4990 solum
479 4937 760 4994 dicendum
799 4942 1094 4996 inuisibilem
1142 4943 1376 5010 Patrem,
1407 4949 1528 5017 quia
1574 4958 1675 5003 non
1717 4939 1863 5006 habet

281 5031 592 5099 superiorem
616 5048 646 5084 a
688 5049 786 5101 quo
825 5027 1307 5106 rircuminspiciatur
1329 5054 1348 5101 ;
1373 5028 1648 5097 confessus
1677 5057 1736 5098 es
1765 5060 1863 5113 po-

282 5132 419 5189 stea,
449 5111 585 5178 Filio
608 5138 726 5179 esse
763 5125 1027 5181 visibilem
1057 5169 1070 5193 ,
1095 5139 1278 5183 contra
1309 5137 1358 5185 te
1383 5131 1552 5202 ipsum
1589 5111 1864 5204 proferens

283 5213 650 5282 evangelicum
680 5217 1060 5284 testimonium,
1087 5220 1176 5272 ubi
1201 5219 1330 5274 dicit
1359 5221 1472 5290 ipse
1503 5224 1668 5279 Filius
1690 5265 1704 5289 ,
1740 5225 1863 5282 Non

283 5320 401 5374 quia
433 5303 641 5360 Putrem
664 5308 785 5361 vidit
808 5309 1104 5378 quisquam,
1133 5310 1221 5364 sed
1254 5312 1340 5382 qui
1364 5322 1435 5366 est
1459 5330 1492 5366 a
1512 5313 1652 5382 Deo,
1685 5308 1766 5370 hic
1792 5320 1866 5370 vi-

285 5398 358 5450 dit
379 5395 589 5452 Patrem
611 5398 786 5470 (Joan.
810 5416 885 5465 vr,
903 5401 1018 5472 46).
1056 5401 1152 5457 Ubi
1176 5412 1225 5457 te
1251 5403 1468 5473 quidem
1494 5406 1690 5462 veritas
1710 5423 1865 5478 aper-

287 5490 491 5546 tissime
516 5491 640 5546 vicit
667 5509 680 5546 :
709 5493 803 5548 sed
835 5504 890 5547 tu
918 5495 1103 5550 nolens
1125 5497 1191 5552 ab
1219 5511 1402 5554 errore
1421 5498 1632 5556 liberart
1652 5542 1667 5568 ,
1695 5503 1866 5559 nolui-

352 5711 367 5742 ⁸
384 5711 676 5785 ,ξειειεᾶὶιίο
698 5719 828 5773 Lov.,
852 5712 965 5777 quia
981 5713 1029 5763 in
1049 5712 1374 5766 similitudine.
1400 5716 1595 5778 Quidam
1611 5727 1735 5782 Mss,
1753 5722 1867 5785 quia

288 5773 596 5824 similitudine

562 5855 568 5862 ’
605 5858 827 5920 SANCT.
872 5860 1144 5919 Anausr.
1192 5861 1356 5935 Vili.

1669 336 1867 392 LIBER
1907 335 2175 394 PRIMUS.

3450 355 3557 416 ’με

1984 451 2048 503 sti
2077 452 2356 507 salubriter
2381 453 2538 510 vinci.
2590 456 2719 512 Cum
2750 460 2892 516 enim
2919 470 3103 519 contra
3143 473 3194 519 te
3232 481 3558 525 commemo-

1980 540 2158 623 rasses
2185 546 2550 614 evangelicum
2594 551 2984 618 testimonium,
3013 569 3118 623 quo
3151 555 3338 612 claruit
3368 575 3396 613 a
3420 549 3557 616 Filio

1980 619 2148 686 videri
2173 634 2406 704 Patrem,
2431 637 2640 696 dicente
2680 641 2800 712 ipso
2825 643 2992 711 Filio,
3021 619 3128 700 Sed
3145 649 3230 718 qui
3251 659 3323 702 est
3348 667 3378 703 a
3409 650 3515 706 Deo‘
3535 692 3554 722 ,

1979 723 2060 776 hic
2084 724 2208 778 vidit
2237 724 2476 793 Patrem;
2504 747 2626 786 mox
2664 733 2912 789 addidisti
2941 735 3008 792 de
3037 745 3156 800 tuo.
3187 738 3292 793 Sed
3324 742 3448 795 vidit
3473 742 3557 797 iu-

1978 814 2274 882 Capabilem.
2318 815 2532 873 Interim
2579 814 2721 890 quod
2773 823 2983 879 dixeras
3037 827 3349 897 perdidisti,
3379 832 3554 888 solum

1977 909 2098 960 esse
2122 900 2437 963 in'visibilcm
2467 911 2696 979 Patrem,
2729 915 2979 985 quianon
3007 917 3166 974 habet
3182 923 3511 992 superiorem
3536 943 3552 982 :

1976 996 2402 1068 quandoquidem
2428 999 2649 1058 veritate
2669 992 2854 1070 victus,
2878 1014 2999 1063 eum
3026 1011 3189 1066 videri
3216 1014 3282 1068 ab
3305 1000 3556 1074 inferiore

1976 1087 2251 1144 confessus
2290 1106 2368 1146 es.
2411 1092 2516 1148 Vos
2559 1095 2700 1149 enim
2744 1096 2919 1152 dicitis
2958 1101 3260 1159 inferiorem
3308 1106 3496 1162 Filium
3523 1124 3557 1165 ιι

1976 1191 2080 1248 quo
2107 1188 2282 1236 tamen
2311 1182 2520 1239 Patrem
2551 1185 2739 1249 videri,
2772 1196 2905 1244 teste
2929 1179 3061 1246 Filio
3087 1201 3309 1264 cogente
3341 1197 3381 1263 ⁸,
3410 1197 3554 1253 dixi-

1975 1271 2061 1322 sti.
2096 1271 2169 1327 De
2198 1272 2477 1343 incapabili
2518 1285 2697 1345 postea
2727 1279 3024 1335 videbimus
3045 1322 3059 1346 ,
3092 1286 3330 1341 utetiam
3358 1297 3410 1342 te
3444 1289 3554 1345 illic

1976 1361 2170 1415 veritas
2198 1362 2391 1418 vincat.
2420 1364 2535 1420 Non
2563 1367 2702 1420 enim
2725 1367 2792 1424 de
2815 1371 3034 1440 capabili
3058 1384 3109 1427 et
3131 1374 3432 1446 incapabili,
3455 1369 3554 1434 Sed

1973 1451 2042 1508 de
2066 1454 2258 1509 visibili
2286 1464 2339 1510 et
2369 1456 2617 1512 invisibili
2649 1459 2788 1514 inter
2817 1477 2914 1517 nos
2949 1466 3171 1532 qumStib
3196 1467 3504 1526 versabatur
3534 1478 3549 1527 ξ

1974 1543 2026 1597 in
2053 1560 2151 1613 qua
2199 1547 2492 1615 quaestione
2521 1549 2566 1603 si
2598 1549 2690 1606 tibi
2731 1551 2832 1623 ipsi
2863 1558 2916 1607 tu
2965 1551 3077 1626 ipse
3121 1550 3343 1616 visibilis
3368 1578 3447 1632 es,
3473 1563 3555 1620 vi-
3635 1546 3640 1552 ³

1973 1639 2114 1690 etum
2142 1644 2192 1690 te
2219 1641 2338 1692 css‘e
2366 1638 2536 1694 Vides.

2043 1716 2269 1783 CAPUT
2309 1722 2394 1782 IV.
2420 1760 2492 1769 —
2519 1718 2595 1785 De
2630 1731 2904 1787 immortali
2926 1729 3057 1791 Deo.
3088 1736 3286 1806 Quarto
3320 1740 3439 1796 loco
3465 1739 3550 1814 egi

1972 1823 2146 1871 tecum
2175 1817 2240 1872 de
2269 1819 2554 1875 immortali
2594 1823 2703 1878 Deo
2732 1824 2890 1879 etiam
2921 1827 3076 1881 Filio.
3120 1827 3380 1896 Quoniam
3411 1836 3466 1887 t'u
3490 1834 3554 1887 il-

1971 1905 2060 1962 lud
2083 1909 2226 1979 quod
2258 1912 2333 1965 ait
2370 1911 2659 1982 ApOstolus
2686 1955 2700 1977 ,
2737 1916 2836 1983 Qui
2855 1918 2992 1972 solus
3017 1919 3162 1975 habet
3199 1921 3552 1979 immortalita~

1971 2008 2068 2053 rem
2094 2000 2135 2070 (Ι
2177 1988 2305 2055 Tim.
2349 2006 2421 2071 VI,
2453 2000 2540 2074 i6)
2570 2022 2582 2066 ;
2612 2001 2689 2060 sic
2733 2007 2951 2078 intelligi
2998 2011 3249 2081 voluisti,
3297 2023 3549 2085 tanquam

1969 2089 2036 2146 de
2065 2091 2180 2145 solo
2211 2091 2365 2148 Patre
2394 2091 2460 2148 Sit
2499 2095 2694 2150 dictum
2721 2103 2734 2151 ὲ
2763 2104 2883 2152 cum
2913 2100 2998 2155 ille
3032 2101 3130 2155 hoc
3164 2109 3268 2157 nan
3297 2104 3365 2160 de
3390 2098 3549 2163 Patre

1969 2180 2182 2245 dixerit,
2205 2183 2298 2238 sed
2325 2184 2390 2239 de
2417 2185 2525 2240 Deo
2549 2227 2564 2253 ,
2593 2188 2732 2258 quod
2754 2199 2835 2243 est
2856 2181 3013 2246 Pa'er
3033 2201 3086 2247 et
3111 2187 3276 2250 Filias
3302 2207 3354 2251 et
3379 2198 3550 2267 Spiri-

1971 2281 2054 2328 tus
2075 2280 2306 2330 sanctius.
2336 2275 2552 2334 Ostendi
2583 2292 2708 2348 ergo
2734 2288 2787 2334 et
2812 2268 3003 2336 Filium
3037 2281 3238 2341 habere
3265 2288 3544 2344 immorta-

1968 2363 2167 2418 litatem
2194 2367 2485 2422 secundum
2530 2369 2874 2425 substantiam
2912 2371 3201 2430 divinitatis
3237 2385 3367 2433 sna».
3412 2371 3546 2434 Nam

1968 2457 2256 2512 secundum
2299 2471 2512 2514 carnem
2543 2461 2661 2530 quis
2689 2467 2848 2533 negat
2887 2469 3006 2519 eum
3040 2465 3200 2520 fuisse
3227 2468 3549 2525 mbrtalem?

1967 2547 2047 2602 Tu
2075 2557 2250 2603 autem
2279 2558 2397 2604 cum
2441 2549 2570 2606 mihi
2610 2555 2935 2624 respondere
2976 2557 3043 2612 ad
3071 2557 3210 2614 hunc
3239 2560 3412 2616 locum
3438 2563 3551 2620 vel-

1967 2636 2066 2704 les,
2094 2640 2368 2708 perspicua
2399 2643 2623 2698 veritate
2650 2645 2951 2712 conclusus,
2980 2648 3138 2702 etiam
3164 2640 3329 2705 Deum
3355 2652 3546 2710 Filium

1967 2729 2417 2788 immortalitatem
2458 2733 2656 2791 habere
2684 2736 2962 2793 confessus
2998 2747 3076 2794 es.
3106 2736 3290 2799 Victus
3310 2757 3368 2798 es
3391 2745 3550 2816 igitur

1967 2819 2019 2874 in
2049 2835 2113 2876 eo
2140 2822 2280 2892 quod
2325 2823 2538 2879 dicebas
2563 2825 2631 2880 de
2675 2825 2833 2882 Patre
2863 2833 3062 2883 tantum
3085 2825 3286 2888 dixisse
3313 2836 3547 2904 Aposto-

1965 2913 2097 2982 lbm,
2127 2915 2267 2986 quod
2293 2917 2438 2971 solus
2465 2917 2656 2973 habent
2694 2919 3164 2977 immertalitatcm.
3197 2922 3380 2995 Neque
3403 2927 3546 2984 enim

1967 3013 2249 3076 propterea
2275 3004 2500 3064 vinculis
2536 3009 2773 3066 veritatis
2801 3012 3030 3068 elaberis
3056 3056 3070 3082 ,
3099 3017 3348 3085 quoniam
3373 3017 3506 3074 dicis
3524 3061 3541 3088 ,

1969 3096 2132 3153 Habet
2173 3099 2373 3170 quidem
2405 3099 2571 3155 Filius
2608 3100 3039 3159 immortalitatem
3059 3147 3073 3170 ,
3104 3106 3194 3161 sed
3236 3110 3485 3181 accipiens
3506 3128 3546 3179 μ

1967 3185 2144 3243 Patre.
2176 3188 2290 3244 Nan
2312 3191 2566 3261 quarritur
2590 3193 2734 3248 unde
2764 3193 2975 3261 habeat,
3001 3196 3096 3252 sed
3125 3203 3299 3255 utrum
3331 3203 3545 3259 habeat.

1965 3279 2046 3335 Tu
2075 3281 2216 3336 enim
2246 3280 2314 3337 de
2334 3282 2490 3361 Patre
2514 3283 2629 3339 solo
2655 3284 2733 3339 vis
2756 3285 2975 3358 intelligi
2996 3287 3137 3359 quod
3165 3292 3418 3364 scriptum
3439 3306 3547 3362 est,

1967 3371 2125 3429 Solus
2149 3374 2296 3430 habet
2319 3375 2766 3432 immortalitatem.
2800 3377 3023 3434 Prorsus
3050 3391 3082 3435 a
3108 3382 3258 3437 nullo
3274 3395 3546 3456 acceptam

1965 3464 2124 3521 Pater
2152 3465 2310 3521 habet
2337 3467 2808 3536 immortalitatem,
2838 3476 2891 3524 et
2915 3485 2943 3523 a
2976 3471 3129 3527 Patre
3157 3480 3426 3544 aeceptam
3457 3475 3547 3530 Fi~

1967 3557 2071 3614 lius
2116 3556 2278 3613 habet
2312 3557 2762 3616 immortalitatem
2796 3578 2810 3615 :
2844 3569 3017 3617 tamen
3047 3570 3101 3618 "et
3120 3557 3278 3620 Pater
3304 3575 3357 3621 et
3381 3554 3548 3624 Filius

1967 3649 2129 3705 habet
2182 3649 2657 3706 immortalitatem.
2701 3651 2952 3722 Alioquin
2993 3653 3038 3709 si
3081 3661 3198 3710 team
3237 3663 3343 3711 non
3385 3648 3548 3715 habet

1965 3742 2134 3798 Filius
2163 3760 2177 3809 ;
2200 3742 2357 3798 Pater
2380 3746 2496 3798 eam
2526 3748 2630 3798 non
2657 3741 2805 3799 dedit
2831 3732 2987 3812 Filio,
3015 3751 3105 3802 aut
3130 3739 3398 3819 acdeptain
3425 3755 3550 3820 per;

1965 3833 2099 3889 didit
2125 3835 2311 3890 Filius.
2341 3835 2494 3892 Dedit
2513 3841 2690 3891 autem
2719 3825 2874 3892 Pater
2903 3839 3054 3905 Filio,
3083 3855 3181 3896 nec
3201 3841 3429 3911 perdidit
3453 3832 3546 3898 Fi-

1964 3925 2067 3980 lius
2096 3943 2111 3981 :
2138 3940 2238 3981 nec
2257 3925 2412 3982 Pater
2437 3925 2612 3981 dando
2636 3925 2864 3997 perdidit
2885 3929 3025 4000 quod
3051 3931 3356 4001 generando
3377 3931 3539 3992 dedit.

1966 4015 2136 4075 liabet
2182 4024 2310 4090 ergo
2355 4014 2805 4074 immortalitatem
2840 4029 2895 4076 et
2929 4020 3088 4077 Pater
3122 4031 3177 4078 et
3204 4015 3403 4092 Filius,
3438 4037 3547 4083 non

1964 4101 2123 4166 Pater
2142 4109 2308 4166 solus.
2330 4111 2549 4182 Cogeris
2579 4111 2755 4179 itaque
2774 4109 3012 4169 conﬁteri
3039 4119 3143 4169 nbn
3163 4115 3230 4172 de
3255 4117 3370 4173 solo
3393 4119 3550 4176 Patre

1903 4207 1909 4209 ”
1965 4197 2164 4257 dictum
2192 4217 2331 4270 esse,
2354 4203 2452 4270 Qui
2476 4203 2614 4257 solus
2643 4195 2787 4258 habet
2812 4205 3237 4261 immortalitatem
3261 4225 3280 4263 :
3299 4209 3418 4280 quia
3436 4211 3546 4281 jam

1966 4301 2180 4351 coactus
2209 4309 2268 4350 es
2309 4294 2554 4350 conﬁteri
2591 4294 2731 4364 quad
2759 4299 2812 4350 et
2838 4290 3003 4350 Filius
3039 4293 3230 4352 habeat
3269 4298 3549 4356 immorta-

1967 4379 2190 4443 litatem.
2241 4385 2412 4442 Habet
2453 4395 2631 4441 autem
2671 4385 2809 4441 hanc
2847 4385 3017 4456 solus,
3057 4387 3151 4443 sed
3190 4389 3328 4446 Deus
3359 4410 3372 4446 :
3404 4394 3547 4463 quod

1966 4494 2071 4533 non
2103 4478 2248 4533 solus
2276 4486 2359 4532 est
2398 4476 2584 4542 Pater;
2614 4475 2733 4546 quia
2765 4476 2871 4532 hoc
2903 4485 2987 4532 est
3014 4483 3068 4532 et
3094 4477 3292 4542 Filius,
3322 4491 3374 4536 et
3397 4491 3547 4537 uter-

1966 4584 2069 4639 que
2089 4560 2337 4639 adjuncto
2365 4565 2562 4637 Spiritu
2591 4571 2929 4622 sanetounus
2951 4575 3032 4622 eSt
3052 4568 3215 4624 Deus.
3249 4568 3354 4626 Sed
3382 4579 3548 4643 quare

1967 4656 2112 4715 solus
2142 4653 2284 4714 Deus
2310 4657 2480 4713 dictus
2504 4657 2573 4712 sit
2601 4656 2798 4712 habere
2830 4657 3311 4726 immortalitatem,
3343 4669 3462 4718 Cum
3490 4675 3547 4720 et

1967 4752 2142 4806 anima
2167 4757 2261 4820 pro
2291 4763 2388 4803 suo
2413 4743 2572 4802 modo
2601 4747 2669 4801 sit
2697 4741 3014 4802 immertalis
3037 4790 3051 4814 ,
3084 4757 3138 4803 et
3164 4742 3263 4803 alio
3296 4751 3548 4822 spiritua-

1967 4843 2034 4898 lis
2060 4841 2397 4910 caelestisquc
2421 4847 2683 4901 creatura,
2708 4849 2892 4908 postea
2918 4838 3213 4895 videbimus
3242 4857 3255 4895 :
3286 4849 3426 4897 ndnc
3451 4859 3543 4899 auo

1969 4941 2076 4988 tem
2115 4927 2311 4986 sufficit
2336 4928 2509 4996 nobis,
2537 4930 2677 4998 quod
2701 4927 2767 4982 ad
2794 4943 2855 4984 ea
2883 4943 3001 4997 quae
3025 4927 3153 4994 dixi,
3171 4928 3302 4983 nihil
3329 4941 3551 5002 respon-

1968 5022 2098 5078 dere
2114 5021 2360 5092 potuisti,
2392 5029 2444 5075 et
2473 5035 2577 5074 non
2613 5019 2784 5074 Solum
2813 5018 3063 5083 Patrem;
3091 5007 3182 5073 sed
3211 5024 3452 5090 quamvis
3477 5025 3548 5080 ab

1970 5115 2108 5184 ipso,
2139 5113 2335 5168 habere
2369 5117 2546 5166 tamen
2576 5152 2592 5177 ,
2650 5110 3098 5166 immortalitatem
3145 5111 3305 5166 etiam
3353 5113 3548 5171 Filium

1971 5209 2187 5262 ceactus
2216 5219 2275 5259 es
2297 5201 2558 5258 conﬁteri.
3461 5202 3468 5207 '

2041 5289 2267 5354 CAPUT
2308 5297 2372 5352 V.
2401 5327 2472 5337 --
2503 5289 2648 5350 Unde
2693 5286 2858 5366 major
2885 5293 2950 5348 sit
2982 5293 3155 5348 Pater.
3199 5293 3395 5362 Quinto
3433 5298 3551 5355 loco

1972 5388 2216 5458 ostendi,
2245 5388 2385 5444 unde
2427 5389 2596 5456 major
2633 5385 2702 5441 sit
2739 5386 2895 5440 Pater
2917 5380 3052 5440 Filio
3081 5403 3094 5439 :
3122 5387 3242 5456 quia
3288 5402 3394 5442 non
3439 5389 3550 5446 Deo

1975 5483 2146 5552 major
2167 5490 2267 5549 est,
2299 5475 2437 5536 unde
2468 5476 2541 5534 illi
2568 5483 2865 5534 eomternus
2893 5487 2976 5534 est
2999 5477 3197 5544 Filius;
3220 5478 3311 5534 sed
3335 5480 3550 5538 homine

1973 5575 2142 5644 major
2188 5583 2290 5639 est,
2322 5561 2461 5640 quod
2506 5585 2569 5626 ex
2613 5579 2853 5642 tempore
2900 5562 3072 5624 factus
3112 5579 3195 5624 est
3242 5569 3427 5627 Filius.
3473 5572 3549 5628 ibi

1973 5664 2382 5723 commemoravi
2411 5662 3136 5732 apostolicumtestimonium
3167 5678 3178 5714 :
3211 5662 3346 5729 Quia
3365 5680 3477 5718 cum
3499 5665 3551 5718 in

2044 5785 2058 5816 ³
2097 5784 2177 5833 nic
2197 5781 2320 5844 apud
2340 5788 2448 5832 ων.
2463 5780 2671 5844 additur,
2695 5778 2904 5831 veritate.

2794 5862 3354 5944 (l’ingt-quatrea)
