4042 6456
532 386 633 443 ’147

531 507 694 575 forma
719 500 811 554 Dei
839 509 994 566 esset,
1020 515 1119 553 non
1148 502 1377 570 rapinam
1404 499 1674 551 arbitratus
1703 506 1774 551 est
1802 512 1907 550 esse
1942 510 2112 564 (equa-

532 596 597 649 lis
620 592 749 647 Deo.
777 590 973 647 Natura
1001 589 1193 660 quippe
1237 588 1313 643 illi
1344 587 1515 642 fuerat
1546 587 1635 641 [rei
1665 588 1936 656 arqualitas
1961 627 1976 651 ,
2002 602 2106 639 non

534 685 738 756 rapina.
786 682 866 737 Ad
905 680 1047 752 quod
1077 690 1131 736 tu
1176 678 1503 750 respondens
1545 679 1725 733 dixisti
1757 696 1770 731 :
1807 678 1932 745 Quis
1976 677 2109 731 enim

531 787 681 848 negat
707 775 898 829 Filium
921 791 1026 828 esse
1049 774 1100 827 in
1128 773 1295 842 forma
1327 771 1461 826 Dei?
1516 772 1666 839 Quod
1692 772 1823 826 enim
1844 772 1907 824 sit
1935 769 2072 823 Deus
2089 811 2103 834 ,

532 867 669 937 quod
694 866 759 920 sit
780 864 1030 917 Dominus
1055 904 1072 926 ,
1100 864 1235 933 quod
1258 862 1321 914 sit
1346 860 1474 927 Rex,
1495 863 1607 931 jam
1633 872 1752 930 puto
1781 860 1930 916 latius
1953 876 2107 931 expo-

528 957 741 1011 suimus.
766 952 832 1006 Et
867 971 884 1005 ι
908 953 1028 1023 quia
1048 968 1147 1007 non
1166 953 1397 1019 rapinam
1415 952 1686 1005 arbitratus
1711 962 1781 1006 est
1802 968 1907 1007 esse
1933 962 2107 1024 aequa-

530 1047 592 1100 lis
622 1045 751 1111 Deo,
783 1064 801 1096 ι
831 1045 923 1097 Ιιοσ
949 1058 1038 1097 nos
1053 1038 1223 1097 beatus
1244 1036 1502 1113 apostolus
1521 1036 1715 1096 Paulus
1731 1044 1951 1109 instruit,
1975 1043 2109 1112 quod

526 1137 617 1191 ille
646 1154 745 1191 non
778 1135 981 1204 rapuit,
1010 1151 1098 1189 nec
1124 1151 1214 1189 nos
1251 1134 1483 1187 dicimus.
1518 1133 1641 1188 lltcc
1671 1133 1829 1187 verba
1876 1142 1961 1186 tua
2003 1148 2105 1187 non

529 1229 700 1284 solum
725 1229 853 1283 nihil
883 1227 1075 1282 habent
1104 1226 1357 1281 adversus
1385 1240 1481 1279 nos
1505 1242 1519 1289 ;
1547 1224 1638 1279 sed
1660 1225 1827 1293 magis
1848 1232 2107 1294 apparent

528 1335 647 1375 esse
675 1333 770 1389 pro
800 1320 970 1372 nobis.
1010 1317 1066 1373 Si
1110 1318 1250 1372 enim
1286 1316 1560 1372 confiteris
1602 1316 1692 1370 Dei
1721 1315 1942 1369 formam
1971 1355 1985 1379 ,
2012 1331 2107 1370 cur

526 1427 632 1466 non
662 1420 843 1483 aperte
871 1412 959 1466 Dei
988 1403 1176 1464 Filium
1208 1404 1315 1464 Deo
1347 1408 1616 1463 conﬁteris
1640 1407 1935 1478 wqttalem?
1964 1407 2106 1461 Prte-

525 1504 730 1568 sertim,
761 1503 882 1573 quia
911 1502 976 1556 de
1002 1501 1176 1556 verbis
1208 1499 1465 1570 Apostoli,
1492 1499 1577 1553 ubi
1606 1499 1698 1565 ait,
1727 1497 1848 1552 Non
1875 1500 2105 1568 rapinam

524 1595 794 1647 arbitratus
826 1603 898 1646 est
940 1608 1046 1646 esse
1073 1589 1281 1661 wqualis
1316 1588 1455 1655 Deo;
1484 1606 1586 1642 non
1630 1589 1843 1659 potuisti
1888 1605 1981 1657 pro
2004 1589 2105 1643 tuis

525 1684 767 1754 partibus
789 1684 1026 1738 invenire
1060 1680 1200 1751 quod
1231 1680 1454 1735 diceres.
1500 1680 1566 1734 Et
1609 1681 1732 1749 quia
1764 1679 1865 1735 hoc
1905 1672 2104 1735 dixisse

524 1777 838 1846 Apostolum
866 1792 969 1828 non
999 1773 1213 1843 potuisti
1242 1786 1450 1841 negare,
1478 1771 1603 1825 ideo
1632 1770 1831 1836 dixisti,
1857 1771 1992 1841 quod
2020 1772 2105 1825 ille

524 1883 625 1921 non
647 1867 838 1936 rapuit,
868 1882 955 1918 nec
985 1882 1075 1923 nos
1104 1864 1314 1917 dicimus
1338 1877 1356 1915 .'
1379 1872 1623 1931 tanquam
1666 1860 1767 1914 hoc
1797 1860 1864 1915 sit
1893 1878 1991 1913 non
2020 1878 2101 1913 ra-

527 1960 636 2031 puit
659 1999 673 2025 ,
704 1957 844 2028 quod
874 1968 1083 2012 estnon
1116 1956 1330 2021 habuit,
1361 1955 1412 2009 id
1443 1965 1545 2021 est,
1571 1954 1923 2021 aequalitatem
1956 1954 2050 2009 Dei
2084 1974 2099 2009 :

525 2062 683 2121 atque
711 2050 780 2103 ita
812 2049 1007 2103 dictum
1036 2049 1103 2101 sit
1124 2089 1138 2111 ,
1168 2046 1287 2101 Non
1314 2047 1545 2117 rapinam
1581 2045 1851 2100 arbitratus
1898 2056 1968 2100 est
1997 2062 2103 2100 esse

522 2141 731 2213 tequalis
752 2141 893 2207 Deo;
944 2156 1007 2194 ac
1035 2139 1079 2193 si
1106 2141 1391 2205 diceretur,
1422 2138 1538 2192 Non
1564 2138 1848 2193 arbitratus
1877 2148 1959 2193 est
1983 2153 2102 2194 esse

522 2233 830 2304 rapiendam
870 2231 1223 2303 a-qualitatem
1268 2231 1400 2297 Dei,
1431 2246 1495 2286 eo
1540 2230 1681 2301 quod
1723 2231 1792 2286 ab
1817 2230 1907 2285 illo
1945 2232 2103 2287 fuerit

522 2327 715 2382 aliena.
756 2327 952 2395 Raptor
991 2326 1131 2381 enim
1163 2326 1239 2380 rei
1283 2326 1471 2380 aliena:
1517 2334 1797 2395 usurpator
1836 2334 1953 2380 est:
1988 2336 2101 2381 tan-

522 2435 677 2490 qnam
709 2419 809 2474 hoc
835 2419 1020 2484 Filius,
1054 2433 1173 2472 cum
1206 2426 1403 2487 posset,
1438 2433 1624 2487 rapere
1647 2418 1919 2473 noluisset.
1948 2420 2096 2485 Quod

519 2511 670 2566 vides
696 2518 888 2581 quanta
920 2509 1215 2578 insipientia
1243 2508 1518 2562 sentiatur.
1547 2508 1684 2576 Ergo
1702 2508 1935 2578 intellige
1958 2510 2101 2578 Apo-

518 2600 713 2655 stolutn
736 2599 855 2655 ideo
883 2598 1081 2654 dixiSse
1109 2640 1123 2665 ,
1155 2597 1275 2651 Non
1317 2598 1551 2666 rapinam
1584 2598 1855 2651 arbitratus
1892 2607 1965 2652 est
1992 2614 2099 2652 esse

518 2692 727 2764 a'qualis
768 2690 908 2757 Deo;
937 2691 1057 2762 quia
1101 2706 1206 2745 non
1251 2689 1480 2744 alienum
1525 2689 1811 2744 arbitratus
1852 2697 1935 2744 est
1978 2704 2098 2746 esse

516 2784 656 2855 quod
680 2792 833 2838 natus
861 2793 943 2839 est
968 2802 980 2836 :
1014 2782 1106 2836 sed
1144 2790 1318 2837 tamen
1345 2781 1586 2852 quamvis
1624 2781 1975 2851 a‘qualitatem
1998 2780 2096 2837 Dei

519 2891 625 2929 non
659 2874 817 2929 fuerit
836 2874 1124 2928 arbitratus
1148 2872 1409 2939 alienam,
1437 2872 1532 2927 sed
1563 2887 1710 2926 suam
1732 2913 1746 2934 .
1776 2876 2096 2942 semetipsum

517 2965 793 3019 eainanivit
816 3004 833 3031 ,
864 2979 969 3019 non
998 2977 1239 3033 quaerens
1266 2977 1383 3032 quae
1416 2978 1509 3018 sua
1548 2974 1670 3017 sunt
1690 3004 1703 3027 ,
1736 2962 1828 3017 sed
1859 2978 1974 3033 qua:
2000 2979 2098 3018 no-

516 3066 626 3111 stra
652 3062 794 3111 sunt.
837 3053 987 3121 Quod
1018 3062 1073 3108 ut
1100 3053 1311 3108 noveris
1336 3052 1408 3107 ita
1436 3068 1555 3108 esse
1576 3076 1595 3116 ·,
1620 3052 1833 3108 attende
1860 3052 1999 3107 unde
2028 3054 2094 3109 ad

518 3147 619 3202 hoc
648 3147 933 3215 Apostolus
952 3144 1175 3200 venerit.
1204 3142 1336 3198 Cum
1370 3144 1511 3200 enim
1540 3141 1852 3199 Christianis
1879 3143 2093 3198 humili-

516 3247 679 3296 tatem
724 3239 1037 3308 prtcciperet
1073 3236 1345 3292 charitatis
1377 3254 1390 3291 :
1430 3234 1570 3290 Alter
1611 3236 1854 3301 alterum,
1903 3237 2091 3306 inquit,

515 3331 853 3386 existimantes
870 3330 1176 3400 superiorem
1205 3329 1318 3393 sibi,
1342 3344 1441 3380 non
1461 3343 1574 3398 qua:
1588 3344 1679 3380 sua
1698 3338 1810 3381 sunt
1824 3328 2091 3396 unusquis-

515 3439 611 3494 que
635 3422 962 3487 intendentes,
987 3422 1073 3475 sed
1100 3429 1144 3473 et
1168 3435 1280 3489 qua:
1302 3418 1520 3472 aliorum
1544 3419 1581 3471 ί.
1609 3419 1810 3473 Deinde
1838 3429 1895 3473 ttt
1914 3435 2094 3475 exem-

516 3514 607 3586 plo
635 3512 828 3569 Christi
854 3512 1153 3566 hortaretur
1182 3525 1287 3564 non
1311 3524 1403 3563 sua
1425 3524 1664 3577 quzerere
1686 3510 1765 3564 vel
1796 3510 2091 3578 intendere,

515 3605 611 3663 sed
640 3614 694 3661 et
723 3620 840 3676 qua:
864 3604 1085 3658 aliorum
1117 3608 1241 3656 sunt
1269 3618 1282 3653 :
1314 3595 1518 3671 Singuli
1549 3601 1749 3670 quique,
1781 3602 1967 3673 inquit,
2000 3603 2095 3657 hoc

514 3701 689 3755 sentite
706 3700 758 3752 in
787 3697 920 3752 vobis
934 3695 1069 3767 quod
1088 3705 1135 3749 et
1155 3694 1207 3748 in
1224 3692 1421 3748 Christo
1436 3691 1470 3746 J
1476 3711 1557 3748 esu
1583 3709 1600 3747 :
1615 3694 1699 3762 qui
1706 3710 1829 3771 gum
1850 3696 1901 3748 in
1930 3700 2096 3766 forma

517 3790 612 3843 Dei
633 3800 775 3854 esset,
807 3804 923 3859 quae
952 3787 1026 3841 illi
1050 3794 1163 3841 erat
1189 3799 1303 3851 Sua,
1328 3801 1427 3838 non
1450 3785 1684 3854 rapinam
1704 3784 1973 3839 arbitratus
1999 3794 2091 3851 est,

519 3883 619 3937 hoc
648 3890 749 3948 est,
781 3897 887 3934 non
907 3879 1135 3934 alienum
1165 3876 1451 3931 arbitratus
1474 3886 1573 3941 est,
1599 3893 1703 3930 esse
1721 3877 1930 3946 aqualis
1952 3874 2091 3942 Deo;

516 3972 611 4027 sed
638 3981 813 4025 tamen
842 3984 1087 4040 qumrens
1112 3979 1319 4035 nostra,
1348 3983 1454 4022 non
1484 3983 1574 4022 sua
1606 4009 1620 4032 ,
1661 3970 1975 4039 semetipsum
2002 3986 2092 4025 ea:-

515 4062 745 4124 inanivit,
768 4076 873 4115 non
890 4059 1110 4114 formam
1130 4057 1221 4113 Dei
1239 4058 1505 4121 amittens,
1520 4058 1611 4112 sed
1633 4058 1850 4127 [orntum
1865 4060 1993 4112 servi
2011 4076 2096 4112 ac-

516 4154 724 4225 cipiens.
747 4151 861 4207 Non
892 4152 1034 4207 enim
1073 4159 1153 4205 est
1179 4148 1446 4203 mutabilis
1476 4149 1564 4203 illa
1592 4156 1777 4203 natura
1810 4158 1867 4204 ut
1892 4164 1948 4204 se
1988 4166 2087 4205 ex-

517 4244 744 4300 inanirct
764 4241 1032 4313 pet-dcudo
1049 4240 1191 4311 quod
1220 4247 1353 4304 erat,
1376 4238 1467 4293 sed
1498 4239 1807 4309 accipiendo
1827 4240 1965 4309 quod
1986 4256 2093 4295 non

515 4347 629 4395 erat
657 4354 672 4392 :
705 4350 801 4392 nec
826 4332 1188 4390 consumendo
1216 4346 1333 4399 qua:
1356 4345 1451 4385 sua
1476 4338 1628 4396 sunt,
1655 4330 1749 4385 sed
1776 4332 2093 4387 assumendo

514 4443 635 4498 quae
661 4436 843 4482 nostra
870 4434 1025 4489 sunt;
1058 4437 1119 4477 ac
1144 4420 1335 4476 deinde
1354 4422 1403 4474 in
1434 4419 1599 4474 forma
1628 4421 1766 4474 servi
1797 4421 2092 4480 obediendo

515 4519 652 4573 sicut
677 4516 838 4571 homo
873 4531 1027 4586 usque
1056 4514 1122 4568 ad
1156 4522 1361 4566 mortem
1408 4512 1591 4567 erucis.
1641 4510 1860 4582 Propter
1883 4515 2016 4584 quod
2044 4527 2092 4570 et

518 4607 657 4663 Deus
681 4624 794 4662 eum
816 4607 1070 4670 exaltarit,
1096 4615 1141 4659 et
1170 4604 1371 4658 donavit
1401 4603 1444 4657 ci
1471 4621 1648 4657 nomen
1682 4606 1816 4675 quod
1844 4616 1915 4661 est
1941 4624 2091 4679 super

517 4714 662 4753 omne
678 4713 855 4751 nomen
880 4694 1132 4765 (Philipp.
1158 4710 1215 4758 ιι,
1242 4692 1357 4761 6-9)
1386 4710 1398 4746 :
1430 4704 1484 4748 et
1505 4703 1715 4748 etctera.
1738 4694 1945 4749 llomiui
1964 4714 2090 4768 ergo

518 4788 735 4843 donavit
762 4790 880 4851 ista,
900 4803 1001 4840 non
1033 4785 1159 4839 Deo.
1192 4785 1373 4855 Neque
1414 4786 1554 4839 enim
1577 4801 1694 4839 cum
1722 4786 1772 4839 in
1804 4786 1971 4841 forma
1997 4790 2089 4844 Dei

517 4889 660 4937 esset
685 4895 789 4933 non
832 4879 1073 4934 excelsus
1095 4886 1240 4940 erat,
1270 4886 1360 4931 aut
1395 4892 1498 4930 non
1526 4878 1573 4932 ei
1610 4894 1777 4948 genua
1806 4879 2090 4937 flectebant

514 4973 771 5038 ccelestia,
800 4980 1004 5027 terrena
1027 4979 1079 5025 et
1106 4970 1326 5025 inferna.
1359 4969 1464 5024 Sed
1491 4986 1608 5024 cum
1634 4970 1843 5037 dicitur,
1880 4972 2089 5043 Propter

513 5065 647 5135 quod
670 5081 780 5118 eum
807 5062 1076 5125 exultavit;
1107 5062 1235 5115 satis
1258 5071 1472 5130 apparet
1502 5072 1714 5131 propter
1740 5064 1863 5132 quid
1888 5066 2087 5119 exalta-

519 5156 674 5219 verit,
690 5154 739 5207 id
761 5162 862 5219 est,
884 5161 1097 5222 propter
1120 5151 1471 5206 obedientiam
1495 5168 1647 5222 usque
1663 5152 1730 5205 ad
1748 5164 1951 5207 mortem
1973 5173 2087 5208 cru-

513 5247 604 5297 cis.
647 5244 700 5297 ln
740 5257 843 5313 qua
889 5256 1016 5311 ergo
1058 5240 1225 5295 forma
1264 5241 1547 5295 crucifixus
1567 5251 1668 5310 est,
1704 5243 1813 5313 ipsa
1858 5247 2084 5299 exaltata

515 5342 615 5394 est,
649 5332 747 5400 ipsi
777 5331 1027 5385 dooatum
1058 5341 1139 5385 est
1167 5347 1345 5383 nomen
1371 5330 1505 5401 quod
1548 5341 1617 5384 est
1642 5349 1793 5401 super
1822 5352 1966 5387 omne
1996 5352 2085 5389 no-

516 5438 663 5484 men;
690 5431 747 5473 ut
783 5435 903 5474 cum
934 5420 1045 5490 ipsa
1072 5419 1238 5474 forma
1267 5422 1403 5475 servi
1446 5420 1749 5477 nominetur
1780 5423 1944 5480 Filius
1969 5428 2086 5481 ιιιιὶ-

512 5512 723 5584 gcnitus
744 5512 833 5565 Dei
859 5514 900 5565 ¹.
930 5511 1043 5566 Non
1066 5514 1240 5581 itaque
1260 5512 1419 5565 facias
1447 5512 1699 5582 imparem
1730 5514 1836 5569 Deo
1864 5516 2085 5573 formam

578 5646 594 5675 ί
632 5650 761 5699 t.ov.,
783 5642 868 5692 sed
892 5654 1077 5707 eaqure
1096 5642 1319 5707 aliorum.
1336 5652 1392 5693 At
1415 5651 1540 5701 Mss,
1562 5645 1647 5694 sed
1662 5652 1708 5695 et
1723 5660 1831 5707 qum
1843 5647 2086 5701 aliorum:

505 5707 643 5766 juxta
666 5716 895 5764 graecum,
919 5702 1015 5766 alla
1037 5702 1132 5753 Καὶ.

511 5764 595 5873 '1'
632 5768 710 5815 ttic
744 5766 857 5813 editi
890 5764 1099 5827 addunt,
1144 5764 1451 5829 intelligatur.
1489 5766 1636 5827 Male,
1664 5774 1714 5817 et
1737 5768 2087 5823 reluctantibus

553 5841 602 5873 ,δ

1143 385 1409 440 CONTRA
1451 383 1843 439 MAXIMINUM
1882 374 2284 436 ΑιιιΑΝοιιυιι
2324 376 2723 445 ΕΡΙΞΟΟΡΠΜ,
2765 379 2823 436 S.
2865 378 3229 439 AUGUSTINI

3689 379 3791 440 7‘8

2221 488 2351 543 Dei:
2382 490 2525 560 quod
2572 508 2668 547 nec
2706 493 2757 547 in
2800 493 2929 562 ipsis
2973 493 3276 550 hominibus
3298 494 3402 550 diei
3429 505 3621 564 potest.
3659 495 3794 552 Nam

2213 597 2331 635 cmn
2361 582 2559 637 dictum
2590 582 2748 638 fuerit
2769 626 2783 647 ,
2814 583 2917 640 Iste
2948 584 3108 640 homo
3135 585 3187 639 in
3210 585 3382 642 forma
3409 596 3491 642 est
3530 587 3669 643 illius
3696 588 3799 643 bo-

2214 675 2400 741 minis,
2428 690 2585 731 nemo
2625 676 2868 748 intelligit
2910 675 3012 732 nisi
3066 678 3359 748 aequales‘.
3386 679 3467 734 An
3511 678 3647 735 forte
3685 696 3796 736 non

2214 768 2294 821 vis
2332 768 2410 822 sic
2440 768 2683 838 accipere
2709 768 2850 838 quod
2893 768 3090 823 dictum
3121 776 3232 834 est,
3259 768 3386 824 Cum
3418 770 3471 823 in
3508 775 3673 842 forma
3699 771 3798 825 Dei

2212 870 2371 925 esset,
2399 870 2457 913 ut
2496 860 2547 913 in
2598 859 2766 914 forma
2817 859 2911 914 Dei
2955 860 3127 915 Patris
3158 859 3419 931 intelligas
3443 861 3666 928 Filium,
3700 862 3795 916 ubi

2212 950 2343 1005 nihil
2366 950 2511 1005 aliud
2534 967 2693 1021 quam
2720 951 2991 1022 aequalitas
3016 959 3236 1022 apparet
3255 952 3567 1019 amborum;
3597 952 3714 1019 sed,
3739 952 3798 1007 in

2210 1045 2374 1111 forma
2402 1040 2516 1107 Dei,
2548 1052 2706 1112 putas
2735 1044 3133 1113 intelligendum
3162 1043 3213 1098 in
3243 1044 3413 1099 forma
3439 1059 3555 1111 sua,
3586 1045 3711 1116 quia
3736 1056 3796 1101 et

2209 1132 2323 1202 ipse
2350 1133 2530 1202 utique
2555 1134 2697 1189 Deus
2725 1136 2851 1189 est?
2878 1133 2993 1188 Non
3028 1135 3253 1190 multum
3292 1150 3421 1191 curo
3449 1136 3493 1191 si
3524 1138 3684 1192 etiam
3715 1138 3798 1193 sic

2208 1226 2491 1296 intelligas.
2538 1226 2638 1284 Ubi
2680 1227 2821 1282 enim
2864 1227 3245 1297 plenitudinem
3292 1227 3475 1284 forma:
3514 1230 3795 1285 aztatisiu-

2207 1325 2476 1371 crementa
2523 1332 2627 1371 non
2664 1318 2861 1372 faciunt
2886 1360 2901 1384 ,
2938 1317 3030 1373 Sed
3078 1320 3196 1373 Deo
3229 1320 3477 1389 gignente
3526 1320 3795 1389 perfectus

2205 1417 2362 1461 natus
2387 1416 2470 1463 est
2498 1406 2698 1471 Filius;
2731 1408 2911 1478 procul
2954 1407 3115 1465 dubio
3156 1411 3199 1464 si
3248 1406 3416 1464 forma
3454 1409 3572 1464 Filii
3606 1410 3795 1466 forma:

2206 1496 2379 1552 Patris
2403 1514 2507 1552 non
2532 1506 2613 1552 est
2639 1498 2879 1569 :equalis,
2905 1512 3008 1553 non
3027 1515 3183 1554 verus
3208 1512 3289 1555 est
3318 1492 3501 1555 Filius.
3521 1501 3794 1570 Scriptum

2206 1599 2290 1644 est
2315 1597 2532 1644 autem:
2568 1587 2633 1643 Ut
2661 1590 2818 1644 simas
2857 1590 2910 1643 in
2949 1606 3063 1643 vero
3108 1588 3244 1643 Filio
3282 1591 3389 1661 ejus
3426 1589 3550 1645 Jesu
3589 1589 3795 1645 Christo

2206 1682 2247 1755 (Ι
2275 1682 2431 1736 Joan.
2458 1699 2488 1736 ν
2513 1723 2527 1748 ,
2551 1682 2663 1752 20).
2698 1683 2888 1736 Forma
2934 1682 3091 1751 igitur
3121 1682 3231 1736 veri
3267 1680 3421 1745 Filii,
3466 1683 3649 1736 formre
3695 1683 3791 1736 Dei

2204 1774 2376 1829 Patris
2417 1789 2537 1830 esse
2580 1790 2685 1828 non
2728 1780 2898 1843 potest
2942 1774 3235 1843 inthualis.
3271 1772 3498 1828 Proinde
3532 1788 3628 1828 nec
3666 1773 3794 1829 huic

2204 1864 2319 1919 loco
2349 1863 2737 1933 prosecutionis
2767 1878 2918 1927 mem,
2944 1862 3031 1917 ubi
3057 1863 3123 1917 de
3144 1861 3319 1917 verbis
3344 1863 3585 1932 Apostoli
3608 1878 3796 1934 mqua-

2203 1955 2305 2010 lem
2334 1956 2473 2009 Patri
2497 1953 2686 2009 Filium
2713 1955 3078 2024 comprobavi,
3110 1954 3437 2025 respondere
3466 1955 3663 2025 aliquid
3692 1968 3794 2026 pro

2202 2055 2376 2102 vestra
2402 2047 2697 2102 intentione
2729 2046 2968 2117 potuisti.

2272 2139 2495 2195 CAPUT
2523 2139 2611 2194 Vl.
2639 2171 2711 2180 —
2737 2139 2809 2194 De
2834 2140 2961 2194 veris
2989 2139 3108 2209 ﬁliis
3136 2139 3453 2194 animalium.
3480 2139 3641 2196 Sexto
3669 2138 3794 2196 loco

2202 2241 2259 2287 ut
2304 2233 2539 2303 ejusdem
2580 2242 2783 2288 natura:
2820 2233 2969 2303 cujus
3010 2242 3064 2287 et
3106 2233 3262 2288 Pater
3294 2242 3413 2299 est,
3452 2232 3797 2288 ostenderem

2202 2324 2420 2392 Filium,
2457 2326 2614 2379 etiam
2644 2325 2941 2379 mortalium
2973 2323 3110 2380 fetus
3137 2324 3441 2379 animalium
3474 2324 3795 2379 immanitati

2200 2421 2363 2474 vestri
2388 2420 2585 2474 erroris
2614 2418 2806 2489 objeci,
2833 2419 3110 2488 increpans
3134 2433 3226 2473 cor
3247 2427 3501 2484 vestrum,
3530 2418 3616 2486 qui
3640 2415 3795 2486 ejus-

2198 2512 2318 2564 dent
2360 2522 2563 2565 naturae
2603 2511 2756 2580 cujus
2783 2520 2865 2566 est
2916 2510 3103 2574 Pater,
3139 2509 3340 2580 negatis
3367 2523 3485 2564 esse
3510 2508 3673 2563 Deum
3704 2507 3800 2563 ιη..

2199 2601 2326 2660 lium
2350 2636 2366 2667 ,
2411 2602 2651 2671 quamvis
2685 2617 2867 2657 verum
2908 2616 3027 2656 esse
3055 2600 3243 2655 Filium
3271 2616 3375 2655 non
3406 2601 3637 2672 negetis;
3664 2615 3797 2656 cum

2197 2691 2338 2745 Deus
2380 2692 2493 2763 ipse
2528 2692 2735 2748 dederit
2762 2692 3077 2748 animalibus
3102 2693 3202 2747 hoc
3226 2704 3479 2763 generare
3504 2690 3645 2762 quod
3673 2692 3799 2761 ipsa

2195 2792 2319 2838 sunt
2352 2802 2364 2838 :
2396 2784 2483 2839 ubi
2508 2799 2613 2839 non
2638 2784 2810 2839 solum
2836 2784 3066 2839 hominis
3096 2783 3386 2851 hominem,
3414 2794 3596 2838 Verum
3623 2784 3795 2839 etiam

2195 2875 2343 2929 canis
2385 2889 2570 2931 canem
2608 2875 2773 2929 filium
2814 2875 3118 2940 nominavi;
3151 2889 3255 2929 non
3284 2874 3348 2928 ad
3385 2872 3794 2929 similitudinem

2196 2964 2321 3030 Dei,
2352 2965 2446 3020 sed
2470 2964 2536 3019 ad
2565 2965 2927 3023 confusionem
2949 2964 3337 3019 detrahentium
3363 2961 3497 3018 Filio
3526 2964 3617 3018 Dei
3651 2980 3665 3018 :
3696 2965 3795 3034 qui

2194 3072 2314 3112 cum
2338 3058 2548 3113 videant
2567 3054 2933 3128 cormptibiles
2954 3052 3311 3126 mortalesque
3333 3065 3566 3118 naturas,
3592 3055 3796 3113 habere

2198 3158 2373 3205 tamen
2417 3158 2617 3204 natura:
2642 3149 2709 3205 de
2736 3149 2845 3204 suis
2874 3148 3178 3219 parentibus
3206 3148 3461 3203 unitatem
3481 3189 3497 3213 ,
3528 3147 3662 3203 Filio
3697 3147 3793 3203 Dei

2194 3256 2320 3296 vero
2361 3242 2548 3295 nolunt
2588 3240 2885 3296 concedere
2924 3240 3350 3295 communionem
3394 3250 3594 3294 natura:
3629 3240 3793 3296 unius

2196 3332 2391 3388 habere
2418 3332 2484 3387 de
2505 3332 2693 3395 Patre;
2716 3347 2837 3387 cum
2869 3332 2936 3386 sit
2957 3330 3320 3401 inseparabilis
3345 3346 3373 3384 a
3404 3330 3557 3385 Patre
3576 3371 3592 3396 ,
3619 3339 3674 3385 et
3703 3331 3792 3385 in-

2194 3424 2551 3494 corruptibilis
2575 3433 2911 3494 arternusque
2931 3438 3049 3477 cum
3082 3423 3254 3478 Patre.
3288 3421 3439 3478 Unde
3464 3422 3622 3476 etiam
3644 3421 3788 3488 dixi,

2194 3516 2335 3586 quod
2381 3516 2572 3570 melior
2596 3515 2664 3569 sit
2706 3514 2994 3570 secundum
3023 3528 3116 3568 vos
3142 3514 3368 3567 humana
3393 3512 3623 3568 conditio
3649 3555 3665 3578 ,
3699 3514 3790 3569 ubi

2194 3605 2502 3662 conceditur
2534 3618 2800 3669 crescere,
2847 3614 2903 3659 ut
2942 3605 3007 3660 ad
3053 3605 3213 3660 robur
3251 3613 3523 3675 parentum
3553 3606 3632 3660 vel
3666 3621 3791 3661 cre-

2194 3698 2392 3753 scendo
2421 3697 2623 3767 possint
2646 3690 2736 3749 filii
2759 3696 3071 3765 pervenire:
3095 3695 3261 3749 Filius
3281 3703 3455 3749 autem
3485 3695 3578 3749 Dei
3602 3736 3617 3759 ,
3648 3694 3793 3750 sicut

2194 3787 2369 3843 dicitis
2406 3797 2461 3843 et
2496 3787 2731 3853 docetis,
2764 3786 2936 3841 minor
2969 3784 3125 3841 Patre
3153 3786 3361 3856 genitus
3388 3786 3463 3839 sic
3488 3786 3788 3851 remansit,

2193 3888 2351 3949 atque
2386 3887 2442 3932 ut
2468 3877 2531 3932 ad
2560 3877 2731 3931 Patris
2756 3878 2976 3930 formam
3008 3891 3111 3930 non
3144 3883 3322 3946 posset
3346 3875 3654 3946 pervenire,
3686 3891 3792 3931 nec

2195 3974 2379 4024 crevit.
2406 3968 2501 4023 Hie
2523 3978 2597 4035 tu,
2621 3976 2677 4021 ut
2700 3976 2977 4037 appareret
3002 3975 3157 4036 quam
3184 3980 3371 4037 magna
3394 3965 3626 4020 veritatis
3644 3966 3794 4022 mole

2196 4059 2551 4130 premereris,
2605 4058 2822 4112 omnino
2872 4056 2938 4111 ad
2988 4072 3099 4113 rem
3147 4072 3250 4111 non
3294 4056 3609 4126 respondisti
3644 4074 3657 4109 :
3690 4056 3794 4113 sed

2197 4159 2443 4221 tanquam
2474 4149 2733 4205 deficienti
2762 4147 2887 4202 ﬂatu
2918 4150 2938 4180 ’
2968 4148 3266 4213 anhelares,
3291 4147 3794 4217 reprehendendum

2194 4259 2281 4298 me
2312 4242 2525 4313 putasti,
2549 4241 2732 4295 dicens
2753 4239 2891 4310 quod
2915 4248 3019 4293 tam
3041 4238 3182 4295 fteda
3203 4239 3545 4309 comparatio,
3577 4238 3643 4291 de
3672 4237 3793 4293 filio

2193 4334 2394 4387 scilicet
2437 4331 2665 4385 hominis
2713 4330 2824 4384 sive
2862 4330 3005 4383 canis
3026 4371 3041 4396 ,
3072 4329 3122 4383 in
3152 4329 3291 4383 illam
3322 4338 3514 4383 tantam
3546 4328 3790 4383 immen-

2193 4426 2402 4479 sitatem
2446 4423 2662 4492 produci
2703 4436 2805 4475 non
2844 4421 3044 4476 debuit.
3077 4420 3189 4476 Hoc
3217 4420 3537 4491 reSpondere
3562 4428 3644 4475 est
3667 4461 3683 4486 ,
3715 4437 3793 4476 an

2194 4519 2367 4587 potius
2412 4517 2643 4586 inopiam
2693 4515 3053 4586 rcSponsionis
3103 4513 3432 4569 ostendere?
3476 4513 3638 4581 Quasi
3684 4528 3797 4584 ego

2191 4618 2473 4677 propterea
2505 4618 2828 4661 terrenarum
2858 4616 3162 4660 naturarum
3195 4606 3293 4659 ista
3314 4606 3551 4673 exempla
3585 4604 3796 4672 produ-

2191 4700 2358 4754 aet-im
2380 4741 2394 4764 ,
2434 4708 2493 4753 ut
2531 4698 2907 4766 incorruptioni
2935 4696 3325 4766 corruptionem
3351 4737 3365 4760 ,
3397 4695 3797 4752 immortalitati

2190 4791 2561 4847 mortalitatem
2589 4831 2604 4855 ,
2652 4789 3001 4845 invisibilibus
3041 4788 3262 4842 visibilia
3286 4830 3299 4852 ,
3334 4786 3548 4841 aeternis
3580 4795 3800 4855 tempo-

2190 4886 2319 4940 ralia
2356 4899 2685 4953 comquarem
2721 4900 2733 4936 :
2776 4897 2837 4937 ac
2864 4898 2966 4936 non
3002 4882 3174 4951 potius
3205 4890 3263 4935 ut
3289 4895 3381 4934 vos
3410 4880 3462 4933 in
3494 4881 3702 4949 magnis
3734 4891 3801 4935 et

2189 4978 2411 5031 sunnnis
2450 4975 2608 5029 rebus
2642 4983 2879 5030 errantes
2902 5015 2915 5037 ,
2945 4973 3011 5027 de
3038 4973 3194 5027 rebus
3224 4971 3451 5042 parvulis
3482 4970 3800 5039 infimisque

2189 5071 2593 5135 convincerem,
2645 5067 2732 5138 qui
2777 5083 2880 5121 non
2926 5066 3114 5120 videtis
3157 5065 3349 5119 bonum
3392 5062 3533 5133 quod
3560 5061 3801 5119 Creator

2188 5178 2393 5216 summe
2423 5161 2592 5215 bonus
2620 5158 2767 5213 dedit
2788 5158 2946 5212 etiam
2976 5155 3226 5210 extremis
3250 5154 3545 5221 vilibusque
3570 5162 3801 5206 creatu-

2189 5255 2260 5307 ris
2281 5295 2295 5319 ,
2326 5262 2380 5305 ut
2404 5268 2523 5307 cum
2546 5253 2697 5320 longe
2722 5247 2864 5302 aliud
2886 5249 2991 5300 sint
3020 5260 3176 5316 quam
3199 5253 3279 5299 est
3301 5245 3411 5313 ipse
3430 5284 3443 5307 ,
3474 5244 3575 5298 hoc
3604 5252 3800 5297 tamen

2186 5352 2440 5413 generem
2466 5340 2603 5410 quod
2634 5348 2754 5393 sunt
2782 5339 2927 5407 ipsm.
2956 5336 3063 5391 Nec
3092 5335 3360 5389 attenditis
3389 5333 3513 5403 quid
3545 5332 3669 5387 mali
3709 5332 3805 5387 di-

2188 5434 2319 5489 catis
2338 5473 2353 5497 ,
2404 5441 2459 5486 ut
2484 5446 2604 5485 cum
2633 5430 2871 5483 homines
2898 5437 2953 5482 et
2975 5442 3153 5491 canes,
3182 5436 3234 5481 et
3260 5436 3449 5481 caetera
3474 5425 3803 5494 bujusmodi

2190 5524 2419 5579 habeant
2448 5522 2583 5576 filios
2608 5534 2762 5575 veros
2783 5562 2795 5581 ,
2829 5534 2963 5588 quos
2992 5519 3091 5573 illis
3120 5516 3452 5588 gignentibus
3472 5525 3618 5571 creat
3639 5517 3768 5570 veri

2190 5628 2301 5681 tas,
2334 5630 2436 5669 non
2466 5614 2533 5668 sit
2558 5625 2712 5666 verus
2744 5610 2833 5663 Dei
2867 5607 3029 5663 Filius
3059 5609 3171 5678 ipsa
3202 5608 3412 5663 veritas.
3443 5608 3547 5661 Aut
3574 5606 3617 5660 si
3647 5620 3802 5661 san-

2252 5774 2267 5803 ί
2307 5779 2403 5818 Am.
2421 5775 2493 5815 Er.
2523 5775 2573 5815 et
2593 5773 2717 5819 \tss..
2743 5762 2837 5825 nisi
2859 5763 3073 5825 (aqualis.

2249 5835 2269 5863 ²
2303 5840 2426 5891 Mss,
2452 5826 2716 5890 deﬁcientis
2740 5823 2893 5873 flatus.
