4084 6482
260 439 370 497 ’149

257 559 345 605 ets
388 547 660 619 Scriptura
699 553 920 616 cogente
957 545 1258 616 permittitis
1286 553 1344 600 ut
1367 557 1524 600 verus
1545 543 1711 598 Filius
1738 541 1844 607 sit,

259 643 512 710 rogamus
559 637 849 708 permittite
886 646 944 692 ut
983 636 1216 706 degener
1258 652 1362 691 non
1400 635 1491 690 sit.
1528 636 1594 690 Et
1619 633 1850 703 degener

260 727 576 801 quomodo?
607 727 836 782 Audiaut
862 726 1141 792 catholici,
1174 726 1314 781 unde
1339 724 1654 781 erubescant
1681 722 1852 801 haeret-

261 799 370 876 tici.
400 821 570 888 Filius
595 818 693 874 viri
721 817 872 873 fortis
900 818 944 872 si
974 833 1076 872 non
1107 818 1294 872 habeat
1319 815 1680 872 fortitudinem
1705 853 1721 880 ,
1749 799 1848 867 de-

259 925 426 981 gener
463 910 656 965 dicitur
701 928 716 963 :
759 917 931 962 tamen
973 906 1134 961 homo
1161 915 1274 974 est,
1305 906 1444 978 quod
1471 913 1525 961 et
1551 912 1701 976 pater
1724 911 1845 969 est;

259 1011 417 1071 atque
448 1002 501 1056 in
523 987 769 1056 dissimili
792 1001 898 1055 vita
919 1040 935 1066 ,
963 1011 1068 1052 non
1091 1009 1175 1056 est
1201 1011 1377 1054 tamen
1401 998 1571 1051 aliena
1597 995 1846 1050 substan.

258 1094 351 1149 tia.
379 1093 490 1149 Vos
519 1094 843 1165 unigenitum
871 1095 964 1150 D‘ei
989 1097 1182 1151 Filium
1208 1095 1279 1148 ita
1307 1093 1622 1162 degenerem
1651 1088 1841 1158 vultis,

261 1183 316 1238 'ut
353 1183 524 1254 ipsam
566 1183 738 1240 Patris
781 1186 828 1240 ei
866 1185 1212 1242 substantiam
1242 1182 1513 1252 dene’getis
1545 1197 1560 1234 :
1587 1180 1847 1235 minorem

260 1283 470 1341 uatum,
499 1276 756 1333 minorem
782 1279 1101 1334 remansisse
1117 1277 1363 1348 jactatis;
1391 1289 1494 1328 non
1522 1271 1685 1326 ullam
1710 1272 1847 1328 datis

260 1374 476 1421 artatem
516 1381 617 1436 qua
645 1367 810 1436 possit
833 1369 1044 1438 augeri,
1067 1383 1172 1423 non
1197 1367 1335 1422 datis
1354 1367 1596 1423 eamdem
1618 1365 1844 1420 formam

259 1468 360 1526 qua
403 1457 574 1526 possit
613 1457 830 1526 aequari.
870 1457 1034 1527 Cujus
1074 1467 1276 1513 natura:
1316 1465 1460 1512 tanta
1501 1455 1841 1522 subtrahitis,

259 1550 426 1604 miror
454 1564 636 1604 verum
676 1547 866 1604 Filium
895 1550 995 1620 qua
1025 1545 1198 1605 fronte
1227 1549 1414 1605 dicatis
1443 1565 1458 1603 :
1488 1549 1586 1603 nisi
1614 1546 1736 1618 quia
1758 1548 1845 1602 in-

259 1639 565 1694 felicissimo
586 1641 765 1694 errore
785 1654 887 1694 non
910 1654 1004 1693 vos
1021 1640 1215 1710 putatis
1251 1639 1318 1694 ad
1349 1638 1503 1693 unius
1533 1637 1704 1693 Patris
1732 1643 1848 1706 glo-

259 1730 412 1794 riam,
444 1728 545 1783 nisi
569 1745 660 1798 per
697 1729 836 1784 unici
874 1729 992 1784 Filii
1029 1730 1400 1784 contumeliam
1442 1728 1716 1798 pervenire
1746 1726 1842 1797 (a).

326 1819 556 1875 CAPUT
582 1819 693 1875 νη.
723 1849 794 1861 -—-
819 1820 896 1876 De
924 1820 1267 1890 magnitudine
1289 1818 1433 1873 Filii.
1462 1819 1700 1888 Septimo
1725 1817 1844 1872 loco

260 1908 368 1965 dixi
415 1928 430 1964 :
483 1908 652 1980 Usque
687 1911 812 1966 adeo
852 1920 1019 1964 autem
1055 1910 1248 1964 Filium
1270 1910 1584 1982 agnoscimus
1609 1917 1846 1979 magnum

261 2001 426 2058 Deum
448 2044 465 2071 ,
502 2011 558 2056 ut
585 2000 733 2056 Patri
770 2003 998 2058 dicamus
1023 2002 1287 2074 aqualem.
1316 2000 1497 2071 Itaque
1522 2001 1629 2055 sine
1654 2013 1808 2054 causa
1822 2039 1841 2065 ,

261 2095 509 2165 inquam,
545 2095 684 2149 nobis
723 2095 858 2166 quod
894 2092 1039 2149 ualde
1079 2095 1403 2165 proﬁtemur,
1445 2091 1770 2157 testimoniis,
1797 2103 1845 2145 et

262 2172 576 2255 inultiloquio
615 2185 825 2256 probare
857 2185 1075 2240 voluisti.
1107 2186 1171 2240 Et
1198 2184 1282 2239 bis
1309 2183 1484 2238 verbis
1508 2183 1640 2238 meis
1665 2181 1845 2236 addidi

263 2277 672 2347 disputationem
697 2316 712 2340 ,
743 2275 796 2330 in
827 2291 929 2348 qua
957 2275 1215 2330 rationem
1241 2273 1463 2337 reddidi,
1489 2287 1654 2344 quare
1679 2271 1845 2326 Filius

263 2381 381 2421 cum
411 2367 483 2421 sit
506 2367 646 2421 Patri
667 2367 884 2438 mqualis
903 2407 919 2432 ,
942 2365 1082 2421 dicat
1105 2380 1227 2420 eum
1257 2374 1430 2419 tamen
1463 2364 1625 2417 Deum
1655 2377 1806 2416 suum
1825 2401 1841 2428 ,

264 2454 352 2510 ubi
391 2456 468 2511 ait
509 2473 523 2510 :
563 2456 789 2511 Ascendo
820 2457 888 2510 ad
925 2455 1132 2510 Patrem
1172 2470 1335 2508 meum
1361 2463 1406 2507 et
1434 2451 1502 2506 ad
1529 2452 1734 2506 Patrem
1760 2467 1842 2505 tte-

265 2554 420 2600 strum
445 2586 462 2613 ,
497 2545 662 2599 Deum
699 2562 862 2600 meum
895 2555 941 2600 et
968 2544 1128 2600 Deum
1152 2553 1366 2598 vestrum
1395 2540 1570 2616 (Joan.
1598 2557 1665 2596 xx
1684 2583 1700 2607 ,
1730 2540 1839 2612 Π).

266 2629 525 2702 Quoniam
555 2641 610 2690 tu
637 2644 1147 2691 commemdraveras
1176 2633 1278 2687 hoc
1306 2632 1663 2702 evangelicum
1693 2633 1844 2686 testi-

266 2727 503 2782 monium
524 2769 540 2794 ,
567 2743 673 2797 quo
699 2735 750 2782 te
773 2727 996 2796 probare
1018 2725 1327 2780 existimasti
1355 2722 1493 2794 quod
1520 2723 1662 2777 Patri
1683 2721 1845 2779 Filius

264 2833 368 2872 non
387 2827 534 2873 esset
561 2818 797 2888 aequalis.
827 2818 936 2888 Ego
958 2817 1132 2886 itaque
1159 2814 1248 2870 tibi
1271 2815 1335 2869 ad
1363 2815 1460 2868 ista
1485 2812 1842 2882 respondens,

264 2907 370 2963 disi
391 2909 603 2963 Patrem
624 2918 900 2978 propterea
924 2908 1080 2961 etiam
1105 2906 1271 2961 Deum
1289 2919 1407 2960 esse
1432 2903 1682 2974 uuigeniti
1705 2902 1841 2971 Filii,

263 2999 512 3071 quoniam
553 2997 724 3054 factus
751 3007 834 3055 ‘est
859 2999 1018 3053 homo
1043 3005 1096 3052 et
1123 3007 1276 3051 natus
1303 3012 1366 3050 ex
1393 2994 1588 3050 femina
1617 3011 1632 3045 ς
1665 3003 1717 3049 et
1746 2993 1846 3048 hoc

264 3106 383 3147 esse
423 3091 566 3162 quod
603 3091 728 3146 dicit
767 3091 818 3146 in
855 3089 1104 3156 Psalmo,
1136 3088 1222 3144 ubi
1252 3087 1391 3157 quod
1419 3085 1650 3140 futurum
1676 3083 1846 3139 fuerat

262 3182 667 3253 praenuntiavit,
707 3180 785 3234 De
824 3189 990 3234 uentre
1031 3179 1204 3232 matris
1240 3193 1362 3232 meae
1385 3175 1522 3231 Deus
1551 3192 1688 3230 meus
1713 3191 1764 3229 es
1792 3183 1846 3228 tu

264 3273 437 3343 (Psal.
464 3289 577 3338 xxx,
602 3272 689 3343 ll)
716 3288 730 3338 ;
756 3280 814 3327 ut
838 3269 1140 3327 ostenderet
1160 3271 1371 3325 Patrem
1393 3267 1518 3322 hinc
1539 3282 1656 3323 esse
1679 3267 1843 3321 Deum

262 3379 418 3420 suum
442 3404 458 3430 ,
503 3363 624 3434 quia
664 3362 824 3417 homo
856 3360 1026 3416 factus
1062 3369 1165 3416 est.
1200 3359 1370 3415 llomo
1395 3360 1536 3414 enim
1565 3357 1632 3414 de
1659 3365 1847 3414 ventre

263 3457 450 3510 matris
492 3462 574 3510 est
611 3462 798 3521 natus,
842 3461 897 3508 et
933 3450 1223 3507 secundum
1262 3451 1529 3504 hominem
1555 3449 1622 3504 de
1646 3447 1848 3519 virgine

264 3555 421 3602 natus
447 3555 529 3602 est
550 3546 689 3601 Deus
721 3562 735 3599 :
763 3552 820 3600 ut
844 3558 950 3599 non
979 3542 1151 3598 solum
1180 3541 1336 3597 Pater
1357 3541 1432 3596 illi
1457 3541 1702 3611 essetqui
1724 3555 1847 3596 eum

267 3639 330 3694 de
355 3654 414 3694 se
444 3637 560 3709 ipso
583 3636 761 3708 genuit
787 3676 804 3704 ,
824 3650 1008 3691 verum
1032 3633 1191 3690 etiam
1221 3633 1362 3688 Deus
1386 3631 1502 3702 ejus
1525 3639 1666 3686 esset
1688 3645 1846 3700 quem

267 3729 332 3785 de
372 3739 558 3784 ventre
595 3728 777 3785 matris
819 3724 1086 3781 hominem
1125 3722 1343 3778 creavit.
1382 3721 1466 3776 Ad
1502 3721 1614 3775 haec
1641 3721 1697 3774 tu
1726 3735 1846 3774 cum

267 3819 590 3891 respondere
613 3819 869 3874 voluisses
887 3857 902 3882 ,
930 3817 1093 3871 multa
1118 3810 1323 3879 dixisti,
1352 3820 1404 3867 et
1424 3811 1583 3866 multa
1605 3811 1846 3866 testimo-

270 3913 352 3968 nia
394 3928 516 3984 qua:
556 3920 611 3968 te
644 3911 770 3966 nihil
813 3909 1105 3979 adjuvant,
1144 3904 1430 3976 protulisti.
1457 3902 1734 3969 Quomodo
1766 3910 1848 3955 ta-

269 4017 387 4057 men
415 4001 613 4057 dictum
638 4001 744 4068 sit,
769 3999 846 4054 De
865 4007 1029 4053 ventre
1047 3997 1221 4052 matris
1240 4010 1365 4049 mea:
1385 3993 1520 4048 Deus
1537 4007 1676 4046 meus
1700 4007 1753 4045 es
1772 3998 1848 4056 tu;

269 4093 507 4165 quamvis
527 4091 712 4147 eadem
739 4090 1026 4161 Scriptura:
1053 4094 1249 4143 sancta:
1274 4085 1433 4141 verba
1461 4085 1811 4138 memerasses
1829 4122 1846 4148 ,

161 4207 170 4215 ~
268 4182 412 4240 nullo
456 4183 616 4239 modo
656 4182 898 4237 invenire
933 4178 1169 4251 potuisti.
1213 4177 1321 4233 Cur
1359 4183 1534 4231 autem
1560 4175 1613 4229 in
1642 4189 1708 4230 eo
1733 4174 1850 4229 loco

270 4275 510 4344 posueris
551 4272 736 4344 psalmi
774 4272 990 4328 alterius
1032 4269 1426 4333 testimonium,
1464 4265 1553 4321 ubi
1595 4264 1849 4334 scriptum

269 4377 346 4422 est
372 4408 388 4433 ,
436 4365 618 4422 Tecum
646 4365 946 4436 principium
973 4363 1024 4416 in
1056 4362 1138 4415 die
1159 4360 1352 4415 virtutis
1379 4367 1505 4424 tuae,
1535 4357 1588 4411 in
1615 4356 1851 4427 splendo-

269 4459 405 4511 ribus
429 4466 715 4526 sanctorum
732 4497 748 4523 ,
775 4471 836 4509 ex
856 4463 996 4507 utero
1023 4461 1138 4505 ante
1158 4451 1422 4520 luciferum
1445 4447 1593 4519 genui
1613 4455 1660 4500 te
1680 4441 1856 4516 (Psalt

270 4563 382 4615 cxx,
425 4547 519 4617 5);
560 4546 778 4600 omnino
812 4559 918 4611 non
962 4541 1136 4597 video.
1174 4540 1288 4594 Non
1314 4539 1454 4594 enim
1485 4536 1600 4592 Filii
1628 4549 1852 4606 persona

268 4647 349 4695 est
375 4639 600 4694 dicentis
619 4680 632 4704 ,
668 4637 744 4690 Es
773 4645 922 4691 utero
950 4640 1040 4690 tuo
1060 4675 1076 4701 ,
1105 4639 1231 4698 aut,
1257 4631 1330 4685 De
1358 4638 1541 4685 ventre
1563 4637 1652 4683 tuo
1669 4667 1686 4693 ,
1713 4627 1852 4681 Deus

267 4747 418 4787 meus
438 4745 498 4785 es
525 4737 598 4784 tu.
627 4728 718 4782 llla
748 4725 1026 4782 inelTabilis
1054 4722 1327 4795 generatio
1353 4721 1510 4776 etiam
1537 4719 1581 4774 si
1610 4733 1674 4774 ex
1700 4726 1853 4772 utero

269 4817 441 4877 Patris
478 4819 768 4888 accipitur,
822 4817 925 4871 hoc
973 4813 1322 4885 significatum
1368 4817 1487 4876 est,
1527 4808 1649 4878 quia
1685 4808 1752 4864 de
1795 4822 1853 4863 se

269 4914 418 4984 ipso,
456 4912 559 4967 hoc
592 4919 674 4966 est
695 4951 710 4977 ,
746 4907 813 4964 de
842 4901 1133 4962 substantia
1161 4912 1254 4958 sua
1285 4904 1424 4958 Deus
1447 4901 1613 4956 Deum
1637 4899 1850 4970 genuit,

271 5005 405 5061 sicut
432 5015 501 5059 ex
528 5010 682 5058 utero
706 4998 890 5054 matris
917 4995 1127 5068 quando
1157 5003 1312 5049 natus
1337 5002 1419 5049 est
1441 5034 1456 5060 ,
1487 4991 1648 5048 homo
1677 4989 1850 5046 homi-

272 5111 389 5151 nem
411 5094 631 5166 genuit:
660 5099 720 5146 ut
747 5089 1161 5159 intelligeremus
1187 5085 1240 5139 in
1268 5093 1489 5152 utraque
1512 5081 1854 5153 generatione

272 5203 375 5241 non
413 5187 650 5241 diversas
687 5184 802 5254 ejus
830 5182 919 5253 qui
956 5189 1038 5236 est
1062 5189 1248 5244 natus,
1277 5187 1332 5232 et
1358 5190 1540 5231 eorum
1570 5173 1638 5229 de
1663 5172 1854 5243 quibus

274 5287 353 5332 est
382 5285 556 5337 natus,
580 5289 700 5330 esse
728 5271 1068 5329 substantias.
1091 5269 1305 5323 Diversa
1331 5265 1540 5334 quidem
1563 5263 1852 5318 substantia

275 5377 382 5432 est,
415 5368 554 5422 Deus
580 5367 736 5420 Pater
757 5405 771 5427 ,
801 5373 856 5418 et
881 5362 1040 5417 homo
1070 5367 1236 5414 mater
1261 5375 1273 5411 :
1306 5372 1411 5437 non
1443 5363 1616 5409 tamen
1647 5353 1852 5408 diversa

275 5457 564 5514 substantia
588 5463 669 5511 est
688 5496 703 5522 ,
736 5455 872 5508 Deus
900 5453 1084 5516 Pater,
1113 5459 1166 5503 et
1193 5448 1331 5503 Deus
1357 5441 1518 5501 Filius
1549 5462 1563 5507 ;
1593 5444 1728 5499 sicut
1749 5457 1854 5498 non

275 5553 355 5602 est
394 5548 601 5603 diversa
643 5543 934 5601 substantia
955 5585 969 5608 ,
1007 5541 1166 5595 homo
1196 5549 1394 5604 mater,
1424 5544 1478 5591 et
1509 5537 1665 5590 homo
1696 5534 1850 5590 filius.

275 5637 378 5693 Sed
420 5636 543 5692 audi
575 5635 698 5705 quid
729 5635 869 5689 dicat
896 5634 947 5686 in
977 5631 1247 5700 prophetia
1275 5629 1374 5682 iste
1401 5626 1564 5681 Filius
1594 5643 1606 5677 :
1641 5623 1715 5678 De
1739 5640 1856 5677 ven-

279 5737 352 5782 tre
371 5769 387 5794 ,
424 5729 628 5798 inquit,
671 5725 842 5780 matris
879 5738 1002 5776 mea:
1044 5721 1174 5774 Deus
1197 5735 1333 5773 meus
1357 5735 1406 5772 es
1433 5728 1506 5773 tu.
1535 5715 1649 5771 Noli
1677 5715 1855 5770 multis

311 5840 383 5906 (α)
405 5840 521 5891 vide
543 5852 691 5893 scrin.
721 5838 823 5902 159,
842 5849 925 5886 nn.
950 5835 980 5884 4
999 5840 1049 5885 et
1071 5835 1119 5895 5,
1145 5840 1259 5882 tom.
1284 5833 1316 5878 5

1635 429 1840 487 LIBER
1879 430 2149 488 PRIMUS.

3426 425 3531 498 750

1953 543 2129 608 verbis
2161 543 2228 599 ad
2257 561 2368 602 rem
2399 560 2505 602 non
2529 549 2844 606 necessariis
2870 553 3050 609 conari
3075 551 3286 624 operire
3306 570 3397 613 res
3416 558 3531 616 cla-

1952 648 2058 690 ras.
2099 635 2198 704 Qui
2235 650 2316 694 est
2343 638 2500 696 Pater
2525 642 2660 698 Filio
2686 649 2751 699 ex
2776 643 2930 700 utero
2957 659 3086 714 suo,
3117 647 3183 704 de
3210 658 3396 707 ventre
3418 669 3532 707 ma-

1954 727 2050 782 tris
2089 729 2228 784 Deus
2264 729 2380 800 ejus
2407 731 2521 796 est,
2553 749 2658 789 non
2683 735 2750 791 de
2774 750 2891 792 suo.
2921 738 3001 793 Ad
3033 738 3135 795 hoc
3157 756 3286 813 ergo
3313 758 3530 814 prorsus

1952 817 2083 870 nihil
2108 819 2429 887 respondere
2449 824 2683 891 potuisti.

2020 907 2246 964 CAPUT
2274 909 2403 965 Vlll.
2431 942 2501 952 -—-
2523 913 2599 968 De
2615 915 2915 985 subjectione
2934 917 3060 972 Filii
3101 921 3302 979 Octavo
3323 923 3442 980 loco
3461 926 3530 982 de

1951 997 2278 1068 subjectioue
2316 1017 2420 1073 qua
2461 1003 2729 1074 subjectus
2765 1017 2846 1062 est
2880 1008 3020 1064 Patri
3046 1010 3210 1068 Filius
3231 1053 3248 1079 ,
3277 1020 3526 1087 respondi

1953 1089 2044 1144 tibi
2075 1107 2093 1176 :_
2137 1094 2381 1160 quoniam
2424 1095 2670 1162 dixeras,
2707 1096 2783 1151 De
2805 1113 2898 1151 sua
2925 1100 3226 1170 subjectione
3248 1121 3402 1161 unum
3422 1119 3528 1164 sta-

1952 1179 2045 1232 tuit
2071 1177 2251 1234 Deum.
2284 1182 2549 1253 Respondi
2575 1197 2700 1253 ergo
2729 1185 2885 1241 etiam
2914 1187 3013 1244 hoc
3036 1193 3324 1249 secundum
3351 1196 3527 1253 homi-

1950 1284 2072 1324 nem
2099 1280 2242 1328 recte
2267 1274 2432 1344 accipi
2456 1315 2471 1338 ,
2502 1275 2641 1344 quod
2669 1275 2831 1331 Filius
2857 1277 3097 1338 subditus
3123 1295 3204 1339 est
3229 1277 3392 1342 Patri.
3419 1289 3526 1345 Ne-

1949 1375 2054 1430 que
2091 1361 2193 1417 hoc
2230 1378 2351 1419 esse
2376 1365 2672 1420 mirandum
2695 1407 2710 1430 ,
2751 1381 2874 1422 eum
2901 1369 3103 1440 legatur
3127 1375 3311 1445 utique
3337 1392 3528 1436 secun-

1949 1451 2074 1506 dum
2116 1454 2283 1524 ipsam
2321 1457 2461 1510 servi
2497 1456 2719 1512 formam
2759 1458 2918 1513 etiam
2959 1467 3261 1532 parentibus
3283 1471 3526 1529 Subditus

1949 1543 2097 1615 (Luc.
2142 1562 2177 1602 ιι
2203 1589 2218 1614 ,
2263 1548 2353 1617 5|)
2385 1567 2399 1602 :
2431 1559 2485 1605 et
2513 1555 2579 1606 de
2606 1545 2696 1609 illo
2720 1555 2789 1610 sit
2812 1557 3087 1627 scriptum,
3115 1555 3384 1620 Minorasti
3413 1576 3527 1622 eum

1949 1637 2102 1705 paulo
2141 1638 2303 1692 minus
2338 1640 2401 1694 ab
2437 1642 2643 1719 Angelis
2680 1644 2852 1715 (Psal.
2893 1663 3014 1714 vni,
3053 1648 3130 1720 6).
3173 1653 3254 1708 Ad
3291 1656 3431 1725 quod
3469 1667 3526 1714 tu

1947 1729 2096 1798 quasi
2126 1733 2451 1816 respondens
2473 1734 2650 1790 dixisti
2678 1751 2764 1792 me
2787 1738 2984 1808 optime
3010 1752 3365 1811 prosecutum,
3395 1763 3529 1816 quo-

1947 1818 2088 1873 niam
2121 1828 2184 1906 ‘et
2211 1822 2514 1890 parentibus
2541 1836 2754 1896 propter
2775 1826 2996 1884 formam
3021 1832 3159 1886 Servi
3185 1835 3328 1889 esset
3351 1835 3526 1906 subje-

1946 1906 2083 1962 ctits.
2116 1899 2316 1966 Deinde
2336 1912 2520 1968 valens
2541 1910 2688 1970 velut
2708 1931 2803 1987 pro
2828 1926 2879 1974 te
2902 1928 3023 1976 esse
3043 1923 3328 1980 distendere
3345 1968 3360 1990 ,
3383 1899 3526 1996 quod

1945 2006 2129 2053 contra
2176 2009 2229 2056 te
2270 2016 2388 2057 esse
2422 2006 2710 2073 cernebas;
2751 2022 2816 2063 ac
2851 2010 2933 2066 sic
2971 2011 3192 2068 incautis
3245 2016 3528 2088 minusque

1945 2089 2160 2144 attentis
2205 2089 2542 2161 hominibus,
2591 2097 2908 2168 quicumque
2943 2110 3123 2158 essent
3162 2103 3261 2158 ista
3295 2106 3523 2177 lecturi,

1946 2185 2193 2249 tanquam
2239 2185 2644 2254 respondentem
2690 2196 2742 2244 te
2783 2189 2990 2259 facere,
3036 2193 3122 2249 ubi
3150 2196 3290 2266 quod
3320 2198 3526 2258 diceres

1947 2285 2051 2324 non
2090 2270 2359 2338 habebas;
2399 2275 2640 2346 adjungis
2674 2287 2731 2334 et
2762 2279 2893 2335 dicis
2935 2299 2949 2336 :
2990 2266 3050 2337 Si
3075 2285 3208 2338 enin
3239 2290 3526 2356 parentibus

1945 2360 2196 2430 subjectus
2237 2365 2482 2420 invenitur
2519 2383 2642 2436 quos
2685 2369 2794 2439 ipse
2825 2371 3038 2436 creavit,
3075 2378 3194 2443 quia
3232 2379 3401 2431 omnia
3436 2396 3527 2450 per

1945 2451 2110 2521 ipsum
2135 2456 2270 2523 facta
2294 2464 2410 2508 sunt
2433 2471 2452 2509 :
2469 2471 2560 2510 nec
2583 2458 2713 2511 enim
2738 2469 2850 2530 post
2877 2470 3132 2531 tempora;
3159 2465 3247 2519 sed
3265 2476 3379 2522 ante
3397 2479 3526 2523 tema-
3593 2452 3612 2470 ⁸

1947 2555 2072 2629 pora
2109 2543 2330 2598 novimus
2356 2543 2546 2629 Filium
2567 2548 2786 2617 genitum
2811 2566 2843 2603 a
2869 2545 3026 2606 Patre
3049 2568 3068 2606 :
3091 2554 3136 2607 si
3158 2571 3275 2626 ergo
3303 2560 3528 2626 parenti-

1946 2628 2036 2684 bus
2058 2671 2073 2694 ,
2105 2631 2278 2703 inquis
2299 2675 2314 2701 ,
2341 2628 2567 2692 subditus
2583 2649 2725 2705 erat,
2759 2649 2814 2694 ut
2839 2633 3120 2698 divinatum
3145 2646 3526 2718 Scripturarum

1946 2723 2214 2778 auctoritas
2235 2725 2344 2779 luce
2359 2725 2546 2781 clarius
2564 2729 2804 2797 prtedicat
2825 2746 2845 2785 .'
2862 2735 3047 2802 quanto
3071 2737 3230 2805 magis
3258 2738 3427 2808 utique
3449 2740 3528 2794 illi

1945 2830 2036 2869 suo
2067 2817 2280 2885 genitori
2319 2827 2390 2871 est
2421 2818 2649 2873 subditus
2666 2862 2682 2888 ,
2713 2822 2799 2890 qui
2833 2832 3024 2878 tantum
3048 2841 3110 2879 ac
3133 2828 3283 2880 talem
3306 2845 3417 2882 eum
3441 2846 3527 2899 ge-

1947 2907 2096 2971 nuit;
2135 2908 2408 2962 secundum
2442 2910 2576 2979 quod
2617 2911 2687 2964 ait
2727 2911 2925 2966 Paulus
2946 2955 2962 2980 ,
2989 2913 3117 2970 Cum
3144 2918 3315 2971 omnia
3342 2920 3528 2987 fuerint

1947 2995 2085 3050 Filio
2120 2997 2342 3068 subjecta
2358 3040 2373 3065 ,
2413 3007 2529 3053 tunc
2557 3009 2604 3054 et
2629 3002 2736 3072 ipse
2760 3003 2928 3057 Filius
2951 3004 3201 3075 subjectus
3223 3011 3316 3062 erit
3338 3010 3417 3064 illi
3440 3012 3526 3079 qui

1945 3089 2040 3142 sibi
2059 3089 2264 3159 subjecit
2290 3091 2460 3144 omnia
2481 3091 2523 3162 (Ι
2548 3091 2666 3146 Curi
2687 3109 2788 3162 xv,
2813 3093 2944 3165 28)?
2970 3094 3092 3152 Haec
3119 3099 3273 3153 verba
3295 3108 3382 3154 tua
3404 3113 3529 3171 pos-'-

1947 3186 2068 3234 sent
2085 3194 2114 3232 a
2142 3195 2227 3235 me
2253 3180 2426 3250 putari
2451 3181 2586 3237 dicta
2609 3197 2760 3250 esse,
2784 3192 2838 3238 et
2863 3187 3079 3240 omnino
3099 3203 3214 3242 mea
3243 3203 3392 3250 esse.
3424 3193 3524 3246 nisi

1948 3277 2003 3326 te
2037 3270 2367 3326 audientibus
2393 3285 2512 3326 cum
2542 3271 2845 3328 dicerentur
2866 3314 2882 3340 ,
2911 3284 2965 3330 et
2990 3285 3170 3344 postea
3196 3277 3310 3334 lucc
3334 3274 3524 3336 cuncta

1947 3361 2272 3434 legentibus,
2313 3367 2584 3422 evidenter
2621 3375 2899 3435 appareret
2941 3377 2990 3422 te
3027 3368 3112 3423 illa
3153 3369 3368 3426 dixisse.
3395 3373 3525 3440 Quis

1949 3456 2092 3538 enim
2116 3456 2388 3525 crederet,
2413 3456 2715 3513 consentire
2737 3463 2894 3526 posse
2921 3470 3015 3512 vos
3035 3459 3205 3538 nobis,
3233 3459 3522 3516 secundum

1949 3535 2172 3602 formam
2201 3547 2374 3616 servi,
2402 3555 2464 3603 ac
2493 3555 2588 3618 per
2610 3546 2712 3602 hoc
2739 3562 2844 3603 non
2870 3534 3159 3604 secundum
3186 3549 3407 3606 farinam
3428 3537 3524 3609 Dei

1949 3637 2216 3693 Christum
2244 3653 2362 3693 esse
2386 3636 2723 3707 subjectum?

2019 3728 2243 3786 CAPUT
2281 3729 2465 3784 IX.—
2489 3727 2668 3783 Utrum
2693 3727 2866 3782 adoret
2904 3726 3112 3784 Patrem
3149 3727 3374 3800 Spiritus
3405 3749 3523 3788 san-

1952 3830 2080 3874 ctus.
2111 3819 2262 3874 Nono
2286 3817 2405 3874 loco
2432 3818 2526 3874 abs
2553 3827 2604 3873 te
2631 3818 2989 3887 quaesivimus,
3027 3827 3084 3874 ut
3108 3835 3202 3889 per
3223 3821 3523 3891 Scripturas

1951 3913 2158 3968 divinas
2185 3911 2522 3977 ostenderes,
2565 3910 2609 3965 si
2637 3911 2878 3977 valeres,
2906 3918 3080 3965 utrum
3102 3911 3289 3968 adoret
3315 3913 3523 3968 Patrem

1951 4002 2177 4072 Spiritus
2200 4003 2432 4055 sanctus.
2464 3999 2574 4055 lloc
2600 3998 2740 4054 enim
2779 3997 2988 4055 dixeras
3029 4017 3044 4055 :
3093 4001 3186 4056 sed
3229 4001 3365 4057 sicut
3410 4002 3526 4074 ipsa

1954 4099 2042 4148 tua
2069 4091 2386 4162 proseCutio,
2427 4089 2512 4144 cui
2541 4088 2821 4160 respondi,
2847 4089 2976 4145 satis
3000 4089 3216 4156 indicat,
3247 4106 3356 4146 non
3393 4107 3521 4162 pro-

1951 4185 2196 4241 baveras.
2223 4181 2304 4238 Ad
2332 4181 2470 4236 hanc
2494 4196 2622 4250 ergo
2649 4179 3042 4250 inquisitionem
3074 4196 3245 4236 meam
3266 4181 3384 4239 vide
3399 4183 3525 4254 quid

1953 4275 2247 4347 posteriore
2275 4271 2642 4344 prosecutione
2661 4269 3021 4339 responderis.
3042 4271 3175 4326 Cum
3201 4271 3342 4327 enim
3362 4273 3527 4329 dixis-'-

1953 4346 2042 4423 ses
2066 4374 2319 4437 quantum
2347 4363 2558 4418 voluisti
2585 4361 2654 4417 de
2671 4360 2864 4431 judicio
2883 4346 3023 4428 Filii;
3045 4361 3184 4431 quod
3201 4367 3254 4416 et
3274 4370 3368 4417 nus
3389 4362 3524 4420 fide;

1953 4459 2153 4515 lissime
2178 4456 2470 4518 credimus;
2501 4461 2555 4508 et
2582 4452 2650 4508 de
2677 4451 3018 4520 subjeclione,
3050 4467 3207 4521 quam
3235 4452 3525 4508 secundum

1953 4549 2178 4606 formam
2221 4545 2360 4601 servi
2401 4543 2591 4598 Filium
2642 4540 2785 4597 Patri
2824 4540 3050 4596 reddere
3091 4556 3197 4595 non
3225 4556 3524 4614 negamus:

1955 4638 2046 4694 ubi
2092 4636 2282 4692 venisti
2319 4642 2375 4688 ut
2401 4632 2656 4702 probares
2689 4645 2718 4684 a
2747 4637 2929 4684 sancto
2954 4629 3155 4700 Spiritu
3187 4630 3394 4686 adorari
3420 4630 3525 4688 Pa-

1957 4737 2115 4794 trem,
2137 4723 2320 4780 redisti
2339 4723 2405 4778 ad
2434 4721 2550 4776 illos
2568 4716 2814 4790 gemitus,
2837 4718 2905 4774 de
2932 4718 3123 4789 quibus
3147 4719 3239 4776 tibi
3264 4720 3373 4789 jam
3403 4733 3527 4777 ante

1957 4815 2362 4886 responderem,
2400 4809 2692 4866 secundum
2722 4822 2924 4862 morem
2955 4811 3252 4862 sanetarum
3283 4809 3526 4878 Scriptu-

1957 4922 2157 4970 rarnm,
2197 4919 2298 4975 qua
2334 4900 2598 4956 locutione
2621 4898 2691 4951 sit
2714 4896 2942 4962 dictum,
2967 4895 3034 4949 Et
3057 4897 3165 4965 ipse
3194 4896 3418 4966 Spiritus
3444 4899 3525 4953 in-

1958 4997 2184 5069 terpellat
2212 4990 2469 5066 gemitibus
2491 4985 2908 5042 inenarrabilibus
2937 4985 3112 5055 (Rom.
3137 5001 3248 5051 vnt,
3278 4983 3371 5058 26)
3407 5003 3420 5040 :
3459 5003 3528 5044 ne

1957 5089 2237 5147 Credamus
2278 5080 2532 5152 Spiritum
2563 5086 2802 5132 sanctum
2828 5089 3094 5144 nunquam
3123 5088 3242 5131 esse
3275 5076 3391 5132 sine
3429 5091 3526 5147 ge-

1958 5177 2174 5236 mitibus
2198 5187 2376 5244 posse,
2398 5169 2646 5241 quoniam
2673 5167 2844 5222 nullus
2865 5166 2998 5228 dies,
3040 5165 3181 5221 nulla
3220 5165 3370 5234 hora,
3407 5165 3530 5225 nul-

1957 5269 2066 5325 lum
2090 5271 2415 5322 momentum
2443 5257 2695 5329 temporis
2712 5255 3003 5322 invenitur,
3028 5269 3132 5324 quo
3151 5269 3257 5309 non
3279 5271 3308 5310 a
3330 5257 3528 5314 sanctis

1959 5359 2224 5414 orationes
2249 5355 2357 5408 Deo
2398 5349 2709 5416 ubicumque
2751 5341 3068 5412 fundantur,
3095 5343 3163 5398 ab
3187 5343 3303 5400 aliis
3331 5343 3436 5410 hic,
3458 5343 3527 5400 ab

1961 5452 2078 5507 aliis
2106 5447 2250 5503 alibi.
2278 5445 2407 5499 Cum
2440 5450 2612 5497 tamen
2638 5438 2706 5493 ab
2729 5436 3054 5492 orationibus
3077 5443 3378 5493 sanctorum
3405 5436 3529 5492 nulo‘

1959 5544 2066 5598 lum
2119 5540 2186 5594 sit
2236 5544 2443 5604 tempus
2483 5534 2734 5594 immune,
2776 5525 3198 5598 quandoquidem
3237 5526 3427 5583 diebus
3472 5535 3528 5583 et

1961 5631 2223 5692 noctibus,
2247 5641 2365 5680 cum
2396 5623 2483 5676 alii
2511 5621 2627 5677 cibo
2653 5633 2714 5672 ac
2737 5626 2863 5688 potu
2889 5613 3223 5684 reﬁciuntur,
3245 5617 3332 5673 alii
3355 5611 3526 5687 quod-

1961 5725 2089 5778 libet
2125 5718 2265 5774 aliud
2313 5725 2491 5786 agunt,
2539 5711 2626 5765 alii
2677 5709 2962 5774 dormiunt,
2998 5724 3103 5763 non
3129 5711 3311 5781 utique
3339 5710 3529 5765 desunt

1964 5829 2095 5888 quos
2133 5805 2453 5867 desiderium
2497 5808 2737 5856 sanctum
2783 5811 2939 5854 orare
2962 5798 3276 5870 compellat;
3303 5800 3370 5853 ita
3394 5795 3534 5854 utut
