  <div class='ocr_page' id='page_1' title='image "/cluster/home/n/w/nwhite01/storage/ocr_20150623/42/hvd.32044015471493/381.png"; bbox 0 0 4042 6452; ppageno 0'>
   <div class='ocr_carea' id='block_1_1' title="bbox 559 430 659 485">
    <p class='ocr_par' dir='ltr' id='par_1_1' title="bbox 559 430 659 485">
     <span class='ocr_line' id='line_1_1' title="bbox 559 430 659 485; baseline 0.01 -1"><span class='ocrx_word' id='word_1_1' title='bbox 559 430 659 485; x_wconf 75' lang='grc'><strong>751</strong></span> 
     </span>
    </p>
   </div>
   <div class='ocr_carea' id='block_1_2' title="bbox 456 526 2144 613">
    <p class='ocr_par' dir='ltr' id='par_1_2' title="bbox 456 526 2144 613">
     <span class='ocr_line' id='line_1_2' title="bbox 456 526 2144 613; baseline -0.017 -10"><span class='ocrx_word' id='word_1_2' title='bbox 456 600 463 607; x_wconf 72' lang='grc'>,</span> <span class='ocrx_word' id='word_1_3' title='bbox 561 543 791 613; x_wconf 81' lang='lat' dir='ltr'><strong>Spiritus</strong></span> <span class='ocrx_word' id='word_1_4' title='bbox 818 549 1033 596; x_wconf 88' lang='lat' dir='ltr'><strong>sanctus</strong></span> <span class='ocrx_word' id='word_1_5' title='bbox 1054 581 1068 606; x_wconf 87' lang='lat'><strong>,</strong></span> <span class='ocrx_word' id='word_1_6' title='bbox 1104 540 1191 608; x_wconf 86' lang='lat' dir='ltr'><strong>qui</strong></span> <span class='ocrx_word' id='word_1_7' title='bbox 1219 538 1411 605; x_wconf 89' lang='lat' dir='ltr'><strong>ubique</strong></span> <span class='ocrx_word' id='word_1_8' title='bbox 1436 531 1679 587; x_wconf 90' lang='lat' dir='ltr'><strong>omnibus</strong></span> <span class='ocrx_word' id='word_1_9' title='bbox 1704 528 1872 592; x_wconf 80' lang='lat' dir='ltr'><strong>adest,</strong></span> <span class='ocrx_word' id='word_1_10' title='bbox 1906 526 2144 594; x_wconf 56' lang='lat' dir='ltr'><strong>aliquanv</strong></span> 
     </span>
    </p>
   </div>
   <div class='ocr_carea' id='block_1_3' title="bbox 564 617 2143 699">
    <p class='ocr_par' dir='ltr' id='par_1_3' title="bbox 564 617 2143 699">
     <span class='ocr_line' id='line_1_3' title="bbox 564 617 2143 699; baseline -0.013 -10"><span class='ocrx_word' id='word_1_11' title='bbox 564 636 730 689; x_wconf 92' lang='lat' dir='ltr'><strong>tulum</strong></span> <span class='ocrx_word' id='word_1_12' title='bbox 751 648 963 688; x_wconf 88' lang='lat' dir='ltr'><strong>cessare</strong></span> <span class='ocrx_word' id='word_1_13' title='bbox 988 647 1016 683; x_wconf 89' lang='lat' dir='ltr'><strong>a</strong></span> <span class='ocrx_word' id='word_1_14' title='bbox 1042 629 1326 699; x_wconf 70' lang='lat' dir='ltr'><strong>gemitibus</strong></span> <span class='ocrx_word' id='word_1_15' title='bbox 1369 640 1474 679; x_wconf 90' lang='lat' dir='ltr'><strong>non</strong></span> <span class='ocrx_word' id='word_1_16' title='bbox 1522 624 1754 687; x_wconf 87' lang='lat' dir='ltr'><strong>siuatur,</strong></span> <span class='ocrx_word' id='word_1_17' title='bbox 1779 617 1918 689; x_wconf 89' lang='lat' dir='ltr'><strong>quod</strong></span> <span class='ocrx_word' id='word_1_18' title='bbox 1941 625 2021 672; x_wconf 92' lang='lat' dir='ltr'><strong>est</strong></span> <span class='ocrx_word' id='word_1_19' title='bbox 2046 630 2143 669; x_wconf 77' lang='lat' dir='ltr'><strong>ex-</strong></span> 
     </span>
    </p>
   </div>
   <div class='ocr_carea' id='block_1_4' title="bbox 564 704 2144 787">
    <p class='ocr_par' dir='ltr' id='par_1_4' title="bbox 564 704 2144 787">
     <span class='ocr_line' id='line_1_4' title="bbox 564 704 2144 787; baseline -0.013 -6"><span class='ocrx_word' id='word_1_20' title='bbox 564 735 749 781; x_wconf 68' lang='lat' dir='ltr'><strong>trema:</strong></span> <span class='ocrx_word' id='word_1_21' title='bbox 792 722 1058 786; x_wconf 71' lang='lat' dir='ltr'><strong>miserim,</strong></span> <span class='ocrx_word' id='word_1_22' title='bbox 1103 734 1221 773; x_wconf 93' lang='lat' dir='ltr'><strong>cum</strong></span> <span class='ocrx_word' id='word_1_23' title='bbox 1268 732 1365 787; x_wconf 89' lang='lat' dir='ltr'><strong>pro</strong></span> <span class='ocrx_word' id='word_1_24' title='bbox 1414 714 1831 783; x_wconf 83' lang='lat' dir='ltr'><strong>quibuscumque</strong></span> <span class='ocrx_word' id='word_1_25' title='bbox 1872 704 2144 761; x_wconf 75' lang='lat' dir='ltr'><strong>orantibus</strong></span> 
     </span>
    </p>
   </div>
   <div class='ocr_carea' id='block_1_5' title="bbox 563 796 2146 885">
    <p class='ocr_par' dir='ltr' id='par_1_5' title="bbox 563 796 2146 885">
     <span class='ocr_line' id='line_1_5' title="bbox 563 796 2146 885; baseline -0.015 -15"><span class='ocrx_word' id='word_1_26' title='bbox 563 816 772 885; x_wconf 83' lang='lat' dir='ltr'><strong>cogitur</strong></span> <span class='ocrx_word' id='word_1_27' title='bbox 803 825 1014 883; x_wconf 89' lang='lat' dir='ltr'><strong>gemere</strong></span> <span class='ocrx_word' id='word_1_28' title='bbox 1061 826 1075 863; x_wconf 85' lang='lat'><strong>:</strong></span> <span class='ocrx_word' id='word_1_29' title='bbox 1123 807 1223 862; x_wconf 89' lang='lat' dir='ltr'><strong>nisi</strong></span> <span class='ocrx_word' id='word_1_30' title='bbox 1265 804 1547 876; x_wconf 84' lang='lat' dir='ltr'><strong>gemitibus</strong></span> <span class='ocrx_word' id='word_1_31' title='bbox 1593 797 2029 855; x_wconf 83' lang='lat' dir='ltr'><strong>inenarrabilibus</strong></span> <span class='ocrx_word' id='word_1_32' title='bbox 2065 796 2146 848; x_wconf 90' lang='lat' dir='ltr'><strong>in—</strong></span> 
     </span>
    </p>
   </div>
   <div class='ocr_carea' id='block_1_6' title="bbox 568 885 2144 975">
    <p class='ocr_par' dir='ltr' id='par_1_6' title="bbox 568 885 2144 975">
     <span class='ocr_line' id='line_1_6' title="bbox 568 885 2144 975; baseline -0.015 -14"><span class='ocrx_word' id='word_1_33' title='bbox 568 903 856 975; x_wconf 87' lang='lat' dir='ltr'><strong>terpellare</strong></span> <span class='ocrx_word' id='word_1_34' title='bbox 883 900 960 955; x_wconf 91' lang='lat' dir='ltr'><strong>sic</strong></span> <span class='ocrx_word' id='word_1_35' title='bbox 988 896 1331 968; x_wconf 90' lang='lat' dir='ltr'><strong>intelligatur,</strong></span> <span class='ocrx_word' id='word_1_36' title='bbox 1364 894 1420 949; x_wconf 91' lang='lat' dir='ltr'><strong>ut</strong></span> <span class='ocrx_word' id='word_1_37' title='bbox 1446 893 1577 959; x_wconf 82' lang='lat' dir='ltr'><strong>dixi,</strong></span> <span class='ocrx_word' id='word_1_38' title='bbox 1610 891 1660 945; x_wconf 89' lang='lat' dir='ltr'><strong>id</strong></span> <span class='ocrx_word' id='word_1_39' title='bbox 1688 897 1789 955; x_wconf 85' lang='lat' dir='ltr'><strong>est,</strong></span> <span class='ocrx_word' id='word_1_40' title='bbox 1823 888 1945 958; x_wconf 84' lang='lat' dir='ltr'><strong>quia</strong></span> <span class='ocrx_word' id='word_1_41' title='bbox 1974 885 2144 956; x_wconf 90' lang='lat' dir='ltr'><strong>gemi-</strong></span> 
     </span>
    </p>
   </div>
   <div class='ocr_carea' id='block_1_7' title="bbox 562 982 2147 1057">
    <p class='ocr_par' dir='ltr' id='par_1_7' title="bbox 562 982 2147 1057">
     <span class='ocr_line' id='line_1_7' title="bbox 562 982 2147 1057; baseline -0.016 0"><span class='ocrx_word' id='word_1_42' title='bbox 562 999 707 1057; x_wconf 82' lang='lat' dir='ltr'><strong>tibus</strong></span> <span class='ocrx_word' id='word_1_43' title='bbox 747 1004 1049 1050; x_wconf 88' lang='lat' dir='ltr'><strong>sanctorum</strong></span> <span class='ocrx_word' id='word_1_44' title='bbox 1095 988 1483 1045; x_wconf 83' lang='lat' dir='ltr'><strong>desideriorum</strong></span> <span class='ocrx_word' id='word_1_45' title='bbox 1546 982 1887 1052; x_wconf 87' lang='lat' dir='ltr'><strong>interpellare</strong></span> <span class='ocrx_word' id='word_1_46' title='bbox 1932 988 2147 1034; x_wconf 84' lang='lat' dir='ltr'><strong>sanctos</strong></span> 
     </span>
    </p>
   </div>
   <div class='ocr_carea' id='block_1_8' title="bbox 560 1069 2143 1157">
    <p class='ocr_par' dir='ltr' id='par_1_8' title="bbox 560 1069 2143 1157">
     <span class='ocr_line' id='line_1_8' title="bbox 560 1069 2143 1157; baseline -0.012 -17"><span class='ocrx_word' id='word_1_47' title='bbox 560 1088 706 1150; x_wconf 80' lang='lat' dir='ltr'><strong>facit,</strong></span> <span class='ocrx_word' id='word_1_48' title='bbox 728 1086 919 1157; x_wconf 86' lang='lat' dir='ltr'><strong>quibus</strong></span> <span class='ocrx_word' id='word_1_49' title='bbox 943 1082 1187 1137; x_wconf 75' lang='lat' dir='ltr'><strong>affectum</strong></span> <span class='ocrx_word' id='word_1_50' title='bbox 1210 1081 1353 1150; x_wconf 80' lang='lat' dir='ltr'><strong>pium</strong></span> <span class='ocrx_word' id='word_1_51' title='bbox 1379 1078 1558 1149; x_wconf 66' lang='lat' dir='ltr'><strong>gratia:</strong></span> <span class='ocrx_word' id='word_1_52' title='bbox 1586 1072 1876 1144; x_wconf 91' lang='lat' dir='ltr'><strong>spiritualis</strong></span> <span class='ocrx_word' id='word_1_53' title='bbox 1897 1069 2143 1124; x_wconf 82' lang='lat' dir='ltr'><strong>infundit.</strong></span> 
     </span>
    </p>
   </div>
   <div class='ocr_carea' id='block_1_9' title="bbox 561 1157 2145 1233">
    <p class='ocr_par' dir='ltr' id='par_1_9' title="bbox 561 1157 2145 1233">
     <span class='ocr_line' id='line_1_9' title="bbox 561 1157 2145 1233; baseline -0.013 0"><span class='ocrx_word' id='word_1_54' title='bbox 561 1178 667 1233; x_wconf 86' lang='lat' dir='ltr'><strong>Sed</strong></span> <span class='ocrx_word' id='word_1_55' title='bbox 706 1192 827 1232; x_wconf 92' lang='lat' dir='ltr'><strong>cum</strong></span> <span class='ocrx_word' id='word_1_56' title='bbox 857 1174 1060 1229; x_wconf 80' lang='lat' dir='ltr'><strong>similes</strong></span> <span class='ocrx_word' id='word_1_57' title='bbox 1086 1172 1411 1226; x_wconf 91' lang='lat' dir='ltr'><strong>locutionum</strong></span> <span class='ocrx_word' id='word_1_58' title='bbox 1442 1166 1628 1221; x_wconf 90' lang='lat' dir='ltr'><strong>modos</strong></span> <span class='ocrx_word' id='word_1_59' title='bbox 1647 1206 1662 1232; x_wconf 89' lang='lat'><strong>,</strong></span> <span class='ocrx_word' id='word_1_60' title='bbox 1694 1162 1908 1232; x_wconf 81' lang='lat' dir='ltr'><strong>quando</strong></span> <span class='ocrx_word' id='word_1_61' title='bbox 1936 1176 2033 1230; x_wconf 87' lang='lat' dir='ltr'><strong>per</strong></span> <span class='ocrx_word' id='word_1_62' title='bbox 2064 1157 2145 1213; x_wconf 85' lang='lat' dir='ltr'><strong>ef—</strong></span> 
     </span>
    </p>
   </div>
   <div class='ocr_carea' id='block_1_10' title="bbox 564 1249 2149 1334">
    <p class='ocr_par' dir='ltr' id='par_1_10' title="bbox 564 1249 2149 1334">
     <span class='ocr_line' id='line_1_10' title="bbox 564 1249 2149 1334; baseline -0.013 -11"><span class='ocrx_word' id='word_1_63' title='bbox 564 1268 829 1323; x_wconf 83' lang='lat' dir='ltr'><strong>ficientem</strong></span> <span class='ocrx_word' id='word_1_64' title='bbox 881 1263 1209 1334; x_wconf 82' lang='lat' dir='ltr'><strong>significatur</strong></span> <span class='ocrx_word' id='word_1_65' title='bbox 1239 1260 1289 1314; x_wconf 91' lang='lat' dir='ltr'><strong>id</strong></span> <span class='ocrx_word' id='word_1_66' title='bbox 1322 1257 1461 1328; x_wconf 84' lang='lat' dir='ltr'><strong>quod</strong></span> <span class='ocrx_word' id='word_1_67' title='bbox 1511 1255 1771 1319; x_wconf 82' lang='lat' dir='ltr'><strong>efﬁcitur;</strong></span> <span class='ocrx_word' id='word_1_68' title='bbox 1816 1252 1950 1306; x_wconf 88' lang='lat' dir='ltr'><strong>sicut</strong></span> <span class='ocrx_word' id='word_1_69' title='bbox 1984 1249 2149 1318; x_wconf 83' lang='lat' dir='ltr'><strong>frigus</strong></span> 
     </span>
    </p>
   </div>
   <div class='ocr_carea' id='block_1_11' title="bbox 563 1341 2148 1430">
    <p class='ocr_par' dir='ltr' id='par_1_11' title="bbox 563 1341 2148 1430">
     <span class='ocr_line' id='line_1_11' title="bbox 563 1341 2148 1430; baseline -0.015 -14"><span class='ocrx_word' id='word_1_70' title='bbox 563 1360 771 1430; x_wconf 85' lang='lat' dir='ltr'><strong>pigrum</strong></span> <span class='ocrx_word' id='word_1_71' title='bbox 796 1358 1021 1413; x_wconf 89' lang='lat' dir='ltr'><strong>dicimus</strong></span> <span class='ocrx_word' id='word_1_72' title='bbox 1041 1396 1055 1421; x_wconf 96' lang='lat'><strong>,</strong></span> <span class='ocrx_word' id='word_1_73' title='bbox 1099 1354 1219 1424; x_wconf 89' lang='lat' dir='ltr'><strong>quia</strong></span> <span class='ocrx_word' id='word_1_74' title='bbox 1262 1350 1440 1420; x_wconf 85' lang='lat' dir='ltr'><strong>pigros</strong></span> <span class='ocrx_word' id='word_1_75' title='bbox 1482 1347 1603 1402; x_wconf 83' lang='lat' dir='ltr'><strong>facit</strong></span> <span class='ocrx_word' id='word_1_76' title='bbox 1628 1362 1641 1409; x_wconf 92' lang='lat'><strong>;</strong></span> <span class='ocrx_word' id='word_1_77' title='bbox 1672 1356 1726 1399; x_wconf 91' lang='lat' dir='ltr'><strong>et</strong></span> <span class='ocrx_word' id='word_1_78' title='bbox 1756 1343 1905 1398; x_wconf 80' lang='lat' dir='ltr'><strong>diem</strong></span> <span class='ocrx_word' id='word_1_79' title='bbox 1933 1341 2148 1395; x_wconf 77' lang='lat' dir='ltr'><strong>tristem</strong></span> 
     </span>
    </p>
   </div>
   <div class='ocr_carea' id='block_1_12' title="bbox 563 1430 2151 1518">
    <p class='ocr_par' dir='ltr' id='par_1_12' title="bbox 563 1430 2151 1518">
     <span class='ocr_line' id='line_1_12' title="bbox 563 1430 2151 1518; baseline -0.014 -12"><span class='ocrx_word' id='word_1_80' title='bbox 563 1453 648 1508; x_wconf 90' lang='lat' dir='ltr'><strong>vel</strong></span> <span class='ocrx_word' id='word_1_81' title='bbox 678 1453 877 1512; x_wconf 65' lang='lat' dir='ltr'><strong>iratum,</strong></span> <span class='ocrx_word' id='word_1_82' title='bbox 905 1449 1026 1518; x_wconf 89' lang='lat' dir='ltr'><strong>quia</strong></span> <span class='ocrx_word' id='word_1_83' title='bbox 1057 1446 1235 1499; x_wconf 85' lang='lat' dir='ltr'><strong>tristes</strong></span> <span class='ocrx_word' id='word_1_84' title='bbox 1255 1443 1336 1496; x_wconf 89' lang='lat' dir='ltr'><strong>vel</strong></span> <span class='ocrx_word' id='word_1_85' title='bbox 1366 1433 1515 1494; x_wconf 65' lang='lat' dir='ltr'><strong>lmtos</strong></span> <span class='ocrx_word' id='word_1_86' title='bbox 1536 1436 1694 1501; x_wconf 82' lang='lat' dir='ltr'><strong>facit;</strong></span> <span class='ocrx_word' id='word_1_87' title='bbox 1718 1436 1876 1490; x_wconf 90' lang='lat' dir='ltr'><strong>etiam</strong></span> <span class='ocrx_word' id='word_1_88' title='bbox 1917 1432 1983 1487; x_wconf 90' lang='lat' dir='ltr'><strong>de</strong></span> <span class='ocrx_word' id='word_1_89' title='bbox 2009 1430 2151 1487; x_wconf 86' lang='lat' dir='ltr'><strong>Scri-</strong></span> 
     </span>
    </p>
   </div>
   <div class='ocr_carea' id='block_1_13' title="bbox 563 1518 2148 1613">
    <p class='ocr_par' dir='ltr' id='par_1_13' title="bbox 563 1518 2148 1613">
     <span class='ocr_line' id='line_1_13' title="bbox 563 1518 2148 1613; baseline -0.017 -13"><span class='ocrx_word' id='word_1_90' title='bbox 563 1543 735 1613; x_wconf 88' lang='lat' dir='ltr'><strong>pturis</strong></span> <span class='ocrx_word' id='word_1_91' title='bbox 763 1541 961 1596; x_wconf 84' lang='lat' dir='ltr'><strong>sanctis</strong></span> <span class='ocrx_word' id='word_1_92' title='bbox 1001 1531 1564 1595; x_wconf 71' lang='lat' dir='ltr'><strong>commemoraret-im,</strong></span> <span class='ocrx_word' id='word_1_93' title='bbox 1612 1527 1701 1582; x_wconf 93' lang='lat' dir='ltr'><strong>ubi</strong></span> <span class='ocrx_word' id='word_1_94' title='bbox 1750 1525 1889 1581; x_wconf 88' lang='lat' dir='ltr'><strong>Deus</strong></span> <span class='ocrx_word' id='word_1_95' title='bbox 1927 1522 2054 1576; x_wconf 87' lang='lat' dir='ltr'><strong>dicit</strong></span> <span class='ocrx_word' id='word_1_96' title='bbox 2083 1518 2148 1574; x_wconf 89' lang='lat' dir='ltr'><strong>ad</strong></span> 
     </span>
    </p>
   </div>
   <div class='ocr_carea' id='block_1_14' title="bbox 564 1614 2149 1698">
    <p class='ocr_par' dir='ltr' id='par_1_14' title="bbox 564 1614 2149 1698">
     <span class='ocr_line' id='line_1_14' title="bbox 564 1614 2149 1698; baseline -0.016 -7"><span class='ocrx_word' id='word_1_97' title='bbox 564 1635 832 1691; x_wconf 80' lang='lat' dir='ltr'><strong>Abraham</strong></span> <span class='ocrx_word' id='word_1_98' title='bbox 858 1674 872 1698; x_wconf 94' lang='lat'><strong>,</strong></span> <span class='ocrx_word' id='word_1_99' title='bbox 906 1629 1058 1685; x_wconf 87' lang='lat' dir='ltr'><strong>Nunc</strong></span> <span class='ocrx_word' id='word_1_100' title='bbox 1086 1624 1294 1697; x_wconf 80' lang='lat' dir='ltr'><strong>cognovi</strong></span> <span class='ocrx_word' id='word_1_101' title='bbox 1328 1623 1479 1695; x_wconf 82' lang='lat' dir='ltr'><strong>(Gen.</strong></span> <span class='ocrx_word' id='word_1_102' title='bbox 1508 1636 1643 1685; x_wconf 75' lang='lat' dir='ltr'><strong>xsn,</strong></span> <span class='ocrx_word' id='word_1_103' title='bbox 1671 1618 1797 1686; x_wconf 74' lang='lat' dir='ltr'><strong>l2);</strong></span> <span class='ocrx_word' id='word_1_104' title='bbox 1837 1615 1978 1687; x_wconf 90' lang='lat' dir='ltr'><strong>quod</strong></span> <span class='ocrx_word' id='word_1_105' title='bbox 2018 1614 2149 1668; x_wconf 87' lang='lat' dir='ltr'><strong>nihil</strong></span> 
     </span>
    </p>
   </div>
   <div class='ocr_carea' id='block_1_15' title="bbox 567 1706 2149 1795">
    <p class='ocr_par' dir='ltr' id='par_1_15' title="bbox 567 1706 2149 1795">
     <span class='ocr_line' id='line_1_15' title="bbox 567 1706 2149 1795; baseline -0.015 -12"><span class='ocrx_word' id='word_1_106' title='bbox 567 1736 649 1783; x_wconf 87' lang='lat' dir='ltr'><strong>est</strong></span> <span class='ocrx_word' id='word_1_107' title='bbox 669 1725 812 1781; x_wconf 89' lang='lat' dir='ltr'><strong>aliud</strong></span> <span class='ocrx_word' id='word_1_108' title='bbox 841 1738 998 1795; x_wconf 90' lang='lat' dir='ltr'><strong>quam</strong></span> <span class='ocrx_word' id='word_1_109' title='bbox 1022 1762 1040 1789; x_wconf 88' lang='lat'><strong>,</strong></span> <span class='ocrx_word' id='word_1_110' title='bbox 1070 1720 1221 1775; x_wconf 85' lang='lat' dir='ltr'><strong>Nunc</strong></span> <span class='ocrx_word' id='word_1_111' title='bbox 1243 1726 1301 1772; x_wconf 92' lang='lat' dir='ltr'><strong>ut</strong></span> <span class='ocrx_word' id='word_1_112' title='bbox 1323 1726 1675 1785; x_wconf 89' lang='lat' dir='ltr'><strong>cognosceres</strong></span> <span class='ocrx_word' id='word_1_113' title='bbox 1706 1710 1804 1765; x_wconf 84' lang='lat' dir='ltr'><strong>feci</strong></span> <span class='ocrx_word' id='word_1_114' title='bbox 1833 1727 1845 1762; x_wconf 94' lang='lat'>:</span> <span class='ocrx_word' id='word_1_115' title='bbox 1874 1720 1978 1763; x_wconf 89' lang='lat' dir='ltr'><strong>non</strong></span> <span class='ocrx_word' id='word_1_116' title='bbox 2008 1706 2149 1763; x_wconf 88' lang='lat' dir='ltr'><strong>enim</strong></span> 
     </span>
    </p>
   </div>
   <div class='ocr_carea' id='block_1_16' title="bbox 566 1798 2149 1876">
    <p class='ocr_par' dir='ltr' id='par_1_16' title="bbox 566 1798 2149 1876">
     <span class='ocr_line' id='line_1_16' title="bbox 566 1798 2149 1876; baseline -0.014 -5"><span class='ocrx_word' id='word_1_117' title='bbox 566 1830 694 1873; x_wconf 84' lang='lat' dir='ltr'><strong>tune</strong></span> <span class='ocrx_word' id='word_1_118' title='bbox 726 1816 865 1871; x_wconf 90' lang='lat' dir='ltr'><strong>Deus</strong></span> <span class='ocrx_word' id='word_1_119' title='bbox 902 1812 1161 1869; x_wconf 89' lang='lat' dir='ltr'><strong>dicendus</strong></span> <span class='ocrx_word' id='word_1_120' title='bbox 1206 1817 1288 1864; x_wconf 89' lang='lat' dir='ltr'><strong>est</strong></span> <span class='ocrx_word' id='word_1_121' title='bbox 1329 1804 1674 1876; x_wconf 83' lang='lat' dir='ltr'><strong>cognovisse,</strong></span> <span class='ocrx_word' id='word_1_122' title='bbox 1702 1798 1843 1871; x_wconf 90' lang='lat' dir='ltr'><strong>quod</strong></span> <span class='ocrx_word' id='word_1_123' title='bbox 1867 1808 2149 1869; x_wconf 86' lang='lat' dir='ltr'><strong>antequam</strong></span> 
     </span>
    </p>
   </div>
   <div class='ocr_carea' id='block_1_17' title="bbox 568 1886 2151 1975">
    <p class='ocr_par' dir='ltr' id='par_1_17' title="bbox 568 1886 2151 1975">
     <span class='ocr_line' id='line_1_17' title="bbox 568 1886 2151 1975; baseline -0.015 -13"><span class='ocrx_word' id='word_1_124' title='bbox 568 1908 721 1961; x_wconf 89' lang='lat' dir='ltr'><strong>fieret</strong></span> <span class='ocrx_word' id='word_1_125' title='bbox 737 1918 1003 1975; x_wconf 84' lang='lat' dir='ltr'><strong>nunquam</strong></span> <span class='ocrx_word' id='word_1_126' title='bbox 1026 1901 1196 1971; x_wconf 87' lang='lat' dir='ltr'><strong>potuit</strong></span> <span class='ocrx_word' id='word_1_127' title='bbox 1220 1900 1464 1967; x_wconf 86' lang='lat' dir='ltr'><strong>ignorare</strong></span> <span class='ocrx_word' id='word_1_128' title='bbox 1485 1912 1496 1947; x_wconf 92' lang='lat'>:</span> <span class='ocrx_word' id='word_1_129' title='bbox 1521 1907 1655 1963; x_wconf 91' lang='lat' dir='ltr'><strong>quos</strong></span> <span class='ocrx_word' id='word_1_130' title='bbox 1670 1887 1950 1945; x_wconf 89' lang='lat' dir='ltr'><strong>locutionis</strong></span> <span class='ocrx_word' id='word_1_131' title='bbox 1967 1886 2151 1941; x_wconf 90' lang='lat' dir='ltr'><strong>modos</strong></span> 
     </span>
    </p>
   </div>
   <div class='ocr_carea' id='block_1_18' title="bbox 568 1978 2154 2065">
    <p class='ocr_par' dir='ltr' id='par_1_18' title="bbox 568 1978 2154 2065">
     <span class='ocr_line' id='line_1_18' title="bbox 568 1978 2154 2065; baseline -0.014 -12"><span class='ocrx_word' id='word_1_132' title='bbox 568 2000 636 2055; x_wconf 85' lang='lat' dir='ltr'><strong>de</strong></span> <span class='ocrx_word' id='word_1_133' title='bbox 660 1999 853 2054; x_wconf 86' lang='lat' dir='ltr'><strong>divinis</strong></span> <span class='ocrx_word' id='word_1_134' title='bbox 894 1994 1119 2065; x_wconf 87' lang='lat' dir='ltr'><strong>eloquiis</strong></span> <span class='ocrx_word' id='word_1_135' title='bbox 1160 2008 1191 2045; x_wconf 87' lang='lat' dir='ltr'><strong>a</strong></span> <span class='ocrx_word' id='word_1_136' title='bbox 1240 2004 1326 2045; x_wconf 91' lang='lat' dir='ltr'><strong>me</strong></span> <span class='ocrx_word' id='word_1_137' title='bbox 1376 1989 1643 2057; x_wconf 85' lang='lat' dir='ltr'><strong>prolatos,</strong></span> <span class='ocrx_word' id='word_1_138' title='bbox 1685 1980 1956 2054; x_wconf 88' lang='lat' dir='ltr'><strong>quomodo</strong></span> <span class='ocrx_word' id='word_1_139' title='bbox 1995 1978 2154 2033; x_wconf 87' lang='lat' dir='ltr'><strong>aliter</strong></span> 
     </span>
    </p>
   </div>
   <div class='ocr_carea' id='block_1_19' title="bbox 566 2065 2152 2160">
    <p class='ocr_par' dir='ltr' id='par_1_19' title="bbox 566 2065 2152 2160">
     <span class='ocr_line' id='line_1_19' title="bbox 566 2065 2152 2160; baseline -0.015 -15"><span class='ocrx_word' id='word_1_140' title='bbox 566 2087 995 2160; x_wconf 86' lang='lat' dir='ltr'><strong>interpretareris</strong></span> <span class='ocrx_word' id='word_1_141' title='bbox 1038 2100 1143 2138; x_wconf 89' lang='lat' dir='ltr'><strong>non</strong></span> <span class='ocrx_word' id='word_1_142' title='bbox 1186 2078 1464 2142; x_wconf 81' lang='lat' dir='ltr'><strong>invenisti;</strong></span> <span class='ocrx_word' id='word_1_143' title='bbox 1498 2076 1642 2131; x_wconf 90' lang='lat' dir='ltr'><strong>nullo</strong></span> <span class='ocrx_word' id='word_1_144' title='bbox 1678 2072 1837 2129; x_wconf 91' lang='lat' dir='ltr'><strong>modo</strong></span> <span class='ocrx_word' id='word_1_145' title='bbox 1863 2071 2043 2140; x_wconf 90' lang='lat' dir='ltr'><strong>utique</strong></span> <span class='ocrx_word' id='word_1_146' title='bbox 2084 2065 2152 2122; x_wconf 86' lang='lat' dir='ltr'><strong>ad</strong></span> 
     </span>
    </p>
   </div>
   <div class='ocr_carea' id='block_1_20' title="bbox 570 2157 2153 2249">
    <p class='ocr_par' dir='ltr' id='par_1_20' title="bbox 570 2157 2153 2249">
     <span class='ocr_line' id='line_1_20' title="bbox 570 2157 2153 2249; baseline -0.016 -13"><span class='ocrx_word' id='word_1_147' title='bbox 570 2157 975 2249; x_wconf 32' lang='lat' dir='ltr'><strong>istos&#39;gemitus</strong></span> <span class='ocrx_word' id='word_1_148' title='bbox 1020 2173 1199 2229; x_wconf 89' lang='lat' dir='ltr'><strong>redire</strong></span> <span class='ocrx_word' id='word_1_149' title='bbox 1242 2168 1491 2225; x_wconf 87' lang='lat' dir='ltr'><strong>debuisti.</strong></span> <span class='ocrx_word' id='word_1_150' title='bbox 1538 2164 1708 2220; x_wconf 88' lang='lat' dir='ltr'><strong>Nemo</strong></span> <span class='ocrx_word' id='word_1_151' title='bbox 1764 2162 1907 2217; x_wconf 89' lang='lat' dir='ltr'><strong>enim</strong></span> <span class='ocrx_word' id='word_1_152' title='bbox 1959 2160 2036 2214; x_wconf 93' lang='lat' dir='ltr'><strong>sic</strong></span> <span class='ocrx_word' id='word_1_153' title='bbox 2086 2157 2153 2211; x_wconf 89' lang='lat' dir='ltr'><strong>de</strong></span> 
     </span>
    </p>
   </div>
   <div class='ocr_carea' id='block_1_21' title="bbox 566 2256 2151 2342">
    <p class='ocr_par' dir='ltr' id='par_1_21' title="bbox 566 2256 2151 2342">
     <span class='ocr_line' id='line_1_21' title="bbox 566 2256 2151 2342; baseline -0.016 -14"><span class='ocrx_word' id='word_1_154' title='bbox 566 2271 767 2342; x_wconf 82' lang='lat' dir='ltr'><strong>Spiritu</strong></span> <span class='ocrx_word' id='word_1_155' title='bbox 804 2279 990 2324; x_wconf 89' lang='lat' dir='ltr'><strong>sancto</strong></span> <span class='ocrx_word' id='word_1_156' title='bbox 1017 2266 1173 2335; x_wconf 89' lang='lat' dir='ltr'><strong>sapit,</strong></span> <span class='ocrx_word' id='word_1_157' title='bbox 1204 2262 1302 2318; x_wconf 88' lang='lat' dir='ltr'><strong>nisi</strong></span> <span class='ocrx_word' id='word_1_158' title='bbox 1330 2261 1419 2331; x_wconf 89' lang='lat' dir='ltr'><strong>qui</strong></span> <span class='ocrx_word' id='word_1_159' title='bbox 1449 2256 1741 2313; x_wconf 90' lang='lat' dir='ltr'><strong>secundum</strong></span> <span class='ocrx_word' id='word_1_160' title='bbox 1769 2267 1981 2307; x_wconf 87' lang='lat' dir='ltr'><strong>carnem</strong></span> <span class='ocrx_word' id='word_1_161' title='bbox 2002 2291 2018 2317; x_wconf 96' lang='lat'><strong>,</strong></span> <span class='ocrx_word' id='word_1_162' title='bbox 2046 2264 2151 2304; x_wconf 90' lang='lat' dir='ltr'><strong>non</strong></span> 
     </span>
    </p>
   </div>
   <div class='ocr_carea' id='block_1_22' title="bbox 567 2340 2156 2429">
    <p class='ocr_par' dir='ltr' id='par_1_22' title="bbox 567 2340 2156 2429">
     <span class='ocr_line' id='line_1_22' title="bbox 567 2340 2156 2429; baseline -0.016 -10"><span class='ocrx_word' id='word_1_163' title='bbox 567 2340 857 2419; x_wconf 82' lang='lat' dir='ltr'><strong>secundum</strong></span> <span class='ocrx_word' id='word_1_164' title='bbox 883 2360 1127 2429; x_wconf 75' lang='lat' dir='ltr'><strong>Spiritum</strong></span> <span class='ocrx_word' id='word_1_165' title='bbox 1155 2356 1310 2425; x_wconf 88' lang='lat' dir='ltr'><strong>sapit.</strong></span> <span class='ocrx_word' id='word_1_166' title='bbox 1336 2350 1589 2420; x_wconf 83' lang='lat' dir='ltr'><strong>Quamvis</strong></span> <span class='ocrx_word' id='word_1_167' title='bbox 1615 2355 1679 2429; x_wconf 84' lang='lat' dir='ltr'><strong>et</strong></span> <span class='ocrx_word' id='word_1_168' title='bbox 1699 2347 1744 2400; x_wconf 91' lang='lat' dir='ltr'><strong>si</strong></span> <span class='ocrx_word' id='word_1_169' title='bbox 1775 2345 1868 2399; x_wconf 86' lang='lat' dir='ltr'><strong>tibi</strong></span> <span class='ocrx_word' id='word_1_170' title='bbox 1896 2340 2156 2399; x_wconf 90' lang='lat' dir='ltr'><strong>concede-</strong></span> 
     </span>
    </p>
   </div>
   <div class='ocr_carea' id='block_1_23' title="bbox 498 2425 2153 2521">
    <p class='ocr_par' dir='ltr' id='par_1_23' title="bbox 498 2425 2153 2521">
     <span class='ocr_line' id='line_1_23' title="bbox 498 2425 2153 2521; baseline -0.015 -12"><span class='ocrx_word' id='word_1_171' title='bbox 498 2438 503 2443; x_wconf 26' lang='lat'>.</span> <span class='ocrx_word' id='word_1_172' title='bbox 567 2463 749 2516; x_wconf 81' lang='lat' dir='ltr'><strong>retur,</strong></span> <span class='ocrx_word' id='word_1_173' title='bbox 776 2425 1045 2521; x_wconf 80' lang='lat' dir='ltr'><strong>quomodo</strong></span> <span class='ocrx_word' id='word_1_174' title='bbox 1087 2456 1140 2501; x_wconf 93' lang='lat' dir='ltr'><strong>tu</strong></span> <span class='ocrx_word' id='word_1_175' title='bbox 1183 2445 1369 2509; x_wconf 86' lang='lat' dir='ltr'><strong>sentis,</strong></span> <span class='ocrx_word' id='word_1_176' title='bbox 1415 2443 1491 2496; x_wconf 90' lang='lat' dir='ltr'><strong>sic</strong></span> <span class='ocrx_word' id='word_1_177' title='bbox 1521 2425 1775 2509; x_wconf 86' lang='lat' dir='ltr'><strong>Spiritum</strong></span> <span class='ocrx_word' id='word_1_178' title='bbox 1802 2442 2041 2489; x_wconf 89' lang='lat' dir='ltr'><strong>sanctum</strong></span> <span class='ocrx_word' id='word_1_179' title='bbox 2072 2432 2153 2486; x_wconf 53' lang='lat' dir='ltr'><strong>in-</strong></span> 
     </span>
    </p>
   </div>
   <div class='ocr_carea' id='block_1_24' title="bbox 574 2525 2152 2615">
    <p class='ocr_par' dir='ltr' id='par_1_24' title="bbox 574 2525 2152 2615">
     <span class='ocr_line' id='line_1_24' title="bbox 574 2525 2152 2615; baseline -0.016 -13"><span class='ocrx_word' id='word_1_180' title='bbox 574 2546 857 2615; x_wconf 84' lang='lat' dir='ltr'><strong>terpellare</strong></span> <span class='ocrx_word' id='word_1_181' title='bbox 879 2558 976 2614; x_wconf 90' lang='lat' dir='ltr'><strong>pro</strong></span> <span class='ocrx_word' id='word_1_182' title='bbox 1000 2539 1219 2603; x_wconf 85' lang='lat' dir='ltr'><strong>sanctis;</strong></span> <span class='ocrx_word' id='word_1_183' title='bbox 1234 2536 1373 2591; x_wconf 90' lang='lat' dir='ltr'><strong>aliud</strong></span> <span class='ocrx_word' id='word_1_184' title='bbox 1395 2545 1476 2588; x_wconf 88' lang='lat' dir='ltr'><strong>est</strong></span> <span class='ocrx_word' id='word_1_185' title='bbox 1502 2528 1843 2600; x_wconf 85' lang='lat' dir='ltr'><strong>interpellare</strong></span> <span class='ocrx_word' id='word_1_186' title='bbox 1871 2525 1956 2581; x_wconf 89' lang='lat' dir='ltr'><strong>vel</strong></span> <span class='ocrx_word' id='word_1_187' title='bbox 1977 2538 2152 2590; x_wconf 90' lang='lat' dir='ltr'><strong>orare,</strong></span> 
     </span>
    </p>
   </div>
   <div class='ocr_carea' id='block_1_25' title="bbox 569 2613 2157 2697">
    <p class='ocr_par' dir='ltr' id='par_1_25' title="bbox 569 2613 2157 2697">
     <span class='ocr_line' id='line_1_25' title="bbox 569 2613 2157 2697; baseline -0.017 -5"><span class='ocrx_word' id='word_1_188' title='bbox 569 2613 711 2692; x_wconf 82' lang='lat' dir='ltr'><strong>aliud</strong></span> <span class='ocrx_word' id='word_1_189' title='bbox 745 2635 991 2689; x_wconf 89' lang='lat' dir='ltr'><strong>adorare.</strong></span> <span class='ocrx_word' id='word_1_190' title='bbox 1043 2630 1230 2686; x_wconf 87' lang='lat' dir='ltr'><strong>Omnis</strong></span> <span class='ocrx_word' id='word_1_191' title='bbox 1280 2626 1369 2697; x_wconf 89' lang='lat' dir='ltr'><strong>qui</strong></span> <span class='ocrx_word' id='word_1_192' title='bbox 1415 2631 1565 2688; x_wconf 84' lang='lat' dir='ltr'><strong>orat,</strong></span> <span class='ocrx_word' id='word_1_193' title='bbox 1612 2626 1935 2690; x_wconf 83' lang='lat' dir='ltr'><strong>rogatznOn</strong></span> <span class='ocrx_word' id='word_1_194' title='bbox 1978 2613 2157 2669; x_wconf 87' lang='lat' dir='ltr'><strong>omnis</strong></span> 
     </span>
    </p>
   </div>
   <div class='ocr_carea' id='block_1_26' title="bbox 569 2705 2157 2798">
    <p class='ocr_par' dir='ltr' id='par_1_26' title="bbox 569 2705 2157 2798">
     <span class='ocr_line' id='line_1_26' title="bbox 569 2705 2157 2798; baseline -0.016 -15"><span class='ocrx_word' id='word_1_195' title='bbox 569 2728 659 2798; x_wconf 90' lang='lat' dir='ltr'><strong>qui</strong></span> <span class='ocrx_word' id='word_1_196' title='bbox 704 2726 890 2782; x_wconf 87' lang='lat' dir='ltr'><strong>adorat</strong></span> <span class='ocrx_word' id='word_1_197' title='bbox 918 2765 934 2791; x_wconf 96' lang='lat'><strong>,</strong></span> <span class='ocrx_word' id='word_1_198' title='bbox 964 2732 1147 2792; x_wconf 85' lang='lat' dir='ltr'><strong>rogat;</strong></span> <span class='ocrx_word' id='word_1_199' title='bbox 1175 2734 1274 2775; x_wconf 91' lang='lat' dir='ltr'><strong>nec</strong></span> <span class='ocrx_word' id='word_1_200' title='bbox 1301 2716 1476 2771; x_wconf 88' lang='lat' dir='ltr'><strong>omnis</strong></span> <span class='ocrx_word' id='word_1_201' title='bbox 1495 2712 1584 2783; x_wconf 92' lang='lat' dir='ltr'><strong>qui</strong></span> <span class='ocrx_word' id='word_1_202' title='bbox 1612 2719 1783 2782; x_wconf 85' lang='lat' dir='ltr'><strong>rogat,</strong></span> <span class='ocrx_word' id='word_1_203' title='bbox 1812 2708 2020 2763; x_wconf 90' lang='lat' dir='ltr'><strong>adorat.</strong></span> <span class='ocrx_word' id='word_1_204' title='bbox 2054 2705 2157 2759; x_wconf 83' lang='lat' dir='ltr'><strong>Re-</strong></span> 
     </span>
    </p>
   </div>
   <div class='ocr_carea' id='block_1_27' title="bbox 570 2801 2156 2881">
    <p class='ocr_par' dir='ltr' id='par_1_27' title="bbox 570 2801 2156 2881">
     <span class='ocr_line' id='line_1_27' title="bbox 570 2801 2156 2881; baseline -0.016 -5"><span class='ocrx_word' id='word_1_205' title='bbox 570 2822 689 2876; x_wconf 90' lang='lat' dir='ltr'><strong>cole</strong></span> <span class='ocrx_word' id='word_1_206' title='bbox 714 2815 1149 2874; x_wconf 90' lang='lat' dir='ltr'><strong>consuetudinem</strong></span> <span class='ocrx_word' id='word_1_207' title='bbox 1170 2826 1374 2881; x_wconf 85' lang='lat' dir='ltr'><strong>regum,</strong></span> <span class='ocrx_word' id='word_1_208' title='bbox 1401 2808 1487 2879; x_wconf 90' lang='lat' dir='ltr'><strong>qui</strong></span> <span class='ocrx_word' id='word_1_209' title='bbox 1509 2807 1823 2877; x_wconf 89' lang='lat' dir='ltr'><strong>plerumque</strong></span> <span class='ocrx_word' id='word_1_210' title='bbox 1846 2801 2156 2865; x_wconf 83' lang='lat' dir='ltr'><strong>adorantur,</strong></span> 
     </span>
    </p>
   </div>
   <div class='ocr_carea' id='block_1_28' title="bbox 572 2891 2157 2977">
    <p class='ocr_par' dir='ltr' id='par_1_28' title="bbox 572 2891 2157 2977">
     <span class='ocr_line' id='line_1_28' title="bbox 572 2891 2157 2977; baseline -0.016 -12"><span class='ocrx_word' id='word_1_211' title='bbox 572 2920 629 2965; x_wconf 87' lang='lat' dir='ltr'><strong>et</strong></span> <span class='ocrx_word' id='word_1_212' title='bbox 655 2926 761 2964; x_wconf 88' lang='lat' dir='ltr'><strong>non</strong></span> <span class='ocrx_word' id='word_1_213' title='bbox 788 2915 1079 2977; x_wconf 79' lang='lat' dir='ltr'><strong>rogantur;</strong></span> <span class='ocrx_word' id='word_1_214' title='bbox 1107 2900 1389 2972; x_wconf 89' lang='lat' dir='ltr'><strong>aliquando</strong></span> <span class='ocrx_word' id='word_1_215' title='bbox 1408 2906 1681 2968; x_wconf 88' lang='lat' dir='ltr'><strong>rogantur,</strong></span> <span class='ocrx_word' id='word_1_216' title='bbox 1713 2902 1767 2949; x_wconf 88' lang='lat' dir='ltr'><strong>et</strong></span> <span class='ocrx_word' id='word_1_217' title='bbox 1794 2907 1897 2947; x_wconf 92' lang='lat' dir='ltr'><strong>non</strong></span> <span class='ocrx_word' id='word_1_218' title='bbox 1928 2891 2157 2945; x_wconf 84' lang='lat' dir='ltr'><strong>adorau-</strong></span> 
     </span>
    </p>
   </div>
   <div class='ocr_carea' id='block_1_29' title="bbox 576 2983 2156 3079">
    <p class='ocr_par' dir='ltr' id='par_1_29' title="bbox 576 2983 2156 3079">
     <span class='ocr_line' id='line_1_29' title="bbox 576 2983 2156 3079; baseline -0.012 -25"><span class='ocrx_word' id='word_1_219' title='bbox 576 3014 681 3058; x_wconf 86' lang='lat' dir='ltr'><strong>tur.</strong></span> <span class='ocrx_word' id='word_1_220' title='bbox 736 3002 813 3057; x_wconf 87' lang='lat' dir='ltr'><strong>Ac</strong></span> <span class='ocrx_word' id='word_1_221' title='bbox 851 3015 946 3069; x_wconf 91' lang='lat' dir='ltr'><strong>per</strong></span> <span class='ocrx_word' id='word_1_222' title='bbox 985 2997 1086 3052; x_wconf 91' lang='lat' dir='ltr'><strong>hoc</strong></span> <span class='ocrx_word' id='word_1_223' title='bbox 1125 3010 1167 3079; x_wconf 41' lang='grc' dir='ltr'><strong>,ει</strong></span> <span class='ocrx_word' id='word_1_224' title='bbox 1212 2993 1415 3064; x_wconf 83' lang='lat' dir='ltr'><strong>Spiritu</strong></span> <span class='ocrx_word' id='word_1_225' title='bbox 1464 2999 1649 3045; x_wconf 87' lang='lat' dir='ltr'><strong>sancto</strong></span> <span class='ocrx_word' id='word_1_226' title='bbox 1686 2985 1897 3041; x_wconf 87' lang='lat' dir='ltr'><strong>adorari</strong></span> <span class='ocrx_word' id='word_1_227' title='bbox 1943 2983 2156 3038; x_wconf 84' lang='lat' dir='ltr'><strong>Patrem</strong></span> 
     </span>
    </p>
   </div>
   <div class='ocr_carea' id='block_1_30' title="bbox 574 3081 1582 3153">
    <p class='ocr_par' dir='ltr' id='par_1_30' title="bbox 574 3081 1582 3153">
     <span class='ocr_line' id='line_1_30' title="bbox 574 3081 1582 3153; baseline -0.014 -4"><span class='ocrx_word' id='word_1_228' title='bbox 574 3095 724 3149; x_wconf 85' lang='lat' dir='ltr'><strong>nullo</strong></span> <span class='ocrx_word' id='word_1_229' title='bbox 764 3091 924 3147; x_wconf 92' lang='lat' dir='ltr'><strong>modo</strong></span> <span class='ocrx_word' id='word_1_230' title='bbox 949 3089 1316 3145; x_wconf 87' lang='lat' dir='ltr'><strong>demonstrare</strong></span> <span class='ocrx_word' id='word_1_231' title='bbox 1345 3081 1582 3153; x_wconf 90' lang='lat' dir='ltr'><strong>potuisti.</strong></span> 
     </span>
    </p>
   </div>
   <div class='ocr_carea' id='block_1_31' title="bbox 640 3180 2160 3269">
    <p class='ocr_par' dir='ltr' id='par_1_31' title="bbox 640 3180 2160 3269">
     <span class='ocr_line' id='line_1_31' title="bbox 640 3180 2160 3269; baseline -0.015 -6"><span class='ocrx_word' id='word_1_232' title='bbox 640 3204 868 3264; x_wconf 75' lang='lat' dir='ltr'><strong>CAPUT</strong></span> <span class='ocrx_word' id='word_1_233' title='bbox 882 3202 1024 3258; x_wconf 76' lang='lat' dir='ltr'><strong>X.—</strong></span> <span class='ocrx_word' id='word_1_234' title='bbox 1045 3197 1308 3269; x_wconf 82' lang='lat' dir='ltr'><strong>Quomodo</strong></span> <span class='ocrx_word' id='word_1_235' title='bbox 1337 3198 1401 3251; x_wconf 92' lang='lat' dir='ltr'><strong>sit</strong></span> <span class='ocrx_word' id='word_1_236' title='bbox 1425 3211 1555 3250; x_wconf 86' lang='lat' dir='ltr'><strong>unus</strong></span> <span class='ocrx_word' id='word_1_237' title='bbox 1580 3191 1717 3247; x_wconf 91' lang='lat' dir='ltr'><strong>Deus</strong></span> <span class='ocrx_word' id='word_1_238' title='bbox 1748 3190 1903 3244; x_wconf 88' lang='lat' dir='ltr'><strong>Pater</strong></span> <span class='ocrx_word' id='word_1_239' title='bbox 1922 3197 1965 3242; x_wconf 92' lang='lat' dir='ltr'><strong>et</strong></span> <span class='ocrx_word' id='word_1_240' title='bbox 1994 3180 2160 3240; x_wconf 85' lang='lat' dir='ltr'><strong>Filius</strong></span> 
     </span>
    </p>
   </div>
   <div class='ocr_carea' id='block_1_32' title="bbox 574 3278 2159 3371">
    <p class='ocr_par' dir='ltr' id='par_1_32' title="bbox 574 3278 2159 3371">
     <span class='ocr_line' id='line_1_32' title="bbox 574 3278 2159 3371; baseline -0.015 -17"><span class='ocrx_word' id='word_1_241' title='bbox 574 3310 621 3355; x_wconf 88' lang='lat' dir='ltr'><strong>et</strong></span> <span class='ocrx_word' id='word_1_242' title='bbox 662 3298 883 3371; x_wconf 76' lang='lat' dir='ltr'><strong>Spiritus</strong></span> <span class='ocrx_word' id='word_1_243' title='bbox 911 3304 1131 3350; x_wconf 86' lang='lat' dir='ltr'><strong>sanctus.</strong></span> <span class='ocrx_word' id='word_1_244' title='bbox 1178 3291 1392 3346; x_wconf 84' lang='lat' dir='ltr'><strong>Decimo</strong></span> <span class='ocrx_word' id='word_1_245' title='bbox 1420 3289 1535 3342; x_wconf 89' lang='lat' dir='ltr'><strong>loco</strong></span> <span class='ocrx_word' id='word_1_246' title='bbox 1559 3286 1641 3356; x_wconf 89' lang='lat' dir='ltr'><strong>egi</strong></span> <span class='ocrx_word' id='word_1_247' title='bbox 1673 3293 1846 3338; x_wconf 91' lang='lat' dir='ltr'><strong>tecum</strong></span> <span class='ocrx_word' id='word_1_248' title='bbox 1878 3290 1935 3335; x_wconf 94' lang='lat' dir='ltr'><strong>ut</strong></span> <span class='ocrx_word' id='word_1_249' title='bbox 1965 3278 2159 3334; x_wconf 83' lang='lat' dir='ltr'><strong>intelli-</strong></span> 
     </span>
    </p>
   </div>
   <div class='ocr_carea' id='block_1_33' title="bbox 575 3370 2158 3465">
    <p class='ocr_par' dir='ltr' id='par_1_33' title="bbox 575 3370 2158 3465">
     <span class='ocr_line' id='line_1_33' title="bbox 575 3370 2158 3465; baseline -0.015 -17"><span class='ocrx_word' id='word_1_250' title='bbox 575 3370 749 3465; x_wconf 80' lang='lat' dir='ltr'><strong>geres,</strong></span> <span class='ocrx_word' id='word_1_251' title='bbox 771 3370 1041 3461; x_wconf 82' lang='lat' dir='ltr'><strong>quomodo</strong></span> <span class='ocrx_word' id='word_1_252' title='bbox 1065 3401 1157 3456; x_wconf 89' lang='lat' dir='ltr'><strong>per</strong></span> <span class='ocrx_word' id='word_1_253' title='bbox 1184 3381 1501 3437; x_wconf 83' lang='lat' dir='ltr'><strong>inctl‘abilem</strong></span> <span class='ocrx_word' id='word_1_254' title='bbox 1524 3374 1917 3447; x_wconf 87' lang='lat' dir='ltr'><strong>cepulationem</strong></span> <span class='ocrx_word' id='word_1_255' title='bbox 1935 3372 2004 3425; x_wconf 90' lang='lat' dir='ltr'><strong>sit</strong></span> <span class='ocrx_word' id='word_1_256' title='bbox 2022 3383 2158 3424; x_wconf 91' lang='lat' dir='ltr'><strong>unus</strong></span> 
     </span>
    </p>
   </div>
   <div class='ocr_carea' id='block_1_34' title="bbox 576 3465 2160 3554">
    <p class='ocr_par' dir='ltr' id='par_1_34' title="bbox 576 3465 2160 3554">
     <span class='ocr_line' id='line_1_34' title="bbox 576 3465 2160 3554; baseline -0.015 -14"><span class='ocrx_word' id='word_1_257' title='bbox 576 3486 717 3539; x_wconf 90' lang='lat' dir='ltr'><strong>Deus</strong></span> <span class='ocrx_word' id='word_1_258' title='bbox 744 3483 855 3554; x_wconf 89' lang='lat' dir='ltr'><strong>ipsa</strong></span> <span class='ocrx_word' id='word_1_259' title='bbox 882 3479 1308 3546; x_wconf 88' lang='lat' dir='ltr'><strong>Trinitas,quam</strong></span> <span class='ocrx_word' id='word_1_260' title='bbox 1338 3472 1561 3527; x_wconf 89' lang='lat' dir='ltr'><strong>dicimus</strong></span> <span class='ocrx_word' id='word_1_261' title='bbox 1582 3469 1736 3524; x_wconf 92' lang='lat' dir='ltr'><strong>unius</strong></span> <span class='ocrx_word' id='word_1_262' title='bbox 1766 3482 1886 3523; x_wconf 91' lang='lat' dir='ltr'><strong>esse</strong></span> <span class='ocrx_word' id='word_1_263' title='bbox 1913 3465 2160 3521; x_wconf 85' lang='lat' dir='ltr'><strong>substan-</strong></span> 
     </span>
    </p>
   </div>
   <div class='ocr_carea' id='block_1_35' title="bbox 576 3555 2161 3643">
    <p class='ocr_par' dir='ltr' id='par_1_35' title="bbox 576 3555 2161 3643">
     <span class='ocr_line' id='line_1_35' title="bbox 576 3555 2161 3643; baseline -0.013 -14"><span class='ocrx_word' id='word_1_264' title='bbox 576 3574 662 3630; x_wconf 71' lang='lat' dir='ltr'><strong>tice</strong></span> <span class='ocrx_word' id='word_1_265' title='bbox 693 3590 707 3627; x_wconf 89' lang='lat'><strong>:</strong></span> <span class='ocrx_word' id='word_1_266' title='bbox 741 3568 1165 3643; x_wconf 86' lang='lat' dir='ltr'><strong>quandoquidem</strong></span> <span class='ocrx_word' id='word_1_267' title='bbox 1193 3565 1351 3620; x_wconf 88' lang='lat' dir='ltr'><strong>etiam</strong></span> <span class='ocrx_word' id='word_1_268' title='bbox 1390 3561 1630 3617; x_wconf 88' lang='lat' dir='ltr'><strong>diversas</strong></span> <span class='ocrx_word' id='word_1_269' title='bbox 1662 3556 1985 3614; x_wconf 89' lang='lat' dir='ltr'><strong>substantias</strong></span> <span class='ocrx_word' id='word_1_270' title='bbox 2011 3555 2161 3609; x_wconf 82' lang='lat' dir='ltr'><strong>inve-</strong></span> 
     </span>
    </p>
   </div>
   <div class='ocr_carea' id='block_1_36' title="bbox 579 3643 2157 3730">
    <p class='ocr_par' dir='ltr' id='par_1_36' title="bbox 579 3643 2157 3730">
     <span class='ocr_line' id='line_1_36' title="bbox 579 3643 2157 3730; baseline -0.015 -10"><span class='ocrx_word' id='word_1_271' title='bbox 579 3666 756 3719; x_wconf 86' lang='lat' dir='ltr'><strong>nimus</strong></span> <span class='ocrx_word' id='word_1_272' title='bbox 780 3705 795 3730; x_wconf 91' lang='lat'><strong>,</strong></span> <span class='ocrx_word' id='word_1_273' title='bbox 825 3662 925 3715; x_wconf 93' lang='lat' dir='ltr'><strong>hoc</strong></span> <span class='ocrx_word' id='word_1_274' title='bbox 942 3667 1040 3723; x_wconf 89' lang='lat' dir='ltr'><strong>est,</strong></span> <span class='ocrx_word' id='word_1_275' title='bbox 1057 3656 1298 3726; x_wconf 83' lang='lat' dir='ltr'><strong>spiritum</strong></span> <span class='ocrx_word' id='word_1_276' title='bbox 1323 3652 1551 3707; x_wconf 87' lang='lat' dir='ltr'><strong>hominis</strong></span> <span class='ocrx_word' id='word_1_277' title='bbox 1575 3658 1628 3706; x_wconf 89' lang='lat' dir='ltr'><strong>et</strong></span> <span class='ocrx_word' id='word_1_278' title='bbox 1646 3648 1902 3719; x_wconf 89' lang='lat' dir='ltr'><strong>Spiritum</strong></span> <span class='ocrx_word' id='word_1_279' title='bbox 1927 3643 2157 3709; x_wconf 89' lang='lat' dir='ltr'><strong>Domini,</strong></span> 
     </span>
    </p>
   </div>
   <div class='ocr_carea' id='block_1_37' title="bbox 577 3739 2161 3825">
    <p class='ocr_par' dir='ltr' id='par_1_37' title="bbox 577 3739 2161 3825">
     <span class='ocr_line' id='line_1_37' title="bbox 577 3739 2161 3825; baseline -0.014 -14"><span class='ocrx_word' id='word_1_280' title='bbox 577 3772 673 3825; x_wconf 86' lang='lat' dir='ltr'><strong>per</strong></span> <span class='ocrx_word' id='word_1_281' title='bbox 714 3750 1103 3824; x_wconf 88' lang='lat' dir='ltr'><strong>eopulationem</strong></span> <span class='ocrx_word' id='word_1_282' title='bbox 1141 3763 1244 3817; x_wconf 86' lang='lat' dir='ltr'><strong>qua</strong></span> <span class='ocrx_word' id='word_1_283' title='bbox 1276 3747 1435 3800; x_wconf 90' lang='lat' dir='ltr'><strong>homo</strong></span> <span class='ocrx_word' id='word_1_284' title='bbox 1460 3742 1698 3797; x_wconf 81' lang='lat' dir='ltr'><strong>adhaeret</strong></span> <span class='ocrx_word' id='word_1_285' title='bbox 1726 3739 1970 3805; x_wconf 91' lang='lat' dir='ltr'><strong>Domino,</strong></span> <span class='ocrx_word' id='word_1_286' title='bbox 1997 3750 2161 3791; x_wconf 89' lang='lat' dir='ltr'><strong>unum</strong></span> 
     </span>
    </p>
   </div>
   <div class='ocr_carea' id='block_1_38' title="bbox 577 3828 2163 3913">
    <p class='ocr_par' dir='ltr' id='par_1_38' title="bbox 577 3828 2163 3913">
     <span class='ocr_line' id='line_1_38' title="bbox 577 3828 2163 3913; baseline -0.013 -14"><span class='ocrx_word' id='word_1_287' title='bbox 577 3846 819 3913; x_wconf 75' lang='lat' dir='ltr'><strong>Spiritum</strong></span> <span class='ocrx_word' id='word_1_288' title='bbox 845 3841 1064 3904; x_wconf 91' lang='lat' dir='ltr'><strong>dictum,</strong></span> <span class='ocrx_word' id='word_1_289' title='bbox 1099 3834 1185 3891; x_wconf 91' lang='lat' dir='ltr'><strong>ubi</strong></span> <span class='ocrx_word' id='word_1_290' title='bbox 1214 3837 1287 3890; x_wconf 87' lang='lat' dir='ltr'><strong>ait</strong></span> <span class='ocrx_word' id='word_1_291' title='bbox 1312 3832 1597 3905; x_wconf 85' lang='lat' dir='ltr'><strong>Apostolus</strong></span> <span class='ocrx_word' id='word_1_292' title='bbox 1621 3874 1636 3899; x_wconf 92' lang='lat'><strong>,</strong></span> <span class='ocrx_word' id='word_1_293' title='bbox 1673 3831 1770 3899; x_wconf 85' lang='lat' dir='ltr'><strong>Qui</strong></span> <span class='ocrx_word' id='word_1_294' title='bbox 1796 3840 1961 3883; x_wconf 88' lang='lat' dir='ltr'><strong>autem</strong></span> <span class='ocrx_word' id='word_1_295' title='bbox 1987 3828 2163 3881; x_wconf 77' lang='lat' dir='ltr'><strong>adlue-</strong></span> 
     </span>
    </p>
   </div>
   <div class='ocr_carea' id='block_1_39' title="bbox 577 3918 2164 3999">
    <p class='ocr_par' dir='ltr' id='par_1_39' title="bbox 577 3918 2164 3999">
     <span class='ocr_line' id='line_1_39' title="bbox 577 3918 2164 3999; baseline -0.01 -11"><span class='ocrx_word' id='word_1_296' title='bbox 577 3944 651 3988; x_wconf 84' lang='lat' dir='ltr'><strong>ret</strong></span> <span class='ocrx_word' id='word_1_297' title='bbox 682 3933 916 3999; x_wconf 89' lang='lat' dir='ltr'><strong>Domino,</strong></span> <span class='ocrx_word' id='word_1_298' title='bbox 946 3947 1077 3985; x_wconf 88' lang='lat' dir='ltr'><strong>unus</strong></span> <span class='ocrx_word' id='word_1_299' title='bbox 1104 3927 1313 3998; x_wconf 86' lang='lat' dir='ltr'><strong>spiritus</strong></span> <span class='ocrx_word' id='word_1_300' title='bbox 1339 3933 1409 3979; x_wconf 88' lang='lat' dir='ltr'><strong>est</strong></span> <span class='ocrx_word' id='word_1_301' title='bbox 1434 3924 1491 3995; x_wconf 91' lang='lat' dir='ltr'><strong>(l</strong></span> <span class='ocrx_word' id='word_1_302' title='bbox 1519 3923 1638 3979; x_wconf 88' lang='lat' dir='ltr'><strong>Cor.</strong></span> <span class='ocrx_word' id='word_1_303' title='bbox 1670 3938 1741 3987; x_wconf 77' lang='lat' dir='ltr'><strong>v1,</strong></span> <span class='ocrx_word' id='word_1_304' title='bbox 1769 3921 1880 3993; x_wconf 80' lang='grc'><strong>17).</strong></span> <span class='ocrx_word' id='word_1_305' title='bbox 1914 3918 1993 3974; x_wconf 90' lang='lat' dir='ltr'><strong>Ad</strong></span> <span class='ocrx_word' id='word_1_306' title='bbox 2021 3918 2164 3990; x_wconf 87' lang='lat' dir='ltr'><strong>quod</strong></span> 
     </span>
    </p>
   </div>
   <div class='ocr_carea' id='block_1_40' title="bbox 581 4012 2165 4094">
    <p class='ocr_par' dir='ltr' id='par_1_40' title="bbox 581 4012 2165 4094">
     <span class='ocr_line' id='line_1_40' title="bbox 581 4012 2165 4094; baseline -0.01 -14"><span class='ocrx_word' id='word_1_307' title='bbox 581 4035 637 4080; x_wconf 93' lang='lat' dir='ltr'><strong>tu</strong></span> <span class='ocrx_word' id='word_1_308' title='bbox 681 4024 1041 4094; x_wconf 87' lang='lat' dir='ltr'><strong>respondens,</strong></span> <span class='ocrx_word' id='word_1_309' title='bbox 1088 4012 1171 4074; x_wconf 84' lang='lat' dir='ltr'><strong>vel</strong></span> <span class='ocrx_word' id='word_1_310' title='bbox 1226 4015 1401 4088; x_wconf 91' lang='lat' dir='ltr'><strong>potius</strong></span> <span class='ocrx_word' id='word_1_311' title='bbox 1447 4031 1551 4070; x_wconf 91' lang='lat' dir='ltr'><strong>non</strong></span> <span class='ocrx_word' id='word_1_312' title='bbox 1603 4023 1803 4076; x_wconf 88' lang='lat' dir='ltr'><strong>tacens,</strong></span> <span class='ocrx_word' id='word_1_313' title='bbox 1851 4019 2073 4067; x_wconf 90' lang='lat' dir='ltr'><strong>conatus</strong></span> <span class='ocrx_word' id='word_1_314' title='bbox 2105 4024 2165 4064; x_wconf 86' lang='lat' dir='ltr'><strong>es</strong></span> 
     </span>
    </p>
   </div>
   <div class='ocr_carea' id='block_1_41' title="bbox 582 4100 2165 4182">
    <p class='ocr_par' dir='ltr' id='par_1_41' title="bbox 582 4100 2165 4182">
     <span class='ocr_line' id='line_1_41' title="bbox 582 4100 2165 4182; baseline -0.01 -12"><span class='ocrx_word' id='word_1_315' title='bbox 582 4114 869 4170; x_wconf 89' lang='lat' dir='ltr'><strong>ostendere</strong></span> <span class='ocrx_word' id='word_1_316' title='bbox 906 4108 1171 4182; x_wconf 90' lang='lat' dir='ltr'><strong>quomodo</strong></span> <span class='ocrx_word' id='word_1_317' title='bbox 1210 4107 1371 4162; x_wconf 85' lang='lat' dir='ltr'><strong>Pater</strong></span> <span class='ocrx_word' id='word_1_318' title='bbox 1409 4114 1462 4160; x_wconf 89' lang='lat' dir='ltr'><strong>et</strong></span> <span class='ocrx_word' id='word_1_319' title='bbox 1495 4100 1662 4160; x_wconf 83' lang='lat' dir='ltr'><strong>Filius</strong></span> <span class='ocrx_word' id='word_1_320' title='bbox 1691 4118 1853 4158; x_wconf 92' lang='lat' dir='ltr'><strong>unum</strong></span> <span class='ocrx_word' id='word_1_321' title='bbox 1892 4103 2017 4166; x_wconf 86' lang='lat' dir='ltr'><strong>sint,</strong></span> <span class='ocrx_word' id='word_1_322' title='bbox 2059 4116 2165 4155; x_wconf 88' lang='lat' dir='ltr'><strong>non</strong></span> 
     </span>
    </p>
   </div>
   <div class='ocr_carea' id='block_1_42' title="bbox 585 4192 2166 4266">
    <p class='ocr_par' dir='ltr' id='par_1_42' title="bbox 585 4192 2166 4266">
     <span class='ocr_line' id='line_1_42' title="bbox 585 4192 2166 4266; baseline -0.009 -4"><span class='ocrx_word' id='word_1_323' title='bbox 585 4209 787 4262; x_wconf 90' lang='lat' dir='ltr'><strong>unitate</strong></span> <span class='ocrx_word' id='word_1_324' title='bbox 818 4213 1052 4266; x_wconf 79' lang='lat' dir='ltr'><strong>naturae,</strong></span> <span class='ocrx_word' id='word_1_325' title='bbox 1095 4200 1188 4256; x_wconf 88' lang='lat' dir='ltr'><strong>sed</strong></span> <span class='ocrx_word' id='word_1_326' title='bbox 1229 4197 1531 4253; x_wconf 84' lang='lat' dir='ltr'><strong>voluntatis.</strong></span> <span class='ocrx_word' id='word_1_327' title='bbox 1574 4192 1686 4251; x_wconf 81' lang='lat' dir='ltr'><strong>Hoc</strong></span> <span class='ocrx_word' id='word_1_328' title='bbox 1730 4192 1944 4265; x_wconf 88' lang='lat' dir='ltr'><strong>quidem</strong></span> <span class='ocrx_word' id='word_1_329' title='bbox 1989 4193 2166 4247; x_wconf 88' lang='lat' dir='ltr'><strong>dicere</strong></span> 
     </span>
    </p>
   </div>
   <div class='ocr_carea' id='block_1_43' title="bbox 583 4282 2167 4355">
    <p class='ocr_par' dir='ltr' id='par_1_43' title="bbox 583 4282 2167 4355">
     <span class='ocr_line' id='line_1_43' title="bbox 583 4282 2167 4355; baseline -0.011 -1"><span class='ocrx_word' id='word_1_330' title='bbox 583 4298 768 4355; x_wconf 87' lang='lat' dir='ltr'><strong>soletis</strong></span> <span class='ocrx_word' id='word_1_331' title='bbox 801 4313 813 4349; x_wconf 91' lang='lat'><strong>:</strong></span> <span class='ocrx_word' id='word_1_332' title='bbox 843 4295 937 4351; x_wconf 91' lang='lat' dir='ltr'><strong>sed</strong></span> <span class='ocrx_word' id='word_1_333' title='bbox 983 4305 1105 4347; x_wconf 91' lang='lat' dir='ltr'><strong>tunc</strong></span> <span class='ocrx_word' id='word_1_334' title='bbox 1145 4289 1357 4353; x_wconf 90' lang='lat' dir='ltr'><strong>soletis,</strong></span> <span class='ocrx_word' id='word_1_335' title='bbox 1387 4303 1509 4343; x_wconf 92' lang='lat' dir='ltr'><strong>cum</strong></span> <span class='ocrx_word' id='word_1_336' title='bbox 1543 4282 1691 4341; x_wconf 79' lang='lat' dir='ltr'><strong>vobis</strong></span> <span class='ocrx_word' id='word_1_337' title='bbox 1737 4285 1983 4354; x_wconf 89' lang='lat' dir='ltr'><strong>objicitur</strong></span> <span class='ocrx_word' id='word_1_338' title='bbox 2026 4282 2167 4352; x_wconf 90' lang='lat' dir='ltr'><strong>quod</strong></span> 
     </span>
    </p>
   </div>
   <div class='ocr_carea' id='block_1_44' title="bbox 586 4373 2166 4461">
    <p class='ocr_par' dir='ltr' id='par_1_44' title="bbox 586 4373 2166 4461">
     <span class='ocr_line' id='line_1_44' title="bbox 586 4373 2166 4461; baseline -0.011 -17"><span class='ocrx_word' id='word_1_339' title='bbox 586 4390 661 4443; x_wconf 90' lang='lat' dir='ltr'><strong>ait</strong></span> <span class='ocrx_word' id='word_1_340' title='bbox 689 4386 967 4461; x_wconf 86' lang='lat' dir='ltr'><strong>Dominus,</strong></span> <span class='ocrx_word' id='word_1_341' title='bbox 995 4383 1104 4453; x_wconf 75' lang='lat' dir='ltr'><strong>Ego</strong></span> <span class='ocrx_word' id='word_1_342' title='bbox 1134 4392 1179 4435; x_wconf 91' lang='lat' dir='ltr'><strong>et</strong></span> <span class='ocrx_word' id='word_1_343' title='bbox 1212 4379 1369 4433; x_wconf 86' lang='lat' dir='ltr'><strong>Pater</strong></span> <span class='ocrx_word' id='word_1_344' title='bbox 1395 4387 1549 4432; x_wconf 84' lang='lat' dir='ltr'><strong>unum</strong></span> <span class='ocrx_word' id='word_1_345' title='bbox 1571 4394 1744 4432; x_wconf 88' lang='lat' dir='ltr'><strong>sumus</strong></span> <span class='ocrx_word' id='word_1_346' title='bbox 1772 4373 1946 4446; x_wconf 82' lang='lat' dir='ltr'><strong>(Joan.</strong></span> <span class='ocrx_word' id='word_1_347' title='bbox 1970 4391 2023 4441; x_wconf 72' lang='grc' dir='ltr'><strong>ι,</strong></span> <span class='ocrx_word' id='word_1_348' title='bbox 2051 4373 2166 4439; x_wconf 84' lang='lat'><strong>&#39;50).</strong></span> 
     </span>
    </p>
   </div>
   <div class='ocr_carea' id='block_1_45' title="bbox 586 4463 2170 4549">
    <p class='ocr_par' dir='ltr' id='par_1_45' title="bbox 586 4463 2170 4549">
     <span class='ocr_line' id='line_1_45' title="bbox 586 4463 2170 4549; baseline -0.009 -15"><span class='ocrx_word' id='word_1_349' title='bbox 586 4477 702 4549; x_wconf 82' lang='lat' dir='ltr'><strong>Ego</strong></span> <span class='ocrx_word' id='word_1_350' title='bbox 732 4488 906 4532; x_wconf 90' lang='lat' dir='ltr'><strong>autem</strong></span> <span class='ocrx_word' id='word_1_351' title='bbox 958 4468 1227 4528; x_wconf 48' lang='lat' dir='ltr'><strong>lioexloco</strong></span> <span class='ocrx_word' id='word_1_352' title='bbox 1273 4486 1376 4525; x_wconf 88' lang='lat' dir='ltr'><strong>non</strong></span> <span class='ocrx_word' id='word_1_353' title='bbox 1431 4469 1529 4524; x_wconf 90' lang='lat' dir='ltr'><strong>hoc</strong></span> <span class='ocrx_word' id='word_1_354' title='bbox 1580 4467 1719 4522; x_wconf 84' lang='lat' dir='ltr'><strong>volui</strong></span> <span class='ocrx_word' id='word_1_355' title='bbox 1750 4467 1996 4537; x_wconf 87' lang='lat' dir='ltr'><strong>probare,</strong></span> <span class='ocrx_word' id='word_1_356' title='bbox 2028 4463 2170 4532; x_wconf 90' lang='lat' dir='ltr'><strong>quod</strong></span> 
     </span>
    </p>
   </div>
   <div class='ocr_carea' id='block_1_46' title="bbox 590 4551 2170 4634">
    <p class='ocr_par' dir='ltr' id='par_1_46' title="bbox 590 4551 2170 4634">
     <span class='ocr_line' id='line_1_46' title="bbox 590 4551 2170 4634; baseline -0.01 -8"><span class='ocrx_word' id='word_1_357' title='bbox 590 4572 747 4627; x_wconf 87' lang='lat' dir='ltr'><strong>Pater</strong></span> <span class='ocrx_word' id='word_1_358' title='bbox 773 4579 826 4624; x_wconf 89' lang='lat' dir='ltr'><strong>et</strong></span> <span class='ocrx_word' id='word_1_359' title='bbox 875 4562 1036 4623; x_wconf 83' lang='lat' dir='ltr'><strong>Filius</strong></span> <span class='ocrx_word' id='word_1_360' title='bbox 1063 4568 1116 4621; x_wconf 85' lang='lat' dir='ltr'><strong>et</strong></span> <span class='ocrx_word' id='word_1_361' title='bbox 1147 4565 1375 4634; x_wconf 86' lang='lat' dir='ltr'><strong>Spiritus</strong></span> <span class='ocrx_word' id='word_1_362' title='bbox 1404 4572 1617 4616; x_wconf 90' lang='lat' dir='ltr'><strong>sanctus</strong></span> <span class='ocrx_word' id='word_1_363' title='bbox 1645 4576 1807 4615; x_wconf 90' lang='lat' dir='ltr'><strong>unum</strong></span> <span class='ocrx_word' id='word_1_364' title='bbox 1838 4551 1944 4613; x_wconf 88' lang='lat' dir='ltr'><strong>sint</strong></span> <span class='ocrx_word' id='word_1_365' title='bbox 1965 4598 1980 4623; x_wconf 92' lang='lat'><strong>,</strong></span> <span class='ocrx_word' id='word_1_366' title='bbox 2028 4555 2170 4627; x_wconf 91' lang='lat' dir='ltr'><strong>quod</strong></span> 
     </span>
    </p>
   </div>
   <div class='ocr_carea' id='block_1_47' title="bbox 589 4642 2171 4734">
    <p class='ocr_par' dir='ltr' id='par_1_47' title="bbox 589 4642 2171 4734">
     <span class='ocr_line' id='line_1_47' title="bbox 589 4642 2171 4734; baseline -0.011 -18"><span class='ocrx_word' id='word_1_367' title='bbox 589 4661 802 4734; x_wconf 88' lang='lat' dir='ltr'><strong>quidem</strong></span> <span class='ocrx_word' id='word_1_368' title='bbox 831 4668 1045 4730; x_wconf 89' lang='lat' dir='ltr'><strong>propter</strong></span> <span class='ocrx_word' id='word_1_369' title='bbox 1080 4656 1334 4711; x_wconf 88' lang='lat' dir='ltr'><strong>unitatem</strong></span> <span class='ocrx_word' id='word_1_370' title='bbox 1364 4642 1674 4709; x_wconf 71' lang='lat' dir='ltr'><strong>substantia:</strong></span> <span class='ocrx_word' id='word_1_371' title='bbox 1701 4642 2007 4703; x_wconf 84' lang='lat' dir='ltr'><strong>fidelissime</strong></span> <span class='ocrx_word' id='word_1_372' title='bbox 2026 4655 2171 4701; x_wconf 89' lang='lat' dir='ltr'><strong>certe</strong></span> 
     </span>
    </p>
   </div>
   <div class='ocr_carea' id='block_1_48' title="bbox 591 4732 2167 4819">
    <p class='ocr_par' dir='ltr' id='par_1_48' title="bbox 591 4732 2167 4819">
     <span class='ocr_line' id='line_1_48' title="bbox 591 4732 2167 4819; baseline -0.011 -11"><span class='ocrx_word' id='word_1_373' title='bbox 591 4732 896 4817; x_wconf 80' lang='lat' dir='ltr'><strong>credimus;</strong></span> <span class='ocrx_word' id='word_1_374' title='bbox 935 4749 1029 4806; x_wconf 90' lang='lat' dir='ltr'><strong>sed</strong></span> <span class='ocrx_word' id='word_1_375' title='bbox 1068 4747 1210 4819; x_wconf 90' lang='lat' dir='ltr'><strong>quod</strong></span> <span class='ocrx_word' id='word_1_376' title='bbox 1239 4745 1424 4801; x_wconf 90' lang='lat' dir='ltr'><strong>eadem</strong></span> <span class='ocrx_word' id='word_1_377' title='bbox 1457 4732 1691 4798; x_wconf 84' lang='lat' dir='ltr'><strong>Trinitas</strong></span> <span class='ocrx_word' id='word_1_378' title='bbox 1718 4755 1854 4795; x_wconf 91' lang='lat' dir='ltr'><strong>unus</strong></span> <span class='ocrx_word' id='word_1_379' title='bbox 1878 4748 1960 4795; x_wconf 93' lang='lat' dir='ltr'><strong>est</strong></span> <span class='ocrx_word' id='word_1_380' title='bbox 2008 4736 2167 4792; x_wconf 87' lang='lat' dir='ltr'><strong>Deus.</strong></span> 
     </span>
    </p>
   </div>
   <div class='ocr_carea' id='block_1_49' title="bbox 592 4830 2169 4911">
    <p class='ocr_par' dir='ltr' id='par_1_49' title="bbox 592 4830 2169 4911">
     <span class='ocr_line' id='line_1_49' title="bbox 592 4830 2169 4911; baseline -0.01 -13"><span class='ocrx_word' id='word_1_381' title='bbox 592 4843 747 4899; x_wconf 87' lang='lat' dir='ltr'><strong>Aliud</strong></span> <span class='ocrx_word' id='word_1_382' title='bbox 776 4852 860 4897; x_wconf 89' lang='lat' dir='ltr'><strong>est</strong></span> <span class='ocrx_word' id='word_1_383' title='bbox 883 4843 1102 4911; x_wconf 89' lang='lat' dir='ltr'><strong>quippe,</strong></span> <span class='ocrx_word' id='word_1_384' title='bbox 1130 4854 1293 4893; x_wconf 89' lang='lat' dir='ltr'><strong>unum</strong></span> <span class='ocrx_word' id='word_1_385' title='bbox 1321 4842 1475 4900; x_wconf 86' lang='lat' dir='ltr'><strong>sunt;</strong></span> <span class='ocrx_word' id='word_1_386' title='bbox 1506 4832 1665 4895; x_wconf 88' lang='lat' dir='ltr'><strong>aliud,</strong></span> <span class='ocrx_word' id='word_1_387' title='bbox 1707 4845 1843 4885; x_wconf 92' lang='lat' dir='ltr'><strong>unus</strong></span> <span class='ocrx_word' id='word_1_388' title='bbox 1881 4830 1964 4885; x_wconf 89' lang='lat' dir='ltr'><strong>est</strong></span> <span class='ocrx_word' id='word_1_389' title='bbox 2009 4830 2169 4911; x_wconf 90' lang='lat' dir='ltr'><strong>Deus.</strong></span> 
     </span>
    </p>
   </div>
   <div class='ocr_carea' id='block_1_50' title="bbox 595 4909 2175 5000">
    <p class='ocr_par' dir='ltr' id='par_1_50' title="bbox 595 4909 2175 5000">
     <span class='ocr_line' id='line_1_50' title="bbox 595 4909 2175 5000; baseline -0.011 -9"><span class='ocrx_word' id='word_1_390' title='bbox 595 4935 871 4998; x_wconf 87' lang='lat' dir='ltr'><strong>Disecrne,</strong></span> <span class='ocrx_word' id='word_1_391' title='bbox 903 4909 1028 5000; x_wconf 65' lang='lat' dir='ltr'><strong>Est,</strong></span> <span class='ocrx_word' id='word_1_392' title='bbox 1052 4931 1277 4987; x_wconf 91' lang='lat' dir='ltr'><strong>etSunt.</strong></span> <span class='ocrx_word' id='word_1_393' title='bbox 1310 4928 1417 4983; x_wconf 86' lang='lat' dir='ltr'><strong>Nec</strong></span> <span class='ocrx_word' id='word_1_394' title='bbox 1440 4926 1515 4980; x_wconf 88' lang='lat' dir='ltr'><strong>ait</strong></span> <span class='ocrx_word' id='word_1_395' title='bbox 1540 4923 1846 4993; x_wconf 90' lang='lat' dir='ltr'><strong>Apostolus,</strong></span> <span class='ocrx_word' id='word_1_396' title='bbox 1870 4921 1970 4990; x_wconf 85' lang='lat' dir='ltr'><strong>Qui</strong></span> <span class='ocrx_word' id='word_1_397' title='bbox 1995 4909 2175 4975; x_wconf 62' lang='lat' dir='ltr'><strong>adhae-</strong></span> 
     </span>
    </p>
   </div>
   <div class='ocr_carea' id='block_1_51' title="bbox 596 5014 2175 5090">
    <p class='ocr_par' dir='ltr' id='par_1_51' title="bbox 596 5014 2175 5090">
     <span class='ocr_line' id='line_1_51' title="bbox 596 5014 2175 5090; baseline -0.009 -8"><span class='ocrx_word' id='word_1_398' title='bbox 596 5035 718 5083; x_wconf 91' lang='lat' dir='ltr'><strong>rent</strong></span> <span class='ocrx_word' id='word_1_399' title='bbox 740 5025 985 5090; x_wconf 88' lang='lat' dir='ltr'><strong>Domino,</strong></span> <span class='ocrx_word' id='word_1_400' title='bbox 1004 5039 1171 5077; x_wconf 90' lang='lat' dir='ltr'><strong>unum</strong></span> <span class='ocrx_word' id='word_1_401' title='bbox 1195 5030 1349 5085; x_wconf 89' lang='lat' dir='ltr'><strong>sunt;</strong></span> <span class='ocrx_word' id='word_1_402' title='bbox 1380 5016 1627 5088; x_wconf 89' lang='lat' dir='ltr'><strong>quoniam</strong></span> <span class='ocrx_word' id='word_1_403' title='bbox 1655 5015 1864 5070; x_wconf 88' lang='lat' dir='ltr'><strong>diversa</strong></span> <span class='ocrx_word' id='word_1_404' title='bbox 1880 5014 2175 5068; x_wconf 79' lang='lat' dir='ltr'><strong>substantia</strong></span> 
     </span>
    </p>
   </div>
   <div class='ocr_carea' id='block_1_52' title="bbox 596 5104 2172 5180">
    <p class='ocr_par' dir='ltr' id='par_1_52' title="bbox 596 5104 2172 5180">
     <span class='ocr_line' id='line_1_52' title="bbox 596 5104 2172 5180; baseline -0.01 -7"><span class='ocrx_word' id='word_1_405' title='bbox 596 5125 679 5172; x_wconf 84' lang='lat' dir='ltr'><strong>est</strong></span> <span class='ocrx_word' id='word_1_406' title='bbox 710 5136 723 5172; x_wconf 89' lang='lat'><strong>:</strong></span> <span class='ocrx_word' id='word_1_407' title='bbox 751 5115 841 5172; x_wconf 89' lang='lat' dir='ltr'><strong>sed</strong></span> <span class='ocrx_word' id='word_1_408' title='bbox 879 5115 953 5169; x_wconf 84' lang='lat' dir='ltr'><strong>ait</strong></span> <span class='ocrx_word' id='word_1_409' title='bbox 979 5131 992 5168; x_wconf 90' lang='lat'><strong>:</strong></span> <span class='ocrx_word' id='word_1_410' title='bbox 1025 5113 1123 5180; x_wconf 88' lang='lat' dir='ltr'><strong>Qui</strong></span> <span class='ocrx_word' id='word_1_411' title='bbox 1152 5110 1374 5166; x_wconf 62' lang='lat' dir='ltr'><strong>adhaeret</strong></span> <span class='ocrx_word' id='word_1_412' title='bbox 1412 5107 1631 5161; x_wconf 85' lang='lat' dir='ltr'><strong>Domino</strong></span> <span class='ocrx_word' id='word_1_413' title='bbox 1651 5147 1665 5169; x_wconf 92' lang='lat'><strong>,</strong></span> <span class='ocrx_word' id='word_1_414' title='bbox 1695 5122 1823 5160; x_wconf 87' lang='lat' dir='ltr'><strong>unus</strong></span> <span class='ocrx_word' id='word_1_415' title='bbox 1847 5104 2055 5174; x_wconf 85' lang='lat' dir='ltr'><strong>spiritus</strong></span> <span class='ocrx_word' id='word_1_416' title='bbox 2081 5113 2172 5158; x_wconf 87' lang='lat' dir='ltr'><strong>est.</strong></span> 
     </span>
    </p>
   </div>
   <div class='ocr_carea' id='block_1_53' title="bbox 597 5193 2179 5268">
    <p class='ocr_par' dir='ltr' id='par_1_53' title="bbox 597 5193 2179 5268">
     <span class='ocr_line' id='line_1_53' title="bbox 597 5193 2179 5268; baseline -0.011 -3"><span class='ocrx_word' id='word_1_417' title='bbox 597 5210 652 5265; x_wconf 78' lang='lat' dir='ltr'><strong>Si</strong></span> <span class='ocrx_word' id='word_1_418' title='bbox 680 5217 855 5263; x_wconf 91' lang='lat' dir='ltr'><strong>autem</strong></span> <span class='ocrx_word' id='word_1_419' title='bbox 879 5219 993 5268; x_wconf 84' lang='lat' dir='ltr'><strong>vos,</strong></span> <span class='ocrx_word' id='word_1_420' title='bbox 1022 5219 1141 5258; x_wconf 89' lang='lat' dir='ltr'><strong>cum</strong></span> <span class='ocrx_word' id='word_1_421' title='bbox 1162 5203 1228 5257; x_wconf 85' lang='lat' dir='ltr'><strong>de</strong></span> <span class='ocrx_word' id='word_1_422' title='bbox 1252 5200 1458 5256; x_wconf 90' lang='lat' dir='ltr'><strong>duobus</strong></span> <span class='ocrx_word' id='word_1_423' title='bbox 1482 5198 1695 5264; x_wconf 89' lang='lat' dir='ltr'><strong>dicitur,</strong></span> <span class='ocrx_word' id='word_1_424' title='bbox 1714 5193 1861 5253; x_wconf 86' lang='lat' dir='ltr'><strong>Unus</strong></span> <span class='ocrx_word' id='word_1_425' title='bbox 1887 5207 1987 5259; x_wconf 90' lang='lat' dir='ltr'><strong>est,</strong></span> <span class='ocrx_word' id='word_1_426' title='bbox 2019 5206 2071 5250; x_wconf 88' lang='lat' dir='ltr'><strong>et</strong></span> <span class='ocrx_word' id='word_1_427' title='bbox 2099 5196 2179 5249; x_wconf 81' lang='lat' dir='ltr'><strong>di-</strong></span> 
     </span>
    </p>
   </div>
   <div class='ocr_carea' id='block_1_54' title="bbox 599 5278 2179 5371">
    <p class='ocr_par' dir='ltr' id='par_1_54' title="bbox 599 5278 2179 5371">
     <span class='ocr_line' id='line_1_54' title="bbox 599 5278 2179 5371; baseline -0.008 -17"><span class='ocrx_word' id='word_1_428' title='bbox 599 5300 736 5354; x_wconf 88' lang='lat' dir='ltr'><strong>citur</strong></span> <span class='ocrx_word' id='word_1_429' title='bbox 761 5296 886 5369; x_wconf 90' lang='lat' dir='ltr'><strong>quid</strong></span> <span class='ocrx_word' id='word_1_430' title='bbox 912 5310 1077 5371; x_wconf 81' lang='lat' dir='ltr'><strong>unus,</strong></span> <span class='ocrx_word' id='word_1_431' title='bbox 1113 5293 1249 5348; x_wconf 86' lang='lat' dir='ltr'><strong>sicut</strong></span> <span class='ocrx_word' id='word_1_432' title='bbox 1298 5290 1427 5346; x_wconf 89' lang='lat' dir='ltr'><strong>dicit</strong></span> <span class='ocrx_word' id='word_1_433' title='bbox 1472 5289 1777 5357; x_wconf 82' lang='lat' dir='ltr'><strong>Apostolus,</strong></span> <span class='ocrx_word' id='word_1_434' title='bbox 1820 5304 1950 5342; x_wconf 85' lang='lat' dir='ltr'><strong>unus</strong></span> <span class='ocrx_word' id='word_1_435' title='bbox 1973 5278 2179 5357; x_wconf 74' lang='lat' dir='ltr'><strong>spiritus</strong></span> 
     </span>
    </p>
   </div>
   <div class='ocr_carea' id='block_1_55' title="bbox 600 5377 2180 5457">
    <p class='ocr_par' dir='ltr' id='par_1_55' title="bbox 600 5377 2180 5457">
     <span class='ocr_line' id='line_1_55' title="bbox 600 5377 2180 5457; baseline -0.008 -13"><span class='ocrx_word' id='word_1_436' title='bbox 600 5401 709 5453; x_wconf 86' lang='lat' dir='ltr'><strong>est;</strong></span> <span class='ocrx_word' id='word_1_437' title='bbox 734 5389 836 5443; x_wconf 88' lang='lat' dir='ltr'><strong>hoc</strong></span> <span class='ocrx_word' id='word_1_438' title='bbox 862 5387 999 5443; x_wconf 90' lang='lat' dir='ltr'><strong>idem</strong></span> <span class='ocrx_word' id='word_1_439' title='bbox 1038 5384 1233 5457; x_wconf 88' lang='lat' dir='ltr'><strong>putatis</strong></span> <span class='ocrx_word' id='word_1_440' title='bbox 1259 5398 1379 5439; x_wconf 89' lang='lat' dir='ltr'><strong>esse</strong></span> <span class='ocrx_word' id='word_1_441' title='bbox 1398 5422 1412 5446; x_wconf 91' lang='lat'><strong>,</strong></span> <span class='ocrx_word' id='word_1_442' title='bbox 1436 5380 1594 5449; x_wconf 6' lang='lat' dir='ltr'><strong>(quod</strong></span> <span class='ocrx_word' id='word_1_443' title='bbox 1618 5385 1701 5435; x_wconf 88' lang='lat' dir='ltr'><strong>est</strong></span> <span class='ocrx_word' id='word_1_444' title='bbox 1725 5394 1844 5434; x_wconf 90' lang='lat' dir='ltr'><strong>cum</strong></span> <span class='ocrx_word' id='word_1_445' title='bbox 1872 5377 1938 5432; x_wconf 91' lang='lat' dir='ltr'><strong>de</strong></span> <span class='ocrx_word' id='word_1_446' title='bbox 1975 5377 2180 5432; x_wconf 91' lang='lat' dir='ltr'><strong>duobus</strong></span> 
     </span>
    </p>
   </div>
   <div class='ocr_carea' id='block_1_56' title="bbox 604 5468 2184 5541">
    <p class='ocr_par' dir='ltr' id='par_1_56' title="bbox 604 5468 2184 5541">
     <span class='ocr_line' id='line_1_56' title="bbox 604 5468 2184 5541; baseline -0.008 -7"><span class='ocrx_word' id='word_1_447' title='bbox 604 5480 829 5541; x_wconf 88' lang='lat' dir='ltr'><strong>dicitur,</strong></span> <span class='ocrx_word' id='word_1_448' title='bbox 858 5476 1033 5532; x_wconf 89' lang='lat' dir='ltr'><strong>Unum</strong></span> <span class='ocrx_word' id='word_1_449' title='bbox 1063 5483 1206 5539; x_wconf 91' lang='lat' dir='ltr'><strong>sunt,</strong></span> <span class='ocrx_word' id='word_1_450' title='bbox 1252 5488 1350 5528; x_wconf 89' lang='lat' dir='ltr'><strong>nec</strong></span> <span class='ocrx_word' id='word_1_451' title='bbox 1388 5472 1579 5526; x_wconf 88' lang='lat' dir='ltr'><strong>dicitur</strong></span> <span class='ocrx_word' id='word_1_452' title='bbox 1621 5469 1747 5540; x_wconf 89' lang='lat' dir='ltr'><strong>quid</strong></span> <span class='ocrx_word' id='word_1_453' title='bbox 1789 5484 1993 5534; x_wconf 91' lang='lat' dir='ltr'><strong>unum;</strong></span> <span class='ocrx_word' id='word_1_454' title='bbox 2047 5468 2184 5522; x_wconf 90' lang='lat' dir='ltr'><strong>sicut</strong></span> 
     </span>
    </p>
   </div>
   <div class='ocr_carea' id='block_1_57' title="bbox 604 5560 2181 5639">
    <p class='ocr_par' dir='ltr' id='par_1_57' title="bbox 604 5560 2181 5639">
     <span class='ocr_line' id='line_1_57' title="bbox 604 5560 2181 5639; baseline -0.01 -10"><span class='ocrx_word' id='word_1_455' title='bbox 604 5574 678 5629; x_wconf 87' lang='lat' dir='ltr'><strong>ait</strong></span> <span class='ocrx_word' id='word_1_456' title='bbox 704 5571 961 5635; x_wconf 86' lang='lat' dir='ltr'><strong>Salvator,</strong></span> <span class='ocrx_word' id='word_1_457' title='bbox 998 5569 1106 5639; x_wconf 84' lang='lat' dir='ltr'><strong>Ego</strong></span> <span class='ocrx_word' id='word_1_458' title='bbox 1130 5578 1175 5622; x_wconf 91' lang='lat' dir='ltr'><strong>et</strong></span> <span class='ocrx_word' id='word_1_459' title='bbox 1202 5565 1352 5620; x_wconf 82' lang='lat' dir='ltr'><strong>Pater</strong></span> <span class='ocrx_word' id='word_1_460' title='bbox 1378 5580 1531 5618; x_wconf 88' lang='lat' dir='ltr'><strong>unum</strong></span> <span class='ocrx_word' id='word_1_461' title='bbox 1552 5578 1723 5617; x_wconf 88' lang='lat' dir='ltr'><strong>sumus</strong></span> <span class='ocrx_word' id='word_1_462' title='bbox 1750 5578 1768 5614; x_wconf 92' lang='lat'><strong><em>:</em></strong></span> <span class='ocrx_word' id='word_1_463' title='bbox 1795 5576 1887 5616; x_wconf 92' lang='lat' dir='ltr'><strong>cur</strong></span> <span class='ocrx_word' id='word_1_464' title='bbox 1917 5577 2021 5615; x_wconf 89' lang='lat' dir='ltr'><strong>non</strong></span> <span class='ocrx_word' id='word_1_465' title='bbox 2045 5560 2181 5614; x_wconf 87' lang='lat' dir='ltr'><strong>dici-</strong></span> 
     </span>
    </p>
   </div>
   <div class='ocr_carea' id='block_1_58' title="bbox 605 5653 2183 5731">
    <p class='ocr_par' dir='ltr' id='par_1_58' title="bbox 605 5653 2183 5731">
     <span class='ocr_line' id='line_1_58' title="bbox 605 5653 2183 5731; baseline -0.01 -11"><span class='ocrx_word' id='word_1_466' title='bbox 605 5666 695 5731; x_wconf 88' lang='lat' dir='ltr'><strong>tis,</strong></span> <span class='ocrx_word' id='word_1_467' title='bbox 723 5664 880 5718; x_wconf 83' lang='lat' dir='ltr'><strong>Pater</strong></span> <span class='ocrx_word' id='word_1_468' title='bbox 905 5670 959 5715; x_wconf 89' lang='lat' dir='ltr'><strong>et</strong></span> <span class='ocrx_word' id='word_1_469' title='bbox 985 5660 1147 5715; x_wconf 86' lang='lat' dir='ltr'><strong>Filius</strong></span> <span class='ocrx_word' id='word_1_470' title='bbox 1178 5671 1311 5712; x_wconf 89' lang='lat' dir='ltr'><strong>unus</strong></span> <span class='ocrx_word' id='word_1_471' title='bbox 1337 5665 1414 5711; x_wconf 90' lang='lat' dir='ltr'><strong>est</strong></span> <span class='ocrx_word' id='word_1_472' title='bbox 1447 5653 1620 5710; x_wconf 85' lang='lat' dir='ltr'><strong>Deus?</strong></span> <span class='ocrx_word' id='word_1_473' title='bbox 1648 5653 1823 5721; x_wconf 85' lang='lat' dir='ltr'><strong>Quare</strong></span> <span class='ocrx_word' id='word_1_474' title='bbox 1853 5653 2063 5722; x_wconf 89' lang='lat' dir='ltr'><strong>quando</strong></span> <span class='ocrx_word' id='word_1_475' title='bbox 2085 5668 2183 5707; x_wconf 75' lang='lat' dir='ltr'><strong>au-</strong></span> 
     </span>
    </p>
   </div>
   <div class='ocr_carea' id='block_1_59' title="bbox 606 5746 2187 5825">
    <p class='ocr_par' dir='ltr' id='par_1_59' title="bbox 606 5746 2187 5825">
     <span class='ocr_line' id='line_1_59' title="bbox 606 5746 2187 5825; baseline -0.007 -13"><span class='ocrx_word' id='word_1_476' title='bbox 606 5757 751 5825; x_wconf 84' lang='lat' dir='ltr'><strong>ditis,</strong></span> <span class='ocrx_word' id='word_1_477' title='bbox 778 5754 932 5823; x_wconf 78' lang='lat' dir='ltr'><strong>Audi,</strong></span> <span class='ocrx_word' id='word_1_478' title='bbox 961 5750 1158 5815; x_wconf 83' lang='lat' dir='ltr'><strong>Israel;</strong></span> <span class='ocrx_word' id='word_1_479' title='bbox 1192 5750 1437 5804; x_wconf 86' lang='lat' dir='ltr'><strong>Dominus</strong></span> <span class='ocrx_word' id='word_1_480' title='bbox 1467 5747 1602 5802; x_wconf 86' lang='lat' dir='ltr'><strong>Deus</strong></span> <span class='ocrx_word' id='word_1_481' title='bbox 1622 5754 1753 5809; x_wconf 86' lang='lat' dir='ltr'><strong>tuus.</strong></span> <span class='ocrx_word' id='word_1_482' title='bbox 1784 5746 2028 5799; x_wconf 86' lang='lat' dir='ltr'><strong>Dominus</strong></span> <span class='ocrx_word' id='word_1_483' title='bbox 2056 5763 2187 5801; x_wconf 88' lang='lat' dir='ltr'><strong>unus</strong></span> 
     </span>
    </p>
   </div>
   <div class='ocr_carea' id='block_1_60' title="bbox 609 5835 2183 5918">
    <p class='ocr_par' dir='ltr' id='par_1_60' title="bbox 609 5835 2183 5918">
     <span class='ocr_line' id='line_1_60' title="bbox 609 5835 2183 5918; baseline -0.008 -14"><span class='ocrx_word' id='word_1_484' title='bbox 609 5859 681 5904; x_wconf 81' lang='lat' dir='ltr'><strong>cst</strong></span> <span class='ocrx_word' id='word_1_485' title='bbox 708 5846 883 5918; x_wconf 86' lang='lat' dir='ltr'><strong>(Deut.</strong></span> <span class='ocrx_word' id='word_1_486' title='bbox 929 5860 1000 5914; x_wconf 78' lang='lat' dir='ltr'><strong>vi,</strong></span> <span class='ocrx_word' id='word_1_487' title='bbox 1038 5838 1132 5916; x_wconf 65' lang='lat'><strong>4);</strong></span> <span class='ocrx_word' id='word_1_488' title='bbox 1164 5842 1231 5897; x_wconf 88' lang='lat' dir='ltr'><strong>de</strong></span> <span class='ocrx_word' id='word_1_489' title='bbox 1274 5840 1429 5896; x_wconf 81' lang='lat' dir='ltr'><strong>Patre</strong></span> <span class='ocrx_word' id='word_1_490' title='bbox 1482 5847 1684 5893; x_wconf 90' lang='lat' dir='ltr'><strong>tantum</strong></span> <span class='ocrx_word' id='word_1_491' title='bbox 1732 5835 1891 5892; x_wconf 88' lang='lat' dir='ltr'><strong>vultis</strong></span> <span class='ocrx_word' id='word_1_492' title='bbox 1930 5836 2183 5907; x_wconf 86' lang='lat' dir='ltr'><strong>intelligi?</strong></span> 
     </span>
    </p>
   </div>
   <div class='ocr_carea' id='block_1_61' title="bbox 1161 406 3243 480">
    <p class='ocr_par' dir='ltr' id='par_1_61' title="bbox 1161 406 3243 480">
     <span class='ocr_line' id='line_1_61' title="bbox 1161 406 3243 480; baseline -0.01 0"><span class='ocrx_word' id='word_1_493' title='bbox 1161 424 1425 480; x_wconf 62' lang='lat' dir='ltr'><strong>CONTRA</strong></span> <span class='ocrx_word' id='word_1_494' title='bbox 1472 415 1863 479; x_wconf 74' lang='lat' dir='ltr'><strong>MAXIMINUM</strong></span> <span class='ocrx_word' id='word_1_495' title='bbox 1903 406 2312 469; x_wconf 76' lang='lat' dir='ltr'><strong>ABIANORUM</strong></span> <span class='ocrx_word' id='word_1_496' title='bbox 2353 409 2747 477; x_wconf 80' lang='lat' dir='ltr'><strong>EPISCOPUM,</strong></span> <span class='ocrx_word' id='word_1_497' title='bbox 2775 409 2834 466; x_wconf 88' lang='lat' dir='ltr'><strong>S.</strong></span> <span class='ocrx_word' id='word_1_498' title='bbox 2875 406 3243 467; x_wconf 83' lang='lat' dir='ltr'><strong>AUGUSTINI</strong></span> 
     </span>
    </p>
   </div>
   <div class='ocr_carea' id='block_1_62' title="bbox 3728 373 3848 458">
    <p class='ocr_par' dir='ltr' id='par_1_62' title="bbox 3728 373 3848 458">
     <span class='ocr_line' id='line_1_62' title="bbox 3728 373 3848 458; baseline 0.008 -1"><span class='ocrx_word' id='word_1_499' title='bbox 3728 403 3821 458; x_wconf 70' lang='lat'><strong>752</strong></span> <span class='ocrx_word' id='word_1_500' title='bbox 3841 373 3848 391; x_wconf 23' lang='grc' dir='ltr'><strong>ἶ</strong></span> 
     </span>
    </p>
   </div>
   <div class='ocr_carea' id='block_1_63' title="bbox 2251 516 3821 593">
    <p class='ocr_par' dir='ltr' id='par_1_63' title="bbox 2251 516 3821 593">
     <span class='ocr_line' id='line_1_63' title="bbox 2251 516 3821 593; baseline -0.002 -17"><span class='ocrx_word' id='word_1_501' title='bbox 2251 521 2452 593; x_wconf 85' lang='lat' dir='ltr'><strong>Nempe</strong></span> <span class='ocrx_word' id='word_1_502' title='bbox 2494 522 2657 578; x_wconf 82' lang='lat' dir='ltr'><strong>Pater</strong></span> <span class='ocrx_word' id='word_1_503' title='bbox 2704 523 2958 578; x_wconf 90' lang='lat' dir='ltr'><strong>Dominus</strong></span> <span class='ocrx_word' id='word_1_504' title='bbox 3003 522 3144 576; x_wconf 92' lang='lat' dir='ltr'><strong>Deus</strong></span> <span class='ocrx_word' id='word_1_505' title='bbox 3172 529 3282 585; x_wconf 89' lang='lat' dir='ltr'><strong>est,</strong></span> <span class='ocrx_word' id='word_1_506' title='bbox 3309 528 3362 574; x_wconf 92' lang='lat' dir='ltr'><strong>et</strong></span> <span class='ocrx_word' id='word_1_507' title='bbox 3392 518 3555 574; x_wconf 85' lang='lat' dir='ltr'><strong>Filius</strong></span> <span class='ocrx_word' id='word_1_508' title='bbox 3582 516 3821 573; x_wconf 81' lang='lat' dir='ltr'><strong>Dominus</strong></span> 
     </span>
    </p>
   </div>
   <div class='ocr_carea' id='block_1_64' title="bbox 2251 608 3823 684">
    <p class='ocr_par' dir='ltr' id='par_1_64' title="bbox 2251 608 3823 684">
     <span class='ocr_line' id='line_1_64' title="bbox 2251 608 3823 684; baseline -0.003 -14"><span class='ocrx_word' id='word_1_509' title='bbox 2251 616 2393 671; x_wconf 89' lang='lat' dir='ltr'><strong>Deus</strong></span> <span class='ocrx_word' id='word_1_510' title='bbox 2428 624 2512 670; x_wconf 91' lang='lat' dir='ltr'><strong>est</strong></span> <span class='ocrx_word' id='word_1_511' title='bbox 2545 633 2557 668; x_wconf 93' lang='lat'>:</span> <span class='ocrx_word' id='word_1_512' title='bbox 2584 630 2681 669; x_wconf 89' lang='lat' dir='ltr'><strong>cur</strong></span> <span class='ocrx_word' id='word_1_513' title='bbox 2726 631 2832 670; x_wconf 91' lang='lat' dir='ltr'><strong>non</strong></span> <span class='ocrx_word' id='word_1_514' title='bbox 2863 614 3000 684; x_wconf 90' lang='lat' dir='ltr'><strong>apud</strong></span> <span class='ocrx_word' id='word_1_515' title='bbox 3045 629 3139 668; x_wconf 84' lang='lat' dir='ltr'><strong>vos</strong></span> <span class='ocrx_word' id='word_1_516' title='bbox 3169 621 3389 681; x_wconf 87' lang='lat' dir='ltr'><strong>uterque</strong></span> <span class='ocrx_word' id='word_1_517' title='bbox 3418 626 3555 666; x_wconf 92' lang='lat' dir='ltr'><strong>unus</strong></span> <span class='ocrx_word' id='word_1_518' title='bbox 3580 608 3823 665; x_wconf 79' lang='lat' dir='ltr'><strong>Dominus</strong></span> 
     </span>
    </p>
   </div>
   <div class='ocr_carea' id='block_1_65' title="bbox 2253 698 3821 776">
    <p class='ocr_par' dir='ltr' id='par_1_65' title="bbox 2253 698 3821 776">
     <span class='ocr_line' id='line_1_65' title="bbox 2253 698 3821 776; baseline -0.005 -14"><span class='ocrx_word' id='word_1_519' title='bbox 2253 708 2391 762; x_wconf 89' lang='lat' dir='ltr'><strong>Deus</strong></span> <span class='ocrx_word' id='word_1_520' title='bbox 2417 716 2518 773; x_wconf 89' lang='lat' dir='ltr'><strong>est,</strong></span> <span class='ocrx_word' id='word_1_521' title='bbox 2551 705 2851 776; x_wconf 33' lang='lat' dir='ltr'><strong>sicut’apud</strong></span> <span class='ocrx_word' id='word_1_522' title='bbox 2878 706 3090 759; x_wconf 86' lang='lat' dir='ltr'><strong>beatum</strong></span> <span class='ocrx_word' id='word_1_523' title='bbox 3117 702 3452 773; x_wconf 90' lang='lat' dir='ltr'><strong>Apostolum,</strong></span> <span class='ocrx_word' id='word_1_524' title='bbox 3480 699 3696 768; x_wconf 89' lang='lat' dir='ltr'><strong>spiritus</strong></span> <span class='ocrx_word' id='word_1_525' title='bbox 3730 698 3821 754; x_wconf 82' lang='lat' dir='ltr'><strong>bo-</strong></span> 
     </span>
    </p>
   </div>
   <div class='ocr_carea' id='block_1_66' title="bbox 2251 788 3825 865">
    <p class='ocr_par' dir='ltr' id='par_1_66' title="bbox 2251 788 3825 865">
     <span class='ocr_line' id='line_1_66' title="bbox 2251 788 3825 865; baseline -0.005 -14"><span class='ocrx_word' id='word_1_526' title='bbox 2251 797 2410 851; x_wconf 85' lang='lat' dir='ltr'><strong>minis</strong></span> <span class='ocrx_word' id='word_1_527' title='bbox 2440 800 2493 850; x_wconf 79' lang='lat' dir='ltr'><strong>c&#39;t</strong></span> <span class='ocrx_word' id='word_1_528' title='bbox 2519 796 2746 865; x_wconf 90' lang='lat' dir='ltr'><strong>Spiritus</strong></span> <span class='ocrx_word' id='word_1_529' title='bbox 2773 795 2980 850; x_wconf 92' lang='lat' dir='ltr'><strong>Domini</strong></span> <span class='ocrx_word' id='word_1_530' title='bbox 3008 795 3024 826; x_wconf 87' lang='grc'>¹</span> <span class='ocrx_word' id='word_1_531' title='bbox 3057 806 3188 847; x_wconf 87' lang='lat' dir='ltr'><strong>unus</strong></span> <span class='ocrx_word' id='word_1_532' title='bbox 3212 793 3419 862; x_wconf 76' lang='lat' dir='ltr'><strong>spiritus</strong></span> <span class='ocrx_word' id='word_1_533' title='bbox 3442 790 3553 845; x_wconf 82' lang='lat' dir='ltr'><strong>est?</strong></span> <span class='ocrx_word' id='word_1_534' title='bbox 3578 788 3714 856; x_wconf 90' lang='lat' dir='ltr'><strong>Quid</strong></span> <span class='ocrx_word' id='word_1_535' title='bbox 3740 804 3825 843; x_wconf 69' lang='lat' dir='ltr'><strong>auo</strong></span> 
     </span>
    </p>
   </div>
   <div class='ocr_carea' id='block_1_67' title="bbox 2246 878 3822 957">
    <p class='ocr_par' dir='ltr' id='par_1_67' title="bbox 2246 878 3822 957">
     <span class='ocr_line' id='line_1_67' title="bbox 2246 878 3822 957; baseline -0.004 -16"><span class='ocrx_word' id='word_1_536' title='bbox 2246 896 2358 941; x_wconf 86' lang='lat' dir='ltr'><strong>tem</strong></span> <span class='ocrx_word' id='word_1_537' title='bbox 2402 887 2618 957; x_wconf 85' lang='lat' dir='ltr'><strong>prodest</strong></span> <span class='ocrx_word' id='word_1_538' title='bbox 2655 894 2830 941; x_wconf 64' lang='lat' dir='ltr'><strong>causa:</strong></span> <span class='ocrx_word' id='word_1_539' title='bbox 2871 895 3095 951; x_wconf 78' lang='lat' dir='ltr'><strong>vestr-.c,</strong></span> <span class='ocrx_word' id='word_1_540' title='bbox 3128 884 3246 953; x_wconf 90' lang='lat' dir='ltr'><strong>quia</strong></span> <span class='ocrx_word' id='word_1_541' title='bbox 3288 898 3382 952; x_wconf 89' lang='lat' dir='ltr'><strong>per</strong></span> <span class='ocrx_word' id='word_1_542' title='bbox 3426 878 3822 936; x_wconf 87' lang='lat' dir='ltr'><strong>consensionem</strong></span> 
     </span>
    </p>
   </div>
   <div class='ocr_carea' id='block_1_68' title="bbox 2252 970 3824 1047">
    <p class='ocr_par' dir='ltr' id='par_1_68' title="bbox 2252 970 3824 1047">
     <span class='ocr_line' id='line_1_68' title="bbox 2252 970 3824 1047; baseline -0.004 -12"><span class='ocrx_word' id='word_1_543' title='bbox 2252 980 2538 1035; x_wconf 81' lang='lat' dir='ltr'><strong>voluntatis</strong></span> <span class='ocrx_word' id='word_1_544' title='bbox 2566 980 2665 1033; x_wconf 91' lang='lat' dir='ltr'><strong>hoc</strong></span> <span class='ocrx_word' id='word_1_545' title='bbox 2700 979 2875 1034; x_wconf 90' lang='lat' dir='ltr'><strong>dicitis</strong></span> <span class='ocrx_word' id='word_1_546' title='bbox 2916 978 3074 1032; x_wconf 76' lang='lat' dir='ltr'><strong>fieri?</strong></span> <span class='ocrx_word' id='word_1_547' title='bbox 3099 976 3253 1043; x_wconf 89' lang='lat' dir='ltr'><strong>Quod</strong></span> <span class='ocrx_word' id='word_1_548' title='bbox 3275 970 3490 1047; x_wconf 87' lang='lat' dir='ltr'><strong>quidem</strong></span> <span class='ocrx_word' id='word_1_549' title='bbox 3520 976 3596 1043; x_wconf 87' lang='lat' dir='ltr'><strong>fit,</strong></span> <span class='ocrx_word' id='word_1_550' title='bbox 3625 973 3719 1030; x_wconf 89' lang='lat' dir='ltr'><strong>sed</strong></span> <span class='ocrx_word' id='word_1_551' title='bbox 3745 972 3824 1029; x_wconf 90' lang='lat' dir='ltr'><strong>ubi</strong></span> 
     </span>
    </p>
   </div>
   <div class='ocr_carea' id='block_1_69' title="bbox 2252 1067 3823 1136">
    <p class='ocr_par' dir='ltr' id='par_1_69' title="bbox 2252 1067 3823 1136">
     <span class='ocr_line' id='line_1_69' title="bbox 2252 1067 3823 1136; baseline -0.003 -9"><span class='ocrx_word' id='word_1_552' title='bbox 2252 1080 2335 1127; x_wconf 91' lang='lat' dir='ltr'><strong>est</strong></span> <span class='ocrx_word' id='word_1_553' title='bbox 2361 1072 2566 1126; x_wconf 87' lang='lat' dir='ltr'><strong>diversa</strong></span> <span class='ocrx_word' id='word_1_554' title='bbox 2598 1082 2783 1126; x_wconf 88' lang='lat' dir='ltr'><strong>natura</strong></span> <span class='ocrx_word' id='word_1_555' title='bbox 2804 1113 2819 1136; x_wconf 91' lang='lat'><strong>,</strong></span> <span class='ocrx_word' id='word_1_556' title='bbox 2852 1070 2990 1124; x_wconf 90' lang='lat' dir='ltr'><strong>sicut</strong></span> <span class='ocrx_word' id='word_1_557' title='bbox 3028 1069 3235 1123; x_wconf 79' lang='lat' dir='ltr'><strong>diversa</strong></span> <span class='ocrx_word' id='word_1_558' title='bbox 3268 1076 3454 1122; x_wconf 85' lang='lat' dir='ltr'><strong>natura</strong></span> <span class='ocrx_word' id='word_1_559' title='bbox 3483 1076 3565 1123; x_wconf 89' lang='lat' dir='ltr'><strong>est</strong></span> <span class='ocrx_word' id='word_1_560' title='bbox 3598 1067 3823 1123; x_wconf 87' lang='lat' dir='ltr'><strong>hominis</strong></span> 
     </span>
    </p>
   </div>
   <div class='ocr_carea' id='block_1_70' title="bbox 2251 1160 3823 1230">
    <p class='ocr_par' dir='ltr' id='par_1_70' title="bbox 2251 1160 3823 1230">
     <span class='ocr_line' id='line_1_70' title="bbox 2251 1160 3823 1230; baseline -0.001 -13"><span class='ocrx_word' id='word_1_561' title='bbox 2251 1171 2308 1217; x_wconf 90' lang='lat' dir='ltr'><strong>et</strong></span> <span class='ocrx_word' id='word_1_562' title='bbox 2352 1163 2561 1217; x_wconf 92' lang='lat' dir='ltr'><strong>Domini</strong></span> <span class='ocrx_word' id='word_1_563' title='bbox 2596 1180 2608 1216; x_wconf 89' lang='lat'>:</span> <span class='ocrx_word' id='word_1_564' title='bbox 2638 1170 2693 1216; x_wconf 87' lang='lat' dir='ltr'><strong>et</strong></span> <span class='ocrx_word' id='word_1_565' title='bbox 2723 1172 2895 1216; x_wconf 87' lang='lat' dir='ltr'><strong>tamen</strong></span> <span class='ocrx_word' id='word_1_566' title='bbox 2925 1161 3010 1229; x_wconf 85' lang='lat' dir='ltr'><strong>qui</strong></span> <span class='ocrx_word' id='word_1_567' title='bbox 3034 1160 3256 1214; x_wconf 67' lang='lat' dir='ltr'><strong>adhaeret</strong></span> <span class='ocrx_word' id='word_1_568' title='bbox 3299 1160 3547 1225; x_wconf 82' lang='lat' dir='ltr'><strong>Domino,</strong></span> <span class='ocrx_word' id='word_1_569' title='bbox 3585 1176 3681 1230; x_wconf 89' lang='lat' dir='ltr'><strong>per</strong></span> <span class='ocrx_word' id='word_1_570' title='bbox 3708 1170 3823 1215; x_wconf 81' lang='lat' dir='ltr'><strong>con-</strong></span> 
     </span>
    </p>
   </div>
   <div class='ocr_carea' id='block_1_71' title="bbox 2253 1250 3825 1323">
    <p class='ocr_par' dir='ltr' id='par_1_71' title="bbox 2253 1250 3825 1323">
     <span class='ocr_line' id='line_1_71' title="bbox 2253 1250 3825 1323; baseline -0.001 -14"><span class='ocrx_word' id='word_1_571' title='bbox 2253 1254 2557 1309; x_wconf 88' lang='lat' dir='ltr'><strong>sensionem</strong></span> <span class='ocrx_word' id='word_1_572' title='bbox 2582 1254 2761 1323; x_wconf 75' lang='lat' dir='ltr'><strong>utique</strong></span> <span class='ocrx_word' id='word_1_573' title='bbox 2782 1252 3091 1317; x_wconf 81' lang='lat' dir='ltr'><strong>voluntatis,</strong></span> <span class='ocrx_word' id='word_1_574' title='bbox 3109 1252 3252 1306; x_wconf 75' lang='lat' dir='ltr'><strong>unus</strong></span> <span class='ocrx_word' id='word_1_575' title='bbox 3270 1250 3481 1322; x_wconf 77' lang='lat' dir='ltr'><strong>‘spiritus</strong></span> <span class='ocrx_word' id='word_1_576' title='bbox 3507 1261 3599 1306; x_wconf 88' lang='lat' dir='ltr'><strong>est.</strong></span> <span class='ocrx_word' id='word_1_577' title='bbox 3620 1250 3677 1307; x_wconf 91' lang='lat' dir='ltr'><strong>Si</strong></span> <span class='ocrx_word' id='word_1_578' title='bbox 3708 1256 3825 1321; x_wconf 77' lang='lat' dir='ltr'><strong>ergo</strong></span> 
     </span>
    </p>
   </div>
   <div class='ocr_carea' id='block_1_72' title="bbox 2254 1343 3822 1415">
    <p class='ocr_par' dir='ltr' id='par_1_72' title="bbox 2254 1343 3822 1415">
     <span class='ocr_line' id='line_1_72' title="bbox 2254 1343 3822 1415; baseline -0.001 -16"><span class='ocrx_word' id='word_1_579' title='bbox 2254 1360 2360 1399; x_wconf 89' lang='lat' dir='ltr'><strong>non</strong></span> <span class='ocrx_word' id='word_1_580' title='bbox 2378 1346 2533 1399; x_wconf 86' lang='lat' dir='ltr'><strong>vultis</strong></span> <span class='ocrx_word' id='word_1_581' title='bbox 2554 1356 2648 1415; x_wconf 79' lang='lat' dir='ltr'><strong>per</strong></span> <span class='ocrx_word' id='word_1_582' title='bbox 2675 1346 2927 1398; x_wconf 90' lang='lat' dir='ltr'><strong>unitatem</strong></span> <span class='ocrx_word' id='word_1_583' title='bbox 2954 1343 3263 1399; x_wconf 75' lang='lat' dir='ltr'><strong>substantia:</strong></span> <span class='ocrx_word' id='word_1_584' title='bbox 3282 1360 3295 1409; x_wconf 92' lang='lat'><strong>;</strong></span> <span class='ocrx_word' id='word_1_585' title='bbox 3316 1353 3465 1413; x_wconf 72' lang='lat' dir='ltr'><strong>“certe</strong></span> <span class='ocrx_word' id='word_1_586' title='bbox 3493 1360 3584 1413; x_wconf 87' lang='lat' dir='ltr'><strong>per</strong></span> <span class='ocrx_word' id='word_1_587' title='bbox 3603 1358 3822 1398; x_wconf 85' lang='lat' dir='ltr'><strong>consen-</strong></span> 
     </span>
    </p>
   </div>
   <div class='ocr_carea' id='block_1_73' title="bbox 2254 1433 3822 1504">
    <p class='ocr_par' dir='ltr' id='par_1_73' title="bbox 2254 1433 3822 1504">
     <span class='ocr_line' id='line_1_73' title="bbox 2254 1433 3822 1504; baseline -0.002 -14"><span class='ocrx_word' id='word_1_588' title='bbox 2254 1436 2458 1490; x_wconf 90' lang='lat' dir='ltr'><strong>sionem</strong></span> <span class='ocrx_word' id='word_1_589' title='bbox 2504 1435 2791 1490; x_wconf 84' lang='lat' dir='ltr'><strong>voluntatis</strong></span> <span class='ocrx_word' id='word_1_590' title='bbox 2832 1435 3029 1501; x_wconf 89' lang='lat' dir='ltr'><strong>dicite,</strong></span> <span class='ocrx_word' id='word_1_591' title='bbox 3072 1441 3256 1489; x_wconf 76' lang='lat' dir='ltr'><strong>&#39;tamen</strong></span> <span class='ocrx_word' id='word_1_592' title='bbox 3305 1434 3586 1504; x_wconf 87' lang='lat' dir='ltr'><strong>aliquando</strong></span> <span class='ocrx_word' id='word_1_593' title='bbox 3632 1433 3822 1498; x_wconf 86' lang='lat' dir='ltr'><strong>dicite,</strong></span> 
     </span>
    </p>
   </div>
   <div class='ocr_carea' id='block_1_74' title="bbox 2254 1524 3822 1597">
    <p class='ocr_par' dir='ltr' id='par_1_74' title="bbox 2254 1524 3822 1597">
     <span class='ocr_line' id='line_1_74' title="bbox 2254 1524 3822 1597; baseline -0.004 -15"><span class='ocrx_word' id='word_1_594' title='bbox 2254 1539 2468 1597; x_wconf 87' lang='lat' dir='ltr'><strong>quoquo</strong></span> <span class='ocrx_word' id='word_1_595' title='bbox 2500 1527 2657 1581; x_wconf 91' lang='lat' dir='ltr'><strong>modo</strong></span> <span class='ocrx_word' id='word_1_596' title='bbox 2679 1527 2861 1591; x_wconf 84' lang='lat' dir='ltr'><strong>dicite,</strong></span> <span class='ocrx_word' id='word_1_597' title='bbox 2907 1527 3064 1581; x_wconf 88' lang='lat' dir='ltr'><strong>Pater</strong></span> <span class='ocrx_word' id='word_1_598' title='bbox 3101 1534 3155 1580; x_wconf 90' lang='lat' dir='ltr'><strong>et</strong></span> <span class='ocrx_word' id='word_1_599' title='bbox 3192 1524 3361 1579; x_wconf 80' lang='lat' dir='ltr'><strong>Filius</strong></span> <span class='ocrx_word' id='word_1_600' title='bbox 3389 1540 3525 1579; x_wconf 91' lang='lat' dir='ltr'><strong>unus</strong></span> <span class='ocrx_word' id='word_1_601' title='bbox 3550 1524 3695 1579; x_wconf 87' lang='lat' dir='ltr'><strong>Deus</strong></span> <span class='ocrx_word' id='word_1_602' title='bbox 3732 1526 3822 1579; x_wconf 89' lang='lat' dir='ltr'><strong>es&#39;t.</strong></span> 
     </span>
    </p>
   </div>
   <div class='ocr_carea' id='block_1_75' title="bbox 2252 1617 3825 1689">
    <p class='ocr_par' dir='ltr' id='par_1_75' title="bbox 2252 1617 3825 1689">
     <span class='ocr_line' id='line_1_75' title="bbox 2252 1617 3825 1689; baseline -0.003 -14"><span class='ocrx_word' id='word_1_603' title='bbox 2252 1620 2357 1675; x_wconf 89' lang='lat' dir='ltr'><strong>Sed</strong></span> <span class='ocrx_word' id='word_1_604' title='bbox 2386 1636 2489 1674; x_wconf 89' lang='lat' dir='ltr'><strong>non</strong></span> <span class='ocrx_word' id='word_1_605' title='bbox 2516 1619 2712 1683; x_wconf 91' lang='lat' dir='ltr'><strong>dicitis,</strong></span> <span class='ocrx_word' id='word_1_606' title='bbox 2741 1634 2805 1673; x_wconf 88' lang='lat' dir='ltr'><strong>ne</strong></span> <span class='ocrx_word' id='word_1_607' title='bbox 2825 1618 2965 1689; x_wconf 91' lang='lat' dir='ltr'><strong>quod</strong></span> <span class='ocrx_word' id='word_1_608' title='bbox 2984 1618 3255 1688; x_wconf 80' lang='lat' dir='ltr'><strong>nunquam</strong></span> <span class='ocrx_word' id='word_1_609' title='bbox 3284 1617 3546 1681; x_wconf 88' lang='lat' dir='ltr'><strong>voluistis,</strong></span> <span class='ocrx_word' id='word_1_610' title='bbox 3570 1618 3825 1687; x_wconf 86' lang='lat' dir='ltr'><strong>cogamiul</strong></span> 
     </span>
    </p>
   </div>
   <div class='ocr_carea' id='block_1_76' title="bbox 2253 1707 3821 1781">
    <p class='ocr_par' dir='ltr' id='par_1_76' title="bbox 2253 1707 3821 1781">
     <span class='ocr_line' id='line_1_76' title="bbox 2253 1707 3821 1781; baseline -0.003 -16"><span class='ocrx_word' id='word_1_611' title='bbox 2253 1712 2495 1767; x_wconf 82' lang='lat' dir='ltr'><strong>confiteri</strong></span> <span class='ocrx_word' id='word_1_612' title='bbox 2519 1711 2583 1766; x_wconf 90' lang='lat' dir='ltr'><strong>de</strong></span> <span class='ocrx_word' id='word_1_613' title='bbox 2605 1718 2830 1781; x_wconf 77' lang='lat' dir='ltr'><strong>utraque</strong></span> <span class='ocrx_word' id='word_1_614' title='bbox 2854 1710 3055 1764; x_wconf 84' lang='lat' dir='ltr'><strong>dictum</strong></span> <span class='ocrx_word' id='word_1_615' title='bbox 3086 1724 3226 1776; x_wconf 86' lang='lat' dir='ltr'><strong>esse,</strong></span> <span class='ocrx_word' id='word_1_616' title='bbox 3259 1718 3363 1762; x_wconf 90' lang='lat' dir='ltr'><strong>non</strong></span> <span class='ocrx_word' id='word_1_617' title='bbox 3386 1707 3454 1762; x_wconf 93' lang='lat' dir='ltr'><strong>de</strong></span> <span class='ocrx_word' id='word_1_618' title='bbox 3482 1707 3638 1761; x_wconf 79' lang='lat' dir='ltr'><strong>Patre</strong></span> <span class='ocrx_word' id='word_1_619' title='bbox 3677 1707 3787 1762; x_wconf 90' lang='lat' dir='ltr'><strong>solo</strong></span> <span class='ocrx_word' id='word_1_620' title='bbox 3808 1748 3821 1771; x_wconf 90' lang='lat'><strong>,</strong></span> 
     </span>
    </p>
   </div>
   <div class='ocr_carea' id='block_1_77' title="bbox 2238 1800 3824 1871">
    <p class='ocr_par' dir='ltr' id='par_1_77' title="bbox 2238 1800 3824 1871">
     <span class='ocr_line' id='line_1_77' title="bbox 2238 1800 3824 1871; baseline -0.003 -12"><span class='ocrx_word' id='word_1_621' title='bbox 2238 1804 2408 1871; x_wconf 70' lang='lat' dir='ltr'><strong>Audi,</strong></span> <span class='ocrx_word' id='word_1_622' title='bbox 2438 1800 2637 1870; x_wconf 70' lang='lat' dir='ltr'><strong>Israel;</strong></span> <span class='ocrx_word' id='word_1_623' title='bbox 2666 1804 2912 1859; x_wconf 81' lang='lat' dir='ltr'><strong>Dominus</strong></span> <span class='ocrx_word' id='word_1_624' title='bbox 2942 1801 3080 1858; x_wconf 83' lang='lat' dir='ltr'><strong>Deus</strong></span> <span class='ocrx_word' id='word_1_625' title='bbox 3110 1804 3243 1869; x_wconf 85' lang='lat' dir='ltr'><strong>tuus,</strong></span> <span class='ocrx_word' id='word_1_626' title='bbox 3286 1800 3535 1855; x_wconf 85' lang='lat' dir='ltr'><strong>Dominus</strong></span> <span class='ocrx_word' id='word_1_627' title='bbox 3569 1816 3705 1854; x_wconf 89' lang='lat' dir='ltr'><strong>unus</strong></span> <span class='ocrx_word' id='word_1_628' title='bbox 3728 1808 3824 1854; x_wconf 84' lang='lat' dir='ltr'><strong>est:</strong></span> 
     </span>
    </p>
   </div>
   <div class='ocr_carea' id='block_1_78' title="bbox 2254 1892 3823 1968">
    <p class='ocr_par' dir='ltr' id='par_1_78' title="bbox 2254 1892 3823 1968">
     <span class='ocr_line' id='line_1_78' title="bbox 2254 1892 3823 1968; baseline -0.006 -15"><span class='ocrx_word' id='word_1_629' title='bbox 2254 1898 2503 1968; x_wconf 83' lang='lat' dir='ltr'><strong>quoniam</strong></span> <span class='ocrx_word' id='word_1_630' title='bbox 2554 1905 2794 1951; x_wconf 89' lang='lat' dir='ltr'><strong>sanctum</strong></span> <span class='ocrx_word' id='word_1_631' title='bbox 2849 1895 3102 1965; x_wconf 90' lang='lat' dir='ltr'><strong>Spiritum</strong></span> <span class='ocrx_word' id='word_1_632' title='bbox 3146 1907 3251 1948; x_wconf 90' lang='lat' dir='ltr'><strong>non</strong></span> <span class='ocrx_word' id='word_1_633' title='bbox 3284 1892 3441 1948; x_wconf 92' lang='lat' dir='ltr'><strong>vultis</strong></span> <span class='ocrx_word' id='word_1_634' title='bbox 3488 1893 3678 1957; x_wconf 89' lang='lat' dir='ltr'><strong>Deum,</strong></span> <span class='ocrx_word' id='word_1_635' title='bbox 3730 1893 3823 1945; x_wconf 82' lang='lat' dir='ltr'><strong>non</strong></span> 
     </span>
    </p>
   </div>
   <div class='ocr_carea' id='block_1_79' title="bbox 2254 1983 3827 2054">
    <p class='ocr_par' dir='ltr' id='par_1_79' title="bbox 2254 1983 3827 2054">
     <span class='ocr_line' id='line_1_79' title="bbox 2254 1983 3827 2054; baseline -0.005 -10"><span class='ocrx_word' id='word_1_636' title='bbox 2254 1990 2413 2045; x_wconf 88' lang='lat' dir='ltr'><strong>vultis</strong></span> <span class='ocrx_word' id='word_1_637' title='bbox 2460 1989 2741 2044; x_wconf 86' lang='lat' dir='ltr'><strong>Dominum</strong></span> <span class='ocrx_word' id='word_1_638' title='bbox 2779 1986 3041 2043; x_wconf 82' lang='lat' dir='ltr'><strong>conﬁteri.</strong></span> <span class='ocrx_word' id='word_1_639' title='bbox 3091 1986 3280 2051; x_wconf 88' lang='lat' dir='ltr'><strong>Dicite,</strong></span> <span class='ocrx_word' id='word_1_640' title='bbox 3320 1984 3575 2054; x_wconf 81' lang='lat' dir='ltr'><strong>inquam,</strong></span> <span class='ocrx_word' id='word_1_641' title='bbox 3626 1983 3827 2037; x_wconf 73' lang='lat' dir='ltr'><strong>ratione</strong></span> 
     </span>
    </p>
   </div>
   <div class='ocr_carea' id='block_1_80' title="bbox 2255 2069 3825 2153">
    <p class='ocr_par' dir='ltr' id='par_1_80' title="bbox 2255 2069 3825 2153">
     <span class='ocr_line' id='line_1_80' title="bbox 2255 2069 3825 2153; baseline -0.004 -16"><span class='ocrx_word' id='word_1_642' title='bbox 2255 2098 2359 2153; x_wconf 90' lang='lat' dir='ltr'><strong>qua</strong></span> <span class='ocrx_word' id='word_1_643' title='bbox 2388 2083 2544 2137; x_wconf 85' lang='lat' dir='ltr'><strong>vultis</strong></span> <span class='ocrx_word' id='word_1_644' title='bbox 2568 2124 2583 2149; x_wconf 95' lang='lat'><strong>,</strong></span> <span class='ocrx_word' id='word_1_645' title='bbox 2611 2069 2771 2136; x_wconf 74' lang='lat' dir='ltr'><strong>Pater</strong></span> <span class='ocrx_word' id='word_1_646' title='bbox 2796 2092 2847 2135; x_wconf 93' lang='lat' dir='ltr'><strong>et</strong></span> <span class='ocrx_word' id='word_1_647' title='bbox 2872 2074 3038 2135; x_wconf 81' lang='lat' dir='ltr'><strong>Filius</strong></span> <span class='ocrx_word' id='word_1_648' title='bbox 3068 2092 3205 2134; x_wconf 87' lang='lat' dir='ltr'><strong>unus</strong></span> <span class='ocrx_word' id='word_1_649' title='bbox 3248 2078 3502 2132; x_wconf 90' lang='lat' dir='ltr'><strong>Dominus</strong></span> <span class='ocrx_word' id='word_1_650' title='bbox 3546 2077 3688 2132; x_wconf 90' lang='lat' dir='ltr'><strong>Deus</strong></span> <span class='ocrx_word' id='word_1_651' title='bbox 3718 2084 3825 2131; x_wconf 77' lang='lat' dir='ltr'><strong>est:</strong></span> 
     </span>
    </p>
   </div>
   <div class='ocr_carea' id='block_1_81' title="bbox 2256 2166 3825 2236">
    <p class='ocr_par' dir='ltr' id='par_1_81' title="bbox 2256 2166 3825 2236">
     <span class='ocr_line' id='line_1_81' title="bbox 2256 2166 3825 2236; baseline -0.006 -8"><span class='ocrx_word' id='word_1_652' title='bbox 2256 2183 2314 2228; x_wconf 90' lang='lat' dir='ltr'><strong>ut</strong></span> <span class='ocrx_word' id='word_1_653' title='bbox 2334 2173 2476 2228; x_wconf 90' lang='lat' dir='ltr'><strong>Patri</strong></span> <span class='ocrx_word' id='word_1_654' title='bbox 2506 2181 2559 2227; x_wconf 91' lang='lat' dir='ltr'><strong>et</strong></span> <span class='ocrx_word' id='word_1_655' title='bbox 2593 2170 2728 2226; x_wconf 85' lang='lat' dir='ltr'><strong>Filio</strong></span> <span class='ocrx_word' id='word_1_656' title='bbox 2758 2171 3074 2236; x_wconf 83' lang='lat' dir='ltr'><strong>servientes,</strong></span> <span class='ocrx_word' id='word_1_657' title='bbox 3103 2183 3207 2223; x_wconf 90' lang='lat' dir='ltr'><strong>non</strong></span> <span class='ocrx_word' id='word_1_658' title='bbox 3234 2168 3443 2223; x_wconf 89' lang='lat' dir='ltr'><strong>duobus</strong></span> <span class='ocrx_word' id='word_1_659' title='bbox 3467 2167 3570 2223; x_wconf 91' lang='lat' dir='ltr'><strong>diis</strong></span> <span class='ocrx_word' id='word_1_660' title='bbox 3600 2175 3655 2221; x_wconf 87' lang='lat' dir='ltr'><strong>et</strong></span> <span class='ocrx_word' id='word_1_661' title='bbox 3703 2166 3825 2221; x_wconf 83' lang='lat' dir='ltr'><strong>duo-</strong></span> 
     </span>
    </p>
   </div>
   <div class='ocr_carea' id='block_1_82' title="bbox 2258 2256 3828 2332">
    <p class='ocr_par' dir='ltr' id='par_1_82' title="bbox 2258 2256 3828 2332">
     <span class='ocr_line' id='line_1_82' title="bbox 2258 2256 3828 2332; baseline -0.005 -13"><span class='ocrx_word' id='word_1_662' title='bbox 2258 2265 2355 2319; x_wconf 90' lang='lat' dir='ltr'><strong>bus</strong></span> <span class='ocrx_word' id='word_1_663' title='bbox 2383 2263 2612 2318; x_wconf 90' lang='lat' dir='ltr'><strong>dominis</strong></span> <span class='ocrx_word' id='word_1_664' title='bbox 2641 2271 2825 2318; x_wconf 90' lang='lat' dir='ltr'><strong>contra</strong></span> <span class='ocrx_word' id='word_1_665' title='bbox 2860 2271 3180 2332; x_wconf 82' lang='lat' dir='ltr'><strong>praeceptum</strong></span> <span class='ocrx_word' id='word_1_666' title='bbox 3217 2259 3328 2325; x_wconf 86' lang='lat' dir='ltr'><strong>Dei,</strong></span> <span class='ocrx_word' id='word_1_667' title='bbox 3361 2259 3455 2315; x_wconf 89' lang='lat' dir='ltr'><strong>sed</strong></span> <span class='ocrx_word' id='word_1_668' title='bbox 3481 2260 3714 2313; x_wconf 90' lang='lat' dir='ltr'><strong>Domino</strong></span> <span class='ocrx_word' id='word_1_669' title='bbox 3744 2256 3828 2311; x_wconf 88' lang='lat' dir='ltr'><strong>uni</strong></span> 
     </span>
    </p>
   </div>
   <div class='ocr_carea' id='block_1_83' title="bbox 2259 2350 3828 2413">
    <p class='ocr_par' dir='ltr' id='par_1_83' title="bbox 2259 2350 3828 2413">
     <span class='ocr_line' id='line_1_83' title="bbox 2259 2350 3828 2413; baseline -0.003 -5"><span class='ocrx_word' id='word_1_670' title='bbox 2259 2354 2499 2408; x_wconf 80' lang='lat' dir='ltr'><strong>serviatis</strong></span> <span class='ocrx_word' id='word_1_671' title='bbox 2524 2355 2565 2405; x_wconf 83' lang='grc'><strong>’.</strong></span> <span class='ocrx_word' id='word_1_672' title='bbox 2596 2352 2700 2407; x_wconf 91' lang='lat' dir='ltr'><strong>Sed</strong></span> <span class='ocrx_word' id='word_1_673' title='bbox 2728 2367 2867 2406; x_wconf 91' lang='lat' dir='ltr'><strong>nunc</strong></span> <span class='ocrx_word' id='word_1_674' title='bbox 2890 2352 2957 2408; x_wconf 90' lang='lat' dir='ltr'><strong>de</strong></span> <span class='ocrx_word' id='word_1_675' title='bbox 2978 2352 3075 2406; x_wconf 90' lang='lat' dir='ltr'><strong>hac</strong></span> <span class='ocrx_word' id='word_1_676' title='bbox 3110 2366 3167 2406; x_wconf 91' lang='lat' dir='ltr'><strong>re</strong></span> <span class='ocrx_word' id='word_1_677' title='bbox 3186 2350 3315 2405; x_wconf 80' lang='lat' dir='ltr'><strong>satis</strong></span> <span class='ocrx_word' id='word_1_678' title='bbox 3329 2350 3537 2405; x_wconf 87' lang='lat' dir='ltr'><strong>dictum</strong></span> <span class='ocrx_word' id='word_1_679' title='bbox 3562 2351 3647 2404; x_wconf 88' lang='lat' dir='ltr'><strong>sit.</strong></span> <span class='ocrx_word' id='word_1_680' title='bbox 3677 2350 3828 2413; x_wconf 79' lang='lat' dir='ltr'><strong>P‘utb,</strong></span> 
     </span>
    </p>
   </div>
   <div class='ocr_carea' id='block_1_84' title="bbox 2258 2432 3829 2517">
    <p class='ocr_par' dir='ltr' id='par_1_84' title="bbox 2258 2432 3829 2517">
     <span class='ocr_line' id='line_1_84' title="bbox 2258 2432 3829 2517; baseline -0.003 -17"><span class='ocrx_word' id='word_1_681' title='bbox 2258 2462 2378 2502; x_wconf 81' lang='lat' dir='ltr'><strong>eum</strong></span> <span class='ocrx_word' id='word_1_682' title='bbox 2396 2448 2491 2501; x_wconf 86' lang='lat' dir='ltr'><strong>ista</strong></span> <span class='ocrx_word' id='word_1_683' title='bbox 2504 2446 2717 2517; x_wconf 86' lang='lat' dir='ltr'><strong>legeris,</strong></span> <span class='ocrx_word' id='word_1_684' title='bbox 2734 2445 2860 2499; x_wconf 92' lang='lat' dir='ltr'><strong>nihil</strong></span> <span class='ocrx_word' id='word_1_685' title='bbox 2880 2454 2930 2501; x_wconf 92' lang='lat' dir='ltr'><strong>te</strong></span> <span class='ocrx_word' id='word_1_686' title='bbox 2946 2444 3267 2515; x_wconf 86' lang='lat' dir='ltr'><strong>respondere</strong></span> <span class='ocrx_word' id='word_1_687' title='bbox 3292 2444 3526 2513; x_wconf 87' lang='lat' dir='ltr'><strong>potuisse</strong></span> <span class='ocrx_word' id='word_1_688' title='bbox 3544 2443 3609 2497; x_wconf 87' lang='lat' dir='ltr'><strong>ad</strong></span> <span class='ocrx_word' id='word_1_689' title='bbox 3632 2442 3685 2496; x_wconf 92' lang='lat' dir='ltr'><strong>id</strong></span> <span class='ocrx_word' id='word_1_690' title='bbox 3700 2432 3829 2513; x_wconf 79' lang='lat' dir='ltr'><strong>quod</strong></span> 
     </span>
    </p>
   </div>
   <div class='ocr_carea' id='block_1_85' title="bbox 2259 2533 3831 2609">
    <p class='ocr_par' dir='ltr' id='par_1_85' title="bbox 2259 2533 3831 2609">
     <span class='ocr_line' id='line_1_85' title="bbox 2259 2533 3831 2609; baseline -0.003 -17"><span class='ocrx_word' id='word_1_691' title='bbox 2259 2538 2326 2592; x_wconf 90' lang='lat' dir='ltr'><strong>de</strong></span> <span class='ocrx_word' id='word_1_692' title='bbox 2353 2538 2608 2609; x_wconf 84' lang='lat' dir='ltr'><strong>Apostolo</strong></span> <span class='ocrx_word' id='word_1_693' title='bbox 2633 2536 3062 2599; x_wconf 89' lang='lat' dir='ltr'><strong>commemoravi,</strong></span> <span class='ocrx_word' id='word_1_694' title='bbox 3093 2536 3178 2606; x_wconf 84' lang='lat' dir='ltr'><strong>qui</strong></span> <span class='ocrx_word' id='word_1_695' title='bbox 3205 2536 3427 2589; x_wconf 67' lang='lat' dir='ltr'><strong>adliceret</strong></span> <span class='ocrx_word' id='word_1_696' title='bbox 3447 2533 3687 2598; x_wconf 87' lang='lat' dir='ltr'><strong>Domino,</strong></span> <span class='ocrx_word' id='word_1_697' title='bbox 3710 2550 3831 2587; x_wconf 84' lang='lat' dir='ltr'><strong>unus</strong></span> 
     </span>
    </p>
   </div>
   <div class='ocr_carea' id='block_1_86' title="bbox 2259 2625 3828 2700">
    <p class='ocr_par' dir='ltr' id='par_1_86' title="bbox 2259 2625 3828 2700">
     <span class='ocr_line' id='line_1_86' title="bbox 2259 2625 3828 2700; baseline -0.003 -17"><span class='ocrx_word' id='word_1_698' title='bbox 2259 2628 2467 2700; x_wconf 83' lang='lat' dir='ltr'><strong>spiritus</strong></span> <span class='ocrx_word' id='word_1_699' title='bbox 2488 2638 2558 2681; x_wconf 88' lang='lat' dir='ltr'><strong>est</strong></span> <span class='ocrx_word' id='word_1_700' title='bbox 2588 2645 2603 2681; x_wconf 90' lang='lat'><em>:</em></span> <span class='ocrx_word' id='word_1_701' title='bbox 2633 2629 2677 2683; x_wconf 92' lang='lat' dir='ltr'><strong>si</strong></span> <span class='ocrx_word' id='word_1_702' title='bbox 2706 2627 3098 2683; x_wconf 82' lang='lat' dir='ltr'><strong>contentionem</strong></span> <span class='ocrx_word' id='word_1_703' title='bbox 3115 2626 3444 2697; x_wconf 89' lang='lat' dir='ltr'><strong>deposueris,</strong></span> <span class='ocrx_word' id='word_1_704' title='bbox 3462 2642 3565 2680; x_wconf 92' lang='lat' dir='ltr'><strong>non</strong></span> <span class='ocrx_word' id='word_1_705' title='bbox 3597 2625 3828 2695; x_wconf 83' lang='lat' dir='ltr'><strong>negabis.</strong></span> 
     </span>
    </p>
   </div>
   <div class='ocr_carea' id='block_1_87' title="bbox 2330 2710 3832 2789">
    <p class='ocr_par' dir='ltr' id='par_1_87' title="bbox 2330 2710 3832 2789">
     <span class='ocr_line' id='line_1_87' title="bbox 2330 2710 3832 2789; baseline -0.003 -16"><span class='ocrx_word' id='word_1_706' title='bbox 2330 2710 2553 2773; x_wconf 82' lang='lat' dir='ltr'><strong>CAPUT</strong></span> <span class='ocrx_word' id='word_1_707' title='bbox 2581 2718 2672 2774; x_wconf 80' lang='lat' dir='ltr'><strong>XI.</strong></span> <span class='ocrx_word' id='word_1_708' title='bbox 2695 2750 2767 2759; x_wconf 95' lang='lat'><strong><em>—</em></strong></span> <span class='ocrx_word' id='word_1_709' title='bbox 2792 2718 2867 2771; x_wconf 91' lang='lat' dir='ltr'><strong>De</strong></span> <span class='ocrx_word' id='word_1_710' title='bbox 2887 2719 3071 2789; x_wconf 84' lang='lat' dir='ltr'><strong>templo</strong></span> <span class='ocrx_word' id='word_1_711' title='bbox 3093 2717 3316 2787; x_wconf 84' lang='lat' dir='ltr'><strong>Spiritus</strong></span> <span class='ocrx_word' id='word_1_712' title='bbox 3336 2717 3514 2770; x_wconf 79' lang='lat' dir='ltr'><strong>sancti.</strong></span> <span class='ocrx_word' id='word_1_713' title='bbox 3544 2715 3832 2771; x_wconf 79' lang='lat' dir='ltr'><strong>Undecimo</strong></span> 
     </span>
    </p>
   </div>
   <div class='ocr_carea' id='block_1_88' title="bbox 2262 2807 3833 2880">
    <p class='ocr_par' dir='ltr' id='par_1_88' title="bbox 2262 2807 3833 2880">
     <span class='ocr_line' id='line_1_88' title="bbox 2262 2807 3833 2880; baseline -0.004 -14"><span class='ocrx_word' id='word_1_714' title='bbox 2262 2811 2401 2879; x_wconf 90' lang='lat' dir='ltr'><strong>loco,</strong></span> <span class='ocrx_word' id='word_1_715' title='bbox 2427 2811 2593 2866; x_wconf 93' lang='lat' dir='ltr'><strong>Deum</strong></span> <span class='ocrx_word' id='word_1_716' title='bbox 2620 2826 2740 2865; x_wconf 90' lang='lat' dir='ltr'><strong>esse</strong></span> <span class='ocrx_word' id='word_1_717' title='bbox 2767 2809 3020 2880; x_wconf 90' lang='lat' dir='ltr'><strong>Spiritum</strong></span> <span class='ocrx_word' id='word_1_718' title='bbox 3054 2818 3317 2875; x_wconf 90' lang='lat' dir='ltr'><strong>sanctum,</strong></span> <span class='ocrx_word' id='word_1_719' title='bbox 3368 2807 3435 2862; x_wconf 90' lang='lat' dir='ltr'><strong>de</strong></span> <span class='ocrx_word' id='word_1_720' title='bbox 3479 2808 3684 2876; x_wconf 90' lang='lat' dir='ltr'><strong>templo</strong></span> <span class='ocrx_word' id='word_1_721' title='bbox 3728 2807 3833 2874; x_wconf 89' lang='lat' dir='ltr'><strong>ejus</strong></span> 
     </span>
    </p>
   </div>
   <div class='ocr_carea' id='block_1_89' title="bbox 2262 2892 3833 2972">
    <p class='ocr_par' dir='ltr' id='par_1_89' title="bbox 2262 2892 3833 2972">
     <span class='ocr_line' id='line_1_89' title="bbox 2262 2892 3833 2972; baseline -0.004 -16"><span class='ocrx_word' id='word_1_722' title='bbox 2262 2900 2402 2972; x_wconf 86' lang='lat' dir='ltr'><strong>quod</strong></span> <span class='ocrx_word' id='word_1_723' title='bbox 2433 2916 2530 2956; x_wconf 92' lang='lat' dir='ltr'><strong>nos</strong></span> <span class='ocrx_word' id='word_1_724' title='bbox 2557 2900 2655 2970; x_wconf 92' lang='lat' dir='ltr'><strong>ipsi</strong></span> <span class='ocrx_word' id='word_1_725' title='bbox 2693 2915 2910 2967; x_wconf 91' lang='lat' dir='ltr'><strong>sumus,</strong></span> <span class='ocrx_word' id='word_1_726' title='bbox 2946 2903 3080 2955; x_wconf 89' lang='lat' dir='ltr'><strong>teste</strong></span> <span class='ocrx_word' id='word_1_727' title='bbox 3123 2898 3410 2969; x_wconf 84' lang='lat' dir='ltr'><strong>Apostolo,</strong></span> <span class='ocrx_word' id='word_1_728' title='bbox 3441 2898 3656 2952; x_wconf 90' lang='lat' dir='ltr'><strong>ostendi</strong></span> <span class='ocrx_word' id='word_1_729' title='bbox 3687 2938 3704 2964; x_wconf 94' lang='lat'><strong>,</strong></span> <span class='ocrx_word' id='word_1_730' title='bbox 3752 2892 3833 2950; x_wconf 89' lang='lat' dir='ltr'><strong>ubi</strong></span> 
     </span>
    </p>
   </div>
   <div class='ocr_carea' id='block_1_90' title="bbox 2262 2980 3836 3062">
    <p class='ocr_par' dir='ltr' id='par_1_90' title="bbox 2262 2980 3836 3062">
     <span class='ocr_line' id='line_1_90' title="bbox 2262 2980 3836 3062; baseline -0.006 -13"><span class='ocrx_word' id='word_1_731' title='bbox 2262 2996 2355 3061; x_wconf 88' lang='lat' dir='ltr'><strong>ait,</strong></span> <span class='ocrx_word' id='word_1_732' title='bbox 2386 2982 2603 3047; x_wconf 84' lang='lat' dir='ltr'><strong>Nescitis</strong></span> <span class='ocrx_word' id='word_1_733' title='bbox 2643 2994 2761 3062; x_wconf 89' lang='lat' dir='ltr'><strong>quia</strong></span> <span class='ocrx_word' id='word_1_734' title='bbox 2802 2988 3042 3061; x_wconf 86' lang='lat' dir='ltr'><strong>templum</strong></span> <span class='ocrx_word' id='word_1_735' title='bbox 3078 2987 3175 3045; x_wconf 87' lang='lat' dir='ltr'><strong>Dei</strong></span> <span class='ocrx_word' id='word_1_736' title='bbox 3224 2988 3360 3055; x_wconf 84' lang='lat' dir='ltr'><strong>estis,</strong></span> <span class='ocrx_word' id='word_1_737' title='bbox 3406 2998 3451 3043; x_wconf 89' lang='lat' dir='ltr'><strong>et</strong></span> <span class='ocrx_word' id='word_1_738' title='bbox 3496 2986 3724 3059; x_wconf 82' lang='lat' dir='ltr'><strong>Spiritus</strong></span> <span class='ocrx_word' id='word_1_739' title='bbox 3752 2980 3836 3040; x_wconf 80' lang='lat' dir='ltr'><strong>Dei</strong></span> 
     </span>
    </p>
   </div>
   <div class='ocr_carea' id='block_1_91' title="bbox 2263 3068 3835 3153">
    <p class='ocr_par' dir='ltr' id='par_1_91' title="bbox 2263 3068 3835 3153">
     <span class='ocr_line' id='line_1_91' title="bbox 2263 3068 3835 3153; baseline -0.006 -13"><span class='ocrx_word' id='word_1_740' title='bbox 2263 3084 2455 3141; x_wconf 82' lang='lat' dir='ltr'><strong>habitat</strong></span> <span class='ocrx_word' id='word_1_741' title='bbox 2492 3082 2544 3138; x_wconf 91' lang='lat' dir='ltr'><strong>in</strong></span> <span class='ocrx_word' id='word_1_742' title='bbox 2570 3084 2704 3138; x_wconf 85' lang='lat' dir='ltr'><strong>vobis</strong></span> <span class='ocrx_word' id='word_1_743' title='bbox 2753 3083 2807 3152; x_wconf 95' lang='lat' dir='ltr'><strong>(l</strong></span> <span class='ocrx_word' id='word_1_744' title='bbox 2838 3082 2955 3137; x_wconf 87' lang='lat' dir='ltr'><strong>Cor.</strong></span> <span class='ocrx_word' id='word_1_745' title='bbox 2986 3099 3063 3150; x_wconf 83' lang='grc' dir='ltr'>ιιι,</span> <span class='ocrx_word' id='word_1_746' title='bbox 3089 3082 3155 3137; x_wconf 77' lang='grc'>16</span> <span class='ocrx_word' id='word_1_747' title='bbox 3174 3080 3237 3153; x_wconf 87' lang='lat'><strong>)?</strong></span> <span class='ocrx_word' id='word_1_748' title='bbox 3268 3082 3323 3137; x_wconf 85' lang='lat' dir='ltr'><strong>et</strong></span> <span class='ocrx_word' id='word_1_749' title='bbox 3348 3082 3536 3135; x_wconf 90' lang='lat' dir='ltr'><strong>iterum</strong></span> <span class='ocrx_word' id='word_1_750' title='bbox 3560 3121 3575 3147; x_wconf 95' lang='lat'><strong>,</strong></span> <span class='ocrx_word' id='word_1_751' title='bbox 3625 3068 3835 3134; x_wconf 81' lang='lat' dir='ltr'><strong>Nescitis</strong></span> 
     </span>
    </p>
   </div>
   <div class='ocr_carea' id='block_1_92' title="bbox 2263 3169 3833 3249">
    <p class='ocr_par' dir='ltr' id='par_1_92' title="bbox 2263 3169 3833 3249">
     <span class='ocr_line' id='line_1_92' title="bbox 2263 3169 3833 3249; baseline -0.007 -18"><span class='ocrx_word' id='word_1_752' title='bbox 2263 3180 2381 3249; x_wconf 86' lang='lat' dir='ltr'><strong>quia</strong></span> <span class='ocrx_word' id='word_1_753' title='bbox 2400 3192 2612 3247; x_wconf 91' lang='lat' dir='ltr'><strong>corpora</strong></span> <span class='ocrx_word' id='word_1_754' title='bbox 2634 3185 2795 3230; x_wconf 88' lang='lat' dir='ltr'><strong>vestra</strong></span> <span class='ocrx_word' id='word_1_755' title='bbox 2818 3174 3058 3245; x_wconf 88' lang='lat' dir='ltr'><strong>templum</strong></span> <span class='ocrx_word' id='word_1_756' title='bbox 3084 3174 3135 3227; x_wconf 89' lang='lat' dir='ltr'><strong>in</strong></span> <span class='ocrx_word' id='word_1_757' title='bbox 3155 3173 3291 3227; x_wconf 82' lang='lat' dir='ltr'><strong>vobis</strong></span> <span class='ocrx_word' id='word_1_758' title='bbox 3316 3179 3387 3226; x_wconf 81' lang='lat' dir='ltr'><strong>est</strong></span> <span class='ocrx_word' id='word_1_759' title='bbox 3413 3172 3643 3242; x_wconf 85' lang='lat' dir='ltr'><strong>Spiritus</strong></span> <span class='ocrx_word' id='word_1_760' title='bbox 3662 3169 3833 3232; x_wconf 85' lang='lat' dir='ltr'><strong>sancti,</strong></span> 
     </span>
    </p>
   </div>
   <div class='ocr_carea' id='block_1_93' title="bbox 2263 3261 3835 3342">
    <p class='ocr_par' dir='ltr' id='par_1_93' title="bbox 2263 3261 3835 3342">
     <span class='ocr_line' id='line_1_93' title="bbox 2263 3261 3835 3342; baseline -0.007 -19"><span class='ocrx_word' id='word_1_761' title='bbox 2263 3276 2408 3342; x_wconf 82' lang='lat' dir='ltr'><strong>quem</strong></span> <span class='ocrx_word' id='word_1_762' title='bbox 2434 3264 2621 3322; x_wconf 82' lang='lat' dir='ltr'><strong>habetis</strong></span> <span class='ocrx_word' id='word_1_763' title='bbox 2648 3284 2680 3321; x_wconf 92' lang='lat' dir='ltr'><strong>a</strong></span> <span class='ocrx_word' id='word_1_764' title='bbox 2700 3265 2808 3320; x_wconf 90' lang='lat' dir='ltr'><strong>Deo</strong></span> <span class='ocrx_word' id='word_1_765' title='bbox 2840 3264 2949 3335; x_wconf 85' lang='lat' dir='ltr'><strong>(Id.</strong></span> <span class='ocrx_word' id='word_1_766' title='bbox 2969 3281 3040 3329; x_wconf 78' lang='lat' dir='ltr'><strong>v1,</strong></span> <span class='ocrx_word' id='word_1_767' title='bbox 3074 3264 3163 3335; x_wconf 76' lang='lat' dir='ltr'><strong>i9)</strong></span> <span class='ocrx_word' id='word_1_768' title='bbox 3185 3264 3209 3316; x_wconf 85' lang='lat'><strong>?</strong></span> <span class='ocrx_word' id='word_1_769' title='bbox 3234 3263 3310 3317; x_wconf 90' lang='lat' dir='ltr'><strong>Tu</strong></span> <span class='ocrx_word' id='word_1_770' title='bbox 3335 3269 3509 3317; x_wconf 89' lang='lat' dir='ltr'><strong>autem</strong></span> <span class='ocrx_word' id='word_1_771' title='bbox 3535 3262 3604 3316; x_wconf 91' lang='lat' dir='ltr'><strong>ad</strong></span> <span class='ocrx_word' id='word_1_772' title='bbox 3637 3261 3735 3315; x_wconf 83' lang='lat' dir='ltr'><strong>ista</strong></span> <span class='ocrx_word' id='word_1_773' title='bbox 3755 3275 3835 3313; x_wconf 86' lang='lat' dir='ltr'><strong>re-</strong></span> 
     </span>
    </p>
   </div>
   <div class='ocr_carea' id='block_1_94' title="bbox 2265 3351 3840 3434">
    <p class='ocr_par' dir='ltr' id='par_1_94' title="bbox 2265 3351 3840 3434">
     <span class='ocr_line' id='line_1_94' title="bbox 2265 3351 3840 3434; baseline -0.009 -16"><span class='ocrx_word' id='word_1_774' title='bbox 2265 3359 2525 3434; x_wconf 84' lang='lat' dir='ltr'><strong>spondisti</strong></span> <span class='ocrx_word' id='word_1_775' title='bbox 2551 3356 2703 3414; x_wconf 91' lang='lat' dir='ltr'><strong>nihil.</strong></span> <span class='ocrx_word' id='word_1_776' title='bbox 2736 3355 2868 3413; x_wconf 90' lang='lat' dir='ltr'><strong>Aisti</strong></span> <span class='ocrx_word' id='word_1_777' title='bbox 2897 3357 3038 3412; x_wconf 90' lang='lat' dir='ltr'><strong>enim</strong></span> <span class='ocrx_word' id='word_1_778' title='bbox 3071 3374 3085 3409; x_wconf 87' lang='lat'><strong>:</strong></span> <span class='ocrx_word' id='word_1_779' title='bbox 3117 3354 3351 3425; x_wconf 88' lang='lat' dir='ltr'><strong>Suscipio</strong></span> <span class='ocrx_word' id='word_1_780' title='bbox 3389 3370 3500 3424; x_wconf 67' lang='lat' dir='ltr'><strong>qua:</strong></span> <span class='ocrx_word' id='word_1_781' title='bbox 3541 3351 3797 3421; x_wconf 84' lang='lat' dir='ltr'><strong>protulisti</strong></span> <span class='ocrx_word' id='word_1_782' title='bbox 3820 3354 3840 3404; x_wconf 84' lang='lat'><strong><em>:</em></strong></span> 
     </span>
    </p>
   </div>
   <div class='ocr_carea' id='block_1_95' title="bbox 2272 3437 3843 3522">
    <p class='ocr_par' dir='ltr' id='par_1_95' title="bbox 2272 3437 3843 3522">
     <span class='ocr_line' id='line_1_95' title="bbox 2272 3437 3843 3522; baseline -0.01 -14"><span class='ocrx_word' id='word_1_783' title='bbox 2272 3473 2290 3507; x_wconf 85' lang='lat' dir='ltr'><strong>t</strong></span> <span class='ocrx_word' id='word_1_784' title='bbox 2332 3451 2553 3508; x_wconf 84' lang='lat' dir='ltr'><strong>Nescitis</strong></span> <span class='ocrx_word' id='word_1_785' title='bbox 2580 3452 2697 3522; x_wconf 81' lang='lat' dir='ltr'><strong>quia</strong></span> <span class='ocrx_word' id='word_1_786' title='bbox 2719 3452 2958 3519; x_wconf 81' lang='lat' dir='ltr'><strong>templum</strong></span> <span class='ocrx_word' id='word_1_787' title='bbox 2982 3443 3075 3500; x_wconf 83' lang='lat' dir='ltr'><strong>Dei</strong></span> <span class='ocrx_word' id='word_1_788' title='bbox 3094 3446 3231 3513; x_wconf 81' lang='lat' dir='ltr'><strong>estis,</strong></span> <span class='ocrx_word' id='word_1_789' title='bbox 3263 3456 3309 3499; x_wconf 90' lang='lat' dir='ltr'><strong>et</strong></span> <span class='ocrx_word' id='word_1_790' title='bbox 3336 3440 3559 3514; x_wconf 85' lang='lat' dir='ltr'><strong>Spiritus</strong></span> <span class='ocrx_word' id='word_1_791' title='bbox 3582 3437 3684 3497; x_wconf 86' lang='lat' dir='ltr'><strong>Dei</strong></span> <span class='ocrx_word' id='word_1_792' title='bbox 3708 3440 3843 3494; x_wconf 78' lang='lat' dir='ltr'><strong>habi-</strong></span> 
     </span>
    </p>
   </div>
   <div class='ocr_carea' id='block_1_96' title="bbox 2268 3526 3843 3609">
    <p class='ocr_par' dir='ltr' id='par_1_96' title="bbox 2268 3526 3843 3609">
     <span class='ocr_line' id='line_1_96' title="bbox 2268 3526 3843 3609; baseline -0.01 -10"><span class='ocrx_word' id='word_1_793' title='bbox 2268 3554 2338 3599; x_wconf 85' lang='lat' dir='ltr'><strong>tat</strong></span> <span class='ocrx_word' id='word_1_794' title='bbox 2374 3546 2426 3598; x_wconf 89' lang='lat' dir='ltr'><strong>in</strong></span> <span class='ocrx_word' id='word_1_795' title='bbox 2470 3540 2643 3597; x_wconf 77' lang='lat' dir='ltr'><strong>vobis?</strong></span> <span class='ocrx_word' id='word_1_796' title='bbox 2678 3560 2695 3593; x_wconf 84' lang='grc'>›</span> <span class='ocrx_word' id='word_1_797' title='bbox 2733 3540 2910 3609; x_wconf 86' lang='lat' dir='ltr'><strong>Neque</strong></span> <span class='ocrx_word' id='word_1_798' title='bbox 2932 3536 3065 3592; x_wconf 87' lang='lat' dir='ltr'><strong>enim</strong></span> <span class='ocrx_word' id='word_1_799' title='bbox 3092 3526 3250 3602; x_wconf 85' lang='lat' dir='ltr'><strong>Deus,</strong></span> <span class='ocrx_word' id='word_1_800' title='bbox 3279 3532 3455 3605; x_wconf 88' lang='lat' dir='ltr'><strong>inquis</strong></span> <span class='ocrx_word' id='word_1_801' title='bbox 3477 3576 3492 3600; x_wconf 93' lang='lat'><strong>,</strong></span> <span class='ocrx_word' id='word_1_802' title='bbox 3520 3526 3767 3587; x_wconf 75' lang='lat' dir='ltr'><strong>inhabitat</strong></span> <span class='ocrx_word' id='word_1_803' title='bbox 3793 3530 3843 3583; x_wconf 86' lang='lat' dir='ltr'><strong>in</strong></span> 
     </span>
    </p>
   </div>
   <div class='ocr_carea' id='block_1_97' title="bbox 2267 3626 3845 3700">
    <p class='ocr_par' dir='ltr' id='par_1_97' title="bbox 2267 3626 3845 3700">
     <span class='ocr_line' id='line_1_97' title="bbox 2267 3626 3845 3700; baseline -0.01 -11"><span class='ocrx_word' id='word_1_804' title='bbox 2267 3635 2497 3699; x_wconf 82' lang='lat' dir='ltr'><strong>homine,</strong></span> <span class='ocrx_word' id='word_1_805' title='bbox 2542 3648 2690 3700; x_wconf 80' lang='lat' dir='ltr'><strong>queat</strong></span> <span class='ocrx_word' id='word_1_806' title='bbox 2728 3647 2828 3684; x_wconf 87' lang='lat' dir='ltr'><strong>non</strong></span> <span class='ocrx_word' id='word_1_807' title='bbox 2868 3638 2981 3683; x_wconf 88' lang='lat' dir='ltr'><strong>ante</strong></span> <span class='ocrx_word' id='word_1_808' title='bbox 3023 3627 3246 3698; x_wconf 86' lang='lat' dir='ltr'><strong>Spiritus</strong></span> <span class='ocrx_word' id='word_1_809' title='bbox 3284 3626 3675 3695; x_wconf 72' lang='lat' dir='ltr'><strong>sanctiﬁcaverit</strong></span> <span class='ocrx_word' id='word_1_810' title='bbox 3705 3633 3845 3689; x_wconf 79' lang='lat' dir='ltr'><strong>atque</strong></span> 
     </span>
    </p>
   </div>
   <div class='ocr_carea' id='block_1_98' title="bbox 2268 3709 3847 3799">
    <p class='ocr_par' dir='ltr' id='par_1_98' title="bbox 2268 3709 3847 3799">
     <span class='ocr_line' id='line_1_98' title="bbox 2268 3709 3847 3799; baseline -0.011 -18"><span class='ocrx_word' id='word_1_811' title='bbox 2268 3718 2569 3799; x_wconf 85' lang='lat' dir='ltr'><strong>purgaverit.</strong></span> <span class='ocrx_word' id='word_1_812' title='bbox 2598 3726 2771 3793; x_wconf 87' lang='lat' dir='ltr'><strong>Atque</strong></span> <span class='ocrx_word' id='word_1_813' title='bbox 2792 3721 2892 3776; x_wconf 91' lang='lat' dir='ltr'><strong>isto</strong></span> <span class='ocrx_word' id='word_1_814' title='bbox 2915 3712 3074 3775; x_wconf 89' lang='lat' dir='ltr'><strong>modo</strong></span> <span class='ocrx_word' id='word_1_815' title='bbox 3095 3718 3313 3788; x_wconf 84' lang='lat' dir='ltr'><strong>intelligi</strong></span> <span class='ocrx_word' id='word_1_816' title='bbox 3341 3715 3569 3781; x_wconf 82' lang='lat' dir='ltr'><strong>voluisti,</strong></span> <span class='ocrx_word' id='word_1_817' title='bbox 3598 3730 3707 3769; x_wconf 90' lang='lat' dir='ltr'><strong>non</strong></span> <span class='ocrx_word' id='word_1_818' title='bbox 3732 3709 3847 3781; x_wconf 86' lang='lat' dir='ltr'><strong>Spi-</strong></span> 
     </span>
    </p>
   </div>
   <div class='ocr_carea' id='block_1_99' title="bbox 2267 3802 3846 3875">
    <p class='ocr_par' dir='ltr' id='par_1_99' title="bbox 2267 3802 3846 3875">
     <span class='ocr_line' id='line_1_99' title="bbox 2267 3802 3846 3875; baseline -0.011 0"><span class='ocrx_word' id='word_1_819' title='bbox 2267 3820 2427 3875; x_wconf 88' lang='lat' dir='ltr'><strong>ritum</strong></span> <span class='ocrx_word' id='word_1_820' title='bbox 2479 3823 2721 3871; x_wconf 89' lang='lat' dir='ltr'><strong>sanctum</strong></span> <span class='ocrx_word' id='word_1_821' title='bbox 2775 3826 2894 3869; x_wconf 89' lang='lat' dir='ltr'><strong>esse</strong></span> <span class='ocrx_word' id='word_1_822' title='bbox 2950 3810 3148 3865; x_wconf 90' lang='lat' dir='ltr'><strong>dictum</strong></span> <span class='ocrx_word' id='word_1_823' title='bbox 3195 3810 3395 3874; x_wconf 82' lang='lat' dir='ltr'><strong>Deum,</strong></span> <span class='ocrx_word' id='word_1_824' title='bbox 3447 3822 3544 3862; x_wconf 91' lang='lat' dir='ltr'><strong>nec</strong></span> <span class='ocrx_word' id='word_1_825' title='bbox 3591 3802 3846 3874; x_wconf 86' lang='lat' dir='ltr'><strong>templum</strong></span> 
     </span>
    </p>
   </div>
   <div class='ocr_carea' id='block_1_100' title="bbox 2269 3893 3847 3984">
    <p class='ocr_par' dir='ltr' id='par_1_100' title="bbox 2269 3893 3847 3984">
     <span class='ocr_line' id='line_1_100' title="bbox 2269 3893 3847 3984; baseline -0.013 -15"><span class='ocrx_word' id='word_1_826' title='bbox 2269 3913 2497 3984; x_wconf 91' lang='lat' dir='ltr'><strong>Spiritus</strong></span> <span class='ocrx_word' id='word_1_827' title='bbox 2526 3908 2694 3965; x_wconf 88' lang='lat' dir='ltr'><strong>sancti</strong></span> <span class='ocrx_word' id='word_1_828' title='bbox 2738 3923 2834 3962; x_wconf 90' lang='lat' dir='ltr'><strong>nos</strong></span> <span class='ocrx_word' id='word_1_829' title='bbox 2864 3906 2885 3938; x_wconf 86' lang='grc'>³</span> <span class='ocrx_word' id='word_1_830' title='bbox 2913 3919 3033 3961; x_wconf 89' lang='lat' dir='ltr'><strong>esse</strong></span> <span class='ocrx_word' id='word_1_831' title='bbox 3052 3945 3066 3966; x_wconf 90' lang='lat'><strong>,</strong></span> <span class='ocrx_word' id='word_1_832' title='bbox 3112 3898 3207 3959; x_wconf 89' lang='lat' dir='ltr'><strong>sed</strong></span> <span class='ocrx_word' id='word_1_833' title='bbox 3237 3902 3329 3957; x_wconf 90' lang='lat' dir='ltr'><strong>Dei</strong></span> <span class='ocrx_word' id='word_1_834' title='bbox 3364 3916 3378 3956; x_wconf 90' lang='lat'>:</span> <span class='ocrx_word' id='word_1_835' title='bbox 3407 3908 3461 3957; x_wconf 89' lang='lat' dir='ltr'><strong>et</strong></span> <span class='ocrx_word' id='word_1_836' title='bbox 3490 3900 3593 3955; x_wconf 83' lang='lat' dir='ltr'><strong>hec</strong></span> <span class='ocrx_word' id='word_1_837' title='bbox 3619 3913 3738 3954; x_wconf 87' lang='lat' dir='ltr'><strong>esse</strong></span> <span class='ocrx_word' id='word_1_838' title='bbox 3766 3893 3847 3951; x_wconf 87' lang='lat' dir='ltr'><strong>di—</strong></span> 
     </span>
    </p>
   </div>
   <div class='ocr_carea' id='block_1_101' title="bbox 2269 3990 3851 4075">
    <p class='ocr_par' dir='ltr' id='par_1_101' title="bbox 2269 3990 3851 4075">
     <span class='ocr_line' id='line_1_101' title="bbox 2269 3990 3851 4075; baseline -0.015 -12"><span class='ocrx_word' id='word_1_839' title='bbox 2269 4017 2434 4072; x_wconf 90' lang='lat' dir='ltr'><strong>ctum,</strong></span> <span class='ocrx_word' id='word_1_840' title='bbox 2461 4003 2723 4075; x_wconf 88' lang='lat' dir='ltr'><strong>Templum</strong></span> <span class='ocrx_word' id='word_1_841' title='bbox 2747 3999 2843 4055; x_wconf 80' lang='lat' dir='ltr'><strong>Dei</strong></span> <span class='ocrx_word' id='word_1_842' title='bbox 2871 4002 3006 4055; x_wconf 83' lang='lat' dir='ltr'><strong>estis.</strong></span> <span class='ocrx_word' id='word_1_843' title='bbox 3039 3997 3145 4053; x_wconf 86' lang='lat' dir='ltr'><strong>Sed</strong></span> <span class='ocrx_word' id='word_1_844' title='bbox 3174 3996 3292 4051; x_wconf 91' lang='lat' dir='ltr'><strong>ideo</strong></span> <span class='ocrx_word' id='word_1_845' title='bbox 3319 3990 3579 4058; x_wconf 88' lang='lat' dir='ltr'><strong>additum,</strong></span> <span class='ocrx_word' id='word_1_846' title='bbox 3627 3991 3851 4061; x_wconf 87' lang='lat' dir='ltr'><strong>Spiritus</strong></span> 
     </span>
    </p>
   </div>
   <div class='ocr_carea' id='block_1_102' title="bbox 2271 4085 3854 4161">
    <p class='ocr_par' dir='ltr' id='par_1_102' title="bbox 2271 4085 3854 4161">
     <span class='ocr_line' id='line_1_102' title="bbox 2271 4085 3854 4161; baseline -0.013 -7"><span class='ocrx_word' id='word_1_847' title='bbox 2271 4099 2368 4154; x_wconf 89' lang='lat' dir='ltr'><strong>Dei</strong></span> <span class='ocrx_word' id='word_1_848' title='bbox 2401 4098 2589 4152; x_wconf 86' lang='lat' dir='ltr'><strong>habitat</strong></span> <span class='ocrx_word' id='word_1_849' title='bbox 2636 4096 2690 4149; x_wconf 88' lang='lat' dir='ltr'><strong>in</strong></span> <span class='ocrx_word' id='word_1_850' title='bbox 2733 4093 2869 4148; x_wconf 87' lang='lat' dir='ltr'><strong>vobis</strong></span> <span class='ocrx_word' id='word_1_851' title='bbox 2912 4106 2931 4145; x_wconf 89' lang='lat'><em>:</em></span> <span class='ocrx_word' id='word_1_852' title='bbox 2961 4090 3085 4161; x_wconf 88' lang='lat' dir='ltr'><strong>quia</strong></span> <span class='ocrx_word' id='word_1_853' title='bbox 3127 4096 3314 4159; x_wconf 88' lang='lat' dir='ltr'><strong>purgat</strong></span> <span class='ocrx_word' id='word_1_854' title='bbox 3360 4085 3590 4154; x_wconf 85' lang='lat' dir='ltr'><strong>Spiritus</strong></span> <span class='ocrx_word' id='word_1_855' title='bbox 3638 4090 3854 4138; x_wconf 83' lang='lat' dir='ltr'><strong>sanctus</strong></span> 
     </span>
    </p>
   </div>
   <div class='ocr_carea' id='block_1_103' title="bbox 2274 4174 3853 4261">
    <p class='ocr_par' dir='ltr' id='par_1_103' title="bbox 2274 4174 3853 4261">
     <span class='ocr_line' id='line_1_103' title="bbox 2274 4174 3853 4261; baseline -0.013 -14"><span class='ocrx_word' id='word_1_856' title='bbox 2274 4191 2528 4261; x_wconf 89' lang='lat' dir='ltr'><strong>templum</strong></span> <span class='ocrx_word' id='word_1_857' title='bbox 2569 4186 2683 4253; x_wconf 90' lang='lat' dir='ltr'><strong>Dei,</strong></span> <span class='ocrx_word' id='word_1_858' title='bbox 2732 4199 2838 4240; x_wconf 92' lang='lat' dir='ltr'><strong>non</strong></span> <span class='ocrx_word' id='word_1_859' title='bbox 2884 4198 3076 4248; x_wconf 92' lang='lat' dir='ltr'><strong>suum;</strong></span> <span class='ocrx_word' id='word_1_860' title='bbox 3108 4190 3166 4235; x_wconf 90' lang='lat' dir='ltr'><strong>ut</strong></span> <span class='ocrx_word' id='word_1_861' title='bbox 3193 4194 3312 4235; x_wconf 93' lang='lat' dir='ltr'><strong>cum</strong></span> <span class='ocrx_word' id='word_1_862' title='bbox 3349 4179 3461 4248; x_wconf 90' lang='lat' dir='ltr'><strong>ipse</strong></span> <span class='ocrx_word' id='word_1_863' title='bbox 3504 4174 3853 4248; x_wconf 82' lang='lat' dir='ltr'><strong>purgaverit,</strong></span> 
     </span>
    </p>
   </div>
   <div class='ocr_carea' id='block_1_104' title="bbox 2276 4271 3859 4338">
    <p class='ocr_par' dir='ltr' id='par_1_104' title="bbox 2276 4271 3859 4338">
     <span class='ocr_line' id='line_1_104' title="bbox 2276 4271 3859 4338; baseline -0.013 -2"><span class='ocrx_word' id='word_1_864' title='bbox 2276 4290 2400 4336; x_wconf 90' lang='lat' dir='ltr'><strong>tunc</strong></span> <span class='ocrx_word' id='word_1_865' title='bbox 2428 4279 2535 4334; x_wconf 90' lang='lat' dir='ltr'><strong>illic</strong></span> <span class='ocrx_word' id='word_1_866' title='bbox 2565 4276 2823 4331; x_wconf 87' lang='lat' dir='ltr'><strong>inhabitet</strong></span> <span class='ocrx_word' id='word_1_867' title='bbox 2858 4276 3015 4330; x_wconf 86' lang='lat' dir='ltr'><strong>Deus.</strong></span> <span class='ocrx_word' id='word_1_868' title='bbox 3044 4272 3211 4338; x_wconf 91' lang='lat' dir='ltr'><strong>Quem</strong></span> <span class='ocrx_word' id='word_1_869' title='bbox 3241 4285 3455 4325; x_wconf 89' lang='lat' dir='ltr'><strong>sensum</strong></span> <span class='ocrx_word' id='word_1_870' title='bbox 3489 4278 3632 4321; x_wconf 93' lang='lat' dir='ltr'><strong>tuum</strong></span> <span class='ocrx_word' id='word_1_871' title='bbox 3656 4271 3859 4335; x_wconf 87' lang='lat' dir='ltr'><strong>quanta</strong></span> 
     </span>
    </p>
   </div>
   <div class='ocr_carea' id='block_1_105' title="bbox 2274 4353 3859 4441">
    <p class='ocr_par' dir='ltr' id='par_1_105' title="bbox 2274 4353 3859 4441">
     <span class='ocr_line' id='line_1_105' title="bbox 2274 4353 3859 4441; baseline -0.012 -15"><span class='ocrx_word' id='word_1_872' title='bbox 2274 4378 2527 4441; x_wconf 86' lang='lat' dir='ltr'><strong>sequatur</strong></span> <span class='ocrx_word' id='word_1_873' title='bbox 2570 4366 2890 4433; x_wconf 87' lang='lat' dir='ltr'><strong>absurditas,</strong></span> <span class='ocrx_word' id='word_1_874' title='bbox 2936 4364 3060 4418; x_wconf 92' lang='lat' dir='ltr'><strong>nolo</strong></span> <span class='ocrx_word' id='word_1_875' title='bbox 3092 4376 3231 4417; x_wconf 91' lang='lat' dir='ltr'><strong>nunc</strong></span> <span class='ocrx_word' id='word_1_876' title='bbox 3277 4360 3475 4414; x_wconf 87' lang='lat' dir='ltr'><strong>dicere.</strong></span> <span class='ocrx_word' id='word_1_877' title='bbox 3521 4355 3659 4412; x_wconf 87' lang='lat' dir='ltr'><strong>Illud</strong></span> <span class='ocrx_word' id='word_1_878' title='bbox 3709 4353 3859 4411; x_wconf 91' lang='lat' dir='ltr'><strong>enim</strong></span> 
     </span>
    </p>
   </div>
   <div class='ocr_carea' id='block_1_106' title="bbox 2267 4447 3863 4526">
    <p class='ocr_par' dir='ltr' id='par_1_106' title="bbox 2267 4447 3863 4526">
     <span class='ocr_line' id='line_1_106' title="bbox 2267 4447 3863 4526; baseline -0.01 -8"><span class='ocrx_word' id='word_1_879' title='bbox 2267 4464 2416 4518; x_wconf 83' lang='lat' dir='ltr'><strong>&#39;nuuc</strong></span> <span class='ocrx_word' id='word_1_880' title='bbox 2436 4459 2715 4517; x_wconf 82' lang='lat' dir='ltr'><strong>OStendere</strong></span> <span class='ocrx_word' id='word_1_881' title='bbox 2744 4458 2935 4523; x_wconf 89' lang='lat' dir='ltr'><strong>debeo,</strong></span> <span class='ocrx_word' id='word_1_882' title='bbox 2954 4455 3219 4526; x_wconf 92' lang='lat' dir='ltr'><strong>quomodo</strong></span> <span class='ocrx_word' id='word_1_883' title='bbox 3245 4453 3409 4509; x_wconf 90' lang='lat' dir='ltr'><strong>multa</strong></span> <span class='ocrx_word' id='word_1_884' title='bbox 3436 4450 3701 4515; x_wconf 90' lang='lat' dir='ltr'><strong>dicendo,</strong></span> <span class='ocrx_word' id='word_1_885' title='bbox 3730 4447 3863 4503; x_wconf 89' lang='lat' dir='ltr'><strong>nihil</strong></span> 
     </span>
    </p>
   </div>
   <div class='ocr_carea' id='block_1_107' title="bbox 2275 4538 3868 4626">
    <p class='ocr_par' dir='ltr' id='par_1_107' title="bbox 2275 4538 3868 4626">
     <span class='ocr_line' id='line_1_107' title="bbox 2275 4538 3868 4626; baseline -0.011 -16"><span class='ocrx_word' id='word_1_886' title='bbox 2275 4554 2415 4626; x_wconf 89' lang='lat' dir='ltr'><strong>quod</strong></span> <span class='ocrx_word' id='word_1_887' title='bbox 2443 4553 2508 4608; x_wconf 91' lang='lat' dir='ltr'><strong>ad</strong></span> <span class='ocrx_word' id='word_1_888' title='bbox 2551 4566 2664 4607; x_wconf 92' lang='lat' dir='ltr'><strong>rem</strong></span> <span class='ocrx_word' id='word_1_889' title='bbox 2710 4550 2953 4621; x_wconf 85' lang='lat' dir='ltr'><strong>pertinet,</strong></span> <span class='ocrx_word' id='word_1_890' title='bbox 2988 4546 3206 4602; x_wconf 83' lang='lat' dir='ltr'><strong>dixeris.</strong></span> <span class='ocrx_word' id='word_1_891' title='bbox 3253 4538 3506 4600; x_wconf 85' lang='lat' dir='ltr'><strong>Dimisisti</strong></span> <span class='ocrx_word' id='word_1_892' title='bbox 3544 4543 3699 4596; x_wconf 88' lang='lat' dir='ltr'><strong>enim</strong></span> <span class='ocrx_word' id='word_1_893' title='bbox 3742 4554 3868 4609; x_wconf 68' lang='lat' dir='ltr'><strong>cau-</strong></span> 
     </span>
    </p>
   </div>
   <div class='ocr_carea' id='block_1_108' title="bbox 2283 4633 3868 4713">
    <p class='ocr_par' dir='ltr' id='par_1_108' title="bbox 2283 4633 3868 4713">
     <span class='ocr_line' id='line_1_108' title="bbox 2283 4633 3868 4713; baseline -0.01 -13"><span class='ocrx_word' id='word_1_894' title='bbox 2283 4660 2418 4710; x_wconf 86' lang='lat' dir='ltr'><strong>sam,</strong></span> <span class='ocrx_word' id='word_1_895' title='bbox 2441 4653 2494 4699; x_wconf 92' lang='lat' dir='ltr'><strong>et</strong></span> <span class='ocrx_word' id='word_1_896' title='bbox 2515 4642 2792 4713; x_wconf 80' lang='lat' dir='ltr'><strong>perrexisti</strong></span> <span class='ocrx_word' id='word_1_897' title='bbox 2838 4641 2889 4694; x_wconf 92' lang='lat' dir='ltr'><strong>in</strong></span> <span class='ocrx_word' id='word_1_898' title='bbox 2913 4638 3123 4693; x_wconf 86' lang='lat' dir='ltr'><strong>laudem</strong></span> <span class='ocrx_word' id='word_1_899' title='bbox 3156 4635 3385 4707; x_wconf 89' lang='lat' dir='ltr'><strong>Spiritus</strong></span> <span class='ocrx_word' id='word_1_900' title='bbox 3411 4633 3605 4699; x_wconf 89' lang='lat' dir='ltr'><strong>sancti,</strong></span> <span class='ocrx_word' id='word_1_901' title='bbox 3640 4642 3868 4700; x_wconf 87' lang='lat' dir='ltr'><strong>eamque</strong></span> 
     </span>
    </p>
   </div>
   <div class='ocr_carea' id='block_1_109' title="bbox 2277 4725 3868 4806">
    <p class='ocr_par' dir='ltr' id='par_1_109' title="bbox 2277 4725 3868 4806">
     <span class='ocr_line' id='line_1_109' title="bbox 2277 4725 3868 4806; baseline -0.01 -15"><span class='ocrx_word' id='word_1_902' title='bbox 2277 4739 2490 4806; x_wconf 89' lang='lat' dir='ltr'><strong>cepiose</strong></span> <span class='ocrx_word' id='word_1_903' title='bbox 2515 4743 2698 4790; x_wconf 91' lang='lat' dir='ltr'><strong>contra</strong></span> <span class='ocrx_word' id='word_1_904' title='bbox 2726 4741 2777 4787; x_wconf 92' lang='lat' dir='ltr'><strong>te</strong></span> <span class='ocrx_word' id='word_1_905' title='bbox 2799 4732 2969 4802; x_wconf 90' lang='lat' dir='ltr'><strong>ipsum</strong></span> <span class='ocrx_word' id='word_1_906' title='bbox 2995 4736 3279 4785; x_wconf 76' lang='lat' dir='ltr'><strong>exsecutus</strong></span> <span class='ocrx_word' id='word_1_907' title='bbox 3298 4726 3589 4783; x_wconf 89' lang='lat' dir='ltr'><strong>es.Contra</strong></span> <span class='ocrx_word' id='word_1_908' title='bbox 3616 4732 3672 4779; x_wconf 91' lang='lat' dir='ltr'><strong>te</strong></span> <span class='ocrx_word' id='word_1_909' title='bbox 3698 4725 3868 4794; x_wconf 89' lang='lat' dir='ltr'><strong>ipsum</strong></span> 
     </span>
    </p>
   </div>
   <div class='ocr_carea' id='block_1_110' title="bbox 2280 4813 3869 4894">
    <p class='ocr_par' dir='ltr' id='par_1_110' title="bbox 2280 4813 3869 4894">
     <span class='ocr_line' id='line_1_110' title="bbox 2280 4813 3869 4894; baseline -0.009 -12"><span class='ocrx_word' id='word_1_910' title='bbox 2280 4827 2400 4882; x_wconf 90' lang='lat' dir='ltr'><strong>ideo</strong></span> <span class='ocrx_word' id='word_1_911' title='bbox 2423 4825 2553 4891; x_wconf 84' lang='lat' dir='ltr'><strong>dixi,</strong></span> <span class='ocrx_word' id='word_1_912' title='bbox 2578 4825 2827 4894; x_wconf 90' lang='lat' dir='ltr'><strong>quoniam</strong></span> <span class='ocrx_word' id='word_1_913' title='bbox 2858 4838 2962 4877; x_wconf 89' lang='lat' dir='ltr'><strong>non</strong></span> <span class='ocrx_word' id='word_1_914' title='bbox 2994 4821 3073 4875; x_wconf 88' lang='lat' dir='ltr'><strong>vis</strong></span> <span class='ocrx_word' id='word_1_915' title='bbox 3107 4835 3228 4876; x_wconf 91' lang='lat' dir='ltr'><strong>eum</strong></span> <span class='ocrx_word' id='word_1_916' title='bbox 3267 4819 3446 4873; x_wconf 88' lang='lat' dir='ltr'><strong>dicere</strong></span> <span class='ocrx_word' id='word_1_917' title='bbox 3488 4817 3689 4884; x_wconf 85' lang='lat' dir='ltr'><strong>Deum,</strong></span> <span class='ocrx_word' id='word_1_918' title='bbox 3719 4813 3869 4883; x_wconf 81' lang='lat' dir='ltr'><strong>cujus</strong></span> 
     </span>
    </p>
   </div>
   <div class='ocr_carea' id='block_1_111' title="bbox 2281 4908 3871 4984">
    <p class='ocr_par' dir='ltr' id='par_1_111' title="bbox 2281 4908 3871 4984">
     <span class='ocr_line' id='line_1_111' title="bbox 2281 4908 3871 4984; baseline -0.007 -11"><span class='ocrx_word' id='word_1_919' title='bbox 2281 4928 2479 4973; x_wconf 85' lang='lat' dir='ltr'><strong>tantam</strong></span> <span class='ocrx_word' id='word_1_920' title='bbox 2506 4915 2832 4970; x_wconf 87' lang='lat' dir='ltr'><strong>divinitatem</strong></span> <span class='ocrx_word' id='word_1_921' title='bbox 2879 4929 2972 4984; x_wconf 88' lang='lat' dir='ltr'><strong>per</strong></span> <span class='ocrx_word' id='word_1_922' title='bbox 3012 4912 3219 4969; x_wconf 90' lang='lat' dir='ltr'><strong>laudem</strong></span> <span class='ocrx_word' id='word_1_923' title='bbox 3243 4920 3455 4966; x_wconf 87' lang='lat' dir='ltr'><strong>coactus</strong></span> <span class='ocrx_word' id='word_1_924' title='bbox 3479 4925 3539 4965; x_wconf 89' lang='lat' dir='ltr'><strong>es</strong></span> <span class='ocrx_word' id='word_1_925' title='bbox 3578 4908 3871 4972; x_wconf 81' lang='lat' dir='ltr'><strong>confiteri;</strong></span> 
     </span>
    </p>
   </div>
   <div class='ocr_carea' id='block_1_112' title="bbox 2280 5000 3876 5078">
    <p class='ocr_par' dir='ltr' id='par_1_112' title="bbox 2280 5000 3876 5078">
     <span class='ocr_line' id='line_1_112' title="bbox 2280 5000 3876 5078; baseline -0.009 -11"><span class='ocrx_word' id='word_1_926' title='bbox 2280 5020 2339 5067; x_wconf 93' lang='lat' dir='ltr'><strong>ut</strong></span> <span class='ocrx_word' id='word_1_927' title='bbox 2366 5026 2483 5067; x_wconf 91' lang='lat' dir='ltr'><strong>cum</strong></span> <span class='ocrx_word' id='word_1_928' title='bbox 2512 5011 2581 5065; x_wconf 89' lang='lat' dir='ltr'><strong>sit</strong></span> <span class='ocrx_word' id='word_1_929' title='bbox 2599 5023 2756 5073; x_wconf 88' lang='lat' dir='ltr'><strong>unus,</strong></span> <span class='ocrx_word' id='word_1_930' title='bbox 2780 5007 2973 5078; x_wconf 89' lang='lat' dir='ltr'><strong>ubique</strong></span> <span class='ocrx_word' id='word_1_931' title='bbox 3002 5008 3070 5060; x_wconf 87' lang='lat' dir='ltr'><strong>sit</strong></span> <span class='ocrx_word' id='word_1_932' title='bbox 3090 5013 3412 5076; x_wconf 69' lang='lat' dir='ltr'><strong>prtcsens,et</strong></span> <span class='ocrx_word' id='word_1_933' title='bbox 3439 5004 3645 5058; x_wconf 88' lang='lat' dir='ltr'><strong>nemini</strong></span> <span class='ocrx_word' id='word_1_934' title='bbox 3677 5000 3876 5058; x_wconf 70' lang='lat' dir='ltr'><strong>sancti~</strong></span> 
     </span>
    </p>
   </div>
   <div class='ocr_carea' id='block_1_113' title="bbox 2286 5096 3880 5168">
    <p class='ocr_par' dir='ltr' id='par_1_113' title="bbox 2286 5096 3880 5168">
     <span class='ocr_line' id='line_1_113' title="bbox 2286 5096 3880 5168; baseline -0.008 -12"><span class='ocrx_word' id='word_1_935' title='bbox 2286 5102 2492 5158; x_wconf 84' lang='lat' dir='ltr'><strong>ticando</strong></span> <span class='ocrx_word' id='word_1_936' title='bbox 2515 5101 2681 5164; x_wconf 90' lang='lat' dir='ltr'><strong>desit,</strong></span> <span class='ocrx_word' id='word_1_937' title='bbox 2723 5099 3042 5168; x_wconf 87' lang='lat' dir='ltr'><strong>ubicumque</strong></span> <span class='ocrx_word' id='word_1_938' title='bbox 3071 5097 3293 5167; x_wconf 88' lang='lat' dir='ltr'><strong>quisque</strong></span> <span class='ocrx_word' id='word_1_939' title='bbox 3319 5096 3649 5151; x_wconf 80' lang='lat' dir='ltr'><strong>Christianus</strong></span> <span class='ocrx_word' id='word_1_940' title='bbox 3677 5108 3802 5148; x_wconf 89' lang='lat' dir='ltr'><strong>esse</strong></span> <span class='ocrx_word' id='word_1_941' title='bbox 3827 5100 3880 5145; x_wconf 90' lang='lat' dir='ltr'><strong>et</strong></span> 
     </span>
    </p>
   </div>
   <div class='ocr_carea' id='block_1_114' title="bbox 2287 5183 3879 5255">
    <p class='ocr_par' dir='ltr' id='par_1_114' title="bbox 2287 5183 3879 5255">
     <span class='ocr_line' id='line_1_114' title="bbox 2287 5183 3879 5255; baseline -0.009 -5"><span class='ocrx_word' id='word_1_942' title='bbox 2287 5196 2455 5250; x_wconf 88' lang='lat' dir='ltr'><strong>Deum</strong></span> <span class='ocrx_word' id='word_1_943' title='bbox 2478 5208 2631 5248; x_wconf 88' lang='lat' dir='ltr'><strong>orare</strong></span> <span class='ocrx_word' id='word_1_944' title='bbox 2656 5191 2901 5255; x_wconf 88' lang='lat' dir='ltr'><strong>voluerit,</strong></span> <span class='ocrx_word' id='word_1_945' title='bbox 2944 5189 3101 5245; x_wconf 89' lang='lat' dir='ltr'><strong>simul</strong></span> <span class='ocrx_word' id='word_1_946' title='bbox 3145 5202 3204 5243; x_wconf 86' lang='lat' dir='ltr'><strong>se</strong></span> <span class='ocrx_word' id='word_1_947' title='bbox 3249 5185 3493 5242; x_wconf 88' lang='lat' dir='ltr'><strong>omnibus</strong></span> <span class='ocrx_word' id='word_1_948' title='bbox 3538 5183 3879 5249; x_wconf 74' lang='lat' dir='ltr'><strong>exhibendo,</strong></span> 
     </span>
    </p>
   </div>
   <div class='ocr_carea' id='block_1_115' title="bbox 2286 5273 3887 5347">
    <p class='ocr_par' dir='ltr' id='par_1_115' title="bbox 2286 5273 3887 5347">
     <span class='ocr_line' id='line_1_115' title="bbox 2286 5273 3887 5347; baseline -0.009 -5"><span class='ocrx_word' id='word_1_949' title='bbox 2286 5288 2398 5342; x_wconf 89' lang='lat' dir='ltr'><strong>sive</strong></span> <span class='ocrx_word' id='word_1_950' title='bbox 2426 5287 2475 5340; x_wconf 93' lang='lat' dir='ltr'><strong>in</strong></span> <span class='ocrx_word' id='word_1_951' title='bbox 2503 5286 2729 5347; x_wconf 88' lang='lat' dir='ltr'><strong>oriente,</strong></span> <span class='ocrx_word' id='word_1_952' title='bbox 2759 5284 2870 5337; x_wconf 91' lang='lat' dir='ltr'><strong>sive</strong></span> <span class='ocrx_word' id='word_1_953' title='bbox 2898 5282 2949 5336; x_wconf 91' lang='lat' dir='ltr'><strong>in</strong></span> <span class='ocrx_word' id='word_1_954' title='bbox 2976 5280 3250 5335; x_wconf 87' lang='lat' dir='ltr'><strong>occidente</strong></span> <span class='ocrx_word' id='word_1_955' title='bbox 3274 5278 3615 5346; x_wconf 82' lang='lat' dir='ltr'><strong>baptizentur</strong></span> <span class='ocrx_word' id='word_1_956' title='bbox 3644 5275 3700 5330; x_wconf 89' lang='lat' dir='ltr'><strong>in</strong></span> <span class='ocrx_word' id='word_1_957' title='bbox 3734 5273 3887 5328; x_wconf 82' lang='lat' dir='ltr'><strong>Chri-</strong></span> 
     </span>
    </p>
   </div>
   <div class='ocr_carea' id='block_1_116' title="bbox 2288 5369 3888 5455">
    <p class='ocr_par' dir='ltr' id='par_1_116' title="bbox 2288 5369 3888 5455">
     <span class='ocr_line' id='line_1_116' title="bbox 2288 5369 3888 5455; baseline -0.008 -22"><span class='ocrx_word' id='word_1_958' title='bbox 2288 5388 2372 5433; x_wconf 91' lang='lat' dir='ltr'><strong>sto</strong></span> <span class='ocrx_word' id='word_1_959' title='bbox 2400 5396 2411 5430; x_wconf 94' lang='lat'>:</span> <span class='ocrx_word' id='word_1_960' title='bbox 2438 5377 2538 5432; x_wconf 91' lang='lat' dir='ltr'><strong>hoc</strong></span> <span class='ocrx_word' id='word_1_961' title='bbox 2557 5385 2610 5431; x_wconf 92' lang='lat' dir='ltr'><strong>et</strong></span> <span class='ocrx_word' id='word_1_962' title='bbox 2638 5389 2734 5431; x_wconf 88' lang='lat' dir='ltr'><strong>nos</strong></span> <span class='ocrx_word' id='word_1_963' title='bbox 2756 5374 3003 5455; x_wconf 74' lang='lat' dir='ltr'><strong>dicimus.</strong></span> <span class='ocrx_word' id='word_1_964' title='bbox 3033 5369 3136 5426; x_wconf 84' lang='lat' dir='ltr'><strong>Sed</strong></span> <span class='ocrx_word' id='word_1_965' title='bbox 3167 5386 3323 5441; x_wconf 89' lang='lat' dir='ltr'><strong>quem</strong></span> <span class='ocrx_word' id='word_1_966' title='bbox 3363 5369 3593 5424; x_wconf 89' lang='lat' dir='ltr'><strong>dicimus</strong></span> <span class='ocrx_word' id='word_1_967' title='bbox 3632 5369 3805 5423; x_wconf 85' lang='lat' dir='ltr'><strong>talem</strong></span> <span class='ocrx_word' id='word_1_968' title='bbox 3828 5378 3888 5419; x_wconf 87' lang='lat' dir='ltr'><strong>ac</strong></span> 
     </span>
    </p>
   </div>
   <div class='ocr_carea' id='block_1_117' title="bbox 2294 5456 3891 5534">
    <p class='ocr_par' dir='ltr' id='par_1_117' title="bbox 2294 5456 3891 5534">
     <span class='ocr_line' id='line_1_117' title="bbox 2294 5456 3891 5534; baseline -0.008 -10"><span class='ocrx_word' id='word_1_969' title='bbox 2294 5479 2517 5534; x_wconf 89' lang='lat' dir='ltr'><strong>tantum,</strong></span> <span class='ocrx_word' id='word_1_970' title='bbox 2548 5468 2688 5523; x_wconf 86' lang='lat' dir='ltr'><strong>absit</strong></span> <span class='ocrx_word' id='word_1_971' title='bbox 2716 5481 2746 5519; x_wconf 88' lang='lat' dir='ltr'><strong>a</strong></span> <span class='ocrx_word' id='word_1_972' title='bbox 2779 5465 2932 5520; x_wconf 87' lang='lat' dir='ltr'><strong>nobis</strong></span> <span class='ocrx_word' id='word_1_973' title='bbox 2962 5472 3020 5519; x_wconf 89' lang='lat' dir='ltr'><strong>ut</strong></span> <span class='ocrx_word' id='word_1_974' title='bbox 3054 5479 3175 5519; x_wconf 88' lang='lat' dir='ltr'><strong>eum</strong></span> <span class='ocrx_word' id='word_1_975' title='bbox 3213 5476 3462 5531; x_wconf 87' lang='lat' dir='ltr'><strong>negemus</strong></span> <span class='ocrx_word' id='word_1_976' title='bbox 3492 5460 3670 5515; x_wconf 87' lang='lat' dir='ltr'><strong>Deum</strong></span> <span class='ocrx_word' id='word_1_977' title='bbox 3704 5478 3719 5513; x_wconf 88' lang='lat'><strong>:</strong></span> <span class='ocrx_word' id='word_1_978' title='bbox 3750 5456 3891 5529; x_wconf 84' lang='lat' dir='ltr'><strong>quod</strong></span> 
     </span>
    </p>
   </div>
   <div class='ocr_carea' id='block_1_118' title="bbox 2292 5547 3894 5629">
    <p class='ocr_par' dir='ltr' id='par_1_118' title="bbox 2292 5547 3894 5629">
     <span class='ocr_line' id='line_1_118' title="bbox 2292 5547 3894 5629; baseline -0.008 -14"><span class='ocrx_word' id='word_1_979' title='bbox 2292 5561 2449 5615; x_wconf 85' lang='lat' dir='ltr'><strong>etiam</strong></span> <span class='ocrx_word' id='word_1_980' title='bbox 2478 5575 2571 5629; x_wconf 90' lang='lat' dir='ltr'><strong>per</strong></span> <span class='ocrx_word' id='word_1_981' title='bbox 2609 5572 2763 5612; x_wconf 90' lang='lat' dir='ltr'><strong>suum</strong></span> <span class='ocrx_word' id='word_1_982' title='bbox 2798 5555 3081 5625; x_wconf 89' lang='lat' dir='ltr'><strong>templum,</strong></span> <span class='ocrx_word' id='word_1_983' title='bbox 3109 5552 3250 5624; x_wconf 89' lang='lat' dir='ltr'><strong>quod</strong></span> <span class='ocrx_word' id='word_1_984' title='bbox 3282 5566 3380 5608; x_wconf 89' lang='lat' dir='ltr'><strong>nos</strong></span> <span class='ocrx_word' id='word_1_985' title='bbox 3411 5552 3508 5621; x_wconf 91' lang='lat' dir='ltr'><strong>ipsi</strong></span> <span class='ocrx_word' id='word_1_986' title='bbox 3545 5565 3748 5606; x_wconf 89' lang='lat' dir='ltr'><strong>sumus</strong></span> <span class='ocrx_word' id='word_1_987' title='bbox 3772 5592 3788 5617; x_wconf 90' lang='lat'><strong>,</strong></span> <span class='ocrx_word' id='word_1_988' title='bbox 3820 5547 3894 5603; x_wconf 85' lang='lat' dir='ltr'><strong>ci-</strong></span> 
     </span>
    </p>
   </div>
   <div class='ocr_carea' id='block_1_119' title="bbox 2358 5710 3026 5775">
    <p class='ocr_par' dir='ltr' id='par_1_119' title="bbox 2358 5710 3026 5775">
     <span class='ocr_line' id='line_1_119' title="bbox 2358 5710 3026 5775; baseline -0.004 -10"><span class='ocrx_word' id='word_1_989' title='bbox 2358 5722 2373 5752; x_wconf 82' lang='grc' dir='ltr'><strong>ι</strong></span> <span class='ocrx_word' id='word_1_990' title='bbox 2410 5716 2602 5773; x_wconf 83' lang='lat' dir='ltr'><strong>Quidam</strong></span> <span class='ocrx_word' id='word_1_991' title='bbox 2630 5724 2756 5775; x_wconf 81' lang='lat' dir='ltr'><strong>Mss.,</strong></span> <span class='ocrx_word' id='word_1_992' title='bbox 2787 5710 3026 5765; x_wconf 80' lang='lat' dir='ltr'><strong>Dominus.</strong></span> 
     </span>
    </p>
   </div>
   <div class='ocr_carea' id='block_1_120' title="bbox 2357 5772 3537 5835">
    <p class='ocr_par' dir='ltr' id='par_1_120' title="bbox 2357 5772 3537 5835">
     <span class='ocr_line' id='line_1_120' title="bbox 2357 5772 3537 5835; baseline -0.004 -8"><span class='ocrx_word' id='word_1_993' title='bbox 2357 5784 2377 5813; x_wconf 74' lang='grc'>³</span> <span class='ocrx_word' id='word_1_994' title='bbox 2412 5772 2510 5827; x_wconf 61' lang='lat' dir='ltr'><strong>Am.</strong></span> <span class='ocrx_word' id='word_1_995' title='bbox 2534 5786 2605 5825; x_wconf 83' lang='lat' dir='ltr'><strong>Er.</strong></span> <span class='ocrx_word' id='word_1_996' title='bbox 2633 5784 2683 5826; x_wconf 92' lang='lat' dir='ltr'><strong>et</strong></span> <span class='ocrx_word' id='word_1_997' title='bbox 2704 5772 2834 5835; x_wconf 73' lang='lat' dir='ltr'><strong>Mss,</strong></span> <span class='ocrx_word' id='word_1_998' title='bbox 2855 5784 2900 5826; x_wconf 88' lang='lat' dir='ltr'><strong>et</strong></span> <span class='ocrx_word' id='word_1_999' title='bbox 2928 5774 3113 5826; x_wconf 81' lang='lat' dir='ltr'><strong>nomini</strong></span> <span class='ocrx_word' id='word_1_1000' title='bbox 3146 5786 3283 5825; x_wconf 80' lang='lat' dir='ltr'><strong>ttmus</strong></span> <span class='ocrx_word' id='word_1_1001' title='bbox 3305 5772 3537 5824; x_wconf 50' lang='lat' dir='ltr'><strong>seruatis.</strong></span> 
     </span>
    </p>
   </div>
   <div class='ocr_carea' id='block_1_121' title="bbox 2361 5842 2905 5902">
    <p class='ocr_par' dir='ltr' id='par_1_121' title="bbox 2361 5842 2905 5902">
     <span class='ocr_line' id='line_1_121' title="bbox 2361 5842 2905 5902; baseline -0.004 -14"><span class='ocrx_word' id='word_1_1002' title='bbox 2361 5845 2382 5875; x_wconf 79' lang='grc'>³</span> <span class='ocrx_word' id='word_1_1003' title='bbox 2415 5842 2575 5901; x_wconf 65' lang='lat' dir='ltr'><strong>abest,</strong></span> <span class='ocrx_word' id='word_1_1004' title='bbox 2615 5850 2717 5902; x_wconf 85' lang='lat' dir='ltr'><strong>nos,</strong></span> <span class='ocrx_word' id='word_1_1005' title='bbox 2750 5851 2778 5887; x_wconf 90' lang='lat' dir='ltr'><strong>a</strong></span> <span class='ocrx_word' id='word_1_1006' title='bbox 2802 5845 2905 5887; x_wconf 79' lang='lat' dir='ltr'><strong>Mss.</strong></span> 
     </span>
    </p>
   </div>
  </div>
