4042 6452
231 377 330 435 753

229 493 424 552 tissime
467 503 524 548 et
569 493 723 551 facile
766 493 1081 550 ostenditur.
1127 493 1308 567 Neque
1341 492 1632 567 enim’nisi
1666 493 1808 559 Deus

230 595 401 644 noster
443 594 613 653 esset,
669 586 921 657 templum
971 602 1068 642 nos
1097 577 1468 660 ipsos'habere
1506 585 1804 656 potuisset:

228 676 359 749 quod
410 685 468 732 tu
519 688 577 733 ut
609 678 1049 756 occultarestet
1077 664 1150 734 inv
1175 693 1424 736 sermone
1463 687 1553 736 tuo
1597 688 1808 736 mentes

226 768 498 832 hominum
527 783 558 822 a
597 768 718 836 itth
757 769 997 832 veritatis
1022 781 1327 840 averteresg,
1369 769 1437 825 de
1482 770 1681 840 templo
1715 769 1806 825 Dei

225 860 592 933 quodcumque
615 859 794 915 dixisti
819 903 834 928 ,
865 876 1022 934 quem
1062 861 1274 916 noluisti
1302 862 1524 934 intelligi
1551 863 1805 933 Spiritum

226 961 490 1016 sanctum;
518 939 588 1006 de
612 953 810 1022 templo
831 961 1006 1007 autem
1033 951 1260 1023 Spiritus
1277 953 1465 1016 sancti,
1489 953 1637 1022 quod,
1653 969 1809 1024 aper;-

227 1041 422 1096 tisslme
443 1041 866 1098 demonstratum
894 1051 995 1110 est,
1020 1044 1238 1098 omnino
1260 1044 1488 1100 Lacuisti.
1513 1044 1643 1104 Cum
1663 1046 1805 1100 enim

227 1130 314 1203 tibi
378 1130 491 1185 duo
567 1132 867 1187 testimonia
920 1133 1067 1202 Pauli
1120 1134 1346 1216 apostoli
1395 1137 1802 1214 proposuerim;

225 1237 379 1285 unum
403 1221 494 1278 ubi
517 1223 624 1290 ait,
659 1222 880 1280 Nescitis
901 1226 1019 1294 quia
1049 1225 1290 1298 templum
1323 1227 1416 1283 Dei
1441 1229 1580 1298 estis,
1607 1239 1652 1281 et
1678 1229 1804 1299 Spi-

224 1314 340 1368 ritus
395 1312 493 1368 Dei
541 1313 732 1368 habitat
757 1315 810 1370 in
837 1317 1014 1370 vobis?
1047 1318 1272 1382 alterum
1307 1319 1393 1372 ubi
1425 1319 1528 1388 ait,
1585 1319 1804 1376 Nescitis

223 1405 330 1473 quia
359 1420 579 1474 corpora
599 1415 760 1460 uestra
780 1407 1019 1476 templum
1047 1409 1096 1462 in
1124 1409 1260 1470 vobis
1275 1409 1500 1482 Spiritus
1517 1413 1676 1466 sancti
1692 1413 1804 1466 est?

223 1509 380 1564 quare
412 1504 522 1549 tam
549 1495 914 1552 fraudulenter
937 1499 1119 1569 egisti,
1151 1509 1206 1554 ut
1237 1516 1399 1557 unum
1430 1501 1621 1560 horum
1650 1518 1802 1558 com-

221 1601 570 1653 memorares,
601 1588 742 1660 quod
769 1588 965 1656 dictum
995 1599 1094 1656 est,
1145 1590 1420 1663 Templum
1439 1592 1533 1653 Dei
1572 1596 1727 1660 estis;
1752 1603 1806 1650 et

221 1675 441 1732 alterum
502 1687 742 1745 laceres,
793 1681 935 1752 quod
966 1681 1163 1736 dictum
1206 1693 1322 1749 est,
1371 1683 1598 1755 Corpora
1640 1697 1804 1745 vestra

223 1770 460 1841 templum
487 1771 542 1825 in
570 1770 707 1825 vobis
731 1781 802 1826 est
826 1772 1052 1842 Spiritus
1078 1774 1280 1828 sancti?
1305 1773 1414 1830 Cur
1442 1775 1542 1830 hoc
1587 1776 1757 1832 fecisti
1784 1819 1799 1844 ,

220 1875 341 1931 rogo
387 1871 476 1927 te;
523 1863 624 1916 nisi
669 1863 792 1934 quja
821 1865 983 1930 nullo
1026 1874 1179 1944 pacto
1227 1869 1799 1941 possesargumentari

220 1953 486 2023 quomodo
523 1955 664 2011 Deus
698 1964 880 2012 noster
923 1972 1027 2012 non
1065 1967 1252 2026 esset,
1287 1960 1378 2030 qui
1406 1962 1661 2031 templum
1705 1978 1804 2022 nos

222 2047 357 2116 ipsos
387 2047 618 2117 haberet
647 2067 660 2103 :
691 2065 848 2122 quem
879 2051 996 2105 sine
1043 2050 1204 2108 dubio
1249 2052 1416 2107 Deum
1443 2069 1802 2124 cognoscere-

221 2156 348 2207 mus,
378 2143 435 2206 si
457 2143 508 2197 ei
537 2125 884 2220 templumde
912 2144 1064 2216 lignis
1090 2155 1142 2199 et
1171 2145 1432 2216 lapidibus
1454 2148 1801 2217 perdivinam

220 2233 320 2289 Scri
326 2243 386 2305 pt
390 2250 545 2302 uram
573 2216 749 2291 facere
763 2235 1111 2312 juberemur?

278 2346 514 2407 CAPUT
553 2347 670 2405 XII.
696 2378 770 2390 -—
809 2349 888 2405 De
922 2333 980 2404 ἕο
1019 2352 1156 2422 quod
1202 2351 1360 2408 Pater
1385 2362 1430 2408 et
1459 2353 1626 2418 Filius
1651 2373 1804 2410 unum

219 2436 340 2504 sint.
373 2439 703 2500 Duodecimo
730 2439 851 2505 loco
879 2441 1128 2498 admonui
1178 2453 1264 2509 te,
1314 2455 1371 2501 ut
1422 2445 1713 2515 proferres,
1757 2449 1802 2503 si

221 2545 422 2600 posses,
451 2546 555 2601 qua
575 2519 755 2587 divina
782 2533 1097 2600 auctoritate
1120 2537 1191 2590 sit
1219 2535 1416 2595 dictum
1434 2580 1449 2604 ,
1476 2537 1615 2607 quod
1639 2554 1802 2599 unum

219 2622 344 2689 sint,
378 2623 472 2687 ubi
500 2625 808 2688 substantia:
836 2626 1224 2684 suntdiversae.
1266 2628 1344 2684 Tu
1370 2639 1548 2685 autem
1576 2645 1801 2701 respon-

218 2714 336 2770 dere
363 2715 436 2770 ad
469 2716 570 2772 hoc
599 2716 782 2772 volens
802 2759 817 2783 ,
849 2717 980 2773 nihil
1012 2719 1115 2772 tale
1162 2721 1398 2788 proferre
1430 2722 1679 2790 potuisti;
1706 2724 1802 2780 sed

217 2807 423 2878 magnis
441 2815 743 2864 coarctatus
765 2809 1022 2879 angustiis
1063 2808 1330 2866 affirmare
1354 2825 1518 2867 ausus
1541 2828 1599 2868 es
1615 2855 1630 2879 ,
1657 2813 1800 2884 quod

217 2899 456 2970 Apostoli
478 2915 640 2954 unum
669 2901 774 2954 sint
797 2916 919 2956 cum
948 2901 1106 2957 Patre
1129 2912 1182 2957 et
1207 2902 1363 2958 Filio.
1381 2902 1533 2970 Quod
1554 2904 1803 2962 Christus

217 2991 433 3045 omnino
454 3005 559 3045 non
588 2990 722 3046 dixit
752 3009 764 3046 :
799 2992 876 3047 sic
900 2993 1042 3048 enim
1092 2994 1188 3048 abs
1237 3002 1288 3049 te
1313 2994 1514 3050 dictum
1542 3005 1654 3064 est,
1684 3005 1801 3052 tan-

216 3097 364 3152 quam
404 3081 642 3138 Pater‘et
671 3082 836 3138 Filius
861 3093 915 3138 et
941 3085 1179 3153 Apostoli
1209 3102 1371 3141 unum
1400 3088 1527 3143 sint.
1558 3087 1800 3147 Chrisms

215 3185 388 3228 autem
423 3189 530 3229 non
561 3173 663 3241 ait,
698 3174 766 3230 Ut
802 3176 900 3245 ipsi
930 3183 986 3231 et
1014 3191 1112 3232 nos
1142 3193 1305 3234 unum
1334 3179 1538 3245 simus;
1561 3181 1660 3236 sed
1687 3182 1796 3251 ait,

220 3263 280 3320 Ut
297 3267 407 3320 sint
443 3283 636 3332 unum,
666 3267 794 3321 sicut
814 3277 860 3321 et
886 3285 976 3322 nos
998 3286 1152 3330 unum
1172 3288 1370 3331 sumus,
1393 3271 1547 3339 Nam,
1562 3281 1618 3328 ut.
1636 3275 1796 3331 verba

215 3355 317 3425 ipsa
342 3357 660 3426 evattgelica
685 3372 875 3427 ponam
907 3376 918 3411 :
941 3357 1098 3418 Pater
1117 3372 1306 3428 sancte,
1333 3363 1529 3434 inquit,
1552 3382 1694 3420 serua
1713 3383 1799 3422 eos

217 3445 264 3499 in
286 3447 495 3501 neruine
523 3457 608 3501 tuo
633 3465 757 3518 quos
781 3449 969 3508 dedisti
990 3451 1130 3518 mihi,
1179 3462 1234 3506 ut
1255 3453 1356 3508 sint
1381 3471 1535 3510 unum
1555 3497 1569 3521 ,
1591 3457 1722 3512 sicut
1743 3468 1794 3514 et

217 3555 300 3594 nos
317 3556 505 3593 unum.
545 3539 813 3611 Numquid
841 3542 1004 3611 dixit,
1034 3543 1104 3599 Ut
1150 3545 1426 3602 nobiscum
1468 3549 1574 3604 sint
1599 3566 1794 3618 unum;

215 3640 329 3696 aut,
351 3631 465 3702 Ipsi
492 3641 545 3688 et
573 3647 671 3687 nos
698 3634 863 3689 simus
885 3651 1046 3690 unum
1077 3637 1099 3690 ?
1129 3637 1259 3693 Item
1288 3649 1406 3709 post
1429 3636 1754 3712 aliquantum
1783 3664 1796 3701 :

219 3721 351 3792 Non,
389 3725 589 3795 inquit,
607 3742 700 3797 pm
719 3727 789 3781 eis
805 3739 927 3799 rogo
945 3738 1174 3796 tantum;
1191 3732 1279 3786 sed
1307 3742 1353 3787 et
1371 3751 1464 3804 pro
1491 3736 1563 3789 eis
1584 3737 1671 3806 qui
1690 3753 1799 3793 cre-

216 3814 367 3869 dituri
393 3826 513 3870 sunt
529 3833 618 3886 per
637 3819 841 3872 verbum
861 3835 1033 3874 eorum
1056 3821 1108 3874 in
1126 3838 1222 3890 me,
1244 3833 1299 3877 ut
1316 3841 1487 3880 omnes
1502 3844 1658 3882 unum
1675 3829 1795 3884 sint.

215 3904 404 3977 Neque
431 3907 520 3963 hic
545 3907 708 3976 dixit,
740 3909 811 3965 Ut
837 3911 1110 3968 nobiscum
1138 3930 1298 3970 unum
1325 3919 1450 3972 sint.
1485 3919 1686 3977 Deinde
1707 3938 1798 3978 se-

212 3998 390 4067 quitur
414 4015 428 4053 :
459 3999 606 4054 Sicut
634 4009 708 4066 tu,
735 3999 922 4069 Pater,
954 4003 1006 4058 in
1053 4021 1133 4059 me
1159 4015 1206 4060 et
1229 4023 1318 4078 ego
1341 4008 1464 4064 inte
1485 4051 1501 4077 ,
1545 4021 1592 4066 et
1619 4013 1717 4082 ipsi
1744 4015 1800 4069 in

211 4089 348 4144 nobis
367 4107 531 4144 unum
551 4091 670 4146 sint.
704 4091 770 4147 Et
808 4091 895 4150 hic
916 4108 1022 4148 non
1051 4094 1212 4163 dixit,
1245 4096 1418 4155 Unum
1441 4101 1641 4170 simus;
1671 4113 1797 4172 aut,

217 4180 389 4238 Unum
424 4183 701 4240 nobiscum
731 4185 838 4241 sint
866 4202 880 4240 :
912 4187 1038 4254 sed,
1063 4187 1232 4243 Unum
1247 4191 1345 4246 sint
1365 4193 1418 4248 in
1439 4195 1610 4261 nobis;
1633 4206 1689 4252 ut
1709 4199 1800 4268 qui

213 4281 404 4329 natura
430 4289 594 4330 unum
623 4285 783 4343 sunt,
819 4279 942 4348 quia
970 4278 1215 4336 homines
1239 4293 1396 4351 sunt,
1427 4288 1666 4344 etiam-in
1693 4291 1798 4346 Pa-

213 4371 288 4420 tre
312 4376 369 4421 et
403 4364 540 4420 Filio
568 4367 677 4421 sint
699 4383 897 4434 unum;
927 4385 1031 4425 non
1067 4387 1186 4426 cum
1218 4373 1346 4444 ipsis
1372 4392 1568 4448 unum,
1597 4381 1649 4436 id
1677 4393 1762 4439 est
1780 4425 1797 4451 ,

211 4472 314 4512 non
342 4466 409 4513 ut.
428 4458 528 4528 ipsi
544 4467 600 4514 et
622 4460 708 4516 isti
729 4462 838 4517 sint.
861 4478 1047 4517 unum.
1069 4465 1259 4522 Adhuc
1282 4467 1540 4542 adjungit,
1561 4483 1612 4528 et
1633 4474 1794 4531 dicit:

216 4549 279 4606 Ut
301 4551 530 4606 mundus
555 4553 727 4608 credat
753 4555 876 4626 quia
914 4566 967 4610 tu
991 4575 1074 4618 me.
1103 4559 1300 4627 misisti,
1331 4571 1377 4618 et
1397 4580 1494 4635 ego
1523 4567 1802 4624 claritatem

209 4658 357 4713 quam
392 4644 578 4699 dedisti
598 4646 722 4700 mihi
745 4689 761 4711 ,
790 4647 907 4702 dedi
929 4650 1064 4716 illis,
1090 4661 1146 4706 ut
1176 4653 1276 4707 sint
1301 4672 1489 4725 unum,
1539 4660 1666 4714 sicut
1710 4679 1801 4719 nos

209 4749 369 4789 unum
392 4752 571 4791 sumus
589 4753 608 4792 :
627 4753 718 4809 ego
746 4739 799 4794 in
827 4740 898 4794 eis
923 4751 1044 4796 ettu
1068 4743 1121 4797 in
1141 4761 1239 4811 me,
1267 4755 1324 4800 ut
1341 4748 1442 4802 sint
1467 4754 1811 4809 consummati-

209 4827 260 4882 in
280 4844 446 4882 unum
473 4827 652 4899 (Joan.
683 4846 818 4898 xvn,
846 4833 1054 4904 14-25).
1082 4835 1212 4891 Cum
1235 4853 1363 4909 ergo
1391 4841 1546 4897 toties
1569 4843 1794 4913 dixerit,

212 4915 278 4973 Ut
305 4920 416 4974 sint
441 4937 639 4987 unum;
660 4937 764 4978 non
788 4925 1183 4990 tamenalicubi
1216 4928 1385 4998 dixit,
1409 4930 1478 4988 Ut
1503 4933 1602 5004 ipsi
1625 4944 1678 4991 et
1702 4952 1810 4993 nos

207 5019 382 5076 simus
409 5037 577 5076 unum
599 5063 613 5086 ,
660 5021 764 5077 hoc
793 5031 905 5087 est,
947 5033 1004 5079 ut
1035 5025 1309 5081 nobiscum
1337 5029 1445 5084 sint
1473 5047 1637 5088 unum
1663 5051 1676 5088 :
1704 5034 1798 5092 sed

208 5121 329 5179 aut,
363 5115 417 5167 in
437 5115 583 5168 nobis
608 5115 776 5182 dixit;
804 5126 926 5181 aut,
957 5118 1087 5172 sicut
1111 5135 1240 5184 nos;
1266 5120 1316 5174 id
1344 5130 1453 5187 est,
1483 5123 1582 5193 ipsi
1605 5141 1800 5182 secun-

209 5198 337 5256 dum
379 5213 624 5258 naturam
652 5219 801 5260 suam
821 5247 836 5274 ,
859 5221 958 5261 nos
981 5210 1269 5264 secundum
1294 5219 1552 5267 nosteam.
1577 5215 1807 5273 Volebat-

207 5293 354 5346 enim
389 5308 484 5348 eos
507 5295 603 5364 qui
646 5305 834 5352 natura
877 5314 1039 5352 unum
1087 5311 1272 5366 erant,
1303 5304 1354 5356 in
1384 5303 1486 5359 hoc
1514 5305 1629 5375 ipso
1654 5308 1796 5376 quod

208 5394 380 5438 unum
427 5393 609 5454 erant,
659 5401 781 5442 esse
832 5389 1114 5457 perfectos.
1156 5390 1270 5446 Non
1317 5393 1459 5447 enim
1486 5397 1607 5464 quia
1635 5397 1794 5468 dicit,

207 5477 396 5539 Estote
416 5499 534 5554 ergo
548 5492 596 5537 et
620 5499 706 5538 uos
727 5484 933 5555 perfecti
949 5486 1076 5538 sicut
1091 5485 1248 5540 Pater
1272 5497 1428 5542 uester
1449 5490 1660 5545 ctelestis
1681 5508 1799 5561 per-

207 5579 377 5644 fectus
398 5586 467 5630 est
493 5575 708 5650 (Matth.
735 5592 788 5642 v,
818 5576 931 5648 48);
957 5579 1068 5633 vult
1088 5579 1208 5634 illos
1236 5581 1346 5635 Deo
1369 5590 1572 5637 natura:
1594 5585 1796 5642 unitate

203 5666 570 5736 conjungere,
605 5675 856 5736 tanquam
885 5669 1096 5724 illorum
1124 5680 1177 5725 et
1206 5672 1344 5726 illius
1371 5687 1474 5727 una
1501 5672 1796 5744 eademque

204 5765 406 5814 natura
433 5760 536 5817 sit:
567 5760 670 5817 sed
698 5759 958 5830 perfectos
985 5763 1095 5818 vult
1121 5778 1239 5821 esse
1270 5763 1322 5828 in
1348 5773 1535 5824 natura
1559 5781 1674 5834 sua,
1691 5769 1796 5825 sic-

1589 375 1788 433 LIBER
1829 373 2111 444 PRIMUS.

3392 401 3496 455 754

1915 501 1974 547 ιιι
1998 504 2078 550 est
2109 495 2248 561 Deus
2297 500 2562 570 perfectus
2589 505 2760 574 insua
2784 549 2799 574 ,
2849 510 3090 578 quamvis
3117 510 3322 574 diversa
3343 555 3356 579 ,
3391 533 3498 576 non

1916 601 2050 653 una;
2079 590 2218 659 quod
2251 593 2348 647 nisi
2372 595 2560 668 inipso
2576 598 2762 668 simus,
2790 601 3010 658 omnino
3030 618 3149 659 esse
3170 620 3276 666 non
3305 623 3497 678 possu-

1914 692 2052 733 mus.
2085 679 2201 736 Nou
2233 683 2372 753 sicut
2393 687 2445 743 in
2473 687 2560 742 illo
2586 701 2713 746 sunt
2735 695 2944 760 omnes,
2973 695 3234 768 quia_ipsc
3260 700 3501 760 continet

1911 771 2096 840 omnia
2119 789 2237 854 quae
2263 776 2465 840 creavit
2483 793 2499 848 ;
2520 789 2735 852 propter
2759 783 2899 854 quod
2923 784 3096 852 dictus
3121 798 3201 843 est
3227 806 3326 846 non
3353 791 3501 867 longe

1913 864 2106 932 positus
2131 865 2194 919 ab
2223 884 2518 941 unoquoque
2537 884 2762 942 nostrum
2782 918 2796 942 ,
2837 879 2960 948 quia
2991 880 3042 934 in
3068 881 3156 938 illo
3182 864 3501 954 vivimusget
3569 951 3573 953 _

1912 973 2185 1026 uteremur,
2212 969 2258 1016 et
2281 978 2458 1018 sumus
2479 963 2612 1036 (Act.
2635 983 2764 1035 xvn,
2786 968 2876 1036 ‘27,
2905 971 3030 1041 28):
3063 975 3156 1031 sed
3174 977 3310 1034 sicut
3330 979 3382 1033 in
3406 979 3501 1037 illo

1911 1061 2035 1107 sunt
2063 1053 2196 1110 tales
2223 1055 2469 1124 qualibus
2495 1057 2693 1114 dictum
2717 1071 2797 1115 est
2815 1103 2829 1127 ,
2858 1061 3048 1118 Fuistis
3073 1068 3207 1122 enim
3222 1069 3496 1142 aliquando

1912 1145 2144 1211 tenebrte,
2169 1158 2490 1214 nunchautem
2511 1149 2601 1216 lu;
2631 1152 2681 1205 in
2715 1151 3328 1232 Dontino(Ep_ltcs.v,8).
3347 1161 3498 1220 Unde

1911 1249 1963 1292 ct
1989 1239 2114 1303 illud
2142 1248 2222 1295 est
2240 1284 2252 1305 ,
2286 1239 2379 1296 Cui
2401 1242 2502 1297 vult
2532 1238 2703 1311 nubat,
2732 1256 2926 1305 tantum
2955 1249 3017 1304 in
3050 1249 3275 1312 Domino.
3297 1254 3344 1324 (ί
3373 1255 3492 1314 Cor.

1910 1344 2002 1394 vn,
2033 1330 2144 1400 59).
2175 1330 2290 1386 Non
2319 1333 2479 1402 igitur
2503 1334 2739 1404 proferre
2778 1341 2994 1409 potuisti
3043 1342 3130 1404 ubi
3159 1343 3359 1408 dictum
3387 1347 3492 1416 sit,

1911 1420 2084 1482 Unum
2108 1430 2271 1489 sunt,
2301 1439 2526 1494 quorum
2558 1436 2641 1482 cst
2678 1444 2784 1483 non
2831 1446 2930 1485 una
2953 1475 2967 1499 ,
3002 1433 3095 1494 sed
3123 1434 3331 1510 diversa
3367 1439 3497 1493 sub-
3583 1509 3585 1513 ι

1909 1514 2103 1570 stantia
2133 1534 2146 1570 :
2178 1525 2230 1570 et
2260 1525 2436 1573 tamen
2465 1519 2480 1550 ι
2509 1519 2561 1574 in
2591 1521 2817 1577 obscuro
2844 1523 2960 1586 loco
3009 1528 3160 1584 nobis
3204 1531 3496 1604 subrepere

1909 1606 2159 1672 voluisti,
2189 1619 2245 1664 ut
2275 1609 2485 1676 diceres
2513 1612 2798 1685 Apostolos
2826 1633 2992 1678 unum,
3017 1634 3137 1682 esse
3163 1636 3282 1676 cum
3335 1623 3494 1680 Patre

1909 1707 1965 1756 et
1995 1697 2130 1756 Filio
2155 1741 2173 1769 ι
2203 1710 2452 1774 tanquam
2486 1720 2648 1769 unum
2681 1717 2862 1763 essent
2906 1711 3144 1782 Apostoli
3176 1725 3230 1769 et
3259 1715 3416 1772 Pater
3439 1730 3494 1774 ct

1910 1790 2108 1857 Filius;
2139 1806 2259 1847 cum
2282 1793 2657 1864 Apostolorum
2689 1798 3038 1856 substantiam
3071 1804 3404 1862 manifestum
3426 1810 3498 1881 sit

1907 1899 1937 1938 a
1968 1883 2125 1940 Patre
2153 1893 2208 1940 et
2236 1884 2368 1940 Filio
2395 1902 2514 1943 esse
2543 1886 2828 1944 diversam.
2861 1890 2964 1946 Sed
2992 1895 3272 1962 quoniam,
3300 1895 3366 1954 Ut
3395 1885 3495 1969 ipsi

1907 1984 1963 2030 et
1988 1991 2084 2031 nos
2123 1992 2286 2033 unum
2315 1977 2512 2047 simus,
2535 1988 2627 2034 aut
2645 1980 2972 2049 ,_.Nobiscum
3009 1984 3116 2040 sint
3143 2002 3338 2053 unum,
3368 2004 3494 2044 nus-

1909 2084 2063 2139 quam
2093 2068 2360 2132 Christum
2401 2072 2604 2136 dixisse
2643 2075 2980 2137 manifestum
3025 2088 3141 2146 est;
3186 2091 3237 2136 te
3280 2098 3494 2152 quoque

1909 2163 2060 2216 nobis
2092 2163 2414 2234 respondere
2433 2183 2544 2222 non
2580 2169 2834 2237 potuisse,
2858 2178 2912 2225 et
2931 2171 3168 2227 fraudein
3201 2171 3374 2230 facere
3397 2191 3492 2230 vo-

1908 2252 2068 2308 luisse
2097 2254 2432 2311 manifestum
2462 2258 2548 2313 sit.
3018 2317 3020 2320 ,

1979 2345 2204 2402 CAPUT
2242 2347 2378 2408 XIII.
2407 2381 2479 2390 —-
2505 2349 2582 2416 De
2601 2353 2881 2408 testimonio
2906 2356 3042 2426 quod
3069 2357 3225 2412 Pater
3241 2359 3490 2430 perhibuit

1913 2433 2064 2490 Filio.
2090 2431 2268 2503 Tertio
2297 2439 2504 2500 decimo
2530 2441 2646 2497 loco
2675 2453 2723 2499 te
2748 2448 3047 2501 commonui
3065 2488 3080 2515 ,
3103 2463 3207 2504 non
3239 2449 3358 2506 ideo
3383 2449 3487 2506 Pa-

1907 2534 2041 2582 trem
2072 2528 2207 2594 Filio
2234 2545 2353 2586 esse
2383 2533 2659 2604 majorem,
2690 2537 2812 2607 quia
2832 2540 3190 2603 testimoniuu't
3220 2542 3492 2613 perhibuit

1906 2621 2064 2682 Pater
2084 2623 2240 2678 Filio.
2285 2624 2416 2680 Nam
2443 2637 2497 2682 et
2523 2627 2816 2701 PrOpbetas
2844 2633 2896 2689 ei
2922 2635 3280 2690 testimonium
3311 2637 3489 2706 perhi-

1906 2713 2085 2770 buisse
2115 2718 2437 2785 memoravi,
2470 2735 2604 2790 quos
2654 2723 2884 2792 majores
2913 2725 3003 2780 illo
3029 2741 3148 2782 esse
3189 2742 3294 2782 non
3338 2738 3490 2799 potes

1904 2805 2104 2866 dicere.
2129 2808 2351 2864 Dixeras
2372 2811 2512 2865 enim
2533 2813 2674 2883 quod
2697 2815 2855 2872 Pater
2876 2818 3011 2874 Filio
3053 2820 3385 2890 perhibuerit
3408 2829 3490 2878 te-

1902 2898 2242 2967 stimonium;
2280 2903 2424 2974 quod
2452 2905 2531 2960 sic
2557 2909 2759 2978 accepi,
2785 2919 3033 2982 tanquam
3065 2913 3189 2970 hinc
3217 2913 3334 2986 ipse
3361 2933 3486 2986 pro-

1904 2991 2034 3050 bare
2064 2995 2326 3062 volueris,
2361 2998 2452 3053 illo
2497 3000 2580 3054 cui
2632 3002 2990 3060 testimonium
3037 3006 3335 3077 perhibuit,
3364 3025 3488 3068 eum

1903 3099 2025 3141 esse
2052 3085 2305 3156 majorem
2331 3105 2344 3142 :
2374 3088 2467 3144 sed
2493 3093 2742 3162 quoniam
2771 3097 3073 3165 posteriore
3115 3102 3488 3168 prosecutione

1904 3175 2030 3232 hinc
2050 3179 2269 3234 omnino
2307 3183 2550 3248 tacuisti,
2584 3185 2994 3243 taciturnitatem
3028 3198 3166 3244 tuam
3209 3191 3261 3245 in
3313 3191 3488 3248 locum

1902 3269 2274 3326 consensionis
2292 3274 2510 3345 accepi;
2539 3276 2638 3330 etsi
2661 3277 2774 3331 fieri
2805 3288 2981 3348 potest
3017 3290 3074 3335 ut
3101 3281 3222 3336 ideo
3248 3297 3487 3339 comme-

1903 3361 2199 3418 moraveris
2228 3362 2438 3420 Patrem
2467 3366 2600 3422 Filio
2628 3369 2958 3438 perhibuisse
2997 3373 3391 3440 testimonium,
3433 3385 3494 3428 ut

1903 3452 2029 3510 hinc
2073 3454 2221 3510 illum
2256 3471 2377 3512 esse
2401 3457 2563 3513 alium
2588 3499 2602 3526 ,
2636 3460 2796 3521 istum
2843 3469 3020 3521 autem
3061 3463 3260 3529 alium,
3293 3479 3399 3518 nou
3432 3475 3492 3520 ut

1904 3547 2052 3604 illum
2093 3549 2194 3604 isto
2225 3549 2479 3619 probares
2507 3566 2627 3608 esse
2671 3553 2946 3624 majorem.
2977 3554 3154 3610 Alium
3197 3571 3324 3611 vero
3363 3573 3484 3616 esse

1904 3638 2115 3695 Patrem
2135 3680 2150 3706 ,
2183 3639 2344 3694 alium
2374 3655 2495 3698 esse
2520 3640 2710 3702 Filium
2731 3685 2747 3711 ,
2789 3645 3039 3714 quoniam
3070 3660 3176 3700 non
3199 3655 3281 3701 est
3325 3647 3483 3704 Pater

1902 3729 2019 3800 ipse
2047 3730 2136 3801 qui
2167 3729 2332 3787 Filius
2351 3773 2366 3799 ,
2397 3741 2452 3790 et
2478 3733 2628 3788 vobis
2653 3743 2716 3790 et.
2751 3734 2907 3794 nobis
2933 3746 3118 3791 contra
3154 3737 3487 3794 Sabellianos

1903 3829 1986 3878 est
2004 3821 2196 3893 dogma
2215 3837 2515 3878 commune.
2543 3823 2632 3887 illi
2649 3825 2793 3889 enim
2823 3825 3027 3893 dicunt,
3051 3842 3158 3884 non
3173 3829 3372 3896 alium,
3391 3830 3486 3886 sed

1903 3913 2151 3970 eumdem
2179 3913 2371 3971 Filium
2403 3930 2523 3972 esse
2549 3917 2640 3988 qui
2662 3917 2930 3980 est,Pater
2961 3936 2974 3974 :
3003 3935 3103 3976 nos
3122 3930 3300 3976 autem
3323 3922 3485 3978 alium

1903 4006 2117 4078 quidem
2162 4022 2284 4065 esse
2320 4009 2565 4078 Patrem,
2605 4019 2656 4066 el
2699 4011 2861 4066 alium
2907 4012 3128 4081 Filium;
3169 4013 3276 4074 sed.
3310 4026 3488 4072 tamen

1903 4100 2044 4172 quod
2073 4101 2228 4158 Pater
2255 4110 2357 4167 est,
2382 4103 2484 4159 hoc
2501 4119 2622 4160 esse
2647 4103 2875 4162 dicimus
2901 4106 3116 4162 Filium.

1975 4192 2204 4250 CAPUT
2245 4194 2382 4249 XIV.
2404 4223 2474 4233 —
2491 4194 2568 4249 De
2582 4195 2846 4256 dilectione
2865 4195 3036 4254 Patris
3053 4207 3100 4255 et
3122 4198 3266 4254 Filii.
3286 4199 3490 4268 Quarto

1903 4285 2114 4343 decimo
2129 4287 2254 4350 loco
2281 4287 2348 4342 ad
2371 4287 2499 4344 illud
2527 4288 2668 4364 quod
2714 4289 2926 4346 dixeras
2943 4332 2960 4356 ,
2994 4291 3246 4346 Dilectum
3270 4292 3382 4363 lego
3399 4334 3415 4358 ,
3442 4303 3490 4348 et

1903 4379 2057 4440 credo
2082 4381 2216 4450 quod
2242 4379 2410 4439 Pater.
2425 4391 2498 4436 est
2522 4383 2610 4452 qui
2629 4383 2827 4454 diligit,
2854 4392 2900 4436 et
2921 4381 3090 4439 Filius
3109 4385 3199 4455 qui
3225 4384 3488 4456 diligitur;

1905 4471 2237 4540 respondens
2265 4471 2374 4526 dixi
2405 4489 2432 4524 ιη
2455 4473 2545 4528 Sic
2573 4482 2739 4532 anteiit
2766 4473 2892 4532 dicis
2917 4475 3033 4528 hinc
3053 4476 3181 4529 inter
3207 4474 3414 4530 Patrem
3440 4482 3514 4532 ρι’

1909 4561 1957 4615 F
1959 4563 2101 4618 ilium
2128 4580 2232 4618 esse
2259 4564 2631 4631 diversitatem,
2660 4565 2778 4634 quia
2811 4563 2970 4620 Pater
3014 4567 3218 4638 diligit,
3248 4578 3293 4623 et
3323 4567 3489 4624 Filius

1905 4656 2166 4728 diligitur;
2194 4656 2337 4725 quasi
2361 4673 2544 4728 negare
2573 4657 2734 4726 possis
2755 4659 2891 4728 quod
2904 4657 3138 4714 etFilius
3164 4660 3342 4731 diligat
3376 4659 3488 4718 Pu-

1906 4758 2050 4802 trem.
2077 4747 2276 4806 Deinde
2300 4747 2482 4805 addidi
2509 4765 2522 4803 :
2549 4747 2610 4803 Si
2630 4748 2778 4804 ambo
2794 4766 2861 4804 ..δε
2880 4751 3088 4806 invicem
3112 4751 3362 4821 diligunt,
3393 4767 3484 4805 cur

1905 4841 2099 4912 negatis
2120 4840 2378 4898 eos-unius
2399 4857 2504 4896 esse
2527 4849 2726 4896 natura:
2745 4842 2772 4896 .9
2796 4841 2949 4909 Quod
2981 4842 3160 4912 utique
3187 4841 3308 4898 ideo
3336 4840 3448 4898 dixi
3469 4881 3486 4906 ,

1905 4946 1974 4985 ne
2004 4929 2141 4988 hinc.
2153 4946 2312 4985 unam
2352 4939 2596 4992 naturam
2625 4932 2892 5002 negaretis
2917 4933 3221 4998 amborum,
3245 4933 3371 5002 quia
3419 4933 3488 4987 il-

1905 5021 2012 5078 lum
2040 5021 2282 5092 diligere,
2332 5021 2472 5077 hunc
2499 5021 2647 5092 diligi
2679 5024 2792 5093 ipse
2816 5023 3015 5078 dixisti.
3066 5022 3145 5076 Ad
3176 5021 3278 5076 hoc
3304 5031 3359 5077 tu
3396 5038 3484 5078 re-

1904 5115 2174 5186 spondens
2218 5115 2536 5177 consensisti
2574 5117 2786 5186 quidem
2807 5157 2820 5182 ,
2848 5115 2988 5185 quod
3015 5125 3069 5170 et
3111 5115 3275 5171 Filius
3303 5115 3489 5187 diligat

1906 5207 2114 5262 Patrem
2139 5247 2155 5274 ,
2182 5207 2274 5262 sed
2307 5208 2460 5264 unius
2483 5222 2603 5263 esse
2642 5217 2845 5263 natura:
2889 5205 3190 5262 consentire
3217 5205 3430 5262 noluisti
3465 5224 3480 5261 :

1905 5307 2154 5369 tanquam
2201 5298 2367 5354 Filius
2415 5299 2486 5354 ita
2528 5299 2712 5369 diligat
2758 5298 3002 5363 Patrem,
3057 5301 3196 5352 sicut
3231 5307 3478 5355 creatura

1903 5391 2212 5448 Creatorem
2237 5431 2254 5458 ,
2298 5405 2404 5447 non
2447 5392 2586 5446 sicut
2636 5389 2936 5460 unigenitus
2961 5388 3256 5459 genitorem
3277 5432 3292 5458 ,
3323 5405 3484 5461 quem

1904 5483 2218 5538 diversitate
2235 5482 2544 5538 substantiae
2568 5480 2732 5552 vultis
2755 5494 2874 5536 esse
2899 5480 3246 5550 degenerem.
3488 5543 3492 5545 ἓ

1922 5611 1928 5615 -
1973 5574 2198 5630 CAPUT
2233 5573 2349 5628 XV.
2376 5603 2448 5612 —-
2489 5571 2568 5627 Dc
2591 5571 2929 5627 inuisibilitate
2955 5570 3242 5627 Trinitatis.
3283 5572 3482 5640 Quinto

1905 5664 2115 5722 decimo
2134 5665 2251 5720 loco
2276 5663 2382 5717 dixi
2417 5662 2612 5733 pariter
2632 5676 2752 5719 esse
2781 5663 3096 5722 invisibilem
3128 5664 3441 5720 Trinitatem
3458 5699 3480 5729 .

1969 5781 1984 5811 ι
2022 5786 2120 5828 Am.
2145 5782 2218 5826 Er.
2247 5784 2298 5826 et
2321 5782 2448 5837 uss,
2471 5781 2714 5838 tanquam.
