4084 6456
520 339 627 407 155

518 466 625 509 non
653 451 828 509 solum
866 451 1116 511 Patrem:
1147 453 1241 509 sed
1284 451 1589 523 apparuisse
1630 432 1807 507 tamen
1837 451 2099 517 visibilem

517 540 712 599 Filium
741 544 793 600 in
824 544 988 599 I'orma
1010 544 1145 600 servi
1163 585 1177 608 ,
1200 552 1413 613 propter
1437 558 1595 613 quam
1615 541 1778 608 dixit,
1801 541 1958 597 Pater
1982 559 2095 596 ma-

506 632 600 706 jor
619 650 699 688 nte
718 643 789 689 est
820 633 997 707 (Joan.
1026 650 1131 699 xtv,
1160 632 1271 703 28).
1295 632 1400 688 Sed
1421 633 1671 703 quoniam
1694 633 1931 704 patribus
1952 648 2009 691 se
2025 632 2099 686 di-

514 724 710 780 vinitas
738 725 1164 791 demonstrabat,
1196 725 1303 780 dixi
1337 742 1430 795 per
1468 725 1758 795 subjectum
1789 732 2088 779 creaturam

516 814 570 870 id
600 831 719 871 esse
742 816 931 871 factum
953 858 968 883 ,
996 832 1098 870 non
1123 831 1217 886 per
1244 826 1483 879 naturam
1510 831 1657 871 suam
1678 858 1693 882 ,
1721 831 1824 886 qua
1847 824 1930 879 est
1959 814 2097 869 invi-

514 908 685 964 sibilis
701 908 949 971 Trinitas.
974 909 1145 978 Atque
1164 917 1220 962 ut
1238 908 1337 971 hoc
1363 910 1644 979 probarem
1667 950 1679 968 .
1712 908 1926 979 Moysen
1945 922 2095 963 com-

515 1000 808 1056 memoravi
838 1000 884 1053 ei
916 1000 1206 1064 dicentem,
1233 1015 1352 1054 cum
1381 1016 1488 1070 quo
1516 999 1648 1054 facie
1674 999 1738 1052 ad
1780 998 1965 1054 faciem
2016 998 2100 1052 lo-

514 1091 792 1162 quebatur.
817 1091 877 1144 Si
898 1093 1063 1145 inveni
1086 1093 1298 1162 gratiam
1319 1104 1435 1146 ante
1454 1102 1521 1158 te,
1549 1092 1752 1145 ostende
1780 1092 1902 1144 mihi
1926 1100 2097 1145 temet-

511 1182 677 1252 ipsum
704 1183 967 1252 manifeste
994 1182 1187 1251 (Exod.
1212 1199 1396 1249 χχχιιι,
1427 1185 1515 1247 II,
1544 1184 1629 1252 I5)
1654 1200 1665 1236 :
1686 1191 1743 1236 ut
1773 1182 2095 1252 inthIigcres

510 1275 777 1345 quomodo
802 1291 923 1329 eum
950 1275 1195 1342 videbat,
1240 1292 1398 1345 quem
1446 1275 1545 1349 sibi
1573 1276 1818 1345 cupiebat
1848 1275 2091 1340 ostendi;

510 1368 633 1437 quia
664 1368 845 1437 utique
873 1368 917 1429 si
947 1368 1111 1424 Deum
1136 1369 1186 1423 in
1215 1369 1509 1435 substantia
1530 1385 1635 1440 qua
1666 1370 1804 1434 Deus
1834 1379 1916 1423 est
1940 1369 2093 1426 vide-

510 1466 627 1523 ret,
654 1458 891 1529 profecto
928 1468 987 1513 ut
1015 1476 1074 1524 se
1103 1460 1175 1514 illi
1224 1460 1533 1517 ostenderet
1561 1475 1665 1514 non
1698 1468 1927 1530 rogaret.
1974 1460 2094 1523 Dixi

507 1550 670 1616 etiam
697 1566 815 1607 esse
841 1551 1108 1608 Christum
1137 1553 1422 1609 visibilium
1444 1562 1498 1608 et
1520 1553 1859 1609 invisibilium
1888 1562 2097 1609 creato-

508 1656 622 1697 rem
644 1682 659 1707 ,
685 1650 742 1697 ut
770 1644 945 1712 ipsum
974 1644 1252 1714 probarem
1296 1660 1390 1715 per
1413 1644 1761 1705 substantiam
1790 1660 1939 1699 suam
1986 1661 2093 1701 non

507 1748 631 1791 esse
683 1735 980 1805 visibilem,
1016 1751 1046 1803 a
1074 1752 1180 1806 quo
1243 1737 1411 1803 creari
1452 1752 1557 1799 non
1614 1737 1786 1797 solum
1832 1736 2092 1805 visibilia,

509 1843 693 1895 verum
725 1830 883 1885 etiam
907 1830 1186 1886 invisibilia
1216 1838 1522 1900 potuerunt.
1548 1830 1627 1892 Ad
1658 1830 1771 1895 haec
1792 1840 1849 1885 tu
1872 1846 2094 1901 respon-

508 1917 641 1979 dere
669 1930 890 1976 conatus
909 1964 923 1988 ,
947 1937 1105 1992 quam
1132 1922 1295 1977 multa
1321 1937 1441 1992 quae
1465 1920 1530 1976 ad
1561 1937 1675 1976 rem
1698 1937 1802 1976 non
1827 1921 2095 1991 pertinent

509 2009 741 2077 dixeris,
772 2012 1075 2067 intueantur
1099 2012 1188 2084 qui
1228 2013 1414 2083 legunt
1442 2029 1456 2066 :
1489 2022 1543 2069 et
1570 2022 1746 2071 tamen
1778 2012 1844 2067 de
1872 2013 2055 2083 Moyse
2075 2054 2089 2077 ,

505 2117 604 2166 cur.
626 2102 725 2170 sibi
759 2104 924 2159 Deum
952 2119 1070 2160 cum
1097 2119 1201 2176 quo
1221 2104 1558 2176 loquebatur,
1591 2103 1751 2159 vellet
1776 2103 2020 2169 ostendi,
2046 2102 2091 2158 si

508 2192 625 2255 efus
651 2201 891 2251 naturam
920 2193 1376 2265 substantiamque
1398 2194 1687 2265 cernebat,
1718 2209 1940 2263 prorsus
1961 2194 2091 2249 nihil

504 2298 667 2337 ausus
692 2297 751 2338 es
779 2283 991 2339 dicere:
1020 2293 1074 2339 et
1096 2284 1269 2340 adhuc
1293 2284 1563 2341 amrmare
1583 2270 1690 2339 non.
1709 2284 1981 2352 destitisti,
2000 2284 2091 2339 Dei

506 2372 698 2427 Filium
728 2373 1070 2431 invisibilium
1097 2384 1394 2433 creatorem
1422 2417 1436 2439 ,
1460 2384 1515 2431 et
1550 2383 1836 2445 antequam
1865 2373 2091 2430 formam

506 2466 649 2521 servi
678 2466 976 2535 acciperet,
1004 2466 1055 2520 in
1087 2466 1258 2521 forma
1291 2467 1383 2522 Dei
1413 2466 1576 2522 fuisse
1599 2466 1898 2526 visibilem:
1930 2481 2089 2537 quem

505 2558 751 2627 superius
780 2559 831 2613 in
858 2558 1021 2626 forma
1048 2559 1186 2623 servi
1214 2558 1378 2613 videri
1408 2559 1643 2629 potuisse
1663 2600 1678 2624 ,
1706 2559 1761 2613 in
1787 2558 2089 2614 substantia

504 2663 634 2715 vero
661 2664 771 2704 suae
799 2650 1094 2718 divinitatis
1130 2665 1249 2719 esse
1291 2650 1641 2729 invisibilem,
1672 2649 1783 2721 jam
1823 2650 2000 2718 fueras
2037 2658 2091 2707 et

505 2742 620 2811 ipse
648 2740 945 2797 confessus.

576 2832 800 2888 CAPUT
827 2832 969 2909 XVI.
998 2864 1069 2874 —
1108 2832 1184 2887 De
1230 2833 1338 2888 solo
1387 2832 1612 2902 sapiente
1642 2832 1770 2887 Deo.
1798 2831 1963 2899 sexto
1990 2830 2088 2887 de-

505 2924 648 2992 cimo
674 2924 794 2979 loco
814 2966 829 2991 ,
851 2925 973 2996 quia
1014 2925 1083 2979 de
1111 2924 1264 2981 Patre
1299 2934 1503 2979 tantum
1546 2924 1744 2980 dixisse
1772 2924 2087 2995 Apostolum

503 3014 746 3081 dixeras,
771 3014 883 3070 Soli
907 3016 1124 3086 sapienti
1158 3015 1262 3070 Deo
1303 3015 1481 3086 (Rom.
1516 3031 1629 3082 xvt,
1656 3014 1774 3086 27);
1806 3030 1905 3087 ego
1930 3015 2040 3081 dixi
2070 3030 2085 3070 :

509 3104 650 3176 Ergo
676 3106 814 3171 solus
857 3105 1013 3161 Pater
1036 3117 1107 3173 est
1134 3106 1271 3175 Deus
1296 3107 1527 3176 sapiens,
1549 3115 1596 3161 et
1633 3122 1736 3159 non
1778 3117 1850 3169 est
1888 3107 2090 3177 sapiens

503 3196 619 3267 ipsa
643 3195 739 3250 Dei
762 3198 1030 3268 sapientia,
1049 3198 1184 3267 quod
1212 3207 1282 3251 est
1307 3184 1558 3259 Christus;
1572 3196 1634 3250 de
1650 3212 1749 3267 quo
1768 3197 1838 3250 ait
1866 3196 2088 3267 Aposto-

503 3290 583 3343 lus
605 3304 624 3343 .'
645 3306 664 3341 ι
697 3288 951 3344 Christum
967 3289 1063 3345 Dei
1079 3288 1317 3343 Virtutem
1337 3298 1386 3342 et
1405 3287 1501 3341 Dei
1521 3288 1835 3358 Sapientiam
1862 3307 1880 3340 ι
1905 3286 1949 3355 (l
1963 3286 2084 3343 Cor.

502 3395 540 3448 ι,
562 3379 655 3447 24)
684 3380 697 3435 ι
724 3379 923 3435 Deinde
960 3379 1136 3449 addidi
1177 3397 1193 3435 :
1247 3378 1489 3450 Superest
1504 3386 1557 3432 ut
1583 3377 1762 3433 dicatis
1788 3377 1933 3449 (quid
1954 3378 2086 3434 enim

500 3485 601 3537 non
615 3470 844 3525 audetis?
856 3470 1211 3545 ),insipientem
1245 3486 1351 3525 esse
1373 3469 1669 3539 sapientiam
1691 3468 1805 3532 Dei.
1842 3468 1922 3523 Ad
1970 3468 2086 3525 hmc

500 3570 556 3614 tu
589 3578 602 3614 :
628 3560 921 3632 Sapientem
946 3561 1128 3625 solum,
1152 3560 1346 3630 inquis,
1373 3557 1580 3613 Patrem
1600 3558 1844 3629 praedicat
1882 3556 2085 3617 Paulus

498 3654 672 3710 beatus
691 3654 949 3727 apostolus
968 3695 984 3721 ,
1011 3653 1181 3725 dicens
1204 3653 1275 3708 sic
1295 3668 1314 3707 :
1346 3669 1365 3707 ι
1404 3650 1518 3707 Soli
1540 3650 1755 3720 sapienti
1780 3648 1907 3705 Deo.
1937 3669 1955 3703 ι
1978 3650 2086 3705 Sed

498 3745 798 3816 requirenda
811 3755 883 3799 est
898 3786 911 3807 ,
932 3744 1124 3815 inquis,
1140 3743 1271 3797 ratio
1282 3741 1703 3814 quemadmodum
1714 3741 1849 3795 solus
1860 3742 2081 3811 sapiens,

500 3854 600 3899 non
625 3836 760 3907 quod
776 3836 1006 3905 Christus
1034 3852 1135 3901 non
1161 3835 1225 3889 sit
1249 3835 1472 3903 sapiens.
1504 3832 1756 3903 Sequeris
1784 3832 2039 3901 deinceps
2064 3873 2079 3898 ,

498 3927 822 3998 ctadjungis
847 3927 1115 3999 quomodo
1139 3927 1434 4011 sapientem
1482 3922 1786 3981 conﬁtearis
1832 3932 1887 3979 et
1928 3923 2083 3979 Chri-

497 4029 638 4074 stum
674 4036 687 4072 :
718 4034 838 4074 nam
868 4028 988 4091 post
1016 4018 1305 4087 nonnulla,
1351 4032 1471 4087 quae
1515 4014 1583 4073 ad
1627 4028 1740 4073 rem
1770 4028 1876 4069 non
1918 4015 2084 4086 perti-

501 4111 683 4167 nentia
708 4111 954 4177 texuisti,
979 4119 1039 4166 ut
1055 4123 1358 4174 sermonem
1381 4117 1694 4178 tempusque
1718 4107 2042 4187 produceres
2062 4148 2078 4175 ,

495 4204 658 4258 etiam
686 4202 789 4270 hoc
814 4201 1083 4257 iuseruisti
1104 4198 1281 4255 verbis
1304 4199 1407 4255 tuis
1429 4206 1488 4254 ut
1531 4198 1774 4267 diceres,
1823 4198 1930 4255 Sed
1968 4216 2082 4265 vere

494 4295 636 4351 solus
680 4293 881 4364 sapiens
933 4291 1135 4355 Pater:
1163 4291 1313 4361 quasi
1361 4290 1649 4361 Apostolus
1691 4289 1919 4358 dixerit,
1967 4291 2077 4351 Soli

493 4386 722 4457 sapienti
751 4385 914 4443 Patri.
937 4384 1041 4441 Sed
1072 4384 1225 4451 dixit,
1249 4384 1363 4440 Soli
1390 4385 1606 4457 sapienti
1632 4384 1741 4451 Deo
1757 4402 1771 4439 :
1794 4385 1916 4456 quia
1938 4385 2079 4441 Deus

494 4487 579 4534 est
602 4487 658 4534 et
673 4478 860 4556 Filius,
881 4477 1024 4549 quod
1049 4486 1104 4534 et
1126 4492 1221 4536 vos
1245 4478 1435 4545 vultis;
1470 4478 1609 4534 Deus
1645 4487 1728 4534 est
1770 4487 1824 4535 ct
1851 4478 2080 4550 Spiritus

494 4580 712 4627 sanctus
732 4612 748 4639 ,
774 4571 876 4631 etsi
904 4586 1010 4627 non
1038 4572 1201 4630 vultis
1225 4588 1239 4625 :
1262 4578 1315 4626 et
1337 4570 1436 4625 ista
1467 4568 1698 4639 Trinitas
1727 4579 1809 4626 est
1828 4570 1970 4626 solus
1988 4585 2078 4626 sa-

495 4664 650 4735 piens
679 4663 817 4726 Deus
840 4704 855 4730 ,
883 4664 974 4735 qui
1004 4677 1103 4718 nec
1151 4662 1320 4734 potuit
1362 4676 1593 4733 unquam
1649 4675 1773 4719 esse
1822 4662 2079 4730 insipiens

494 4755 746 4821 omnino,
779 4770 879 4817 nec
910 4755 1127 4827 poterit;
1176 4769 1284 4813 non
1331 4768 1428 4825 per
1452 4752 1674 4824 gratiam
1703 4753 1964 4823 particeps
1992 4767 2081 4810 sa-

495 4847 744 4917 pientia),
802 4846 897 4902 sed
962 4845 1177 4917 sapiens
1226 4843 1597 4900 immobilitate
1634 4849 1793 4913 atque
1833 4841 2080 4897 immuta-

493 4939 699 4994 bilitate
740 4946 965 5008 naturae.
992 4936 1127 4992 Nam
1156 4936 1202 5000 si
1252 4936 1349 4991 tibi
1392 4936 1600 5002 dicam,
1657 4934 1806 4990 Itane
1850 4949 2013 4999 vero,
2044 4949 2079 4991 ο

495 5030 659 5088 homo
678 5030 768 5102 qui
794 5029 1083 5097 christiano
1112 5028 1327 5085 nomine
1348 5027 1590 5099 gloriaris
1604 5069 1620 5093 ,
1638 5024 1881 5085 Christus
1905 5026 1983 5082 sic
1998 5034 2081 5082 est

494 5124 709 5194 sapiens
730 5162 746 5189 ,
772 5128 833 5177 ut
860 5136 967 5189 non
984 5120 1055 5176 sit
1071 5134 1196 5176 vere
1219 5118 1434 5189 sapiens
1458 5118 1483 5171 ‘l
1510 5132 1709 5188 ergone
1727 5113 1972 5185 Christus
1989 5116 2079 5187 qui

495 5226 579 5269 est
606 5227 767 5269 verus
793 5213 965 5279 Deus,
997 5226 1103 5267 non
1127 5219 1211 5266 est
1234 5224 1364 5273 vere
1401 5208 1655 5278 sapiens?
1677 5222 1854 5263 nonne
1878 5208 1948 5262 ita
1978 5207 2079 5265 sub

498 5303 601 5359 hac
651 5302 1069 5373 interrogatione
1113 5299 1445 5369 turbaberis,
1472 5307 1532 5353 ut
1574 5297 1827 5359 continuo
1855 5313 2081 5369 respon-

497 5396 627 5451 deas
647 5436 663 5461 ,
685 5394 960 5453 Christum
982 5408 1109 5453 vere
1149 5406 1270 5451 esse
1297 5391 1640 5463 sapientem?
1663 5388 1800 5457 Quid
1840 5397 1926 5446 est
1950 5404 2079 5459 ergo
2106 5422 2109 5427 ι

497 5486 637 5556 quod
662 5484 870 5557 dixisti,
919 5483 1025 5549 Sed
1070 5497 1184 5541 vers
1230 5480 1370 5535 solus
1424 5479 1624 5549 sapiens
1653 5474 2081 5547 PaterlNempe

496 5591 607 5648 quo
632 5575 937 5648 perveneris
955 5616 970 5640 ,
1000 5583 1054 5630 et
1073 5589 1103 5630 a
1128 5583 1323 5645 quanta
1350 5570 1682 5643 blasphemia
1715 5580 1765 5627 te
1789 5570 1985 5628 debeas
2004 5586 2082 5627 re-

498 5684 718 5734 vocare,
745 5668 854 5740 jam
881 5667 1073 5737 sentis,

573 5762 805 5823 CAPUT
834 5762 998 5819 XVII.
1026 5791 1094 5803 ——
1119 5758 1195 5817 De
1221 5758 1409 5832 infecto
1437 5756 1570 5823 Deo.
1601 5756 1844 5834 Septimo
1869 5754 2079 5825 decimo

1121 339 1398 397 CONTRA
1435 338 1829 397 MAXIMINUM
1866 336 2270 395 ARIANOBUM
2309 336 2711 414 EPISCOPUM,
2753 339 2811 396 S.
2852 340 3228 413 AUGUSTINI

2585 259 2612 275 Α

3693 346 3798 405 ειδσ

2210 450 2327 506 loco
2347 450 2427 522 egi
2460 460 2668 527 tecum,
2709 453 2852 524 quod
2881 456 3042 512 etiam
3071 455 3239 511 Filius
3263 497 3276 521 ,
3307 468 3411 521 non
3440 455 3587 512 solus
3613 456 3794 528 Pater,

2208 540 2432 597 infectus
2459 543 2559 610 sit,
2588 544 2687 598 hoc
2707 553 2816 609 est,
2838 545 3006 601 lactus
3027 562 3132 605 non
3156 547 3242 601 sit.
3260 547 3478 603 Dixeras
3502 549 3647 603 enim
3674 549 3800 607 ideo

2207 645 2237 687 a
2268 632 2418 686 vobis
2447 648 2608 687 unum
2633 634 2797 689 Deum
2824 636 3188 704 pronuntiari,
3221 637 3344 708 quia
3387 654 3520 691 unus
3546 647 3620 692 est
3646 655 3800 710 super

2208 723 2378 775 omnia
2412 723 2649 790 innatus,
2681 726 2914 795 infectus.
2943 726 3289 795 Bespondens
3316 743 3443 797 ergo
3474 727 3593 783 huic
3628 730 3798 784 audao

2205 811 2303 878 cite
2331 820 2432 866 lure
2459 830 2474 863 :
2507 813 2595 868 Sic
2619 824 2787 867 autem
2808 857 2821 879 ,
2855 814 3068 886 inquam
3086 857 3101 881 ,
3125 816 3250 870 dicis
3286 816 3497 871 Patrem
3524 819 3793 888 infectum,

2207 903 2352 970 quasi
2400 903 2567 958 Filius
2610 910 2775 976 factus
2803 908 2899 971 sit,
2940 925 3028 979 per
3065 926 3211 978 quem
3250 910 3390 977 facta
3439 922 3556 965 sunt
3601 914 3798 967 omnia.

2206 992 2415 1049 Deinde
2443 995 2619 1049 addidi
2651 1015 2663 1050 :
2689 997 2830 1051 Scito
2859 981 3049 1065 factum
3076 1015 3182 1052 esse
3206 998 3428 1066 Filium,
3450 1001 3537 1055 sed
3558 1002 3607 1054 in
3630 1002 3799 1070 [arma

2205 1086 2353 1139 servi.
2390 1083 2526 1139 Nam
2545 1086 2596 1139 in
2626 1091 2791 1156 forma
2820 1086 2918 1141 Dei
2946 1106 3104 1159 usque
3131 1089 3257 1145 adeo
3282 1108 3381 1144 non
3416 1101 3486 1144 est
3514 1092 3678 1162 [actus
3697 1134 3713 1158 ,
3741 1102 3797 1149 ut

2205 1190 2294 1242 per
2318 1174 2460 1227 illunt
2490 1177 2624 1245 facta
2644 1178 2742 1230 sint
2769 1179 2959 1232 omnia.
2992 1178 3053 1233 Si
3082 1181 3211 1233 enim
3239 1181 3346 1250 ipse
3369 1186 3533 1252 {actus
3562 1191 3667 1253 est,
3709 1184 3794 1238 in-

2205 1279 2362 1333 quam
2384 1306 2398 1330 ,
2427 1283 2525 1319 non
2552 1285 2641 1337 per
2668 1268 2814 1341 illum
2841 1270 2976 1338 facta
3005 1281 3119 1325 sunt
3140 1273 3341 1336 omnia,
3364 1274 3453 1328 sed
3482 1286 3685 1330 caetera.
3710 1275 3795 1331 Ad

2205 1360 2320 1430 haec
2358 1372 2413 1417 tu
2442 1378 2562 1422 Cum
2594 1374 2699 1427 tota
2727 1366 2801 1420 tui
2844 1366 3147 1436 prolixitate
3194 1370 3496 1438 sermonis,
3547 1369 3616 1423 ita
3662 1368 3794 1427 nihil

2205 1451 2344 1521 quod
2374 1452 2582 1508 diceres
2607 1454 2887 1520 invenisti,
2919 1464 2976 1511 ut
3003 1457 3125 1512 hinc
3163 1458 3417 1525 omnino,
3460 1466 3712 1529 tanquam
3741 1458 3792 1514 id

2204 1557 2310 1597 non
2341 1543 2571 1599 audieris
2591 1587 2606 1610 ,
2636 1548 3045 1602 conticesceres.

2274 1632 2500 1690 CAPUT
2530 1635 2713 1690 XVIII.
2738 1635 2897 1691 —De
2915 1637 3132 1708 ingenito
3156 1636 3328 1692 Patre.
3355 1636 3556 1695 Octavo
3579 1639 3791 1697 decimo

2203 1723 2324 1785 loco
2353 1725 2510 1780 etiam
2540 1725 2606 1781 de
2647 1727 2831 1797 innato
2882 1728 3038 1783 Patre
3057 1770 3071 1793 ,
3102 1728 3154 1783 id
3179 1738 3263 1784 est
3291 1730 3527 1800 ingenito
3548 1771 3563 1795 ,
3589 1731 3711 1801 quia
3738 1739 3792 1786 et

2206 1815 2309 1875 hoc
2356 1816 2599 1883 dixeras,
2634 1827 2810 1874 tecum
2854 1820 3115 1890 agendum
3166 1822 3379 1890 putavi,
3410 1831 3465 1878 et
3490 1822 3637 1878 dixi:
3672 1822 3792 1879 Non

2202 1908 2369 1979 itaque
2394 1911 2509 1965 dico
2537 1909 2586 1963 F
2586 1912 2728 1964 ilium
2756 1912 3068 1982 ingenitum;
3096 1914 3185 1967 sed
3238 1912 3444 1968 Patrem
3482 1915 3788 1985 genitorem,

2204 1998 2397 2055 Filium
2444 2002 2687 2071 genitum.
2739 2000 2852 2057 Hoc
2900 2012 3067 2057 tamen
3103 2006 3279 2074 genuit
3304 2005 3459 2065 Pater
3505 2007 3642 2077 quod
3672 2016 3792 2064 est:

2200 2092 2423 2160 alioquin
2447 2109 2547 2146 non
2570 2103 2641 2147 est
2667 2109 2810 2148 verus
2836 2092 3004 2149 Filius
3024 2137 3040 2161 ,
3067 2097 3109 2149 si
3134 2096 3269 2165 quod
3297 2105 3369 2151 est
3403 2096 3562 2151 Pater
3589 2115 3693 2153 non
3719 2104 3792 2156 ed

2201 2183 2369 2239 Filius
2386 2186 2543 2249 ;sicut
2565 2185 2628 2239 de
2653 2185 2899 2255 partubus
2924 2187 3221 2241 animalium
3237 2205 3393 2259 supra
3406 2190 3521 2258 jam
3545 2189 3789 2253 diximus,

2200 2276 2371 2330 Etiam
2388 2275 2453 2330 ad
2468 2276 2565 2331 hoc
2579 2285 2633 2331 tu
2647 2292 2745 2331 nec
2761 2292 2944 2331 verum
2963 2278 3263 2355 nec‘l’alsum
3283 2279 3481 2348 aliquid
3499 2279 3789 2349 protulisti.

2271 2366 2498 2422 CAPUT
2512 2367 2653 2422 XIX.
2666 2399 2738 2408 —
2752 2366 2831 2422 De
2844 2370 3129 2439 tequalitate
3140 2369 3367 2440 Spiritus
3378 2372 3538 2425 sancti
3554 2387 3668 2424 cum
3688 2370 3791 2431 Pas

2200 2465 2293 2511 tre.
2312 2457 2464 2512 Nono
2476 2458 2684 2514 decimo
2700 2460 2818 2514 Ioco
2838 2500 2853 2527 ,
2881 2459 3002 2529 quia
3025 2475 3345 2530 poposceras
3360 2476 3389 2514 a
3408 2475 3514 2527 me,
3533 2470 3591 2516 ut
3609 2470 3794 2518 osten~

2198 2545 2383 2606 derem
2402 2548 2661 2617 aequalem
2679 2564 2798 2603 esse
2812 2549 2955 2603 Patri
2969 2549 3224 2619 Spiritum
3239 2566 3294 2604 sa
3303 2561 3479 2605 nctum
3498 2568 3511 2617 ;
3531 2552 3789 2621 respondi

2199 2638 2292 2694 tibi
2310 2639 2525 2696 dicens:
2558 2639 2694 2707 Quid
2707 2648 2780 2709 est
2810 2650 2974 2694 autem
2991 2641 3124 2711 quod
3141 2643 3304 2710 poscis
3322 2684 3336 2707 ,
3359 2653 3416 2696 ut
3428 2642 3792 2698 ostendamtibi

2197 2730 2441 2799 aqualem
2467 2728 2614 2785 Patri
2635 2746 2739 2789 esse
2781 2731 3031 2799 Spiritum
3056 2740 3303 2798 sanctum,
3327 2733 3473 2803 quasi
3498 2742 3550 2786 tu
3580 2732 3795 2788 Patrem

2198 2820 2473 2884 ostenderis
2500 2821 2744 2891 majorem
2772 2838 2878 2875 esse
2905 2821 3102 2892 Spiritu
3146 2832 3359 2888 sancto;
3403 2823 3531 2881 sicut
3581 2825 3793 2893 potuisti

2197 2911 2455 2966 ostendere
2476 2912 2538 2965 de
2562 2910 2723 2979 Filio,
2749 2921 2956 2983 propter
2976 2914 3195 2983 formam
3219 2915 3383 2970 servi?
3408 2914 3610 2970 Scimus
3629 2917 3788 2984 enim,

2197 3000 2434 3071 inquam,
2476 3002 2666 3058 dictant
2707 3019 2813 3056 esse
2841 3002 3051 3069 Patrem
3096 3003 3235 3058 Filio
3279 3006 3543 3075 majorem,
3572 3007 3689 3075 quia
3731 3008 3791 3061 in

2196 3096 2363 3163 forma
2383 3094 2510 3146 servi
2539 3101 2646 3147 erat
2672 3092 2841 3147 Filius
2862 3109 2883 3158 ;
2922 3103 2967 3148 et
2994 3096 3162 3148 adhuc
3188 3096 3239 3150 in
3264 3100 3429 3167 forma
3464 3105 3535 3151 est
3562 3098 3790 3150 humana

2198 3182 2383 3249 Filius,
2411 3200 2563 3256 quam
2601 3185 2781 3238 levavit
2809 3185 2861 3237 in
2885 3184 3064 3239 caelum
3092 3200 3111 3238 :
3148 3194 3413 3257 propterea
3458 3185 3521 3241 de
3565 3186 3655 3241 illo
3698 3186 3789 3241 di-

2196 3285 2331 3336 ctum
2355 3263 2585 3347 est-quod
2611 3287 2657 3331 et
2687 3292 2821 3331 nunc
2856 3295 2877 3335 ς
2915 3278 3201 3347 interpellat
3242 3294 3336 3348 pro
3381 3279 3523 3333 nobis
3554 3297 3574 3332 ι
3606 3279 3784 3350 (Rom.

2195 3382 2311 3433 Vttt,
2336 3366 2449 3438 54).
2478 3366 2549 3420 Et
2568 3367 2873 3437 sempiterna
2896 3367 2989 3421 erit
3016 3368 3069 3421 in
3088 3384 3242 3439 regno
3269 3368 3375 3422 lucc
3413 3370 3584 3423 eadem
3617 3374 3788 3441 forma

2193 3458 2489 3513 immortalis
2513 3474 2530 3512 :
2558 3468 2761 3530 prapter
2779 3458 2915 3530 quod
2942 3459 3129 3515 dictum
3150 3469 3221 3523 est
3255 3478 3275 3519 ί
3313 3460 3454 3516 Tunc
3490 3471 3536 3516 et
3563 3463 3667 3533 ipse
3688 3462 3789 3517 Fi-

2200 3567 2221 3613 t
2265 3550 2363 3607 lius
2388 3551 2640 3621 subjectus
2668 3552 2761 3605 erit
2790 3552 2835 3605 ei
2853 3552 2940 3622 qui
2973 3552 3051 3607 illi
3069 3554 3280 3624 subjecit
3310 3555 3479 3608 omnia
3526 3574 3544 3607 ι
3577 3556 3594 3624 (
3609 3554 3627 3609 I
3653 3555 3783 3611 Cor.

2192 3657 2280 3711 xv,
2310 3641 2425 3713 28).
2456 3629 2593 3696 Nam
2622 3642 2686 3696 de
2724 3642 2925 3713 Spiritu
2968 3652 3140 3698 sancto
3187 3644 3273 3714 qui
3323 3644 3518 3699 nullam
3562 3647 3786 3716 suscepit

2191 3744 2471 3788 creaturam
2514 3733 2583 3787 ad
2628 3735 2871 3789 unitatem
2917 3752 3147 3806 persona:
3173 3752 3298 3804 sum,
3334 3739 3559 3807 quamvis
3598 3756 3651 3793 se
3690 3755 3785 3809 per

2190 3824 2465 3895 subjectum
2493 3835 2782 3879 creaturam
2806 3826 3065 3881 visibiliter
3083 3835 3130 3883 et
3156 3827 3283 3897 ipse,
3303 3828 3405 3882 sive
3429 3846 3517 3899 per
3539 3830 3786 3884 columba:

2188 3916 2424 3985 speciem,
2451 3915 2553 3969 sive
2581 3932 2670 3986 per
2694 3916 2892 3986 linguas
2930 3918 3103 3987 igneas
3138 3918 3204 3972 sit
3229 3919 3571 3973 demonstrare
3595 3920 3781 3991 digna-

2190 4015 2271 4060 tus
2323 4006 2553 4079 (Matth.
2591 4023 2669 4073 ιιι,
2716 4007 2782 4062 I6
2805 4008 3009 4070 ,etAct.
3037 4024 3096 4073 II,
3129 4008 3206 4075 5),
3243 4025 3498 4079 nunquam
3520 4010 3683 4065 dictus
3705 4019 3785 4064 est

2188 4116 2246 4155 eo
2278 4102 2444 4171 major
2480 4098 2941 4167 Pater;nunquam
2971 4100 3133 4154 dictus
3169 4110 3240 4155 est
3271 4101 3496 4172 Spiritus
3540 4102 3785 4157 adorasse

2188 4188 2431 4257 Patrem;
2460 4206 2719 4260 nunquam
2746 4190 2906 4245 dictus
2932 4200 3006 4245 est
3025 4192 3190 4245 minor
3213 4190 3390 4247 Patre.
3437 4193 3516 4247 Ad
3560 4192 3674 4247 haec
3718 4201 3780 4247 tu

2127 4322 2135 4333 .
2186 4284 2335 4355 quasi
2370 4283 2732 4353 respondens,
2764 4299 2870 4338 non
2901 4293 3077 4338 tamen
3116 4284 3455 4354 respondisti.
3484 4284 3596 4339 Non
3626 4284 3776 4341 enim

2186 4376 2401 4446 potuisti
2417 4375 2701 4436 ostendere
2711 4376 2909 4446 Spiritu
2928 4386 3112 4431 sancto
3131 4378 3326 4434 alicubi
3343 4379 3548 4432 Patrem
3568 4378 3778 4433 dictum

2185 4464 2349 4533 fuisse
2368 4466 2643 4537 majorem,
2666 4468 2817 4523 sicuti
2846 4467 3011 4529 Filius
3031 4477 3251 4540 propter
3273 4470 3495 4524 formam
3527 4471 3667 4525 servi
3692 4470 3777 4526 di-

2185 4558 2281 4623 xit,
2320 4556 2477 4615 Pater
2513 4560 2679 4629 major
2703 4575 2781 4612 me
2823 4568 2892 4614 est
2922 4558 3100 4631 (Joan.
3145 4575 3256 4627 XIV,
3279 4560 3390 4631 28).
3421 4561 3488 4615 Et
3526 4576 3646 4615 cum
3673 4576 3779 4632 ego

2185 4648 2439 4715 dixerim,
2472 4648 2723 4720 Spiritum
2754 4658 2992 4704 sanctum
3021 4666 3124 4704 non
3150 4650 3217 4704 ad
3247 4651 3502 4707 unitatem
3532 4667 3778 4722 personae

2186 4756 2296 4804 sua:
2319 4743 2481 4797 ullam
2511 4744 2807 4813 suscepisse
2832 4755 3159 4808 creaturam;
3185 4753 3241 4798 tu
3272 4744 3341 4799 ita
3363 4744 3619 4813 Spiritum
3642 4760 3776 4800 san-

2186 4840 2329 4888 ctum
2358 4833 2410 4887 in
2431 4833 2674 4888 columba
2702 4842 2756 4887 et
2779 4833 2898 4902 igne
2926 4833 3239 4903 apparuisse
3286 4833 3486 4900 dixisti,
3513 4836 3652 4890 sicut
3676 4850 3777 4906 ap—

2186 4923 2361 4993 paruit
2383 4922 2625 4979 Christus
2647 4923 2699 4977 in
2725 4922 2981 4979 homine:
3006 4924 3156 4994 quasi
3177 4923 3420 4979 columba
3438 4932 3494 4980 et
3518 4924 3773 4995 Spiritus,

2185 5014 2271 5069 vel
2301 5014 2435 5085 ignis
2462 5023 2517 5070 et
2536 5014 2766 5085 Spiritus
2793 5029 2897 5075 una
2924 5029 3154 5085 persona
3177 5016 3266 5083 sit,
3295 5015 3435 5071 sicut
3465 5015 3778 5071 Verbum’et

2185 5104 2348 5167 homo
2372 5120 2473 5160 una
2503 5121 2729 5176 persona
2746 5114 2848 5165 est.
2875 5106 2957 5162 Ad
2975 5106 3159 5167 horam
3187 5107 3383 5177 quippe
3411 5117 3777 5177 apparuerunt

2186 5198 2276 5253 illa
2295 5240 2311 5265 ,
2338 5213 2453 5268 qua:
2478 5198 2729 5269 Spiritum
2755 5207 2996 5254 sanctum
3026 5197 3375 5267 signiﬁcando
3410 5208 3779 5254 monstrarent

2186 5291 2463 5347 visibiliter
2482 5290 2833 5356 iuvisibilem;
2860 5289 3127 5355 columba,
3150 5299 3371 5360 propter
3396 5305 3632 5344 amorem
3650 5304 3779 5343 san-

2186 5394 2369 5450 etum;
2403 5384 2539 5455 ignis
2566 5394 2743 5449 autem
2768 5424 2783 5450 ,
2824 5390 3043 5454 propter
3079 5382 3356 5437 charitatis
3383 5383 3565 5437 lumen
3612 5390 3779 5451 atque

2187 5475 2484 5541 fervorem;
2511 5484 2564 5530 et
2581 5484 2794 5545 peracto
2820 5474 3219 5545 signiﬁcationis
3244 5473 3439 5541 ofﬁcio,
3466 5474 3779 5544 corporales

2187 5567 2291 5640 illa:
2315 5567 2520 5637 species
2544 5568 2899 5633 transierunt,
2943 5578 3103 5636 atque
3130 5580 3253 5623 esse
3282 5566 3504 5621 ulterius
3548 5565 3777 5621 destite-

2187 5668 2330 5726 runt;
2353 5661 2490 5716 sicut
2512 5661 2755 5725 columna
2782 5659 2959 5717 nubis.
2990 5658 3242 5714 nebulosa
3270 5674 3367 5728 per
3390 5657 3531 5713 diem
3557 5700 3572 5723 ,
3614 5658 3783 5712 lumi-

2190 5768 2318 5813 nosa
2338 5767 2432 5823 per
2456 5760 2662 5815 noctem
2686 5751 2880 5824 (Exod.
2910 5766 3024 5816 χιιι,
3041 5748 3252 5821 21-22).
3278 5748 3514 5821 Denique
3533 5763 3600 5805 ne
3622 5757 3775 5820 puts-
