  <div class='ocr_page' id='page_1' title='image "/cluster/home/n/w/nwhite01/storage/ocr_20150623/42/hvd.32044015471493/384.png"; bbox 0 0 4084 6450; ppageno 0'>
   <div class='ocr_carea' id='block_1_1' title="bbox 325 383 431 439">
    <p class='ocr_par' dir='ltr' id='par_1_1' title="bbox 325 383 431 439">
     <span class='ocr_line' id='line_1_1' title="bbox 325 383 431 439; baseline 0.009 -1"><span class='ocrx_word' id='word_1_1' title='bbox 325 383 431 439; x_wconf 79' lang='grc'><strong>757</strong></span> 
     </span>
    </p>
   </div>
   <div class='ocr_carea' id='block_1_2' title="bbox 328 486 1961 559">
    <p class='ocr_par' dir='ltr' id='par_1_2' title="bbox 328 486 1961 559">
     <span class='ocr_line' id='line_1_2' title="bbox 328 486 1961 559; baseline -0.006 -8"><span class='ocrx_word' id='word_1_2' title='bbox 328 504 478 555; x_wconf 85' lang='lat' dir='ltr'><strong>retur</strong></span> <span class='ocrx_word' id='word_1_3' title='bbox 522 494 774 551; x_wconf 78' lang='lat' dir='ltr'><strong>columba</strong></span> <span class='ocrx_word' id='word_1_4' title='bbox 806 495 891 549; x_wconf 99' lang='lat' dir='ltr'><strong>vel</strong></span> <span class='ocrx_word' id='word_1_5' title='bbox 922 492 1131 548; x_wconf 81' lang='lat' dir='ltr'><strong>flamma</strong></span> <span class='ocrx_word' id='word_1_6' title='bbox 1170 490 1236 544; x_wconf 88' lang='lat' dir='ltr'><strong>ad</strong></span> <span class='ocrx_word' id='word_1_7' title='bbox 1266 488 1611 547; x_wconf 74' lang='lat' dir='ltr'><strong>substantiam</strong></span> <span class='ocrx_word' id='word_1_8' title='bbox 1648 486 1914 559; x_wconf 76' lang='lat' dir='ltr'><strong>pertinere</strong></span> <span class='ocrx_word' id='word_1_9' title='bbox 1960 556 1961 559; x_wconf 18' lang='grc' dir='ltr'><strong>η</strong></span> 
     </span>
    </p>
   </div>
   <div class='ocr_carea' id='block_1_3' title="bbox 327 579 1906 659">
    <p class='ocr_par' dir='ltr' id='par_1_3' title="bbox 327 579 1906 659">
     <span class='ocr_line' id='line_1_3' title="bbox 327 579 1906 659; baseline -0.006 -19"><span class='ocrx_word' id='word_1_10' title='bbox 327 585 557 659; x_wconf 75' lang='lat' dir='ltr'><strong>Spiritus</strong></span> <span class='ocrx_word' id='word_1_11' title='bbox 578 587 767 651; x_wconf 90' lang='lat' dir='ltr'><strong>sancti,</strong></span> <span class='ocrx_word' id='word_1_12' title='bbox 795 585 877 639; x_wconf 90' lang='lat' dir='ltr'><strong>vel</strong></span> <span class='ocrx_word' id='word_1_13' title='bbox 903 583 1041 653; x_wconf 86' lang='lat' dir='ltr'><strong>quod</strong></span> <span class='ocrx_word' id='word_1_14' title='bbox 1067 598 1124 637; x_wconf 89' lang='lat' dir='ltr'><strong>se</strong></span> <span class='ocrx_word' id='word_1_15' title='bbox 1152 582 1209 636; x_wconf 91' lang='lat' dir='ltr'><strong>in</strong></span> <span class='ocrx_word' id='word_1_16' title='bbox 1237 581 1350 637; x_wconf 79' lang='lat' dir='ltr'><strong>hac</strong></span> <span class='ocrx_word' id='word_1_17' title='bbox 1368 579 1591 637; x_wconf 86' lang='lat' dir='ltr'><strong>visibilia</strong></span> <span class='ocrx_word' id='word_1_18' title='bbox 1610 588 1767 633; x_wconf 69' lang='lat' dir='ltr'><strong>tanta:</strong></span> <span class='ocrx_word' id='word_1_19' title='bbox 1789 592 1906 631; x_wconf 87' lang='lat' dir='ltr'><strong>ma-</strong></span> 
     </span>
    </p>
   </div>
   <div class='ocr_carea' id='block_1_4' title="bbox 325 672 1914 747">
    <p class='ocr_par' dir='ltr' id='par_1_4' title="bbox 325 672 1914 747">
     <span class='ocr_line' id='line_1_4' title="bbox 325 672 1914 747; baseline -0.008 -15"><span class='ocrx_word' id='word_1_20' title='bbox 325 677 533 747; x_wconf 74' lang='lat' dir='ltr'><strong>iestatis</strong></span> <span class='ocrx_word' id='word_1_21' title='bbox 580 687 763 731; x_wconf 91' lang='lat' dir='ltr'><strong>natura</strong></span> <span class='ocrx_word' id='word_1_22' title='bbox 797 674 1151 737; x_wconf 89' lang='lat' dir='ltr'><strong>converterit,</strong></span> <span class='ocrx_word' id='word_1_23' title='bbox 1183 682 1271 726; x_wconf 87' lang='lat' dir='ltr'><strong>aut</strong></span> <span class='ocrx_word' id='word_1_24' title='bbox 1298 672 1351 726; x_wconf 92' lang='lat' dir='ltr'><strong>in</strong></span> <span class='ocrx_word' id='word_1_25' title='bbox 1379 672 1635 725; x_wconf 85' lang='lat' dir='ltr'><strong>unitatem</strong></span> <span class='ocrx_word' id='word_1_26' title='bbox 1670 681 1914 738; x_wconf 71' lang='lat' dir='ltr'><strong>persona:</strong></span> 
     </span>
    </p>
   </div>
   <div class='ocr_carea' id='block_1_5' title="bbox 330 757 1914 837">
    <p class='ocr_par' dir='ltr' id='par_1_5' title="bbox 330 757 1914 837">
     <span class='ocr_line' id='line_1_5' title="bbox 330 757 1914 837; baseline -0.006 -15"><span class='ocrx_word' id='word_1_27' title='bbox 330 784 441 823; x_wconf 74' lang='lat' dir='ltr'><strong>suae</strong></span> <span class='ocrx_word' id='word_1_28' title='bbox 468 768 567 823; x_wconf 89' lang='lat' dir='ltr'><strong>ista</strong></span> <span class='ocrx_word' id='word_1_29' title='bbox 585 767 896 837; x_wconf 82' lang='lat' dir='ltr'><strong>susceperit,</strong></span> <span class='ocrx_word' id='word_1_30' title='bbox 924 778 1191 834; x_wconf 83' lang='lat' dir='ltr'><strong>nunquam</strong></span> <span class='ocrx_word' id='word_1_31' title='bbox 1214 771 1397 833; x_wconf 92' lang='lat' dir='ltr'><strong>postea</strong></span> <span class='ocrx_word' id='word_1_32' title='bbox 1416 761 1496 817; x_wconf 90' lang='lat' dir='ltr'><strong>sic</strong></span> <span class='ocrx_word' id='word_1_33' title='bbox 1509 760 1815 830; x_wconf 84' lang='lat' dir='ltr'><strong>apparuisse</strong></span> <span class='ocrx_word' id='word_1_34' title='bbox 1838 757 1914 812; x_wconf 84' lang='lat' dir='ltr'><strong>le-</strong></span> 
     </span>
    </p>
   </div>
   <div class='ocr_carea' id='block_1_6' title="bbox 328 848 1910 931">
    <p class='ocr_par' dir='ltr' id='par_1_6' title="bbox 328 848 1910 931">
     <span class='ocr_line' id='line_1_6' title="bbox 328 848 1910 931; baseline -0.007 -19"><span class='ocrx_word' id='word_1_35' title='bbox 328 859 471 928; x_wconf 90' lang='lat' dir='ltr'><strong>gitur</strong></span> <span class='ocrx_word' id='word_1_36' title='bbox 485 858 716 927; x_wconf 79' lang='lat' dir='ltr'><strong>Spiritus</strong></span> <span class='ocrx_word' id='word_1_37' title='bbox 749 866 983 915; x_wconf 83' lang='lat' dir='ltr'><strong>sanctus.</strong></span> <span class='ocrx_word' id='word_1_38' title='bbox 1014 854 1257 911; x_wconf 71' lang='lat' dir='ltr'><strong>Christus</strong></span> <span class='ocrx_word' id='word_1_39' title='bbox 1282 861 1481 919; x_wconf 91' lang='lat' dir='ltr'><strong>autem,</strong></span> <span class='ocrx_word' id='word_1_40' title='bbox 1509 850 1598 931; x_wconf 90' lang='lat' dir='ltr'><strong>qui</strong></span> <span class='ocrx_word' id='word_1_41' title='bbox 1624 848 1910 903; x_wconf 89' lang='lat' dir='ltr'><strong>humanam</strong></span> 
     </span>
    </p>
   </div>
   <div class='ocr_carea' id='block_1_7' title="bbox 330 940 1911 1017">
    <p class='ocr_par' dir='ltr' id='par_1_7' title="bbox 330 940 1911 1017">
     <span class='ocr_line' id='line_1_7' title="bbox 330 940 1911 1017; baseline -0.008 -13"><span class='ocrx_word' id='word_1_42' title='bbox 330 965 437 1004; x_wconf 90' lang='lat' dir='ltr'><strong>non</strong></span> <span class='ocrx_word' id='word_1_43' title='bbox 462 949 528 1005; x_wconf 88' lang='lat' dir='ltr'><strong>ad</strong></span> <span class='ocrx_word' id='word_1_44' title='bbox 558 950 739 1003; x_wconf 89' lang='lat' dir='ltr'><strong>horam</strong></span> <span class='ocrx_word' id='word_1_45' title='bbox 767 947 990 1017; x_wconf 84' lang='lat' dir='ltr'><strong>sumpsit</strong></span> <span class='ocrx_word' id='word_1_46' title='bbox 1010 945 1260 1016; x_wconf 80' lang='lat' dir='ltr'><strong>efﬁgiem,</strong></span> <span class='ocrx_word' id='word_1_47' title='bbox 1290 945 1342 999; x_wconf 93' lang='lat' dir='ltr'><strong>in</strong></span> <span class='ocrx_word' id='word_1_48' title='bbox 1370 958 1471 1013; x_wconf 88' lang='lat' dir='ltr'><strong>qua</strong></span> <span class='ocrx_word' id='word_1_49' title='bbox 1493 940 1796 997; x_wconf 90' lang='lat' dir='ltr'><strong>hominibus</strong></span> <span class='ocrx_word' id='word_1_50' title='bbox 1814 954 1911 1010; x_wconf 86' lang='lat' dir='ltr'><strong>ap-</strong></span> 
     </span>
    </p>
   </div>
   <div class='ocr_carea' id='block_1_8' title="bbox 332 1032 1916 1113">
    <p class='ocr_par' dir='ltr' id='par_1_8' title="bbox 332 1032 1916 1113">
     <span class='ocr_line' id='line_1_8' title="bbox 332 1032 1916 1113; baseline -0.008 -16"><span class='ocrx_word' id='word_1_51' title='bbox 332 1050 566 1113; x_wconf 83' lang='lat' dir='ltr'><strong>pareret,</strong></span> <span class='ocrx_word' id='word_1_52' title='bbox 594 1056 657 1096; x_wconf 90' lang='lat' dir='ltr'><strong>ac</strong></span> <span class='ocrx_word' id='word_1_53' title='bbox 681 1040 875 1096; x_wconf 89' lang='lat' dir='ltr'><strong>deinde</strong></span> <span class='ocrx_word' id='word_1_54' title='bbox 901 1040 990 1095; x_wconf 88' lang='lat' dir='ltr'><strong>illa</strong></span> <span class='ocrx_word' id='word_1_55' title='bbox 1010 1039 1217 1109; x_wconf 85' lang='lat' dir='ltr'><strong>species</strong></span> <span class='ocrx_word' id='word_1_56' title='bbox 1240 1037 1542 1108; x_wconf 70' lang='lat' dir='ltr'><strong>praeteriret</strong></span> <span class='ocrx_word' id='word_1_57' title='bbox 1564 1052 1578 1099; x_wconf 89' lang='lat'><strong>;</strong></span> <span class='ocrx_word' id='word_1_58' title='bbox 1598 1032 1692 1089; x_wconf 90' lang='lat' dir='ltr'><strong>sed</strong></span> <span class='ocrx_word' id='word_1_59' title='bbox 1720 1034 1771 1088; x_wconf 91' lang='lat' dir='ltr'><strong>in</strong></span> <span class='ocrx_word' id='word_1_60' title='bbox 1800 1032 1916 1086; x_wconf 80' lang='lat' dir='ltr'><strong>uni-</strong></span> 
     </span>
    </p>
   </div>
   <div class='ocr_carea' id='block_1_9' title="bbox 333 1123 1913 1202">
    <p class='ocr_par' dir='ltr' id='par_1_9' title="bbox 333 1123 1913 1202">
     <span class='ocr_line' id='line_1_9' title="bbox 333 1123 1913 1202; baseline -0.006 -15"><span class='ocrx_word' id='word_1_61' title='bbox 333 1142 498 1187; x_wconf 84' lang='lat' dir='ltr'><strong>tatem</strong></span> <span class='ocrx_word' id='word_1_62' title='bbox 549 1146 795 1202; x_wconf 74' lang='lat' dir='ltr'><strong>persona:</strong></span> <span class='ocrx_word' id='word_1_63' title='bbox 822 1146 953 1197; x_wconf 73' lang='lat' dir='ltr'><strong>sum,</strong></span> <span class='ocrx_word' id='word_1_64' title='bbox 983 1138 1231 1191; x_wconf 88' lang='lat' dir='ltr'><strong>manente</strong></span> <span class='ocrx_word' id='word_1_65' title='bbox 1274 1127 1524 1183; x_wconf 85' lang='lat' dir='ltr'><strong>invisibili</strong></span> <span class='ocrx_word' id='word_1_66' title='bbox 1555 1125 1649 1180; x_wconf 90' lang='lat' dir='ltr'><strong>Dei</strong></span> <span class='ocrx_word' id='word_1_67' title='bbox 1689 1123 1913 1193; x_wconf 69' lang='lat' dir='ltr'><strong>forma‘,</strong></span> 
     </span>
    </p>
   </div>
   <div class='ocr_carea' id='block_1_10' title="bbox 329 1216 1915 1293">
    <p class='ocr_par' dir='ltr' id='par_1_10' title="bbox 329 1216 1915 1293">
     <span class='ocr_line' id='line_1_10' title="bbox 329 1216 1915 1293; baseline -0.004 -16"><span class='ocrx_word' id='word_1_68' title='bbox 329 1223 540 1293; x_wconf 88' lang='lat' dir='ltr'><strong>accepit</strong></span> <span class='ocrx_word' id='word_1_69' title='bbox 563 1223 828 1278; x_wconf 88' lang='lat' dir='ltr'><strong>visibilem</strong></span> <span class='ocrx_word' id='word_1_70' title='bbox 862 1222 1091 1277; x_wconf 85' lang='lat' dir='ltr'><strong>hominis</strong></span> <span class='ocrx_word' id='word_1_71' title='bbox 1118 1220 1372 1283; x_wconf 87' lang='lat' dir='ltr'><strong>formam;</strong></span> <span class='ocrx_word' id='word_1_72' title='bbox 1418 1232 1523 1273; x_wconf 90' lang='lat' dir='ltr'><strong>non</strong></span> <span class='ocrx_word' id='word_1_73' title='bbox 1550 1216 1724 1271; x_wconf 88' lang='lat' dir='ltr'><strong>solum</strong></span> <span class='ocrx_word' id='word_1_74' title='bbox 1760 1224 1915 1270; x_wconf 88' lang='lat' dir='ltr'><strong>natus</strong></span> 
     </span>
    </p>
   </div>
   <div class='ocr_carea' id='block_1_11' title="bbox 328 1306 1917 1375">
    <p class='ocr_par' dir='ltr' id='par_1_11' title="bbox 328 1306 1917 1375">
     <span class='ocr_line' id='line_1_11' title="bbox 328 1306 1917 1375; baseline -0.005 -7"><span class='ocrx_word' id='word_1_75' title='bbox 328 1323 411 1368; x_wconf 91' lang='lat' dir='ltr'><strong>est</strong></span> <span class='ocrx_word' id='word_1_76' title='bbox 443 1314 497 1368; x_wconf 88' lang='lat' dir='ltr'><strong>in</strong></span> <span class='ocrx_word' id='word_1_77' title='bbox 523 1328 585 1369; x_wconf 88' lang='lat' dir='ltr'><strong>ea</strong></span> <span class='ocrx_word' id='word_1_78' title='bbox 603 1312 671 1368; x_wconf 89' lang='lat' dir='ltr'><strong>de</strong></span> <span class='ocrx_word' id='word_1_79' title='bbox 687 1312 902 1368; x_wconf 84' lang='lat' dir='ltr'><strong>homine</strong></span> <span class='ocrx_word' id='word_1_80' title='bbox 924 1322 1112 1375; x_wconf 90' lang='lat' dir='ltr'><strong>matre,</strong></span> <span class='ocrx_word' id='word_1_81' title='bbox 1131 1326 1314 1366; x_wconf 91' lang='lat' dir='ltr'><strong>verum</strong></span> <span class='ocrx_word' id='word_1_82' title='bbox 1333 1309 1493 1364; x_wconf 90' lang='lat' dir='ltr'><strong>etiam</strong></span> <span class='ocrx_word' id='word_1_83' title='bbox 1507 1306 1674 1364; x_wconf 89' lang='lat' dir='ltr'><strong>crevit</strong></span> <span class='ocrx_word' id='word_1_84' title='bbox 1692 1306 1743 1361; x_wconf 93' lang='lat' dir='ltr'><strong>in</strong></span> <span class='ocrx_word' id='word_1_85' title='bbox 1761 1320 1843 1372; x_wconf 79' lang='lat' dir='ltr'><strong>ea,</strong></span> <span class='ocrx_word' id='word_1_86' title='bbox 1861 1312 1917 1361; x_wconf 92' lang='lat' dir='ltr'><strong>et</strong></span> 
     </span>
    </p>
   </div>
   <div class='ocr_carea' id='block_1_12' title="bbox 327 1400 1919 1480">
    <p class='ocr_par' dir='ltr' id='par_1_12' title="bbox 327 1400 1919 1480">
     <span class='ocr_line' id='line_1_12' title="bbox 327 1400 1919 1480; baseline -0.002 -23"><span class='ocrx_word' id='word_1_87' title='bbox 327 1405 692 1472; x_wconf 84' lang='lat' dir='ltr'><strong>manducavit,</strong></span> <span class='ocrx_word' id='word_1_88' title='bbox 720 1414 775 1461; x_wconf 92' lang='lat' dir='ltr'><strong>et</strong></span> <span class='ocrx_word' id='word_1_89' title='bbox 801 1405 955 1471; x_wconf 87' lang='lat' dir='ltr'><strong>bibit,</strong></span> <span class='ocrx_word' id='word_1_90' title='bbox 974 1414 1035 1480; x_wconf 84' lang='lat' dir='ltr'><strong>et</strong></span> <span class='ocrx_word' id='word_1_91' title='bbox 1063 1403 1314 1459; x_wconf 91' lang='lat' dir='ltr'><strong>dormivit</strong></span> <span class='ocrx_word' id='word_1_92' title='bbox 1343 1402 1394 1457; x_wconf 90' lang='lat' dir='ltr'><strong>in</strong></span> <span class='ocrx_word' id='word_1_93' title='bbox 1416 1416 1499 1469; x_wconf 88' lang='lat' dir='ltr'><strong>ea,</strong></span> <span class='ocrx_word' id='word_1_94' title='bbox 1529 1410 1584 1457; x_wconf 89' lang='lat' dir='ltr'><strong>et</strong></span> <span class='ocrx_word' id='word_1_95' title='bbox 1602 1400 1811 1455; x_wconf 82' lang='lat' dir='ltr'><strong>occisus</strong></span> <span class='ocrx_word' id='word_1_96' title='bbox 1833 1406 1919 1455; x_wconf 90' lang='lat' dir='ltr'><strong>est</strong></span> 
     </span>
    </p>
   </div>
   <div class='ocr_carea' id='block_1_13' title="bbox 326 1492 1914 1568">
    <p class='ocr_par' dir='ltr' id='par_1_13' title="bbox 326 1492 1914 1568">
     <span class='ocr_line' id='line_1_13' title="bbox 326 1492 1914 1568; baseline -0.001 -20"><span class='ocrx_word' id='word_1_97' title='bbox 326 1495 380 1549; x_wconf 93' lang='lat' dir='ltr'><strong>in</strong></span> <span class='ocrx_word' id='word_1_98' title='bbox 425 1512 512 1564; x_wconf 90' lang='lat' dir='ltr'><strong>ea,</strong></span> <span class='ocrx_word' id='word_1_99' title='bbox 542 1506 596 1551; x_wconf 90' lang='lat' dir='ltr'><strong>et</strong></span> <span class='ocrx_word' id='word_1_100' title='bbox 620 1496 915 1554; x_wconf 77' lang='lat' dir='ltr'><strong>resurrexit</strong></span> <span class='ocrx_word' id='word_1_101' title='bbox 960 1494 1480 1568; x_wconf 22' lang='lat' dir='ltr'><strong>in.ea,’et.ascendlt</strong></span> <span class='ocrx_word' id='word_1_102' title='bbox 1521 1494 1574 1549; x_wconf 91' lang='lat' dir='ltr'><strong>in</strong></span> <span class='ocrx_word' id='word_1_103' title='bbox 1617 1492 1834 1558; x_wconf 67' lang='lat' dir='ltr'><strong>caelum,</strong></span> <span class='ocrx_word' id='word_1_104' title='bbox 1860 1500 1914 1547; x_wconf 90' lang='lat' dir='ltr'><strong>et</strong></span> 
     </span>
    </p>
   </div>
   <div class='ocr_carea' id='block_1_14' title="bbox 326 1582 1913 1655">
    <p class='ocr_par' dir='ltr' id='par_1_14' title="bbox 326 1582 1913 1655">
     <span class='ocr_line' id='line_1_14' title="bbox 326 1582 1913 1655; baseline -0.003 -13"><span class='ocrx_word' id='word_1_105' title='bbox 326 1587 483 1642; x_wconf 83' lang='lat' dir='ltr'><strong>sedet</strong></span> <span class='ocrx_word' id='word_1_106' title='bbox 510 1587 578 1644; x_wconf 89' lang='lat' dir='ltr'><strong>ad</strong></span> <span class='ocrx_word' id='word_1_107' title='bbox 603 1587 883 1645; x_wconf 83' lang='lat' dir='ltr'><strong>dexteram</strong></span> <span class='ocrx_word' id='word_1_108' title='bbox 910 1587 1086 1643; x_wconf 86' lang='lat' dir='ltr'><strong>Patris</strong></span> <span class='ocrx_word' id='word_1_109' title='bbox 1128 1587 1185 1642; x_wconf 84' lang='lat' dir='ltr'><strong>in</strong></span> <span class='ocrx_word' id='word_1_110' title='bbox 1208 1601 1294 1652; x_wconf 88' lang='lat' dir='ltr'><strong>ea,</strong></span> <span class='ocrx_word' id='word_1_111' title='bbox 1322 1585 1388 1641; x_wconf 89' lang='lat' dir='ltr'><strong>ad</strong></span> <span class='ocrx_word' id='word_1_112' title='bbox 1414 1584 1728 1655; x_wconf 76' lang='lat' dir='ltr'><strong>iudicandos</strong></span> <span class='ocrx_word' id='word_1_113' title='bbox 1764 1582 1913 1637; x_wconf 87' lang='lat' dir='ltr'><strong>vivos</strong></span> 
     </span>
    </p>
   </div>
   <div class='ocr_carea' id='block_1_15' title="bbox 325 1673 1912 1746">
    <p class='ocr_par' dir='ltr' id='par_1_15' title="bbox 325 1673 1912 1746">
     <span class='ocr_line' id='line_1_15' title="bbox 325 1673 1912 1746; baseline -0.003 -14"><span class='ocrx_word' id='word_1_114' title='bbox 325 1686 381 1732; x_wconf 92' lang='lat' dir='ltr'><strong>et</strong></span> <span class='ocrx_word' id='word_1_115' title='bbox 409 1688 654 1733; x_wconf 91' lang='lat' dir='ltr'><strong>mortuos</strong></span> <span class='ocrx_word' id='word_1_116' title='bbox 678 1686 761 1736; x_wconf 89' lang='lat' dir='ltr'><strong>est</strong></span> <span class='ocrx_word' id='word_1_117' title='bbox 787 1686 1041 1735; x_wconf 90' lang='lat' dir='ltr'><strong>venturus</strong></span> <span class='ocrx_word' id='word_1_118' title='bbox 1066 1677 1120 1733; x_wconf 92' lang='lat' dir='ltr'><strong>in</strong></span> <span class='ocrx_word' id='word_1_119' title='bbox 1150 1692 1233 1742; x_wconf 89' lang='lat' dir='ltr'><strong>ea,</strong></span> <span class='ocrx_word' id='word_1_120' title='bbox 1261 1686 1315 1733; x_wconf 90' lang='lat' dir='ltr'><strong>et</strong></span> <span class='ocrx_word' id='word_1_121' title='bbox 1345 1676 1397 1731; x_wconf 91' lang='lat' dir='ltr'><strong>in</strong></span> <span class='ocrx_word' id='word_1_122' title='bbox 1418 1690 1584 1746; x_wconf 87' lang='lat' dir='ltr'><strong>regno</strong></span> <span class='ocrx_word' id='word_1_123' title='bbox 1610 1689 1725 1736; x_wconf 87' lang='lat' dir='ltr'><strong>suo.</strong></span> <span class='ocrx_word' id='word_1_124' title='bbox 1743 1673 1795 1729; x_wconf 92' lang='lat' dir='ltr'><strong>ei</strong></span> <span class='ocrx_word' id='word_1_125' title='bbox 1822 1673 1912 1743; x_wconf 89' lang='lat' dir='ltr'><strong>qui</strong></span> 
     </span>
    </p>
   </div>
   <div class='ocr_carea' id='block_1_16' title="bbox 324 1763 1909 1838">
    <p class='ocr_par' dir='ltr' id='par_1_16' title="bbox 324 1763 1909 1838">
     <span class='ocr_line' id='line_1_16' title="bbox 324 1763 1909 1838; baseline -0.003 -16"><span class='ocrx_word' id='word_1_126' title='bbox 324 1768 401 1823; x_wconf 86' lang='lat' dir='ltr'><strong>illi</strong></span> <span class='ocrx_word' id='word_1_127' title='bbox 429 1768 659 1838; x_wconf 87' lang='lat' dir='ltr'><strong>subjecit</strong></span> <span class='ocrx_word' id='word_1_128' title='bbox 704 1769 903 1835; x_wconf 85' lang='lat' dir='ltr'><strong>omnia,</strong></span> <span class='ocrx_word' id='word_1_129' title='bbox 938 1769 1041 1823; x_wconf 90' lang='lat' dir='ltr'><strong>erit</strong></span> <span class='ocrx_word' id='word_1_130' title='bbox 1080 1768 1351 1837; x_wconf 84' lang='lat' dir='ltr'><strong>subjectus</strong></span> <span class='ocrx_word' id='word_1_131' title='bbox 1379 1767 1433 1821; x_wconf 90' lang='lat' dir='ltr'><strong>in</strong></span> <span class='ocrx_word' id='word_1_132' title='bbox 1462 1782 1545 1821; x_wconf 89' lang='lat' dir='ltr'><strong>ea.</strong></span> <span class='ocrx_word' id='word_1_133' title='bbox 1595 1766 1720 1820; x_wconf 82' lang='lat' dir='ltr'><strong>[hee</strong></span> <span class='ocrx_word' id='word_1_134' title='bbox 1762 1772 1817 1818; x_wconf 93' lang='lat' dir='ltr'><strong>tu</strong></span> <span class='ocrx_word' id='word_1_135' title='bbox 1857 1763 1909 1818; x_wconf 92' lang='lat' dir='ltr'><strong>in</strong></span> 
     </span>
    </p>
   </div>
   <div class='ocr_carea' id='block_1_17' title="bbox 323 1856 1911 1929">
    <p class='ocr_par' dir='ltr' id='par_1_17' title="bbox 323 1856 1911 1929">
     <span class='ocr_line' id='line_1_17' title="bbox 323 1856 1911 1929; baseline -0.001 -17"><span class='ocrx_word' id='word_1_136' title='bbox 323 1872 448 1913; x_wconf 89' lang='lat' dir='ltr'><strong>mea</strong></span> <span class='ocrx_word' id='word_1_137' title='bbox 490 1860 842 1929; x_wconf 87' lang='lat' dir='ltr'><strong>responsione</strong></span> <span class='ocrx_word' id='word_1_138' title='bbox 876 1859 1111 1916; x_wconf 89' lang='lat' dir='ltr'><strong>breviter</strong></span> <span class='ocrx_word' id='word_1_139' title='bbox 1138 1859 1298 1925; x_wconf 88' lang='lat' dir='ltr'><strong>dicta,</strong></span> <span class='ocrx_word' id='word_1_140' title='bbox 1326 1873 1446 1928; x_wconf 79' lang='lat' dir='ltr'><strong>quae</strong></span> <span class='ocrx_word' id='word_1_141' title='bbox 1473 1872 1613 1912; x_wconf 87' lang='lat' dir='ltr'><strong>nunc</strong></span> <span class='ocrx_word' id='word_1_142' title='bbox 1643 1856 1911 1925; x_wconf 84' lang='lat' dir='ltr'><strong>aliquanto</strong></span> 
     </span>
    </p>
   </div>
   <div class='ocr_carea' id='block_1_18' title="bbox 326 1946 1911 2020">
    <p class='ocr_par' dir='ltr' id='par_1_18' title="bbox 326 1946 1911 2020">
     <span class='ocr_line' id='line_1_18' title="bbox 326 1946 1911 2020; baseline 0.003 -19"><span class='ocrx_word' id='word_1_143' title='bbox 326 1946 507 2013; x_wconf 88' lang='lat' dir='ltr'><strong>latius,</strong></span> <span class='ocrx_word' id='word_1_144' title='bbox 536 1958 596 2003; x_wconf 90' lang='lat' dir='ltr'><strong>ut</strong></span> <span class='ocrx_word' id='word_1_145' title='bbox 624 1950 707 2007; x_wconf 85' lang='lat' dir='ltr'><strong>vel</strong></span> <span class='ocrx_word' id='word_1_146' title='bbox 747 1950 824 2005; x_wconf 91' lang='lat' dir='ltr'><strong>sic</strong></span> <span class='ocrx_word' id='word_1_147' title='bbox 854 1950 1202 2020; x_wconf 79' lang='lat' dir='ltr'><strong>iutelligeres,</strong></span> <span class='ocrx_word' id='word_1_148' title='bbox 1234 1948 1513 2019; x_wconf 82' lang='lat' dir='ltr'><strong>explicavi,</strong></span> <span class='ocrx_word' id='word_1_149' title='bbox 1541 1946 1819 2003; x_wconf 88' lang='lat' dir='ltr'><strong>attendere</strong></span> <span class='ocrx_word' id='word_1_150' title='bbox 1856 1955 1911 2005; x_wconf 88' lang='lat' dir='ltr'><strong>et</strong></span> 
     </span>
    </p>
   </div>
   <div class='ocr_carea' id='block_1_19' title="bbox 324 2038 1905 2107">
    <p class='ocr_par' dir='ltr' id='par_1_19' title="bbox 324 2038 1905 2107">
     <span class='ocr_line' id='line_1_19' title="bbox 324 2038 1905 2107; baseline 0.001 -16"><span class='ocrx_word' id='word_1_151' title='bbox 324 2038 673 2095; x_wconf 87' lang='lat' dir='ltr'><strong>considerare</strong></span> <span class='ocrx_word' id='word_1_152' title='bbox 698 2040 932 2107; x_wconf 89' lang='lat' dir='ltr'><strong>noluisti,</strong></span> <span class='ocrx_word' id='word_1_153' title='bbox 962 2040 1167 2094; x_wconf 85' lang='lat' dir='ltr'><strong>irruens</strong></span> <span class='ocrx_word' id='word_1_154' title='bbox 1200 2041 1253 2094; x_wconf 89' lang='lat' dir='ltr'><strong>in</strong></span> <span class='ocrx_word' id='word_1_155' title='bbox 1281 2048 1477 2095; x_wconf 85' lang='lat' dir='ltr'><strong>tantam</strong></span> <span class='ocrx_word' id='word_1_156' title='bbox 1505 2038 1905 2107; x_wconf 85' lang='lat' dir='ltr'><strong>blasphemiam,</strong></span> 
     </span>
    </p>
   </div>
   <div class='ocr_carea' id='block_1_20' title="bbox 325 2131 1909 2202">
    <p class='ocr_par' dir='ltr' id='par_1_20' title="bbox 325 2131 1909 2202">
     <span class='ocr_line' id='line_1_20' title="bbox 325 2131 1909 2202; baseline 0.002 -18"><span class='ocrx_word' id='word_1_157' title='bbox 325 2140 385 2185; x_wconf 90' lang='lat' dir='ltr'><strong>ut</strong></span> <span class='ocrx_word' id='word_1_158' title='bbox 410 2142 653 2188; x_wconf 84' lang='lat' dir='ltr'><strong>naturam</strong></span> <span class='ocrx_word' id='word_1_159' title='bbox 683 2132 916 2189; x_wconf 80' lang='lat' dir='ltr'><strong>divinam</strong></span> <span class='ocrx_word' id='word_1_160' title='bbox 949 2133 1041 2191; x_wconf 86' lang='lat' dir='ltr'><strong>Dei</strong></span> <span class='ocrx_word' id='word_1_161' title='bbox 1071 2142 1127 2189; x_wconf 91' lang='lat' dir='ltr'><strong>et</strong></span> <span class='ocrx_word' id='word_1_162' title='bbox 1162 2133 1390 2202; x_wconf 86' lang='lat' dir='ltr'><strong>Spiritus</strong></span> <span class='ocrx_word' id='word_1_163' title='bbox 1429 2132 1597 2187; x_wconf 82' lang='lat' dir='ltr'><strong>sancti</strong></span> <span class='ocrx_word' id='word_1_164' title='bbox 1637 2131 1909 2187; x_wconf 86' lang='lat' dir='ltr'><strong>converti-</strong></span> 
     </span>
    </p>
   </div>
   <div class='ocr_carea' id='block_1_21' title="bbox 326 2210 1907 2295">
    <p class='ocr_par' dir='ltr' id='par_1_21' title="bbox 326 2210 1907 2295">
     <span class='ocr_line' id='line_1_21' title="bbox 326 2210 1907 2295; baseline 0 -18"><span class='ocrx_word' id='word_1_165' title='bbox 326 2222 527 2295; x_wconf 81' lang='lat' dir='ltr'><strong>bilem,</strong></span> <span class='ocrx_word' id='word_1_166' title='bbox 548 2224 683 2293; x_wconf 85' lang='lat' dir='ltr'><strong>prob</strong></span> <span class='ocrx_word' id='word_1_167' title='bbox 727 2210 905 2281; x_wconf 79' lang='lat' dir='ltr'><strong>nefas!</strong></span> <span class='ocrx_word' id='word_1_168' title='bbox 947 2235 1000 2281; x_wconf 92' lang='lat' dir='ltr'><strong>et</strong></span> <span class='ocrx_word' id='word_1_169' title='bbox 1028 2225 1334 2283; x_wconf 79' lang='lat' dir='ltr'><strong>mutabilem</strong></span> <span class='ocrx_word' id='word_1_170' title='bbox 1357 2224 1581 2279; x_wconf 85' lang='lat' dir='ltr'><strong>diceres.</strong></span> <span class='ocrx_word' id='word_1_171' title='bbox 1616 2223 1727 2279; x_wconf 87' lang='lat' dir='ltr'><strong>Tua</strong></span> <span class='ocrx_word' id='word_1_172' title='bbox 1755 2238 1907 2278; x_wconf 87' lang='lat' dir='ltr'><strong>nam-</strong></span> 
     </span>
    </p>
   </div>
   <div class='ocr_carea' id='block_1_22' title="bbox 324 2314 1909 2387">
    <p class='ocr_par' dir='ltr' id='par_1_22' title="bbox 324 2314 1909 2387">
     <span class='ocr_line' id='line_1_22' title="bbox 324 2314 1909 2387; baseline 0.003 -22"><span class='ocrx_word' id='word_1_173' title='bbox 324 2327 429 2382; x_wconf 89' lang='lat' dir='ltr'><strong>que</strong></span> <span class='ocrx_word' id='word_1_174' title='bbox 479 2314 578 2369; x_wconf 85' lang='lat' dir='ltr'><strong>ista</strong></span> <span class='ocrx_word' id='word_1_175' title='bbox 617 2325 737 2369; x_wconf 91' lang='lat' dir='ltr'><strong>sunt</strong></span> <span class='ocrx_word' id='word_1_176' title='bbox 768 2315 928 2371; x_wconf 87' lang='lat' dir='ltr'><strong>verba</strong></span> <span class='ocrx_word' id='word_1_177' title='bbox 957 2333 970 2371; x_wconf 91' lang='lat'>:</span> <span class='ocrx_word' id='word_1_178' title='bbox 1000 2314 1098 2383; x_wconf 84' lang='lat' dir='ltr'><strong>Ea,</strong></span> <span class='ocrx_word' id='word_1_179' title='bbox 1125 2315 1320 2385; x_wconf 88' lang='lat' dir='ltr'><strong>inquis,</strong></span> <span class='ocrx_word' id='word_1_180' title='bbox 1348 2331 1460 2387; x_wconf 70' lang='lat' dir='ltr'><strong>qua:</strong></span> <span class='ocrx_word' id='word_1_181' title='bbox 1486 2315 1549 2369; x_wconf 86' lang='lat' dir='ltr'><strong>de</strong></span> <span class='ocrx_word' id='word_1_182' title='bbox 1573 2314 1909 2370; x_wconf 84' lang='lat' dir='ltr'><strong>invisibilitate</strong></span> 
     </span>
    </p>
   </div>
   <div class='ocr_carea' id='block_1_23' title="bbox 321 2404 1909 2479">
    <p class='ocr_par' dir='ltr' id='par_1_23' title="bbox 321 2404 1909 2479">
     <span class='ocr_line' id='line_1_23' title="bbox 321 2404 1909 2479; baseline 0.004 -24"><span class='ocrx_word' id='word_1_183' title='bbox 321 2404 679 2474; x_wconf 87' lang='lat' dir='ltr'><strong>omnipotentis</strong></span> <span class='ocrx_word' id='word_1_184' title='bbox 697 2407 717 2437; x_wconf 79' lang='grc'>³</span> <span class='ocrx_word' id='word_1_185' title='bbox 771 2404 867 2460; x_wconf 88' lang='lat' dir='ltr'><strong>Dei</strong></span> <span class='ocrx_word' id='word_1_186' title='bbox 895 2417 1187 2477; x_wconf 84' lang='lat' dir='ltr'><strong>prosecutus</strong></span> <span class='ocrx_word' id='word_1_187' title='bbox 1210 2423 1344 2472; x_wconf 88' lang='lat' dir='ltr'><strong>sum,</strong></span> <span class='ocrx_word' id='word_1_188' title='bbox 1374 2407 1524 2461; x_wconf 90' lang='lat' dir='ltr'><strong>etiam</strong></span> <span class='ocrx_word' id='word_1_189' title='bbox 1564 2420 1612 2462; x_wconf 81' lang='lat' dir='ltr'><strong>et</strong></span> <span class='ocrx_word' id='word_1_190' title='bbox 1636 2408 1762 2479; x_wconf 89' lang='lat' dir='ltr'><strong>ipse,</strong></span> <span class='ocrx_word' id='word_1_191' title='bbox 1794 2409 1909 2461; x_wconf 87' lang='lat' dir='ltr'><strong>licet</strong></span> 
     </span>
    </p>
   </div>
   <div class='ocr_carea' id='block_1_24' title="bbox 319 2496 1907 2571">
    <p class='ocr_par' dir='ltr' id='par_1_24' title="bbox 319 2496 1907 2571">
     <span class='ocr_line' id='line_1_24' title="bbox 319 2496 1907 2571; baseline 0.003 -22"><span class='ocrx_word' id='word_1_192' title='bbox 319 2496 427 2557; x_wconf 83' lang='lat' dir='ltr'><strong>alio</strong></span> <span class='ocrx_word' id='word_1_193' title='bbox 452 2497 728 2565; x_wconf 80' lang='lat' dir='ltr'><strong>proposito,</strong></span> <span class='ocrx_word' id='word_1_194' title='bbox 758 2508 979 2561; x_wconf 81' lang='lat' dir='ltr'><strong>attamen</strong></span> <span class='ocrx_word' id='word_1_195' title='bbox 1004 2500 1101 2553; x_wconf 87' lang='lat' dir='ltr'><strong>tuis</strong></span> <span class='ocrx_word' id='word_1_196' title='bbox 1125 2498 1283 2553; x_wconf 78' lang='lat' dir='ltr'><strong>verbis</strong></span> <span class='ocrx_word' id='word_1_197' title='bbox 1307 2499 1585 2569; x_wconf 74' lang='lat' dir='ltr'><strong>aﬂirmasti,</strong></span> <span class='ocrx_word' id='word_1_198' title='bbox 1616 2499 1751 2569; x_wconf 87' lang='lat' dir='ltr'><strong>quod</strong></span> <span class='ocrx_word' id='word_1_199' title='bbox 1780 2498 1907 2571; x_wconf 75' lang='lat' dir='ltr'><strong>Spi-</strong></span> 
     </span>
    </p>
   </div>
   <div class='ocr_carea' id='block_1_25' title="bbox 319 2588 1907 2659">
    <p class='ocr_par' dir='ltr' id='par_1_25' title="bbox 319 2588 1907 2659">
     <span class='ocr_line' id='line_1_25' title="bbox 319 2588 1907 2659; baseline 0.002 -14"><span class='ocrx_word' id='word_1_200' title='bbox 319 2588 452 2645; x_wconf 66' lang='lat' dir='ltr'><strong>ritus</strong></span> <span class='ocrx_word' id='word_1_201' title='bbox 474 2598 678 2643; x_wconf 88' lang='lat' dir='ltr'><strong>sanctus</strong></span> <span class='ocrx_word' id='word_1_202' title='bbox 714 2590 767 2643; x_wconf 88' lang='lat' dir='ltr'><strong>in</strong></span> <span class='ocrx_word' id='word_1_203' title='bbox 793 2592 958 2659; x_wconf 79' lang='lat' dir='ltr'><strong>specie</strong></span> <span class='ocrx_word' id='word_1_204' title='bbox 985 2590 1230 2647; x_wconf 76' lang='lat' dir='ltr'><strong>columba:</strong></span> <span class='ocrx_word' id='word_1_205' title='bbox 1270 2592 1335 2647; x_wconf 89' lang='lat' dir='ltr'><strong>sit</strong></span> <span class='ocrx_word' id='word_1_206' title='bbox 1372 2592 1526 2658; x_wconf 84' lang='lat' dir='ltr'><strong>visus,</strong></span> <span class='ocrx_word' id='word_1_207' title='bbox 1555 2607 1747 2646; x_wconf 81' lang='lat' dir='ltr'><strong>necnon</strong></span> <span class='ocrx_word' id='word_1_208' title='bbox 1771 2601 1818 2645; x_wconf 87' lang='lat' dir='ltr'><strong>et</strong></span> <span class='ocrx_word' id='word_1_209' title='bbox 1852 2592 1907 2648; x_wconf 84' lang='lat' dir='ltr'><strong>in</strong></span> 
     </span>
    </p>
   </div>
   <div class='ocr_carea' id='block_1_26' title="bbox 317 2679 1906 2752">
    <p class='ocr_par' dir='ltr' id='par_1_26' title="bbox 317 2679 1906 2752">
     <span class='ocr_line' id='line_1_26' title="bbox 317 2679 1906 2752; baseline 0.003 -21"><span class='ocrx_word' id='word_1_210' title='bbox 317 2679 488 2747; x_wconf 87' lang='lat' dir='ltr'><strong>specie</strong></span> <span class='ocrx_word' id='word_1_211' title='bbox 525 2680 655 2749; x_wconf 80' lang='lat' dir='ltr'><strong>ignis</strong></span> <span class='ocrx_word' id='word_1_212' title='bbox 685 2696 704 2737; x_wconf 83' lang='lat'><strong>.&#39;</strong></span> <span class='ocrx_word' id='word_1_213' title='bbox 741 2680 907 2735; x_wconf 85' lang='lat' dir='ltr'><strong>Filius</strong></span> <span class='ocrx_word' id='word_1_214' title='bbox 951 2698 1093 2749; x_wconf 85' lang='lat' dir='ltr'><strong>sane,</strong></span> <span class='ocrx_word' id='word_1_215' title='bbox 1136 2683 1193 2737; x_wconf 86' lang='lat' dir='ltr'><strong>in</strong></span> <span class='ocrx_word' id='word_1_216' title='bbox 1230 2682 1397 2752; x_wconf 90' lang='lat' dir='ltr'><strong>forma</strong></span> <span class='ocrx_word' id='word_1_217' title='bbox 1454 2682 1712 2736; x_wconf 83' lang='lat' dir='ltr'><strong>hominis:</strong></span> <span class='ocrx_word' id='word_1_218' title='bbox 1749 2681 1906 2736; x_wconf 83' lang='lat' dir='ltr'><strong>Pater</strong></span> 
     </span>
    </p>
   </div>
   <div class='ocr_carea' id='block_1_27' title="bbox 319 2760 1906 2843">
    <p class='ocr_par' dir='ltr' id='par_1_27' title="bbox 319 2760 1906 2843">
     <span class='ocr_line' id='line_1_27' title="bbox 319 2760 1906 2843; baseline 0.004 -23"><span class='ocrx_word' id='word_1_219' title='bbox 319 2777 514 2834; x_wconf 87' lang='lat' dir='ltr'><strong>autem,</strong></span> <span class='ocrx_word' id='word_1_220' title='bbox 537 2786 691 2840; x_wconf 87' lang='lat' dir='ltr'><strong>neque</strong></span> <span class='ocrx_word' id='word_1_221' title='bbox 715 2771 766 2824; x_wconf 86' lang='lat' dir='ltr'><strong>in</strong></span> <span class='ocrx_word' id='word_1_222' title='bbox 790 2772 954 2840; x_wconf 84' lang='lat' dir='ltr'><strong>specie</strong></span> <span class='ocrx_word' id='word_1_223' title='bbox 981 2773 1245 2838; x_wconf 77' lang='lat' dir='ltr'><strong>columine,</strong></span> <span class='ocrx_word' id='word_1_224' title='bbox 1281 2788 1371 2827; x_wconf 87' lang='lat' dir='ltr'><strong>nec</strong></span> <span class='ocrx_word' id='word_1_225' title='bbox 1396 2772 1450 2826; x_wconf 90' lang='lat' dir='ltr'><strong>in</strong></span> <span class='ocrx_word' id='word_1_226' title='bbox 1470 2760 1635 2843; x_wconf 79' lang='lat' dir='ltr'><strong>forma</strong></span> <span class='ocrx_word' id='word_1_227' title='bbox 1660 2772 1906 2837; x_wconf 82' lang='lat' dir='ltr'><strong>hominis;</strong></span> 
     </span>
    </p>
   </div>
   <div class='ocr_carea' id='block_1_28' title="bbox 316 2859 1903 2935">
    <p class='ocr_par' dir='ltr' id='par_1_28' title="bbox 316 2859 1903 2935">
     <span class='ocr_line' id='line_1_28' title="bbox 316 2859 1903 2935; baseline 0.007 -25"><span class='ocrx_word' id='word_1_228' title='bbox 316 2874 409 2912; x_wconf 85' lang='lat' dir='ltr'><strong>nec</strong></span> <span class='ocrx_word' id='word_1_229' title='bbox 438 2859 711 2929; x_wconf 70' lang='lat' dir='ltr'><strong>aliquando</strong></span> <span class='ocrx_word' id='word_1_230' title='bbox 738 2863 882 2916; x_wconf 82' lang='lat' dir='ltr'><strong>vertit</strong></span> <span class='ocrx_word' id='word_1_231' title='bbox 923 2879 978 2917; x_wconf 87' lang='lat' dir='ltr'><strong>se</strong></span> <span class='ocrx_word' id='word_1_232' title='bbox 1021 2864 1076 2917; x_wconf 87' lang='lat' dir='ltr'><strong>in</strong></span> <span class='ocrx_word' id='word_1_233' title='bbox 1121 2866 1335 2935; x_wconf 80' lang='lat' dir='ltr'><strong>formas,</strong></span> <span class='ocrx_word' id='word_1_234' title='bbox 1367 2863 1455 2918; x_wconf 85' lang='lat' dir='ltr'><strong>sed</strong></span> <span class='ocrx_word' id='word_1_235' title='bbox 1500 2879 1589 2917; x_wconf 85' lang='lat' dir='ltr'><strong>nec</strong></span> <span class='ocrx_word' id='word_1_236' title='bbox 1631 2863 1903 2933; x_wconf 76' lang='lat' dir='ltr'><strong>aliquando</strong></span> 
     </span>
    </p>
   </div>
   <div class='ocr_carea' id='block_1_29' title="bbox 317 2950 1905 3024">
    <p class='ocr_par' dir='ltr' id='par_1_29' title="bbox 317 2950 1905 3024">
     <span class='ocr_line' id='line_1_29' title="bbox 317 2950 1905 3024; baseline 0.005 -24"><span class='ocrx_word' id='word_1_237' title='bbox 317 2958 537 3002; x_wconf 73' lang='lat' dir='ltr'><strong>vertetur</strong></span> <span class='ocrx_word' id='word_1_238' title='bbox 566 2965 585 3003; x_wconf 91' lang='lat'><strong><em>:</em></strong></span> <span class='ocrx_word' id='word_1_239' title='bbox 631 2950 694 3005; x_wconf 85' lang='lat' dir='ltr'><strong>de</strong></span> <span class='ocrx_word' id='word_1_240' title='bbox 716 2968 814 3021; x_wconf 89' lang='lat' dir='ltr'><strong>quo</strong></span> <span class='ocrx_word' id='word_1_241' title='bbox 841 2954 1081 3022; x_wconf 82' lang='lat' dir='ltr'><strong>scriptum</strong></span> <span class='ocrx_word' id='word_1_242' title='bbox 1110 2962 1202 3019; x_wconf 88' lang='lat' dir='ltr'><strong>est,</strong></span> <span class='ocrx_word' id='word_1_243' title='bbox 1240 2971 1258 3004; x_wconf 72' lang='grc' dir='ltr'><strong>ι</strong></span> <span class='ocrx_word' id='word_1_244' title='bbox 1298 2952 1410 3024; x_wconf 77' lang='lat' dir='ltr'><strong>Ego</strong></span> <span class='ocrx_word' id='word_1_245' title='bbox 1433 2970 1546 3007; x_wconf 88' lang='lat' dir='ltr'><strong>sum</strong></span> <span class='ocrx_word' id='word_1_246' title='bbox 1571 2954 1657 3023; x_wconf 86' lang='lat' dir='ltr'><strong>qui</strong></span> <span class='ocrx_word' id='word_1_247' title='bbox 1692 2971 1823 3018; x_wconf 84' lang='lat' dir='ltr'><strong>sum,</strong></span> <span class='ocrx_word' id='word_1_248' title='bbox 1857 2962 1905 3008; x_wconf 89' lang='lat' dir='ltr'><strong>et</strong></span> 
     </span>
    </p>
   </div>
   <div class='ocr_carea' id='block_1_30' title="bbox 327 3044 1903 3115">
    <p class='ocr_par' dir='ltr' id='par_1_30' title="bbox 327 3044 1903 3115">
     <span class='ocr_line' id='line_1_30' title="bbox 327 3044 1903 3115; baseline 0.004 -23"><span class='ocrx_word' id='word_1_249' title='bbox 327 3057 349 3092; x_wconf 76' lang='grc' dir='ltr'><strong>ι</strong></span> <span class='ocrx_word' id='word_1_250' title='bbox 394 3056 494 3094; x_wconf 89' lang='lat' dir='ltr'><strong>non</strong></span> <span class='ocrx_word' id='word_1_251' title='bbox 523 3058 637 3095; x_wconf 91' lang='lat' dir='ltr'><strong>sum</strong></span> <span class='ocrx_word' id='word_1_252' title='bbox 673 3052 911 3099; x_wconf 88' lang='lat' dir='ltr'><strong>mutatus.</strong></span> <span class='ocrx_word' id='word_1_253' title='bbox 952 3063 970 3096; x_wconf 77' lang='grc' dir='ltr'><strong>ι</strong></span> <span class='ocrx_word' id='word_1_254' title='bbox 1003 3044 1204 3100; x_wconf 87' lang='lat' dir='ltr'><strong>Deinde</strong></span> <span class='ocrx_word' id='word_1_255' title='bbox 1228 3044 1486 3115; x_wconf 86' lang='lat' dir='ltr'><strong>adjuugis,</strong></span> <span class='ocrx_word' id='word_1_256' title='bbox 1516 3054 1569 3100; x_wconf 92' lang='lat' dir='ltr'><strong>et</strong></span> <span class='ocrx_word' id='word_1_257' title='bbox 1601 3044 1773 3100; x_wconf 88' lang='lat' dir='ltr'><strong>dicis:</strong></span> <span class='ocrx_word' id='word_1_258' title='bbox 1807 3044 1903 3099; x_wconf 86' lang='lat' dir='ltr'><strong>Fi-</strong></span> 
     </span>
    </p>
   </div>
   <div class='ocr_carea' id='block_1_31' title="bbox 316 3128 1901 3205">
    <p class='ocr_par' dir='ltr' id='par_1_31' title="bbox 316 3128 1901 3205">
     <span class='ocr_line' id='line_1_31' title="bbox 316 3128 1901 3205; baseline 0.003 -21"><span class='ocrx_word' id='word_1_259' title='bbox 316 3128 419 3184; x_wconf 86' lang='lat' dir='ltr'><strong>lius</strong></span> <span class='ocrx_word' id='word_1_260' title='bbox 456 3144 579 3185; x_wconf 86' lang='lat' dir='ltr'><strong>sane</strong></span> <span class='ocrx_word' id='word_1_261' title='bbox 621 3132 673 3185; x_wconf 89' lang='lat' dir='ltr'><strong>in</strong></span> <span class='ocrx_word' id='word_1_262' title='bbox 702 3136 869 3203; x_wconf 88' lang='lat' dir='ltr'><strong>forma</strong></span> <span class='ocrx_word' id='word_1_263' title='bbox 906 3133 1003 3188; x_wconf 89' lang='lat' dir='ltr'><strong>Dei</strong></span> <span class='ocrx_word' id='word_1_264' title='bbox 1029 3134 1325 3188; x_wconf 85' lang='lat' dir='ltr'><strong>constitutus</strong></span> <span class='ocrx_word' id='word_1_265' title='bbox 1351 3136 1485 3205; x_wconf 85' lang='lat' dir='ltr'><strong>jam,</strong></span> <span class='ocrx_word' id='word_1_266' title='bbox 1514 3144 1568 3188; x_wconf 89' lang='lat' dir='ltr'><strong>ut</strong></span> <span class='ocrx_word' id='word_1_267' title='bbox 1596 3134 1703 3204; x_wconf 87' lang='lat' dir='ltr'><strong>ipse</strong></span> <span class='ocrx_word' id='word_1_268' title='bbox 1726 3144 1901 3204; x_wconf 90' lang='lat' dir='ltr'><strong>protu-</strong></span> 
     </span>
    </p>
   </div>
   <div class='ocr_carea' id='block_1_32' title="bbox 316 3220 1903 3299">
    <p class='ocr_par' dir='ltr' id='par_1_32' title="bbox 316 3220 1903 3299">
     <span class='ocr_line' id='line_1_32' title="bbox 316 3220 1903 3299; baseline 0.006 -25"><span class='ocrx_word' id='word_1_269' title='bbox 316 3220 443 3288; x_wconf 87' lang='lat' dir='ltr'><strong>listi,</strong></span> <span class='ocrx_word' id='word_1_270' title='bbox 471 3226 689 3293; x_wconf 83' lang='lat' dir='ltr'><strong>fortnam</strong></span> <span class='ocrx_word' id='word_1_271' title='bbox 740 3225 867 3279; x_wconf 86' lang='lat' dir='ltr'><strong>servi</strong></span> <span class='ocrx_word' id='word_1_272' title='bbox 908 3228 1118 3296; x_wconf 84' lang='lat' dir='ltr'><strong>accepit,</strong></span> <span class='ocrx_word' id='word_1_273' title='bbox 1147 3226 1281 3299; x_wconf 86' lang='lat' dir='ltr'><strong>quod</strong></span> <span class='ocrx_word' id='word_1_274' title='bbox 1304 3244 1405 3281; x_wconf 89' lang='lat' dir='ltr'><strong>non</strong></span> <span class='ocrx_word' id='word_1_275' title='bbox 1434 3226 1631 3286; x_wconf 80' lang='lat' dir='ltr'><strong>Pater:</strong></span> <span class='ocrx_word' id='word_1_276' title='bbox 1676 3227 1903 3299; x_wconf 77' lang='lat' dir='ltr'><strong>Spiritus</strong></span> 
     </span>
    </p>
   </div>
   <div class='ocr_carea' id='block_1_33' title="bbox 314 3317 1902 3388">
    <p class='ocr_par' dir='ltr' id='par_1_33' title="bbox 314 3317 1902 3388">
     <span class='ocr_line' id='line_1_33' title="bbox 314 3317 1902 3388; baseline 0.004 -21"><span class='ocrx_word' id='word_1_277' title='bbox 314 3329 458 3383; x_wconf 68' lang='lat' dir='ltr'><strong>aeque</strong></span> <span class='ocrx_word' id='word_1_278' title='bbox 482 3326 688 3370; x_wconf 87' lang='lat' dir='ltr'><strong>sanctus</strong></span> <span class='ocrx_word' id='word_1_279' title='bbox 712 3317 931 3386; x_wconf 86' lang='lat' dir='ltr'><strong>suscepit</strong></span> <span class='ocrx_word' id='word_1_280' title='bbox 959 3318 1172 3388; x_wconf 85' lang='lat' dir='ltr'><strong>speciem</strong></span> <span class='ocrx_word' id='word_1_281' title='bbox 1200 3318 1463 3381; x_wconf 67' lang='lat' dir='ltr'><strong>columbae,</strong></span> <span class='ocrx_word' id='word_1_282' title='bbox 1491 3334 1643 3388; x_wconf 81' lang='lat' dir='ltr'><strong>quant</strong></span> <span class='ocrx_word' id='word_1_283' title='bbox 1668 3335 1771 3373; x_wconf 85' lang='lat' dir='ltr'><strong>non</strong></span> <span class='ocrx_word' id='word_1_284' title='bbox 1788 3334 1902 3374; x_wconf 69' lang='lat' dir='ltr'><strong>sits-</strong></span> 
     </span>
    </p>
   </div>
   <div class='ocr_carea' id='block_1_34' title="bbox 313 3394 1902 3491">
    <p class='ocr_par' dir='ltr' id='par_1_34' title="bbox 313 3394 1902 3491">
     <span class='ocr_line' id='line_1_34' title="bbox 313 3394 1902 3491; baseline 0.003 -33"><span class='ocrx_word' id='word_1_285' title='bbox 313 3406 446 3476; x_wconf 83' lang='lat' dir='ltr'><strong>cepit</strong></span> <span class='ocrx_word' id='word_1_286' title='bbox 506 3404 680 3460; x_wconf 83' lang='lat' dir='ltr'><strong>Pater.</strong></span> <span class='ocrx_word' id='word_1_287' title='bbox 734 3407 874 3473; x_wconf 74' lang='lat' dir='ltr'><strong>Scito</strong></span> <span class='ocrx_word' id='word_1_288' title='bbox 908 3394 1046 3479; x_wconf 81' lang='lat' dir='ltr'><strong>ergo,</strong></span> <span class='ocrx_word' id='word_1_289' title='bbox 1077 3409 1271 3479; x_wconf 88' lang='lat' dir='ltr'><strong>inquis,</strong></span> <span class='ocrx_word' id='word_1_290' title='bbox 1299 3409 1419 3479; x_wconf 82' lang='lat' dir='ltr'><strong>quia</strong></span> <span class='ocrx_word' id='word_1_291' title='bbox 1460 3425 1589 3491; x_wconf 56' lang='lat' dir='ltr'><strong>unuf</strong></span> <span class='ocrx_word' id='word_1_292' title='bbox 1630 3418 1704 3464; x_wconf 87' lang='lat' dir='ltr'><strong>est</strong></span> <span class='ocrx_word' id='word_1_293' title='bbox 1732 3410 1902 3463; x_wconf 74' lang='lat' dir='ltr'><strong>invisi-</strong></span> 
     </span>
    </p>
   </div>
   <div class='ocr_carea' id='block_1_35' title="bbox 314 3494 1901 3569">
    <p class='ocr_par' dir='ltr' id='par_1_35' title="bbox 314 3494 1901 3569">
     <span class='ocr_line' id='line_1_35' title="bbox 314 3494 1901 3569; baseline 0.004 -21"><span class='ocrx_word' id='word_1_294' title='bbox 314 3494 462 3561; x_wconf 85' lang='lat' dir='ltr'><strong>bilis,</strong></span> <span class='ocrx_word' id='word_1_295' title='bbox 515 3513 647 3550; x_wconf 83' lang='lat' dir='ltr'><strong>unus</strong></span> <span class='ocrx_word' id='word_1_296' title='bbox 692 3498 841 3553; x_wconf 89' lang='lat' dir='ltr'><strong>ctiam</strong></span> <span class='ocrx_word' id='word_1_297' title='bbox 891 3499 1189 3569; x_wconf 87' lang='lat' dir='ltr'><strong>incapabilis</strong></span> <span class='ocrx_word' id='word_1_298' title='bbox 1239 3508 1388 3568; x_wconf 87' lang='lat' dir='ltr'><strong>atque</strong></span> <span class='ocrx_word' id='word_1_299' title='bbox 1432 3498 1720 3554; x_wconf 84' lang='lat' dir='ltr'><strong>immensus.</strong></span> <span class='ocrx_word' id='word_1_300' title='bbox 1775 3498 1901 3555; x_wconf 71' lang='lat' dir='ltr'><strong>Hrec</strong></span> 
     </span>
    </p>
   </div>
   <div class='ocr_carea' id='block_1_36' title="bbox 317 3588 1901 3660">
    <p class='ocr_par' dir='ltr' id='par_1_36' title="bbox 317 3588 1901 3660">
     <span class='ocr_line' id='line_1_36' title="bbox 317 3588 1901 3660; baseline 0.003 -19"><span class='ocrx_word' id='word_1_301' title='bbox 317 3588 575 3658; x_wconf 89' lang='lat' dir='ltr'><strong>numquid</strong></span> <span class='ocrx_word' id='word_1_302' title='bbox 604 3589 835 3658; x_wconf 85' lang='lat' dir='ltr'><strong>diceres,</strong></span> <span class='ocrx_word' id='word_1_303' title='bbox 877 3591 921 3644; x_wconf 90' lang='lat' dir='ltr'><strong>si</strong></span> <span class='ocrx_word' id='word_1_304' title='bbox 952 3590 1242 3646; x_wconf 87' lang='lat' dir='ltr'><strong>secundum</strong></span> <span class='ocrx_word' id='word_1_305' title='bbox 1268 3590 1531 3660; x_wconf 88' lang='lat' dir='ltr'><strong>spiritum,</strong></span> <span class='ocrx_word' id='word_1_306' title='bbox 1561 3604 1665 3645; x_wconf 95' lang='lat' dir='ltr'><strong>non</strong></span> <span class='ocrx_word' id='word_1_307' title='bbox 1710 3605 1901 3646; x_wconf 87' lang='lat' dir='ltr'><strong>secun—</strong></span> 
     </span>
    </p>
   </div>
   <div class='ocr_carea' id='block_1_37' title="bbox 317 3677 1902 3751">
    <p class='ocr_par' dir='ltr' id='par_1_37' title="bbox 317 3677 1902 3751">
     <span class='ocr_line' id='line_1_37' title="bbox 317 3677 1902 3751; baseline 0.002 -18"><span class='ocrx_word' id='word_1_308' title='bbox 317 3677 444 3733; x_wconf 90' lang='lat' dir='ltr'><strong>dum</strong></span> <span class='ocrx_word' id='word_1_309' title='bbox 475 3694 715 3746; x_wconf 87' lang='lat' dir='ltr'><strong>carnem,</strong></span> <span class='ocrx_word' id='word_1_310' title='bbox 770 3695 954 3750; x_wconf 90' lang='lat' dir='ltr'><strong>posses</strong></span> <span class='ocrx_word' id='word_1_311' title='bbox 1001 3682 1234 3751; x_wconf 77' lang='lat' dir='ltr'><strong>cogitare</strong></span> <span class='ocrx_word' id='word_1_312' title='bbox 1281 3681 1405 3751; x_wconf 89' lang='lat' dir='ltr'><strong>quid</strong></span> <span class='ocrx_word' id='word_1_313' title='bbox 1450 3680 1902 3737; x_wconf 82' lang='lat' dir='ltr'><strong>diceres?llomo</strong></span> 
     </span>
    </p>
   </div>
   <div class='ocr_carea' id='block_1_38' title="bbox 317 3768 1902 3841">
    <p class='ocr_par' dir='ltr' id='par_1_38' title="bbox 317 3768 1902 3841">
     <span class='ocr_line' id='line_1_38' title="bbox 317 3768 1902 3841; baseline 0.002 -18"><span class='ocrx_word' id='word_1_314' title='bbox 317 3782 380 3823; x_wconf 85' lang='lat' dir='ltr'><strong>es</strong></span> <span class='ocrx_word' id='word_1_315' title='bbox 404 3768 571 3833; x_wconf 87' lang='lat' dir='ltr'><strong>enim,</strong></span> <span class='ocrx_word' id='word_1_316' title='bbox 610 3771 697 3839; x_wconf 92' lang='lat' dir='ltr'><strong>qui</strong></span> <span class='ocrx_word' id='word_1_317' title='bbox 736 3771 869 3841; x_wconf 82' lang='lat' dir='ltr'><strong>legis</strong></span> <span class='ocrx_word' id='word_1_318' title='bbox 896 3772 946 3825; x_wconf 93' lang='lat' dir='ltr'><strong>in</strong></span> <span class='ocrx_word' id='word_1_319' title='bbox 972 3770 1258 3840; x_wconf 82' lang='lat' dir='ltr'><strong>Scriputris</strong></span> <span class='ocrx_word' id='word_1_320' title='bbox 1289 3772 1504 3833; x_wconf 80' lang='lat' dir='ltr'><strong>sanctis,</strong></span> <span class='ocrx_word' id='word_1_321' title='bbox 1539 3770 1647 3841; x_wconf 79' lang='lat' dir='ltr'><strong>Ego</strong></span> <span class='ocrx_word' id='word_1_322' title='bbox 1675 3788 1789 3824; x_wconf 88' lang='lat' dir='ltr'><strong>sum</strong></span> <span class='ocrx_word' id='word_1_323' title='bbox 1816 3772 1902 3841; x_wconf 86' lang='lat' dir='ltr'><strong>qui</strong></span> 
     </span>
    </p>
   </div>
   <div class='ocr_carea' id='block_1_39' title="bbox 318 3859 1899 3930">
    <p class='ocr_par' dir='ltr' id='par_1_39' title="bbox 318 3859 1899 3930">
     <span class='ocr_line' id='line_1_39' title="bbox 318 3859 1899 3930; baseline 0.003 -20"><span class='ocrx_word' id='word_1_324' title='bbox 318 3874 452 3924; x_wconf 87' lang='lat' dir='ltr'><strong>sum,</strong></span> <span class='ocrx_word' id='word_1_325' title='bbox 480 3867 528 3912; x_wconf 91' lang='lat' dir='ltr'><strong>et</strong></span> <span class='ocrx_word' id='word_1_326' title='bbox 571 3876 672 3912; x_wconf 89' lang='lat' dir='ltr'><strong>non</strong></span> <span class='ocrx_word' id='word_1_327' title='bbox 710 3876 822 3912; x_wconf 86' lang='lat' dir='ltr'><strong>sum</strong></span> <span class='ocrx_word' id='word_1_328' title='bbox 848 3871 1067 3914; x_wconf 86' lang='lat' dir='ltr'><strong>mutatus</strong></span> <span class='ocrx_word' id='word_1_329' title='bbox 1115 3860 1307 3930; x_wconf 75' lang='lat' dir='ltr'><strong>(Exod.</strong></span> <span class='ocrx_word' id='word_1_330' title='bbox 1353 3876 1429 3926; x_wconf 82' lang='grc' dir='ltr'>ιιι,</span> <span class='ocrx_word' id='word_1_331' title='bbox 1463 3861 1547 3925; x_wconf 73' lang='grc' dir='ltr'><strong>Η,</strong></span> <span class='ocrx_word' id='word_1_332' title='bbox 1577 3868 1623 3915; x_wconf 86' lang='lat' dir='ltr'><strong>et</strong></span> <span class='ocrx_word' id='word_1_333' title='bbox 1674 3859 1899 3914; x_wconf 77' lang='lat' dir='ltr'><strong>blalach.</strong></span> 
     </span>
    </p>
   </div>
   <div class='ocr_carea' id='block_1_40' title="bbox 319 3948 1901 4021">
    <p class='ocr_par' dir='ltr' id='par_1_40' title="bbox 319 3948 1901 4021">
     <span class='ocr_line' id='line_1_40' title="bbox 319 3948 1901 4021; baseline 0.003 -19"><span class='ocrx_word' id='word_1_334' title='bbox 319 3964 403 4016; x_wconf 88' lang='lat' dir='ltr'><strong>nt,</strong></span> <span class='ocrx_word' id='word_1_335' title='bbox 432 3948 508 4017; x_wconf 87' lang='lat'><strong>6).</strong></span> <span class='ocrx_word' id='word_1_336' title='bbox 540 3948 607 4003; x_wconf 83' lang='lat' dir='ltr'><strong>Et</strong></span> <span class='ocrx_word' id='word_1_337' title='bbox 636 3964 755 4005; x_wconf 90' lang='lat' dir='ltr'><strong>cum</strong></span> <span class='ocrx_word' id='word_1_338' title='bbox 782 3952 953 4021; x_wconf 21' lang='lat' dir='ltr'><strong>verba,</strong></span> <span class='ocrx_word' id='word_1_339' title='bbox 969 3951 1070 4006; x_wconf 89' lang='lat' dir='ltr'><strong>ista</strong></span> <span class='ocrx_word' id='word_1_340' title='bbox 1099 3951 1225 4017; x_wconf 89' lang='lat' dir='ltr'><strong>sint,</strong></span> <span class='ocrx_word' id='word_1_341' title='bbox 1260 3966 1364 4005; x_wconf 91' lang='lat' dir='ltr'><strong>non</strong></span> <span class='ocrx_word' id='word_1_342' title='bbox 1395 3951 1567 4005; x_wconf 83' lang='lat' dir='ltr'><strong>Patris</strong></span> <span class='ocrx_word' id='word_1_343' title='bbox 1591 3950 1775 4018; x_wconf 85' lang='lat' dir='ltr'><strong>solius,</strong></span> <span class='ocrx_word' id='word_1_344' title='bbox 1804 3949 1901 4007; x_wconf 86' lang='lat' dir='ltr'><strong>sed</strong></span> 
     </span>
    </p>
   </div>
   <div class='ocr_carea' id='block_1_41' title="bbox 318 4037 1903 4111">
    <p class='ocr_par' dir='ltr' id='par_1_41' title="bbox 318 4037 1903 4111">
     <span class='ocr_line' id='line_1_41' title="bbox 318 4037 1903 4111; baseline 0.003 -18"><span class='ocrx_word' id='word_1_345' title='bbox 318 4037 486 4110; x_wconf 89' lang='lat' dir='ltr'><strong>ipsius</strong></span> <span class='ocrx_word' id='word_1_346' title='bbox 516 4039 809 4107; x_wconf 89' lang='lat' dir='ltr'><strong>Trinitatis,</strong></span> <span class='ocrx_word' id='word_1_347' title='bbox 854 4056 972 4111; x_wconf 69' lang='lat' dir='ltr'><strong>qua:</strong></span> <span class='ocrx_word' id='word_1_348' title='bbox 1020 4056 1157 4099; x_wconf 84' lang='lat' dir='ltr'><strong>unus</strong></span> <span class='ocrx_word' id='word_1_349' title='bbox 1204 4050 1286 4096; x_wconf 89' lang='lat' dir='ltr'><strong>est</strong></span> <span class='ocrx_word' id='word_1_350' title='bbox 1331 4042 1509 4107; x_wconf 88' lang='lat' dir='ltr'><strong>Deus;</strong></span> <span class='ocrx_word' id='word_1_351' title='bbox 1556 4049 1610 4095; x_wconf 92' lang='lat' dir='ltr'><strong>tu</strong></span> <span class='ocrx_word' id='word_1_352' title='bbox 1652 4056 1712 4097; x_wconf 83' lang='lat' dir='ltr'><strong>ea</strong></span> <span class='ocrx_word' id='word_1_353' title='bbox 1757 4040 1903 4099; x_wconf 85' lang='lat' dir='ltr'><strong>Patri</strong></span> 
     </span>
    </p>
   </div>
   <div class='ocr_carea' id='block_1_42' title="bbox 380 4230 1896 4302">
    <p class='ocr_par' dir='ltr' id='par_1_42' title="bbox 380 4230 1896 4302">
     <span class='ocr_line' id='line_1_42' title="bbox 380 4230 1896 4302; baseline 0.01 -24"><span class='ocrx_word' id='word_1_354' title='bbox 380 4234 407 4301; x_wconf 38' lang='grc' dir='ltr'>ι.</span> <span class='ocrx_word' id='word_1_355' title='bbox 434 4230 583 4302; x_wconf 50' lang='lat' dir='ltr'><strong>editio</strong></span> <span class='ocrx_word' id='word_1_356' title='bbox 604 4236 731 4291; x_wconf 83' lang='lat' dir='ltr'><strong>Lov.,</strong></span> <span class='ocrx_word' id='word_1_357' title='bbox 758 4232 1061 4302; x_wconf 9' lang='lat' dir='ltr'><strong>Osedrunitate</strong></span> <span class='ocrx_word' id='word_1_358' title='bbox 1095 4244 1313 4297; x_wconf 72' lang='lat' dir='ltr'><strong>persona:</strong></span> <span class='ocrx_word' id='word_1_359' title='bbox 1353 4237 1617 4295; x_wconf 69' lang='lat' dir='ltr'><strong>manente,</strong></span> 
     </span>
    </p>
   </div>
   <div class='ocr_carea' id='block_1_43' title="bbox 316 4293 1186 4366">
    <p class='ocr_par' dir='ltr' id='par_1_43' title="bbox 316 4293 1186 4366">
     <span class='ocr_line' id='line_1_43' title="bbox 316 4293 1186 4366; baseline 0.002 -23"><span class='ocrx_word' id='word_1_360' title='bbox 316 4293 407 4366; x_wconf 64' lang='lat' dir='ltr'><strong>Dei</strong></span> <span class='ocrx_word' id='word_1_361' title='bbox 430 4293 589 4366; x_wconf 65' lang='lat' dir='ltr'><strong>forma</strong></span> <span class='ocrx_word' id='word_1_362' title='bbox 602 4293 802 4366; x_wconf 76' lang='lat' dir='ltr'><strong>accepit,</strong></span> <span class='ocrx_word' id='word_1_363' title='bbox 832 4301 927 4345; x_wconf 86' lang='lat' dir='ltr'><strong>etc.</strong></span> <span class='ocrx_word' id='word_1_364' title='bbox 999 4354 1027 4366; x_wconf 25' lang='grc' dir='ltr'><strong>,Α</strong></span> <span class='ocrx_word' id='word_1_365' title='bbox 1095 4293 1106 4297; x_wconf 72' lang='grc'>⁷</span> <span class='ocrx_word' id='word_1_366' title='bbox 1155 4355 1186 4366; x_wconf 27' lang='grc' dir='ltr'><strong>Δ,</strong></span> 
     </span>
    </p>
   </div>
   <div class='ocr_carea' id='block_1_44' title="bbox 380 4357 1224 4415">
    <p class='ocr_par' dir='ltr' id='par_1_44' title="bbox 380 4357 1224 4415">
     <span class='ocr_line' id='line_1_44' title="bbox 380 4357 1224 4415; baseline 0.002 -12"><span class='ocrx_word' id='word_1_367' title='bbox 380 4357 401 4387; x_wconf 74' lang='grc'>³</span> <span class='ocrx_word' id='word_1_368' title='bbox 436 4364 537 4403; x_wconf 79' lang='lat' dir='ltr'><strong>Am.</strong></span> <span class='ocrx_word' id='word_1_369' title='bbox 562 4361 637 4403; x_wconf 82' lang='lat' dir='ltr'><strong>Er.</strong></span> <span class='ocrx_word' id='word_1_370' title='bbox 659 4361 712 4403; x_wconf 90' lang='lat' dir='ltr'><strong>et</strong></span> <span class='ocrx_word' id='word_1_371' title='bbox 732 4362 859 4415; x_wconf 64' lang='lat' dir='ltr'><strong>Mss,</strong></span> <span class='ocrx_word' id='word_1_372' title='bbox 882 4357 1224 4413; x_wconf 84' lang='lat' dir='ltr'><strong>omnilenentis.</strong></span> 
     </span>
    </p>
   </div>
   <div class='ocr_carea' id='block_1_45' title="bbox 1632 369 2239 430">
    <p class='ocr_par' dir='ltr' id='par_1_45' title="bbox 1632 369 2239 430">
     <span class='ocr_line' id='line_1_45' title="bbox 1632 369 2239 430; baseline -0.005 -1"><span class='ocrx_word' id='word_1_373' title='bbox 1632 373 1833 430; x_wconf 80' lang='lat' dir='ltr'><strong>LIBER</strong></span> <span class='ocrx_word' id='word_1_374' title='bbox 1870 369 2239 429; x_wconf 82' lang='lat' dir='ltr'><strong>SECUNDUS.</strong></span> 
     </span>
    </p>
   </div>
   <div class='ocr_carea' id='block_1_46' title="bbox 2020 484 3588 551">
    <p class='ocr_par' dir='ltr' id='par_1_46' title="bbox 2020 484 3588 551">
     <span class='ocr_line' id='line_1_46' title="bbox 2020 484 3588 551; baseline 0.003 -14"><span class='ocrx_word' id='word_1_375' title='bbox 2020 484 2385 539; x_wconf 81' lang='lat' dir='ltr'><strong>tantummodo</strong></span> <span class='ocrx_word' id='word_1_376' title='bbox 2411 485 2667 551; x_wconf 78' lang='lat' dir='ltr'><strong>tribuens,</strong></span> <span class='ocrx_word' id='word_1_377' title='bbox 2696 485 2887 540; x_wconf 79' lang='lat' dir='ltr'><strong>Filium</strong></span> <span class='ocrx_word' id='word_1_378' title='bbox 2906 484 3209 541; x_wconf 75' lang='lat' dir='ltr'><strong>mutabilem</strong></span> <span class='ocrx_word' id='word_1_379' title='bbox 3238 488 3430 541; x_wconf 78' lang='lat' dir='ltr'><strong>credis!</strong></span> <span class='ocrx_word' id='word_1_380' title='bbox 3459 488 3588 544; x_wconf 87' lang='lat' dir='ltr'><strong>Uni-</strong></span> 
     </span>
    </p>
   </div>
   <div class='ocr_carea' id='block_1_47' title="bbox 2019 578 3585 649">
    <p class='ocr_par' dir='ltr' id='par_1_47' title="bbox 2019 578 3585 649">
     <span class='ocr_line' id='line_1_47' title="bbox 2019 578 3585 649; baseline 0.002 -16"><span class='ocrx_word' id='word_1_381' title='bbox 2019 578 2251 649; x_wconf 88' lang='lat' dir='ltr'><strong>geuitum</strong></span> <span class='ocrx_word' id='word_1_382' title='bbox 2270 593 2362 648; x_wconf 91' lang='lat' dir='ltr'><strong>per</strong></span> <span class='ocrx_word' id='word_1_383' title='bbox 2383 594 2539 648; x_wconf 92' lang='lat' dir='ltr'><strong>quem</strong></span> <span class='ocrx_word' id='word_1_384' title='bbox 2567 578 2697 635; x_wconf 86' lang='lat' dir='ltr'><strong>facta</strong></span> <span class='ocrx_word' id='word_1_385' title='bbox 2714 588 2837 634; x_wconf 91' lang='lat' dir='ltr'><strong>sunt</strong></span> <span class='ocrx_word' id='word_1_386' title='bbox 2861 580 3035 634; x_wconf 87' lang='lat' dir='ltr'><strong>omnia</strong></span> <span class='ocrx_word' id='word_1_387' title='bbox 3059 579 3362 633; x_wconf 87' lang='lat' dir='ltr'><strong>mutabilem</strong></span> <span class='ocrx_word' id='word_1_388' title='bbox 3382 581 3585 636; x_wconf 85' lang='lat' dir='ltr'><strong>credis:</strong></span> 
     </span>
    </p>
   </div>
   <div class='ocr_carea' id='block_1_48' title="bbox 2020 669 3588 741">
    <p class='ocr_par' dir='ltr' id='par_1_48' title="bbox 2020 669 3588 741">
     <span class='ocr_line' id='line_1_48' title="bbox 2020 669 3588 741; baseline -0.001 -17"><span class='ocrx_word' id='word_1_389' title='bbox 2020 686 2141 725; x_wconf 91' lang='lat' dir='ltr'><strong>eum</strong></span> <span class='ocrx_word' id='word_1_390' title='bbox 2169 670 2237 725; x_wconf 89' lang='lat' dir='ltr'><strong>de</strong></span> <span class='ocrx_word' id='word_1_391' title='bbox 2264 686 2369 740; x_wconf 92' lang='lat' dir='ltr'><strong>quo</strong></span> <span class='ocrx_word' id='word_1_392' title='bbox 2393 671 2521 725; x_wconf 88' lang='lat' dir='ltr'><strong>dicit</strong></span> <span class='ocrx_word' id='word_1_393' title='bbox 2563 671 2927 741; x_wconf 86' lang='lat' dir='ltr'><strong>Evangelium,</strong></span> <span class='ocrx_word' id='word_1_394' title='bbox 2956 669 3022 724; x_wconf 86' lang='lat' dir='ltr'><strong>In</strong></span> <span class='ocrx_word' id='word_1_395' title='bbox 3050 671 3295 741; x_wconf 85' lang='lat' dir='ltr'><strong>principio</strong></span> <span class='ocrx_word' id='word_1_396' title='bbox 3324 681 3431 724; x_wconf 83' lang='lat' dir='ltr'><strong>erat</strong></span> <span class='ocrx_word' id='word_1_397' title='bbox 3460 669 3588 724; x_wconf 81' lang='lat' dir='ltr'><strong>Ver-</strong></span> 
     </span>
    </p>
   </div>
   <div class='ocr_carea' id='block_1_49' title="bbox 2016 760 3592 832">
    <p class='ocr_par' dir='ltr' id='par_1_49' title="bbox 2016 760 3592 832">
     <span class='ocr_line' id='line_1_49' title="bbox 2016 760 3592 832; baseline -0.001 -16"><span class='ocrx_word' id='word_1_398' title='bbox 2016 761 2157 825; x_wconf 85' lang='lat' dir='ltr'><strong>bum,</strong></span> <span class='ocrx_word' id='word_1_399' title='bbox 2182 773 2228 818; x_wconf 87' lang='lat' dir='ltr'><strong>et</strong></span> <span class='ocrx_word' id='word_1_400' title='bbox 2256 762 2467 816; x_wconf 83' lang='lat' dir='ltr'><strong>Verbum</strong></span> <span class='ocrx_word' id='word_1_401' title='bbox 2490 772 2595 816; x_wconf 89' lang='lat' dir='ltr'><strong>erat</strong></span> <span class='ocrx_word' id='word_1_402' title='bbox 2619 762 2757 832; x_wconf 85' lang='lat' dir='ltr'><strong>apud</strong></span> <span class='ocrx_word' id='word_1_403' title='bbox 2778 762 2960 828; x_wconf 86' lang='lat' dir='ltr'><strong>Deum,</strong></span> <span class='ocrx_word' id='word_1_404' title='bbox 2983 771 3028 814; x_wconf 89' lang='lat' dir='ltr'><strong>et</strong></span> <span class='ocrx_word' id='word_1_405' title='bbox 3052 760 3190 817; x_wconf 88' lang='lat' dir='ltr'><strong>Deus</strong></span> <span class='ocrx_word' id='word_1_406' title='bbox 3210 771 3318 817; x_wconf 84' lang='lat' dir='ltr'><strong>erat</strong></span> <span class='ocrx_word' id='word_1_407' title='bbox 3341 760 3592 826; x_wconf 84' lang='lat' dir='ltr'><strong>Verbum;</strong></span> 
     </span>
    </p>
   </div>
   <div class='ocr_carea' id='block_1_50' title="bbox 2020 852 3590 925">
    <p class='ocr_par' dir='ltr' id='par_1_50' title="bbox 2020 852 3590 925">
     <span class='ocr_line' id='line_1_50' title="bbox 2020 852 3590 925; baseline -0.001 -15"><span class='ocrx_word' id='word_1_408' title='bbox 2020 863 2094 921; x_wconf 87' lang='lat' dir='ltr'><strong>et,</strong></span> <span class='ocrx_word' id='word_1_409' title='bbox 2126 854 2309 909; x_wconf 82' lang='lat' dir='ltr'><strong>Omnia</strong></span> <span class='ocrx_word' id='word_1_410' title='bbox 2338 870 2424 924; x_wconf 87' lang='lat' dir='ltr'><strong>per</strong></span> <span class='ocrx_word' id='word_1_411' title='bbox 2450 855 2615 923; x_wconf 90' lang='lat' dir='ltr'><strong>ipsum</strong></span> <span class='ocrx_word' id='word_1_412' title='bbox 2640 856 2776 924; x_wconf 86' lang='lat' dir='ltr'><strong>facta</strong></span> <span class='ocrx_word' id='word_1_413' title='bbox 2798 863 2913 909; x_wconf 84' lang='lat' dir='ltr'><strong>sunt</strong></span> <span class='ocrx_word' id='word_1_414' title='bbox 2937 852 3113 925; x_wconf 80' lang='lat' dir='ltr'><strong>(Joan.</strong></span> <span class='ocrx_word' id='word_1_415' title='bbox 3146 867 3184 918; x_wconf 86' lang='lat' dir='ltr'><strong>t,</strong></span> <span class='ocrx_word' id='word_1_416' title='bbox 3212 854 3264 920; x_wconf 81' lang='grc'><strong>1,</strong></span> <span class='ocrx_word' id='word_1_417' title='bbox 3293 854 3372 924; x_wconf 81' lang='grc'><strong>5),</strong></span> <span class='ocrx_word' id='word_1_418' title='bbox 3412 862 3590 908; x_wconf 85' lang='lat' dir='ltr'><strong>muta-</strong></span> 
     </span>
    </p>
   </div>
   <div class='ocr_carea' id='block_1_51' title="bbox 2020 944 3588 1015">
    <p class='ocr_par' dir='ltr' id='par_1_51' title="bbox 2020 944 3588 1015">
     <span class='ocr_line' id='line_1_51' title="bbox 2020 944 3588 1015; baseline 0 -16"><span class='ocrx_word' id='word_1_419' title='bbox 2020 944 2180 1001; x_wconf 88' lang='lat' dir='ltr'><strong>bilem</strong></span> <span class='ocrx_word' id='word_1_420' title='bbox 2219 946 2427 1001; x_wconf 87' lang='lat' dir='ltr'><strong>credis!</strong></span> <span class='ocrx_word' id='word_1_421' title='bbox 2472 945 2609 1011; x_wconf 85' lang='lat' dir='ltr'><strong>Quid</strong></span> <span class='ocrx_word' id='word_1_422' title='bbox 2660 944 2770 1015; x_wconf 87' lang='lat' dir='ltr'><strong>jam</strong></span> <span class='ocrx_word' id='word_1_423' title='bbox 2825 945 2997 999; x_wconf 83' lang='lat' dir='ltr'><strong>dicant</strong></span> <span class='ocrx_word' id='word_1_424' title='bbox 3039 944 3105 999; x_wconf 93' lang='lat' dir='ltr'><strong>de</strong></span> <span class='ocrx_word' id='word_1_425' title='bbox 3143 944 3343 1015; x_wconf 89' lang='lat' dir='ltr'><strong>Spiritu</strong></span> <span class='ocrx_word' id='word_1_426' title='bbox 3382 954 3588 1013; x_wconf 88' lang='lat' dir='ltr'><strong>sancto,</strong></span> 
     </span>
    </p>
   </div>
   <div class='ocr_carea' id='block_1_52' title="bbox 2020 1035 3589 1107">
    <p class='ocr_par' dir='ltr' id='par_1_52' title="bbox 2020 1035 3589 1107">
     <span class='ocr_line' id='line_1_52' title="bbox 2020 1035 3589 1107; baseline 0 -17"><span class='ocrx_word' id='word_1_427' title='bbox 2020 1036 2232 1107; x_wconf 90' lang='lat' dir='ltr'><strong>quando</strong></span> <span class='ocrx_word' id='word_1_428' title='bbox 2268 1038 2414 1091; x_wconf 87' lang='lat' dir='ltr'><strong>illutn</strong></span> <span class='ocrx_word' id='word_1_429' title='bbox 2443 1052 2597 1107; x_wconf 92' lang='lat' dir='ltr'><strong>quem</strong></span> <span class='ocrx_word' id='word_1_430' title='bbox 2628 1050 2807 1091; x_wconf 89' lang='lat' dir='ltr'><strong>verum</strong></span> <span class='ocrx_word' id='word_1_431' title='bbox 2833 1037 3023 1091; x_wconf 86' lang='lat' dir='ltr'><strong>Filium</strong></span> <span class='ocrx_word' id='word_1_432' title='bbox 3047 1035 3140 1091; x_wconf 90' lang='lat' dir='ltr'><strong>Dei</strong></span> <span class='ocrx_word' id='word_1_433' title='bbox 3169 1044 3223 1091; x_wconf 90' lang='lat' dir='ltr'><strong>et</strong></span> <span class='ocrx_word' id='word_1_434' title='bbox 3247 1051 3431 1092; x_wconf 89' lang='lat' dir='ltr'><strong>verum</strong></span> <span class='ocrx_word' id='word_1_435' title='bbox 3457 1050 3589 1092; x_wconf 84' lang='lat' dir='ltr'><strong>con-</strong></span> 
     </span>
    </p>
   </div>
   <div class='ocr_carea' id='block_1_53' title="bbox 2021 1126 3590 1197">
    <p class='ocr_par' dir='ltr' id='par_1_53' title="bbox 2021 1126 3590 1197">
     <span class='ocr_line' id='line_1_53' title="bbox 2021 1126 3590 1197; baseline -0.001 -14"><span class='ocrx_word' id='word_1_436' title='bbox 2021 1128 2187 1184; x_wconf 83' lang='lat' dir='ltr'><strong>literis</strong></span> <span class='ocrx_word' id='word_1_437' title='bbox 2236 1129 2441 1197; x_wconf 51' lang='lat' dir='ltr'><strong>Deum,</strong></span> <span class='ocrx_word' id='word_1_438' title='bbox 2474 1127 2779 1183; x_wconf 89' lang='lat' dir='ltr'><strong>mutabilem</strong></span> <span class='ocrx_word' id='word_1_439' title='bbox 2810 1127 3029 1182; x_wconf 83' lang='lat' dir='ltr'><strong>credis?</strong></span> <span class='ocrx_word' id='word_1_440' title='bbox 3077 1126 3227 1193; x_wconf 86' lang='lat' dir='ltr'><strong>Quod</strong></span> <span class='ocrx_word' id='word_1_441' title='bbox 3275 1128 3454 1195; x_wconf 86' lang='lat' dir='ltr'><strong>utique</strong></span> <span class='ocrx_word' id='word_1_442' title='bbox 3484 1140 3590 1181; x_wconf 91' lang='lat' dir='ltr'><strong>non</strong></span> 
     </span>
    </p>
   </div>
   <div class='ocr_carea' id='block_1_54' title="bbox 2018 1221 3589 1287">
    <p class='ocr_par' dir='ltr' id='par_1_54' title="bbox 2018 1221 3589 1287">
     <span class='ocr_line' id='line_1_54' title="bbox 2018 1221 3589 1287; baseline -0.004 -8"><span class='ocrx_word' id='word_1_443' title='bbox 2018 1223 2288 1287; x_wconf 91' lang='lat' dir='ltr'><strong>crederes,</strong></span> <span class='ocrx_word' id='word_1_444' title='bbox 2321 1223 2364 1277; x_wconf 88' lang='lat' dir='ltr'><strong>si</strong></span> <span class='ocrx_word' id='word_1_445' title='bbox 2406 1222 2625 1276; x_wconf 90' lang='lat' dir='ltr'><strong>formam</strong></span> <span class='ocrx_word' id='word_1_446' title='bbox 2670 1222 2809 1276; x_wconf 89' lang='lat' dir='ltr'><strong>servi</strong></span> <span class='ocrx_word' id='word_1_447' title='bbox 2848 1236 2879 1275; x_wconf 88' lang='lat' dir='ltr'><strong>a</strong></span> <span class='ocrx_word' id='word_1_448' title='bbox 2909 1221 3074 1276; x_wconf 89' lang='lat' dir='ltr'><strong>forma</strong></span> <span class='ocrx_word' id='word_1_449' title='bbox 3120 1221 3211 1276; x_wconf 91' lang='lat' dir='ltr'><strong>Dei</strong></span> <span class='ocrx_word' id='word_1_450' title='bbox 3254 1234 3374 1275; x_wconf 85' lang='lat' dir='ltr'><strong>esse</strong></span> <span class='ocrx_word' id='word_1_451' title='bbox 3405 1233 3589 1275; x_wconf 83' lang='lat' dir='ltr'><strong>susce-</strong></span> 
     </span>
    </p>
   </div>
   <div class='ocr_carea' id='block_1_55' title="bbox 2020 1310 3592 1385">
    <p class='ocr_par' dir='ltr' id='par_1_55' title="bbox 2020 1310 3592 1385">
     <span class='ocr_line' id='line_1_55' title="bbox 2020 1310 3592 1385; baseline -0.001 -18"><span class='ocrx_word' id='word_1_452' title='bbox 2020 1316 2180 1385; x_wconf 83' lang='lat' dir='ltr'><strong>pt’am,</strong></span> <span class='ocrx_word' id='word_1_453' title='bbox 2210 1329 2314 1368; x_wconf 91' lang='lat' dir='ltr'><strong>non</strong></span> <span class='ocrx_word' id='word_1_454' title='bbox 2358 1312 2583 1370; x_wconf 88' lang='lat' dir='ltr'><strong>formam</strong></span> <span class='ocrx_word' id='word_1_455' title='bbox 2614 1312 2708 1373; x_wconf 89' lang='lat' dir='ltr'><strong>Dei</strong></span> <span class='ocrx_word' id='word_1_456' title='bbox 2748 1312 2800 1367; x_wconf 92' lang='lat' dir='ltr'><strong>in</strong></span> <span class='ocrx_word' id='word_1_457' title='bbox 2845 1311 3067 1369; x_wconf 85' lang='lat' dir='ltr'><strong>formam</strong></span> <span class='ocrx_word' id='word_1_458' title='bbox 3106 1310 3246 1367; x_wconf 90' lang='lat' dir='ltr'><strong>servi</strong></span> <span class='ocrx_word' id='word_1_459' title='bbox 3273 1326 3394 1366; x_wconf 84' lang='lat' dir='ltr'><strong>esse</strong></span> <span class='ocrx_word' id='word_1_460' title='bbox 3420 1320 3592 1366; x_wconf 84' lang='lat' dir='ltr'><strong>muta-</strong></span> 
     </span>
    </p>
   </div>
   <div class='ocr_carea' id='block_1_56' title="bbox 2018 1402 3592 1474">
    <p class='ocr_par' dir='ltr' id='par_1_56' title="bbox 2018 1402 3592 1474">
     <span class='ocr_line' id='line_1_56' title="bbox 2018 1402 3592 1474; baseline -0.001 -14"><span class='ocrx_word' id='word_1_461' title='bbox 2018 1414 2150 1470; x_wconf 85' lang='lat' dir='ltr'><strong>tam,</strong></span> <span class='ocrx_word' id='word_1_462' title='bbox 2181 1412 2430 1474; x_wconf 82' lang='lat' dir='ltr'><strong>tanquam</strong></span> <span class='ocrx_word' id='word_1_463' title='bbox 2457 1404 2759 1459; x_wconf 85' lang='lat' dir='ltr'><strong>catholicus</strong></span> <span class='ocrx_word' id='word_1_464' title='bbox 2778 1402 3057 1469; x_wconf 87' lang='lat' dir='ltr'><strong>crederes;</strong></span> <span class='ocrx_word' id='word_1_465' title='bbox 3084 1412 3139 1459; x_wconf 88' lang='lat' dir='ltr'><strong>et</strong></span> <span class='ocrx_word' id='word_1_466' title='bbox 3163 1402 3353 1458; x_wconf 84' lang='lat' dir='ltr'><strong>visibili</strong></span> <span class='ocrx_word' id='word_1_467' title='bbox 3376 1402 3592 1458; x_wconf 88' lang='lat' dir='ltr'><strong>homine</strong></span> 
     </span>
    </p>
   </div>
   <div class='ocr_carea' id='block_1_57' title="bbox 2018 1492 3592 1565">
    <p class='ocr_par' dir='ltr' id='par_1_57' title="bbox 2018 1492 3592 1565">
     <span class='ocr_line' id='line_1_57' title="bbox 2018 1492 3592 1565; baseline -0.003 -14"><span class='ocrx_word' id='word_1_468' title='bbox 2018 1503 2311 1565; x_wconf 88' lang='lat' dir='ltr'><strong>assumpto,</strong></span> <span class='ocrx_word' id='word_1_469' title='bbox 2359 1494 2719 1565; x_wconf 88' lang='lat' dir='ltr'><strong>permansisse</strong></span> <span class='ocrx_word' id='word_1_470' title='bbox 2767 1493 3082 1549; x_wconf 88' lang='lat' dir='ltr'><strong>invisibilem</strong></span> <span class='ocrx_word' id='word_1_471' title='bbox 3112 1492 3297 1556; x_wconf 88' lang='lat' dir='ltr'><strong>Dettm,</strong></span> <span class='ocrx_word' id='word_1_472' title='bbox 3328 1507 3431 1547; x_wconf 88' lang='lat' dir='ltr'><strong>non</strong></span> <span class='ocrx_word' id='word_1_473' title='bbox 3470 1507 3592 1547; x_wconf 85' lang='lat' dir='ltr'><strong>car-</strong></span> 
     </span>
    </p>
   </div>
   <div class='ocr_carea' id='block_1_58' title="bbox 2016 1582 3593 1658">
    <p class='ocr_par' dir='ltr' id='par_1_58' title="bbox 2016 1582 3593 1658">
     <span class='ocr_line' id='line_1_58' title="bbox 2016 1582 3593 1658; baseline -0.003 -15"><span class='ocrx_word' id='word_1_474' title='bbox 2016 1588 2229 1655; x_wconf 89' lang='lat' dir='ltr'><strong>naliter,</strong></span> <span class='ocrx_word' id='word_1_475' title='bbox 2258 1587 2351 1642; x_wconf 90' lang='lat' dir='ltr'><strong>sed</strong></span> <span class='ocrx_word' id='word_1_476' title='bbox 2391 1587 2735 1658; x_wconf 67' lang='lat' dir='ltr'><strong>spiritualiter</strong></span> <span class='ocrx_word' id='word_1_477' title='bbox 2760 1586 3026 1657; x_wconf 82' lang='lat' dir='ltr'><strong>cogitares</strong></span> <span class='ocrx_word' id='word_1_478' title='bbox 3051 1600 3065 1647; x_wconf 90' lang='lat'><strong>;</strong></span> <span class='ocrx_word' id='word_1_479' title='bbox 3098 1599 3196 1638; x_wconf 91' lang='lat' dir='ltr'><strong>nec</strong></span> <span class='ocrx_word' id='word_1_480' title='bbox 3224 1582 3593 1639; x_wconf 84' lang='lat' dir='ltr'><strong>contendendo</strong></span> 
     </span>
    </p>
   </div>
   <div class='ocr_carea' id='block_1_59' title="bbox 2016 1674 3591 1748">
    <p class='ocr_par' dir='ltr' id='par_1_59' title="bbox 2016 1674 3591 1748">
     <span class='ocr_line' id='line_1_59' title="bbox 2016 1674 3591 1748; baseline -0.003 -15"><span class='ocrx_word' id='word_1_481' title='bbox 2016 1679 2309 1745; x_wconf 83' lang='lat' dir='ltr'><strong>diffideres,</strong></span> <span class='ocrx_word' id='word_1_482' title='bbox 2341 1678 2434 1733; x_wconf 90' lang='lat' dir='ltr'><strong>sed</strong></span> <span class='ocrx_word' id='word_1_483' title='bbox 2463 1676 2809 1748; x_wconf 79' lang='lat' dir='ltr'><strong>intelligendo</strong></span> <span class='ocrx_word' id='word_1_484' title='bbox 2846 1676 3183 1746; x_wconf 88' lang='lat' dir='ltr'><strong>conspiceres</strong></span> <span class='ocrx_word' id='word_1_485' title='bbox 3215 1692 3228 1728; x_wconf 76' lang='grc' dir='ltr'><strong>ε</strong></span> <span class='ocrx_word' id='word_1_486' title='bbox 3258 1684 3311 1729; x_wconf 92' lang='lat' dir='ltr'><strong>et</strong></span> <span class='ocrx_word' id='word_1_487' title='bbox 3337 1674 3591 1745; x_wconf 89' lang='lat' dir='ltr'><strong>Spiritum</strong></span> 
     </span>
    </p>
   </div>
   <div class='ocr_carea' id='block_1_60' title="bbox 2015 1773 3593 1837">
    <p class='ocr_par' dir='ltr' id='par_1_60' title="bbox 2015 1773 3593 1837">
     <span class='ocr_line' id='line_1_60' title="bbox 2015 1773 3593 1837; baseline -0.004 -6"><span class='ocrx_word' id='word_1_488' title='bbox 2015 1782 2257 1831; x_wconf 84' lang='lat' dir='ltr'><strong>sanctum</strong></span> <span class='ocrx_word' id='word_1_489' title='bbox 2290 1773 2537 1828; x_wconf 84' lang='lat' dir='ltr'><strong>invisibili</strong></span> <span class='ocrx_word' id='word_1_490' title='bbox 2577 1788 2672 1827; x_wconf 88' lang='lat' dir='ltr'><strong>sua</strong></span> <span class='ocrx_word' id='word_1_491' title='bbox 2712 1780 2958 1827; x_wconf 89' lang='lat' dir='ltr'><strong>manente</strong></span> <span class='ocrx_word' id='word_1_492' title='bbox 3004 1778 3215 1837; x_wconf 84' lang='lat' dir='ltr'><strong>natura,</strong></span> <span class='ocrx_word' id='word_1_493' title='bbox 3246 1773 3409 1827; x_wconf 85' lang='lat' dir='ltr'><strong>nullo‘</strong></span> <span class='ocrx_word' id='word_1_494' title='bbox 3434 1773 3593 1827; x_wconf 84' lang='lat' dir='ltr'><strong>modo</strong></span> 
     </span>
    </p>
   </div>
   <div class='ocr_carea' id='block_1_61' title="bbox 2015 1865 3589 1938">
    <p class='ocr_par' dir='ltr' id='par_1_61' title="bbox 2015 1865 3589 1938">
     <span class='ocr_line' id='line_1_61' title="bbox 2015 1865 3589 1938; baseline -0.004 -17"><span class='ocrx_word' id='word_1_495' title='bbox 2015 1867 2069 1921; x_wconf 92' lang='lat' dir='ltr'><strong>in</strong></span> <span class='ocrx_word' id='word_1_496' title='bbox 2096 1867 2231 1938; x_wconf 83' lang='lat' dir='ltr'><strong>ignis</strong></span> <span class='ocrx_word' id='word_1_497' title='bbox 2255 1875 2345 1920; x_wconf 91' lang='lat' dir='ltr'><strong>aut</strong></span> <span class='ocrx_word' id='word_1_498' title='bbox 2364 1865 2623 1923; x_wconf 65' lang='lat' dir='ltr'><strong>columba:</strong></span> <span class='ocrx_word' id='word_1_499' title='bbox 2648 1865 2881 1935; x_wconf 87' lang='lat' dir='ltr'><strong>speciem</strong></span> <span class='ocrx_word' id='word_1_500' title='bbox 2913 1871 3112 1918; x_wconf 90' lang='lat' dir='ltr'><strong>mutata</strong></span> <span class='ocrx_word' id='word_1_501' title='bbox 3140 1870 3298 1931; x_wconf 84' lang='lat' dir='ltr'><strong>atque</strong></span> <span class='ocrx_word' id='word_1_502' title='bbox 3314 1877 3589 1928; x_wconf 85' lang='lat' dir='ltr'><strong>conversa,</strong></span> 
     </span>
    </p>
   </div>
   <div class='ocr_carea' id='block_1_62' title="bbox 2014 1953 3595 2030">
    <p class='ocr_par' dir='ltr' id='par_1_62' title="bbox 2014 1953 3595 2030">
     <span class='ocr_line' id='line_1_62' title="bbox 2014 1953 3595 2030; baseline -0.004 -17"><span class='ocrx_word' id='word_1_503' title='bbox 2014 1973 2111 2030; x_wconf 88' lang='lat' dir='ltr'><strong>per</strong></span> <span class='ocrx_word' id='word_1_504' title='bbox 2137 1957 2431 2028; x_wconf 77' lang='lat' dir='ltr'><strong>subjectum</strong></span> <span class='ocrx_word' id='word_1_505' title='bbox 2460 1967 2759 2013; x_wconf 86' lang='lat' dir='ltr'><strong>creaturam</strong></span> <span class='ocrx_word' id='word_1_506' title='bbox 2788 1957 3121 2026; x_wconf 88' lang='lat' dir='ltr'><strong>apparuisse,</strong></span> <span class='ocrx_word' id='word_1_507' title='bbox 3148 1954 3286 2009; x_wconf 87' lang='lat' dir='ltr'><strong>sicut</strong></span> <span class='ocrx_word' id='word_1_508' title='bbox 3326 1953 3489 2007; x_wconf 87' lang='lat' dir='ltr'><strong>voluit</strong></span> <span class='ocrx_word' id='word_1_509' title='bbox 3514 1953 3595 2007; x_wconf 88' lang='lat' dir='ltr'><strong>vi-</strong></span> 
     </span>
    </p>
   </div>
   <div class='ocr_carea' id='block_1_63' title="bbox 2014 2044 3595 2119">
    <p class='ocr_par' dir='ltr' id='par_1_63' title="bbox 2014 2044 3595 2119">
     <span class='ocr_line' id='line_1_63' title="bbox 2014 2044 3595 2119; baseline -0.004 -15"><span class='ocrx_word' id='word_1_510' title='bbox 2014 2049 2241 2111; x_wconf 86' lang='lat' dir='ltr'><strong>sibiliter</strong></span> <span class='ocrx_word' id='word_1_511' title='bbox 2269 2048 2405 2119; x_wconf 80' lang='lat' dir='ltr'><strong>(Act.</strong></span> <span class='ocrx_word' id='word_1_512' title='bbox 2437 2065 2494 2115; x_wconf 89' lang='lat' dir='ltr'><strong>tt,</strong></span> <span class='ocrx_word' id='word_1_513' title='bbox 2518 2050 2570 2112; x_wconf 80' lang='lat'><strong>5,</strong></span> <span class='ocrx_word' id='word_1_514' title='bbox 2597 2057 2643 2102; x_wconf 88' lang='lat' dir='ltr'><strong>et</strong></span> <span class='ocrx_word' id='word_1_515' title='bbox 2670 2047 2852 2100; x_wconf 79' lang='lat' dir='ltr'><strong>Matth.</strong></span> <span class='ocrx_word' id='word_1_516' title='bbox 2884 2063 2959 2113; x_wconf 86' lang='grc' dir='ltr'>ιιι,</span> <span class='ocrx_word' id='word_1_517' title='bbox 2981 2045 3091 2117; x_wconf 81' lang='grc'><strong>16),</strong></span> <span class='ocrx_word' id='word_1_518' title='bbox 3127 2056 3181 2100; x_wconf 83' lang='grc' dir='ltr'><strong>ιιι</strong></span> <span class='ocrx_word' id='word_1_519' title='bbox 3208 2059 3391 2115; x_wconf 89' lang='lat' dir='ltr'><strong>posses</strong></span> <span class='ocrx_word' id='word_1_520' title='bbox 3417 2044 3595 2099; x_wconf 61' lang='lat' dir='ltr'><strong>consi.</strong></span> 
     </span>
    </p>
   </div>
   <div class='ocr_carea' id='block_1_64' title="bbox 2013 2128 3593 2207">
    <p class='ocr_par' dir='ltr' id='par_1_64' title="bbox 2013 2128 3593 2207">
     <span class='ocr_line' id='line_1_64' title="bbox 2013 2128 3593 2207; baseline -0.006 -8"><span class='ocrx_word' id='word_1_521' title='bbox 2013 2141 2203 2199; x_wconf 85' lang='lat' dir='ltr'><strong>derare</strong></span> <span class='ocrx_word' id='word_1_522' title='bbox 2242 2128 2483 2197; x_wconf 83' lang='lat' dir='ltr'><strong>fideliter.</strong></span> <span class='ocrx_word' id='word_1_523' title='bbox 2529 2140 2795 2197; x_wconf 80' lang='lat' dir='ltr'><strong>Memento</strong></span> <span class='ocrx_word' id='word_1_524' title='bbox 2836 2149 3036 2203; x_wconf 84' lang='lat' dir='ltr'><strong>tamen,</strong></span> <span class='ocrx_word' id='word_1_525' title='bbox 3067 2151 3166 2192; x_wconf 93' lang='lat' dir='ltr'><strong>nec</strong></span> <span class='ocrx_word' id='word_1_526' title='bbox 3206 2136 3461 2207; x_wconf 89' lang='lat' dir='ltr'><strong>majorem</strong></span> <span class='ocrx_word' id='word_1_527' title='bbox 3492 2136 3593 2191; x_wconf 86' lang='lat' dir='ltr'><strong>Pa-</strong></span> 
     </span>
    </p>
   </div>
   <div class='ocr_carea' id='block_1_65' title="bbox 2014 2227 3590 2304">
    <p class='ocr_par' dir='ltr' id='par_1_65' title="bbox 2014 2227 3590 2304">
     <span class='ocr_line' id='line_1_65' title="bbox 2014 2227 3590 2304; baseline -0.004 -16"><span class='ocrx_word' id='word_1_528' title='bbox 2014 2244 2148 2288; x_wconf 93' lang='lat' dir='ltr'><strong>trem</strong></span> <span class='ocrx_word' id='word_1_529' title='bbox 2175 2232 2373 2304; x_wconf 89' lang='lat' dir='ltr'><strong>Spiritu</strong></span> <span class='ocrx_word' id='word_1_530' title='bbox 2396 2242 2602 2298; x_wconf 90' lang='lat' dir='ltr'><strong>sancto,</strong></span> <span class='ocrx_word' id='word_1_531' title='bbox 2634 2246 2733 2286; x_wconf 89' lang='lat' dir='ltr'><strong>nec</strong></span> <span class='ocrx_word' id='word_1_532' title='bbox 2761 2229 3036 2285; x_wconf 89' lang='lat' dir='ltr'><strong>adoratum</strong></span> <span class='ocrx_word' id='word_1_533' title='bbox 3066 2228 3278 2284; x_wconf 81' lang='lat' dir='ltr'><strong>Patrem</strong></span> <span class='ocrx_word' id='word_1_534' title='bbox 3305 2228 3372 2282; x_wconf 91' lang='lat' dir='ltr'><strong>ab</strong></span> <span class='ocrx_word' id='word_1_535' title='bbox 3390 2227 3590 2297; x_wconf 89' lang='lat' dir='ltr'><strong>Spiritu</strong></span> 
     </span>
    </p>
   </div>
   <div class='ocr_carea' id='block_1_66' title="bbox 2012 2320 3590 2393">
    <p class='ocr_par' dir='ltr' id='par_1_66' title="bbox 2012 2320 3590 2393">
     <span class='ocr_line' id='line_1_66' title="bbox 2012 2320 3590 2393; baseline -0.006 -12"><span class='ocrx_word' id='word_1_536' title='bbox 2012 2334 2217 2389; x_wconf 66' lang='lat' dir='ltr'><strong>sancto,</strong></span> <span class='ocrx_word' id='word_1_537' title='bbox 2242 2326 2362 2380; x_wconf 90' lang='lat' dir='ltr'><strong>ullis</strong></span> <span class='ocrx_word' id='word_1_538' title='bbox 2384 2323 2574 2379; x_wconf 88' lang='lat' dir='ltr'><strong>divinis</strong></span> <span class='ocrx_word' id='word_1_539' title='bbox 2612 2321 2929 2378; x_wconf 87' lang='lat' dir='ltr'><strong>testimoniis</strong></span> <span class='ocrx_word' id='word_1_540' title='bbox 2950 2330 3133 2377; x_wconf 89' lang='lat' dir='ltr'><strong>contra</strong></span> <span class='ocrx_word' id='word_1_541' title='bbox 3173 2320 3590 2393; x_wconf 83' lang='lat' dir='ltr'><strong>pr0p0sitiouem</strong></span> 
     </span>
    </p>
   </div>
   <div class='ocr_carea' id='block_1_67' title="bbox 2013 2413 2953 2484">
    <p class='ocr_par' dir='ltr' id='par_1_67' title="bbox 2013 2413 2953 2484">
     <span class='ocr_line' id='line_1_67' title="bbox 2013 2413 2953 2484; baseline -0.007 -12"><span class='ocrx_word' id='word_1_542' title='bbox 2013 2431 2185 2472; x_wconf 89' lang='lat' dir='ltr'><strong>meam</strong></span> <span class='ocrx_word' id='word_1_543' title='bbox 2215 2425 2266 2471; x_wconf 89' lang='lat' dir='ltr'><strong>te</strong></span> <span class='ocrx_word' id='word_1_544' title='bbox 2292 2415 2657 2471; x_wconf 86' lang='lat' dir='ltr'><strong>demonstrare</strong></span> <span class='ocrx_word' id='word_1_545' title='bbox 2699 2413 2953 2484; x_wconf 88' lang='lat' dir='ltr'><strong>potuisse.</strong></span> 
     </span>
    </p>
   </div>
   <div class='ocr_carea' id='block_1_68' title="bbox 2082 2503 3589 2577">
    <p class='ocr_par' dir='ltr' id='par_1_68' title="bbox 2082 2503 3589 2577">
     <span class='ocr_line' id='line_1_68' title="bbox 2082 2503 3589 2577; baseline -0.005 -13"><span class='ocrx_word' id='word_1_546' title='bbox 2082 2508 2305 2573; x_wconf 76' lang='lat' dir='ltr'><strong>CAPUT</strong></span> <span class='ocrx_word' id='word_1_547' title='bbox 2346 2508 2463 2563; x_wconf 81' lang='lat' dir='ltr'><strong>XX.</strong></span> <span class='ocrx_word' id='word_1_548' title='bbox 2500 2537 2573 2548; x_wconf 88' lang='grc'><strong>--</strong></span> <span class='ocrx_word' id='word_1_549' title='bbox 2609 2506 2745 2561; x_wconf 88' lang='lat' dir='ltr'><strong>Licet</strong></span> <span class='ocrx_word' id='word_1_550' title='bbox 2772 2506 3022 2577; x_wconf 83' lang='lat' dir='ltr'><strong>ingenitus</strong></span> <span class='ocrx_word' id='word_1_551' title='bbox 3050 2503 3227 2571; x_wconf 83' lang='lat' dir='ltr'><strong>Pater,</strong></span> <span class='ocrx_word' id='word_1_552' title='bbox 3259 2503 3469 2575; x_wconf 66' lang='lat' dir='ltr'><strong>aequalis</strong></span> <span class='ocrx_word' id='word_1_553' title='bbox 3508 2512 3589 2557; x_wconf 81' lang='lat' dir='ltr'><strong>ta-</strong></span> 
     </span>
    </p>
   </div>
   <div class='ocr_carea' id='block_1_69' title="bbox 2011 2595 3587 2668">
    <p class='ocr_par' dir='ltr' id='par_1_69' title="bbox 2011 2595 3587 2668">
     <span class='ocr_line' id='line_1_69' title="bbox 2011 2595 3587 2668; baseline -0.003 -13"><span class='ocrx_word' id='word_1_554' title='bbox 2011 2617 2123 2655; x_wconf 85' lang='lat' dir='ltr'><strong>men</strong></span> <span class='ocrx_word' id='word_1_555' title='bbox 2152 2600 2197 2653; x_wconf 87' lang='lat' dir='ltr'><em>F</em></span> <span class='ocrx_word' id='word_1_556' title='bbox 2198 2599 2332 2657; x_wconf 86' lang='lat' dir='ltr'><strong>ilius.</strong></span> <span class='ocrx_word' id='word_1_557' title='bbox 2364 2599 2629 2668; x_wconf 72' lang='lat' dir='ltr'><strong>Vigesitno</strong></span> <span class='ocrx_word' id='word_1_558' title='bbox 2658 2598 2795 2665; x_wconf 87' lang='lat' dir='ltr'><strong>loco,</strong></span> <span class='ocrx_word' id='word_1_559' title='bbox 2824 2597 3070 2668; x_wconf 90' lang='lat' dir='ltr'><strong>quoniam</strong></span> <span class='ocrx_word' id='word_1_560' title='bbox 3103 2596 3312 2650; x_wconf 81' lang='lat' dir='ltr'><strong>dixeras</strong></span> <span class='ocrx_word' id='word_1_561' title='bbox 3337 2596 3403 2651; x_wconf 90' lang='lat' dir='ltr'><strong>de</strong></span> <span class='ocrx_word' id='word_1_562' title='bbox 3430 2595 3587 2660; x_wconf 88' lang='lat' dir='ltr'><strong>Filio,</strong></span> 
     </span>
    </p>
   </div>
   <div class='ocr_carea' id='block_1_70' title="bbox 2010 2684 3591 2762">
    <p class='ocr_par' dir='ltr' id='par_1_70' title="bbox 2010 2684 3591 2762">
     <span class='ocr_line' id='line_1_70' title="bbox 2010 2684 3591 2762; baseline -0.004 -14"><span class='ocrx_word' id='word_1_563' title='bbox 2010 2692 2073 2748; x_wconf 88' lang='lat' dir='ltr'><strong>Si</strong></span> <span class='ocrx_word' id='word_1_564' title='bbox 2102 2691 2308 2762; x_wconf 66' lang='lat' dir='ltr'><strong>aequalis</strong></span> <span class='ocrx_word' id='word_1_565' title='bbox 2336 2690 2504 2758; x_wconf 84' lang='lat' dir='ltr'><strong>Patri,</strong></span> <span class='ocrx_word' id='word_1_566' title='bbox 2535 2691 2705 2758; x_wconf 89' lang='lat' dir='ltr'><strong>utique</strong></span> <span class='ocrx_word' id='word_1_567' title='bbox 2754 2690 2904 2744; x_wconf 87' lang='lat' dir='ltr'><strong>talis:</strong></span> <span class='ocrx_word' id='word_1_568' title='bbox 2931 2690 2973 2743; x_wconf 91' lang='lat' dir='ltr'><strong>si</strong></span> <span class='ocrx_word' id='word_1_569' title='bbox 3000 2688 3136 2752; x_wconf 84' lang='lat' dir='ltr'><strong>talis,</strong></span> <span class='ocrx_word' id='word_1_570' title='bbox 3160 2684 3591 2758; x_wconf 67' lang='lat' dir='ltr'><strong>utique&#39;innatus;</strong></span> 
     </span>
    </p>
   </div>
   <div class='ocr_carea' id='block_1_71' title="bbox 2011 2770 3592 2855">
    <p class='ocr_par' dir='ltr' id='par_1_71' title="bbox 2011 2770 3592 2855">
     <span class='ocr_line' id='line_1_71' title="bbox 2011 2770 3592 2855; baseline -0.004 -15"><span class='ocrx_word' id='word_1_571' title='bbox 2011 2799 2110 2855; x_wconf 84' lang='lat' dir='ltr'><strong>ego</strong></span> <span class='ocrx_word' id='word_1_572' title='bbox 2136 2783 2465 2855; x_wconf 91' lang='lat' dir='ltr'><strong>respondens</strong></span> <span class='ocrx_word' id='word_1_573' title='bbox 2494 2783 2587 2838; x_wconf 88' lang='lat' dir='ltr'><strong>tibi</strong></span> <span class='ocrx_word' id='word_1_574' title='bbox 2613 2800 2626 2836; x_wconf 88' lang='lat'><strong>:</strong></span> <span class='ocrx_word' id='word_1_575' title='bbox 2658 2781 2764 2837; x_wconf 89' lang='lat' dir='ltr'><strong>Sed</strong></span> <span class='ocrx_word' id='word_1_576' title='bbox 2794 2780 2949 2849; x_wconf 89' lang='lat' dir='ltr'><strong>dicis,</strong></span> <span class='ocrx_word' id='word_1_577' title='bbox 2981 2770 3217 2852; x_wconf 87' lang='lat' dir='ltr'><strong>inquam,</strong></span> <span class='ocrx_word' id='word_1_578' title='bbox 3249 2779 3315 2835; x_wconf 88' lang='lat' dir='ltr'><strong>de</strong></span> <span class='ocrx_word' id='word_1_579' title='bbox 3343 2778 3499 2844; x_wconf 89' lang='lat' dir='ltr'><strong>Filio,</strong></span> <span class='ocrx_word' id='word_1_580' title='bbox 3528 2778 3592 2835; x_wconf 92' lang='lat' dir='ltr'><strong>Si</strong></span> 
     </span>
    </p>
   </div>
   <div class='ocr_carea' id='block_1_72' title="bbox 2009 2871 3587 2945">
    <p class='ocr_par' dir='ltr' id='par_1_72' title="bbox 2009 2871 3587 2945">
     <span class='ocr_line' id='line_1_72' title="bbox 2009 2871 3587 2945; baseline -0.004 -15"><span class='ocrx_word' id='word_1_581' title='bbox 2009 2876 2240 2945; x_wconf 64' lang='lat' dir='ltr'><strong>aqualis,</strong></span> <span class='ocrx_word' id='word_1_582' title='bbox 2262 2875 2431 2945; x_wconf 84' lang='lat' dir='ltr'><strong>utique</strong></span> <span class='ocrx_word' id='word_1_583' title='bbox 2460 2874 2614 2939; x_wconf 86' lang='lat' dir='ltr'><strong>talis;</strong></span> <span class='ocrx_word' id='word_1_584' title='bbox 2654 2873 2704 2927; x_wconf 90' lang='lat' dir='ltr'><strong>id</strong></span> <span class='ocrx_word' id='word_1_585' title='bbox 2744 2881 2843 2939; x_wconf 91' lang='lat' dir='ltr'><strong>est,</strong></span> <span class='ocrx_word' id='word_1_586' title='bbox 2868 2882 2923 2926; x_wconf 88' lang='lat' dir='ltr'><strong>ut</strong></span> <span class='ocrx_word' id='word_1_587' title='bbox 2949 2872 3068 2943; x_wconf 84' lang='lat' dir='ltr'><strong>quia</strong></span> <span class='ocrx_word' id='word_1_588' title='bbox 3099 2887 3197 2925; x_wconf 87' lang='lat' dir='ltr'><strong>non</strong></span> <span class='ocrx_word' id='word_1_589' title='bbox 3227 2880 3297 2924; x_wconf 85' lang='lat' dir='ltr'><strong>est</strong></span> <span class='ocrx_word' id='word_1_590' title='bbox 3318 2871 3587 2941; x_wconf 85' lang='lat' dir='ltr'><strong>ingenitus,</strong></span> 
     </span>
    </p>
   </div>
   <div class='ocr_carea' id='block_1_73' title="bbox 2010 2961 3591 3029">
    <p class='ocr_par' dir='ltr' id='par_1_73' title="bbox 2010 2961 3591 3029">
     <span class='ocr_line' id='line_1_73' title="bbox 2010 2961 3591 3029; baseline -0.006 -9"><span class='ocrx_word' id='word_1_591' title='bbox 2010 2982 2109 3020; x_wconf 88' lang='lat' dir='ltr'><strong>non</strong></span> <span class='ocrx_word' id='word_1_592' title='bbox 2127 2967 2352 3020; x_wconf 84' lang='lat' dir='ltr'><strong>videatur</strong></span> <span class='ocrx_word' id='word_1_593' title='bbox 2372 2966 2508 3019; x_wconf 88' lang='lat' dir='ltr'><strong>talis.</strong></span> <span class='ocrx_word' id='word_1_594' title='bbox 2528 2964 2710 3019; x_wconf 85' lang='lat' dir='ltr'><strong>Posses</strong></span> <span class='ocrx_word' id='word_1_595' title='bbox 2731 2963 2896 3017; x_wconf 87' lang='lat' dir='ltr'><strong>dicere</strong></span> <span class='ocrx_word' id='word_1_596' title='bbox 2921 2979 3021 3016; x_wconf 86' lang='lat' dir='ltr'><strong>non</strong></span> <span class='ocrx_word' id='word_1_597' title='bbox 3046 2977 3152 3016; x_wconf 90' lang='lat' dir='ltr'><strong>esse</strong></span> <span class='ocrx_word' id='word_1_598' title='bbox 3175 2961 3423 3014; x_wconf 86' lang='lat' dir='ltr'><strong>hominem</strong></span> <span class='ocrx_word' id='word_1_599' title='bbox 3444 2975 3591 3029; x_wconf 82' lang='lat' dir='ltr'><strong>quem</strong></span> 
     </span>
    </p>
   </div>
   <div class='ocr_carea' id='block_1_74' title="bbox 2006 3051 3592 3131">
    <p class='ocr_par' dir='ltr' id='par_1_74' title="bbox 2006 3051 3592 3131">
     <span class='ocr_line' id='line_1_74' title="bbox 2006 3051 3592 3131; baseline -0.006 -17"><span class='ocrx_word' id='word_1_600' title='bbox 2006 3061 2175 3131; x_wconf 86' lang='lat' dir='ltr'><strong>genuit</strong></span> <span class='ocrx_word' id='word_1_601' title='bbox 2192 3058 2372 3125; x_wconf 80' lang='lat' dir='ltr'><strong>Adam,</strong></span> <span class='ocrx_word' id='word_1_602' title='bbox 2388 3058 2505 3128; x_wconf 89' lang='lat' dir='ltr'><strong>quia</strong></span> <span class='ocrx_word' id='word_1_603' title='bbox 2530 3057 2639 3126; x_wconf 87' lang='lat' dir='ltr'><strong>ipse</strong></span> <span class='ocrx_word' id='word_1_604' title='bbox 2663 3056 2825 3109; x_wconf 79' lang='lat' dir='ltr'><strong>Adam</strong></span> <span class='ocrx_word' id='word_1_605' title='bbox 2852 3072 2951 3109; x_wconf 90' lang='lat' dir='ltr'><strong>non</strong></span> <span class='ocrx_word' id='word_1_606' title='bbox 2981 3062 3053 3108; x_wconf 90' lang='lat' dir='ltr'><strong>est</strong></span> <span class='ocrx_word' id='word_1_607' title='bbox 3079 3054 3295 3124; x_wconf 84' lang='lat' dir='ltr'><strong>genitus,</strong></span> <span class='ocrx_word' id='word_1_608' title='bbox 3318 3051 3406 3108; x_wconf 83' lang='lat' dir='ltr'><strong>sed</strong></span> <span class='ocrx_word' id='word_1_609' title='bbox 3426 3054 3592 3124; x_wconf 88' lang='lat' dir='ltr'><strong>factus</strong></span> 
     </span>
    </p>
   </div>
   <div class='ocr_carea' id='block_1_75' title="bbox 2007 3144 3592 3220">
    <p class='ocr_par' dir='ltr' id='par_1_75' title="bbox 2007 3144 3592 3220">
     <span class='ocr_line' id='line_1_75' title="bbox 2007 3144 3592 3220; baseline -0.007 -14"><span class='ocrx_word' id='word_1_610' title='bbox 2007 3168 2040 3206; x_wconf 92' lang='lat' dir='ltr'><strong>a</strong></span> <span class='ocrx_word' id='word_1_611' title='bbox 2067 3150 2198 3205; x_wconf 88' lang='lat' dir='ltr'><strong>Deo.</strong></span> <span class='ocrx_word' id='word_1_612' title='bbox 2232 3150 2293 3205; x_wconf 86' lang='lat' dir='ltr'><strong>Si</strong></span> <span class='ocrx_word' id='word_1_613' title='bbox 2321 3159 2489 3203; x_wconf 84' lang='lat' dir='ltr'><strong>autem</strong></span> <span class='ocrx_word' id='word_1_614' title='bbox 2520 3148 2680 3220; x_wconf 85' lang='lat' dir='ltr'><strong>potuit</strong></span> <span class='ocrx_word' id='word_1_615' title='bbox 2726 3146 2889 3200; x_wconf 79' lang='lat' dir='ltr'><strong>Adam</strong></span> <span class='ocrx_word' id='word_1_616' title='bbox 2931 3155 2975 3199; x_wconf 88' lang='lat' dir='ltr'><strong>et</strong></span> <span class='ocrx_word' id='word_1_617' title='bbox 3003 3161 3105 3199; x_wconf 90' lang='lat' dir='ltr'><strong>non</strong></span> <span class='ocrx_word' id='word_1_618' title='bbox 3146 3160 3251 3199; x_wconf 79' lang='lat' dir='ltr'><strong>esse</strong></span> <span class='ocrx_word' id='word_1_619' title='bbox 3292 3144 3510 3215; x_wconf 85' lang='lat' dir='ltr'><strong>genitus,</strong></span> <span class='ocrx_word' id='word_1_620' title='bbox 3542 3152 3592 3196; x_wconf 89' lang='lat' dir='ltr'><strong>et</strong></span> 
     </span>
    </p>
   </div>
   <div class='ocr_carea' id='block_1_76' title="bbox 2008 3237 3592 3312">
    <p class='ocr_par' dir='ltr' id='par_1_76' title="bbox 2008 3237 3592 3312">
     <span class='ocr_line' id='line_1_76' title="bbox 2008 3237 3592 3312; baseline -0.007 -15"><span class='ocrx_word' id='word_1_621' title='bbox 2008 3252 2174 3302; x_wconf 85' lang='lat' dir='ltr'><strong>tamen</strong></span> <span class='ocrx_word' id='word_1_622' title='bbox 2211 3242 2304 3296; x_wconf 87' lang='lat' dir='ltr'><strong>hoc</strong></span> <span class='ocrx_word' id='word_1_623' title='bbox 2330 3257 2570 3312; x_wconf 83' lang='lat' dir='ltr'><strong>generare</strong></span> <span class='ocrx_word' id='word_1_624' title='bbox 2598 3238 2733 3309; x_wconf 86' lang='lat' dir='ltr'><strong>quod</strong></span> <span class='ocrx_word' id='word_1_625' title='bbox 2761 3248 2869 3293; x_wconf 86' lang='lat' dir='ltr'><strong>erat</strong></span> <span class='ocrx_word' id='word_1_626' title='bbox 2909 3237 3052 3307; x_wconf 85' lang='lat' dir='ltr'><strong>ipse;</strong></span> <span class='ocrx_word' id='word_1_627' title='bbox 3092 3248 3192 3291; x_wconf 89' lang='lat' dir='ltr'><strong>non</strong></span> <span class='ocrx_word' id='word_1_628' title='bbox 3219 3237 3291 3290; x_wconf 86' lang='lat' dir='ltr'><strong>vis</strong></span> <span class='ocrx_word' id='word_1_629' title='bbox 3327 3243 3385 3289; x_wconf 89' lang='lat' dir='ltr'><strong>ut</strong></span> <span class='ocrx_word' id='word_1_630' title='bbox 3418 3243 3592 3307; x_wconf 85' lang='lat' dir='ltr'><strong>potue-</strong></span> 
     </span>
    </p>
   </div>
   <div class='ocr_carea' id='block_1_77' title="bbox 2005 3322 3593 3404">
    <p class='ocr_par' dir='ltr' id='par_1_77' title="bbox 2005 3322 3593 3404">
     <span class='ocr_line' id='line_1_77' title="bbox 2005 3322 3593 3404; baseline -0.006 -14"><span class='ocrx_word' id='word_1_631' title='bbox 2005 3336 2074 3391; x_wconf 85' lang='lat' dir='ltr'><strong>rit</strong></span> <span class='ocrx_word' id='word_1_632' title='bbox 2122 3334 2258 3389; x_wconf 83' lang='lat' dir='ltr'><strong>Dens</strong></span> <span class='ocrx_word' id='word_1_633' title='bbox 2306 3333 2470 3387; x_wconf 88' lang='lat' dir='ltr'><strong>Deum</strong></span> <span class='ocrx_word' id='word_1_634' title='bbox 2514 3333 2757 3404; x_wconf 81' lang='lat' dir='ltr'><strong>tequalem</strong></span> <span class='ocrx_word' id='word_1_635' title='bbox 2801 3330 2939 3386; x_wconf 85' lang='lat' dir='ltr'><strong>sibi?</strong></span> <span class='ocrx_word' id='word_1_636' title='bbox 2985 3329 3065 3385; x_wconf 88' lang='lat' dir='ltr'><strong>Ad</strong></span> <span class='ocrx_word' id='word_1_637' title='bbox 3110 3328 3224 3383; x_wconf 73' lang='lat' dir='ltr'><strong>hazc</strong></span> <span class='ocrx_word' id='word_1_638' title='bbox 3269 3322 3396 3383; x_wconf 40' lang='lat' dir='ltr'><strong>non‘</strong></span> <span class='ocrx_word' id='word_1_639' title='bbox 3424 3328 3593 3382; x_wconf 88' lang='lat' dir='ltr'><strong>miror</strong></span> 
     </span>
    </p>
   </div>
   <div class='ocr_carea' id='block_1_78' title="bbox 2007 3418 3591 3497">
    <p class='ocr_par' dir='ltr' id='par_1_78' title="bbox 2007 3418 3591 3497">
     <span class='ocr_line' id='line_1_78' title="bbox 2007 3418 3591 3497; baseline -0.005 -16"><span class='ocrx_word' id='word_1_640' title='bbox 2007 3426 2209 3482; x_wconf 91' lang='lat' dir='ltr'><strong>nullum</strong></span> <span class='ocrx_word' id='word_1_641' title='bbox 2237 3433 2287 3480; x_wconf 91' lang='lat' dir='ltr'><strong>te</strong></span> <span class='ocrx_word' id='word_1_642' title='bbox 2314 3424 2577 3479; x_wconf 88' lang='lat' dir='ltr'><strong>invenisse</strong></span> <span class='ocrx_word' id='word_1_643' title='bbox 2608 3438 2917 3492; x_wconf 78' lang='lat' dir='ltr'><strong>responsum</strong></span> <span class='ocrx_word' id='word_1_644' title='bbox 2946 3438 2960 3476; x_wconf 89' lang='lat'><strong>:</strong></span> <span class='ocrx_word' id='word_1_645' title='bbox 3002 3421 3093 3476; x_wconf 90' lang='lat' dir='ltr'><strong>sed</strong></span> <span class='ocrx_word' id='word_1_646' title='bbox 3126 3421 3279 3497; x_wconf 83' lang='lat' dir='ltr'><strong>plane</strong></span> <span class='ocrx_word' id='word_1_647' title='bbox 3310 3418 3465 3473; x_wconf 91' lang='lat' dir='ltr'><strong>laudo</strong></span> <span class='ocrx_word' id='word_1_648' title='bbox 3492 3432 3591 3473; x_wconf 89' lang='lat' dir='ltr'><strong>nec</strong></span> 
     </span>
    </p>
   </div>
   <div class='ocr_carea' id='block_1_79' title="bbox 2006 3510 3591 3588">
    <p class='ocr_par' dir='ltr' id='par_1_79' title="bbox 2006 3510 3591 3588">
     <span class='ocr_line' id='line_1_79' title="bbox 2006 3510 3591 3588; baseline -0.006 -13"><span class='ocrx_word' id='word_1_649' title='bbox 2006 3518 2329 3588; x_wconf 82' lang='lat' dir='ltr'><strong>reSpondere</strong></span> <span class='ocrx_word' id='word_1_650' title='bbox 2366 3526 2635 3572; x_wconf 85' lang='lat' dir='ltr'><strong>conatum.</strong></span> <span class='ocrx_word' id='word_1_651' title='bbox 2680 3519 2851 3585; x_wconf 84' lang='lat' dir='ltr'><strong>Atque</strong></span> <span class='ocrx_word' id='word_1_652' title='bbox 2900 3515 3101 3571; x_wconf 78' lang='lat' dir='ltr'><strong>utinam</strong></span> <span class='ocrx_word' id='word_1_653' title='bbox 3148 3514 3249 3568; x_wconf 93' lang='lat' dir='ltr'><strong>hoc</strong></span> <span class='ocrx_word' id='word_1_654' title='bbox 3286 3512 3480 3582; x_wconf 89' lang='lat' dir='ltr'><strong>ubique</strong></span> <span class='ocrx_word' id='word_1_655' title='bbox 3509 3510 3591 3566; x_wconf 84' lang='lat' dir='ltr'><strong>fe-</strong></span> 
     </span>
    </p>
   </div>
   <div class='ocr_carea' id='block_1_80' title="bbox 2007 3602 3589 3678">
    <p class='ocr_par' dir='ltr' id='par_1_80' title="bbox 2007 3602 3589 3678">
     <span class='ocr_line' id='line_1_80' title="bbox 2007 3602 3589 3678; baseline -0.005 -13"><span class='ocrx_word' id='word_1_656' title='bbox 2007 3610 2209 3665; x_wconf 90' lang='lat' dir='ltr'><strong>cisses!</strong></span> <span class='ocrx_word' id='word_1_657' title='bbox 2258 3623 2516 3678; x_wconf 89' lang='lat' dir='ltr'><strong>nusquam</strong></span> <span class='ocrx_word' id='word_1_658' title='bbox 2564 3608 2707 3662; x_wconf 90' lang='lat' dir='ltr'><strong>enim</strong></span> <span class='ocrx_word' id='word_1_659' title='bbox 2756 3606 2808 3661; x_wconf 90' lang='lat' dir='ltr'><strong>in</strong></span> <span class='ocrx_word' id='word_1_660' title='bbox 2854 3605 3189 3661; x_wconf 89' lang='lat' dir='ltr'><strong>sermonibus</strong></span> <span class='ocrx_word' id='word_1_661' title='bbox 3239 3603 3436 3658; x_wconf 87' lang='lat' dir='ltr'><strong>nostris</strong></span> <span class='ocrx_word' id='word_1_662' title='bbox 3464 3602 3589 3673; x_wconf 89' lang='lat' dir='ltr'><strong>quid</strong></span> 
     </span>
    </p>
   </div>
   <div class='ocr_carea' id='block_1_81' title="bbox 2007 3697 3587 3773">
    <p class='ocr_par' dir='ltr' id='par_1_81' title="bbox 2007 3697 3587 3773">
     <span class='ocr_line' id='line_1_81' title="bbox 2007 3697 3587 3773; baseline -0.004 -17"><span class='ocrx_word' id='word_1_663' title='bbox 2007 3712 2153 3757; x_wconf 85' lang='lat' dir='ltr'><strong>recte</strong></span> <span class='ocrx_word' id='word_1_664' title='bbox 2184 3700 2534 3773; x_wconf 89' lang='lat' dir='ltr'><strong>responderes</strong></span> <span class='ocrx_word' id='word_1_665' title='bbox 2580 3700 2816 3755; x_wconf 88' lang='lat' dir='ltr'><strong>invenire</strong></span> <span class='ocrx_word' id='word_1_666' title='bbox 2859 3697 3094 3770; x_wconf 83' lang='lat' dir='ltr'><strong>potuisti,</strong></span> <span class='ocrx_word' id='word_1_667' title='bbox 3126 3704 3180 3752; x_wconf 89' lang='lat' dir='ltr'><strong>et</strong></span> <span class='ocrx_word' id='word_1_668' title='bbox 3220 3706 3392 3750; x_wconf 90' lang='lat' dir='ltr'><strong>tamen</strong></span> <span class='ocrx_word' id='word_1_669' title='bbox 3422 3697 3587 3765; x_wconf 78' lang='lat' dir='ltr'><strong>peue&#39;</strong></span> 
     </span>
    </p>
   </div>
   <div class='ocr_carea' id='block_1_82' title="bbox 2007 3787 3588 3865">
    <p class='ocr_par' dir='ltr' id='par_1_82' title="bbox 2007 3787 3588 3865">
     <span class='ocr_line' id='line_1_82' title="bbox 2007 3787 3588 3865; baseline -0.006 -15"><span class='ocrx_word' id='word_1_670' title='bbox 2007 3795 2203 3865; x_wconf 90' lang='lat' dir='ltr'><strong>ubique</strong></span> <span class='ocrx_word' id='word_1_671' title='bbox 2248 3804 2419 3849; x_wconf 86' lang='lat' dir='ltr'><strong>tacere</strong></span> <span class='ocrx_word' id='word_1_672' title='bbox 2455 3793 2689 3848; x_wconf 89' lang='lat' dir='ltr'><strong>noluisti.</strong></span> <span class='ocrx_word' id='word_1_673' title='bbox 2722 3792 2827 3848; x_wconf 88' lang='lat' dir='ltr'><strong>Sed</strong></span> <span class='ocrx_word' id='word_1_674' title='bbox 2858 3806 2979 3847; x_wconf 89' lang='lat' dir='ltr'><strong>cum</strong></span> <span class='ocrx_word' id='word_1_675' title='bbox 3024 3789 3076 3844; x_wconf 91' lang='lat' dir='ltr'><strong>in</strong></span> <span class='ocrx_word' id='word_1_676' title='bbox 3117 3789 3236 3844; x_wconf 91' lang='lat' dir='ltr'><strong>aliis</strong></span> <span class='ocrx_word' id='word_1_677' title='bbox 3273 3797 3378 3843; x_wconf 90' lang='lat' dir='ltr'><strong>tam</strong></span> <span class='ocrx_word' id='word_1_678' title='bbox 3426 3787 3588 3843; x_wconf 88' lang='lat' dir='ltr'><strong>multa</strong></span> 
     </span>
    </p>
   </div>
   <div class='ocr_carea' id='block_1_83' title="bbox 2008 3878 3586 3957">
    <p class='ocr_par' dir='ltr' id='par_1_83' title="bbox 2008 3878 3586 3957">
     <span class='ocr_line' id='line_1_83' title="bbox 2008 3878 3586 3957; baseline -0.006 -15"><span class='ocrx_word' id='word_1_679' title='bbox 2008 3887 2226 3953; x_wconf 85' lang='lat' dir='ltr'><strong>dixeris,</strong></span> <span class='ocrx_word' id='word_1_680' title='bbox 2254 3902 2427 3941; x_wconf 77' lang='lat' dir='ltr'><strong>causa:</strong></span> <span class='ocrx_word' id='word_1_681' title='bbox 2452 3902 2571 3957; x_wconf 79' lang='lat' dir='ltr'><strong>qua:</strong></span> <span class='ocrx_word' id='word_1_682' title='bbox 2613 3886 2752 3940; x_wconf 91' lang='lat' dir='ltr'><strong>inter</strong></span> <span class='ocrx_word' id='word_1_683' title='bbox 2788 3900 2887 3939; x_wconf 90' lang='lat' dir='ltr'><strong>nos</strong></span> <span class='ocrx_word' id='word_1_684' title='bbox 2918 3884 3091 3953; x_wconf 84' lang='lat' dir='ltr'><strong>agitur</strong></span> <span class='ocrx_word' id='word_1_685' title='bbox 3134 3895 3239 3936; x_wconf 91' lang='lat' dir='ltr'><strong>non</strong></span> <span class='ocrx_word' id='word_1_686' title='bbox 3266 3878 3586 3945; x_wconf 89' lang='lat' dir='ltr'><strong>necessaria,</strong></span> 
     </span>
    </p>
   </div>
   <div class='ocr_carea' id='block_1_84' title="bbox 2007 3970 3590 4048">
    <p class='ocr_par' dir='ltr' id='par_1_84' title="bbox 2007 3970 3590 4048">
     <span class='ocr_line' id='line_1_84' title="bbox 2007 3970 3590 4048; baseline -0.006 -15"><span class='ocrx_word' id='word_1_687' title='bbox 2007 3986 2062 4033; x_wconf 92' lang='lat' dir='ltr'><strong>et</strong></span> <span class='ocrx_word' id='word_1_688' title='bbox 2082 3986 2290 4047; x_wconf 88' lang='lat' dir='ltr'><strong>tempus</strong></span> <span class='ocrx_word' id='word_1_689' title='bbox 2310 3976 2575 4048; x_wconf 91' lang='lat' dir='ltr'><strong>loquendo</strong></span> <span class='ocrx_word' id='word_1_690' title='bbox 2596 3974 3020 4046; x_wconf 82' lang='lat' dir='ltr'><strong>consumpseris;</strong></span> <span class='ocrx_word' id='word_1_691' title='bbox 3050 3972 3232 4044; x_wconf 80' lang='lat' dir='ltr'><strong>gratize</strong></span> <span class='ocrx_word' id='word_1_692' title='bbox 3259 3972 3350 4028; x_wconf 91' lang='lat' dir='ltr'><strong>tibi</strong></span> <span class='ocrx_word' id='word_1_693' title='bbox 3371 3970 3590 4042; x_wconf 76' lang='lat' dir='ltr'><strong>agendze</strong></span> 
     </span>
    </p>
   </div>
   <div class='ocr_carea' id='block_1_85' title="bbox 2006 4065 3592 4136">
    <p class='ocr_par' dir='ltr' id='par_1_85' title="bbox 2006 4065 3592 4136">
     <span class='ocr_line' id='line_1_85' title="bbox 2006 4065 3592 4136; baseline -0.003 -12"><span class='ocrx_word' id='word_1_694' title='bbox 2006 4078 2150 4135; x_wconf 89' lang='lat' dir='ltr'><strong>sunt,</strong></span> <span class='ocrx_word' id='word_1_695' title='bbox 2174 4068 2263 4123; x_wconf 81' lang='lat' dir='ltr'><strong>ubi</strong></span> <span class='ocrx_word' id='word_1_696' title='bbox 2291 4068 2540 4123; x_wconf 89' lang='lat' dir='ltr'><strong>nonnulla</strong></span> <span class='ocrx_word' id='word_1_697' title='bbox 2565 4067 2642 4123; x_wconf 91' lang='lat' dir='ltr'><strong>sic</strong></span> <span class='ocrx_word' id='word_1_698' title='bbox 2662 4067 2835 4122; x_wconf 87' lang='lat' dir='ltr'><strong>vidisti</strong></span> <span class='ocrx_word' id='word_1_699' title='bbox 2858 4075 2909 4121; x_wconf 92' lang='lat' dir='ltr'><strong>te</strong></span> <span class='ocrx_word' id='word_1_700' title='bbox 2936 4065 3165 4121; x_wconf 82' lang='lat' dir='ltr'><strong>refutare</strong></span> <span class='ocrx_word' id='word_1_701' title='bbox 3189 4078 3296 4121; x_wconf 93' lang='lat' dir='ltr'><strong>non</strong></span> <span class='ocrx_word' id='word_1_702' title='bbox 3327 4078 3504 4136; x_wconf 91' lang='lat' dir='ltr'><strong>posse,</strong></span> <span class='ocrx_word' id='word_1_703' title='bbox 3535 4070 3592 4119; x_wconf 90' lang='lat' dir='ltr'><strong>ut</strong></span> 
     </span>
    </p>
   </div>
   <div class='ocr_carea' id='block_1_86' title="bbox 2008 4155 3080 4228">
    <p class='ocr_par' dir='ltr' id='par_1_86' title="bbox 2008 4155 3080 4228">
     <span class='ocr_line' id='line_1_86' title="bbox 2008 4155 3080 4228; baseline -0.007 -10"><span class='ocrx_word' id='word_1_704' title='bbox 2008 4177 2071 4218; x_wconf 89' lang='lat' dir='ltr'><strong>ea</strong></span> <span class='ocrx_word' id='word_1_705' title='bbox 2101 4161 2286 4217; x_wconf 89' lang='lat' dir='ltr'><strong>malles</strong></span> <span class='ocrx_word' id='word_1_706' title='bbox 2312 4174 2522 4217; x_wconf 91' lang='lat' dir='ltr'><strong>summo</strong></span> <span class='ocrx_word' id='word_1_707' title='bbox 2548 4158 2761 4215; x_wconf 90' lang='lat' dir='ltr'><strong>silentio</strong></span> <span class='ocrx_word' id='word_1_708' title='bbox 2789 4155 3080 4228; x_wconf 67' lang='lat' dir='ltr'><strong>praeterire.</strong></span> 
     </span>
    </p>
   </div>
   <div class='ocr_carea' id='block_1_87' title="bbox 2075 4356 2589 4421">
    <p class='ocr_par' dir='ltr' id='par_1_87' title="bbox 2075 4356 2589 4421">
     <span class='ocr_line' id='line_1_87' title="bbox 2075 4356 2589 4421; baseline -0.006 -14"><span class='ocrx_word' id='word_1_709' title='bbox 2075 4360 2092 4390; x_wconf 78' lang='grc' dir='ltr'><strong>ι</strong></span> <span class='ocrx_word' id='word_1_710' title='bbox 2130 4357 2259 4420; x_wconf 79' lang='lat' dir='ltr'><strong>Apud</strong></span> <span class='ocrx_word' id='word_1_711' title='bbox 2281 4364 2411 4418; x_wconf 81' lang='lat' dir='ltr'><strong>Lov.,</strong></span> <span class='ocrx_word' id='word_1_712' title='bbox 2436 4356 2589 4421; x_wconf 86' lang='lat' dir='ltr'><strong>plene.</strong></span> 
     </span>
    </p>
   </div>
   <div class='ocr_carea' id='block_1_88' title="bbox 1196 4534 2697 4649">
    <p class='ocr_par' dir='ltr' id='par_1_88' title="bbox 1196 4534 2697 4649">
     <span class='ocr_line' id='line_1_88' title="bbox 1196 4534 2697 4649; baseline -0.007 0"><span class='ocrx_word' id='word_1_713' title='bbox 1196 4536 1664 4649; x_wconf 83' lang='lat' dir='ltr'><strong><em>LIBER</em></strong></span> <span class='ocrx_word' id='word_1_714' title='bbox 1746 4537 1929 4645; x_wconf 84' lang='lat' dir='ltr'><strong>SE</strong></span> <span class='ocrx_word' id='word_1_715' title='bbox 1944 4534 2359 4643; x_wconf 79' lang='lat' dir='ltr'><strong>CUND</strong></span> <span class='ocrx_word' id='word_1_716' title='bbox 2378 4536 2556 4643; x_wconf 78' lang='lat' dir='ltr'><strong>U‘S</strong></span> <span class='ocrx_word' id='word_1_717' title='bbox 2592 4536 2697 4637; x_wconf 74' lang='grc' dir='ltr'><strong>(α).</strong></span> 
     </span>
    </p>
   </div>
   <div class='ocr_carea' id='block_1_89' title="bbox 390 4715 3526 4785">
    <p class='ocr_par' dir='ltr' id='par_1_89' title="bbox 390 4715 3526 4785">
     <span class='ocr_line' id='line_1_89' title="bbox 390 4715 3526 4785; baseline -0.001 -15"><span class='ocrx_word' id='word_1_718' title='bbox 390 4720 689 4773; x_wconf 75' lang='lat' dir='ltr'><strong>nefelluntur</strong></span> <span class='ocrx_word' id='word_1_719' title='bbox 706 4720 984 4785; x_wconf 77' lang='lat' dir='ltr'><strong>singillatim</strong></span> <span class='ocrx_word' id='word_1_720' title='bbox 1005 4733 1115 4784; x_wconf 72' lang='lat' dir='ltr'><strong>qua:</strong></span> <span class='ocrx_word' id='word_1_721' title='bbox 1140 4722 1189 4770; x_wconf 87' lang='lat' dir='ltr'><strong>in</strong></span> <span class='ocrx_word' id='word_1_722' title='bbox 1212 4718 1472 4770; x_wconf 86' lang='lat' dir='ltr'><strong>Collatione</strong></span> <span class='ocrx_word' id='word_1_723' title='bbox 1507 4718 1787 4785; x_wconf 70' lang='lat' dir='ltr'><strong>Maximinus</strong></span> <span class='ocrx_word' id='word_1_724' title='bbox 1807 4719 1931 4770; x_wconf 85' lang='lat' dir='ltr'><strong>dixit</strong></span> <span class='ocrx_word' id='word_1_725' title='bbox 1952 4718 2226 4785; x_wconf 86' lang='lat' dir='ltr'><strong>ultimasua</strong></span> <span class='ocrx_word' id='word_1_726' title='bbox 2248 4720 2590 4785; x_wconf 88' lang='lat' dir='ltr'><strong>disputatione,</strong></span> <span class='ocrx_word' id='word_1_727' title='bbox 2613 4719 2750 4783; x_wconf 91' lang='lat' dir='ltr'><strong>cujus</strong></span> <span class='ocrx_word' id='word_1_728' title='bbox 2770 4718 3105 4781; x_wconf 88' lang='lat' dir='ltr'><strong>disputationis</strong></span> <span class='ocrx_word' id='word_1_729' title='bbox 3128 4730 3230 4768; x_wconf 74' lang='lat' dir='ltr'><strong>sua:</strong></span> <span class='ocrx_word' id='word_1_730' title='bbox 3253 4715 3526 4779; x_wconf 87' lang='lat' dir='ltr'><strong>prolixitate</strong></span> 
     </span>
    </p>
   </div>
   <div class='ocr_carea' id='block_1_90' title="bbox 1362 4781 2547 4847">
    <p class='ocr_par' dir='ltr' id='par_1_90' title="bbox 1362 4781 2547 4847">
     <span class='ocr_line' id='line_1_90' title="bbox 1362 4781 2547 4847; baseline 0 -18"><span class='ocrx_word' id='word_1_731' title='bbox 1362 4781 1687 4846; x_wconf 87' lang='lat' dir='ltr'><strong>respondendi</strong></span> <span class='ocrx_word' id='word_1_732' title='bbox 1712 4788 1905 4846; x_wconf 90' lang='lat' dir='ltr'><strong>tempus</strong></span> <span class='ocrx_word' id='word_1_733' title='bbox 1926 4790 2040 4833; x_wconf 90' lang='lat' dir='ltr'><strong>tunc</strong></span> <span class='ocrx_word' id='word_1_734' title='bbox 2063 4784 2242 4845; x_wconf 87' lang='lat' dir='ltr'><strong>eripuit</strong></span> <span class='ocrx_word' id='word_1_735' title='bbox 2263 4781 2547 4847; x_wconf 76' lang='lat' dir='ltr'><strong>Augustino.</strong></span> 
     </span>
    </p>
   </div>
   <div class='ocr_carea' id='block_1_91' title="bbox 1753 4888 2123 4943">
    <p class='ocr_par' dir='ltr' id='par_1_91' title="bbox 1753 4888 2123 4943">
     <span class='ocr_line' id='line_1_91' title="bbox 1753 4888 2123 4943; baseline 0.005 -2"><span class='ocrx_word' id='word_1_736' title='bbox 1753 4888 2123 4943; x_wconf 56' lang='lat' dir='ltr'><strong>rem</strong></span> 
     </span>
    </p>
   </div>
   <div class='ocr_carea' id='block_1_92' title="bbox 286 4989 1897 5061">
    <p class='ocr_par' dir='ltr' id='par_1_92' title="bbox 286 4989 1897 5061">
     <span class='ocr_line' id='line_1_92' title="bbox 286 4989 1897 5061; baseline -0.003 -14"><span class='ocrx_word' id='word_1_737' title='bbox 286 5036 291 5039; x_wconf 87' lang='lat'><strong>.</strong></span> <span class='ocrx_word' id='word_1_738' title='bbox 384 4992 695 5047; x_wconf 64' lang='lat' dir='ltr'><strong>Puerum.</strong></span> <span class='ocrx_word' id='word_1_739' title='bbox 710 4992 897 5047; x_wconf 83' lang='lat' dir='ltr'><strong>—Res</strong></span> <span class='ocrx_word' id='word_1_740' title='bbox 912 4991 1020 5061; x_wconf 90' lang='lat' dir='ltr'><strong>jam</strong></span> <span class='ocrx_word' id='word_1_741' title='bbox 1032 4989 1392 5059; x_wconf 84' lang='lat' dir='ltr'><strong>postulatutin</strong></span> <span class='ocrx_word' id='word_1_742' title='bbox 1405 4989 1621 5059; x_wconf 84' lang='lat' dir='ltr'><strong>ecquod</strong></span> <span class='ocrx_word' id='word_1_743' title='bbox 1636 4989 1897 5059; x_wconf 88' lang='lat' dir='ltr'><strong>reliquum</strong></span> 
     </span>
    </p>
   </div>
   <div class='ocr_carea' id='block_1_93' title="bbox 309 5081 1892 5154">
    <p class='ocr_par' dir='ltr' id='par_1_93' title="bbox 309 5081 1892 5154">
     <span class='ocr_line' id='line_1_93' title="bbox 309 5081 1892 5154; baseline -0.003 -17"><span class='ocrx_word' id='word_1_744' title='bbox 309 5093 412 5147; x_wconf 88' lang='lat' dir='ltr'><strong>est,</strong></span> <span class='ocrx_word' id='word_1_745' title='bbox 432 5084 725 5154; x_wconf 87' lang='lat' dir='ltr'><strong>opitulante</strong></span> <span class='ocrx_word' id='word_1_746' title='bbox 752 5084 993 5147; x_wconf 92' lang='lat' dir='ltr'><strong>Domino,</strong></span> <span class='ocrx_word' id='word_1_747' title='bbox 1014 5082 1258 5150; x_wconf 90' lang='lat' dir='ltr'><strong>impleam</strong></span> <span class='ocrx_word' id='word_1_748' title='bbox 1279 5081 1681 5150; x_wconf 83' lang='lat' dir='ltr'><strong>promissionem</strong></span> <span class='ocrx_word' id='word_1_749' title='bbox 1700 5094 1892 5134; x_wconf 91' lang='lat' dir='ltr'><strong>meam.</strong></span> 
     </span>
    </p>
   </div>
   <div class='ocr_carea' id='block_1_94' title="bbox 311 5170 1899 5243">
    <p class='ocr_par' dir='ltr' id='par_1_94' title="bbox 311 5170 1899 5243">
     <span class='ocr_line' id='line_1_94' title="bbox 311 5170 1899 5243; baseline -0.003 -15"><span class='ocrx_word' id='word_1_750' title='bbox 311 5173 365 5228; x_wconf 86' lang='lat' dir='ltr'><strong>In</strong></span> <span class='ocrx_word' id='word_1_751' title='bbox 384 5175 565 5243; x_wconf 89' lang='lat' dir='ltr'><strong>operis</strong></span> <span class='ocrx_word' id='word_1_752' title='bbox 581 5174 775 5243; x_wconf 89' lang='lat' dir='ltr'><strong>quippe</strong></span> <span class='ocrx_word' id='word_1_753' title='bbox 792 5173 947 5243; x_wconf 90' lang='lat' dir='ltr'><strong>hujus</strong></span> <span class='ocrx_word' id='word_1_754' title='bbox 962 5172 1200 5238; x_wconf 85' lang='lat' dir='ltr'><strong>exordio,</strong></span> <span class='ocrx_word' id='word_1_755' title='bbox 1211 5170 1384 5238; x_wconf 84' lang='lat' dir='ltr'><strong>Prius,</strong></span> <span class='ocrx_word' id='word_1_756' title='bbox 1400 5172 1899 5240; x_wconf 87' lang='lat' dir='ltr'><strong>inquam,ostendam</strong></span> 
     </span>
    </p>
   </div>
   <div class='ocr_carea' id='block_1_95' title="bbox 309 5262 1899 5334">
    <p class='ocr_par' dir='ltr' id='par_1_95' title="bbox 309 5262 1899 5334">
     <span class='ocr_line' id='line_1_95' title="bbox 309 5262 1899 5334; baseline -0.001 -19"><span class='ocrx_word' id='word_1_757' title='bbox 309 5264 546 5332; x_wconf 69' lang='lat' dir='ltr'><strong>refellere</strong></span> <span class='ocrx_word' id='word_1_758' title='bbox 586 5274 633 5319; x_wconf 89' lang='lat' dir='ltr'><strong>te</strong></span> <span class='ocrx_word' id='word_1_759' title='bbox 677 5281 777 5318; x_wconf 89' lang='lat' dir='ltr'><strong>non</strong></span> <span class='ocrx_word' id='word_1_760' title='bbox 823 5264 1042 5334; x_wconf 83' lang='lat' dir='ltr'><strong>potuisse</strong></span> <span class='ocrx_word' id='word_1_761' title='bbox 1076 5278 1187 5333; x_wconf 68' lang='lat' dir='ltr'><strong>quae</strong></span> <span class='ocrx_word' id='word_1_762' title='bbox 1228 5262 1336 5316; x_wconf 76' lang='lat' dir='ltr'><strong>dixi</strong></span> <span class='ocrx_word' id='word_1_763' title='bbox 1364 5277 1383 5316; x_wconf 92' lang='lat'><strong><em>:</em></strong></span> <span class='ocrx_word' id='word_1_764' title='bbox 1422 5262 1621 5327; x_wconf 85' lang='lat' dir='ltr'><strong>deinde,</strong></span> <span class='ocrx_word' id='word_1_765' title='bbox 1657 5270 1899 5331; x_wconf 85' lang='lat' dir='ltr'><strong>quantum</strong></span> 
     </span>
    </p>
   </div>
   <div class='ocr_carea' id='block_1_96' title="bbox 307 5350 1895 5424">
    <p class='ocr_par' dir='ltr' id='par_1_96' title="bbox 307 5350 1895 5424">
     <span class='ocr_line' id='line_1_96' title="bbox 307 5350 1895 5424; baseline -0.004 -15"><span class='ocrx_word' id='word_1_766' title='bbox 307 5356 647 5409; x_wconf 75' lang='lat' dir='ltr'><strong>necessarium</strong></span> <span class='ocrx_word' id='word_1_767' title='bbox 689 5356 953 5421; x_wconf 83' lang='lat' dir='ltr'><strong>videbitur,</strong></span> <span class='ocrx_word' id='word_1_768' title='bbox 985 5370 1076 5424; x_wconf 89' lang='lat' dir='ltr'><strong>ego</strong></span> <span class='ocrx_word' id='word_1_769' title='bbox 1118 5352 1351 5423; x_wconf 77' lang='lat' dir='ltr'><strong>refellam</strong></span> <span class='ocrx_word' id='word_1_770' title='bbox 1395 5367 1509 5421; x_wconf 80' lang='lat' dir='ltr'><strong>qua:</strong></span> <span class='ocrx_word' id='word_1_771' title='bbox 1544 5352 1653 5422; x_wconf 86' lang='lat' dir='ltr'><strong>ipse</strong></span> <span class='ocrx_word' id='word_1_772' title='bbox 1698 5350 1895 5405; x_wconf 75' lang='lat' dir='ltr'><strong>dixisti.</strong></span> 
     </span>
    </p>
   </div>
   <div class='ocr_carea' id='block_1_97' title="bbox 309 5444 1899 5517">
    <p class='ocr_par' dir='ltr' id='par_1_97' title="bbox 309 5444 1899 5517">
     <span class='ocr_line' id='line_1_97' title="bbox 309 5444 1899 5517; baseline -0.003 -17"><span class='ocrx_word' id='word_1_773' title='bbox 309 5446 445 5513; x_wconf 85' lang='lat' dir='ltr'><strong>Quia</strong></span> <span class='ocrx_word' id='word_1_774' title='bbox 474 5461 625 5516; x_wconf 85' lang='lat' dir='ltr'><strong>ergo,</strong></span> <span class='ocrx_word' id='word_1_775' title='bbox 658 5448 794 5503; x_wconf 88' lang='lat' dir='ltr'><strong>sicut</strong></span> <span class='ocrx_word' id='word_1_776' title='bbox 822 5447 1105 5517; x_wconf 85' lang='lat' dir='ltr'><strong>adjuvante</strong></span> <span class='ocrx_word' id='word_1_777' title='bbox 1135 5446 1247 5501; x_wconf 91' lang='lat' dir='ltr'><strong>Deo</strong></span> <span class='ocrx_word' id='word_1_778' title='bbox 1270 5444 1437 5515; x_wconf 88' lang='lat' dir='ltr'><strong>potui,</strong></span> <span class='ocrx_word' id='word_1_779' title='bbox 1460 5444 1665 5500; x_wconf 86' lang='lat' dir='ltr'><strong>ostendi</strong></span> <span class='ocrx_word' id='word_1_780' title='bbox 1695 5458 1757 5499; x_wconf 77' lang='lat' dir='ltr'><strong>ea</strong></span> <span class='ocrx_word' id='word_1_781' title='bbox 1780 5459 1899 5513; x_wconf 63' lang='lat' dir='ltr'><strong>quae</strong></span> 
     </span>
    </p>
   </div>
   <div class='ocr_carea' id='block_1_98' title="bbox 308 5536 1911 5608">
    <p class='ocr_par' dir='ltr' id='par_1_98' title="bbox 308 5536 1911 5608">
     <span class='ocr_line' id='line_1_98' title="bbox 308 5536 1911 5608; baseline 0 -18"><span class='ocrx_word' id='word_1_782' title='bbox 308 5536 421 5591; x_wconf 85' lang='lat' dir='ltr'><strong>dixi</strong></span> <span class='ocrx_word' id='word_1_783' title='bbox 444 5552 552 5593; x_wconf 89' lang='lat' dir='ltr'><strong>non</strong></span> <span class='ocrx_word' id='word_1_784' title='bbox 588 5546 639 5593; x_wconf 89' lang='lat' dir='ltr'><strong>te</strong></span> <span class='ocrx_word' id='word_1_785' title='bbox 684 5539 921 5608; x_wconf 90' lang='lat' dir='ltr'><strong>potuisse</strong></span> <span class='ocrx_word' id='word_1_786' title='bbox 964 5536 1244 5604; x_wconf 78' lang='lat' dir='ltr'><strong>refellere;</strong></span> <span class='ocrx_word' id='word_1_787' title='bbox 1296 5545 1541 5606; x_wconf 89' lang='lat' dir='ltr'><strong>superest</strong></span> <span class='ocrx_word' id='word_1_788' title='bbox 1580 5545 1636 5591; x_wconf 92' lang='lat' dir='ltr'><strong>ttt</strong></span> <span class='ocrx_word' id='word_1_789' title='bbox 1677 5552 1738 5589; x_wconf 90' lang='lat' dir='ltr'><strong>ea</strong></span> <span class='ocrx_word' id='word_1_790' title='bbox 1781 5550 1911 5604; x_wconf 56' lang='lat' dir='ltr'><strong>qua)</strong></span> 
     </span>
    </p>
   </div>
   <div class='ocr_carea' id='block_1_99' title="bbox 308 5628 1895 5701">
    <p class='ocr_par' dir='ltr' id='par_1_99' title="bbox 308 5628 1895 5701">
     <span class='ocr_line' id='line_1_99' title="bbox 308 5628 1895 5701; baseline 0.001 -19"><span class='ocrx_word' id='word_1_791' title='bbox 308 5628 513 5694; x_wconf 84' lang='lat' dir='ltr'><strong>dixisti,</strong></span> <span class='ocrx_word' id='word_1_792' title='bbox 560 5646 661 5701; x_wconf 92' lang='lat' dir='ltr'><strong>ego</strong></span> <span class='ocrx_word' id='word_1_793' title='bbox 706 5630 972 5697; x_wconf 80' lang='lat' dir='ltr'><strong>refellam,</strong></span> <span class='ocrx_word' id='word_1_794' title='bbox 1001 5631 1138 5685; x_wconf 91' lang='lat' dir='ltr'><strong>sicut</strong></span> <span class='ocrx_word' id='word_1_795' title='bbox 1169 5631 1278 5685; x_wconf 91' lang='lat' dir='ltr'><strong>Deo</strong></span> <span class='ocrx_word' id='word_1_796' title='bbox 1326 5629 1607 5699; x_wconf 89' lang='lat' dir='ltr'><strong>adjuvante</strong></span> <span class='ocrx_word' id='word_1_797' title='bbox 1654 5637 1895 5699; x_wconf 88' lang='lat' dir='ltr'><strong>potuero.</strong></span> 
     </span>
    </p>
   </div>
   <div class='ocr_carea' id='block_1_100' title="bbox 312 5716 1910 5791">
    <p class='ocr_par' dir='ltr' id='par_1_100' title="bbox 312 5716 1910 5791">
     <span class='ocr_line' id='line_1_100' title="bbox 312 5716 1910 5791; baseline 0.002 -19"><span class='ocrx_word' id='word_1_798' title='bbox 312 5716 527 5775; x_wconf 88' lang='lat' dir='ltr'><strong>Priores</strong></span> <span class='ocrx_word' id='word_1_799' title='bbox 573 5721 751 5791; x_wconf 87' lang='lat' dir='ltr'><strong>itaque</strong></span> <span class='ocrx_word' id='word_1_800' title='bbox 781 5722 1178 5790; x_wconf 86' lang='lat' dir='ltr'><strong>prosecutiones</strong></span> <span class='ocrx_word' id='word_1_801' title='bbox 1226 5730 1361 5789; x_wconf 87' lang='lat' dir='ltr'><strong>tuas,</strong></span> <span class='ocrx_word' id='word_1_802' title='bbox 1409 5720 1599 5791; x_wconf 87' lang='lat' dir='ltr'><strong>quibus</strong></span> <span class='ocrx_word' id='word_1_803' title='bbox 1647 5720 1910 5775; x_wconf 89' lang='lat' dir='ltr'><strong>continuo</strong></span> 
     </span>
    </p>
   </div>
   <div class='ocr_carea' id='block_1_101' title="bbox 377 5830 849 5894">
    <p class='ocr_par' dir='ltr' id='par_1_101' title="bbox 377 5830 849 5894">
     <span class='ocr_line' id='line_1_101' title="bbox 377 5830 849 5894; baseline 0 -13"><span class='ocrx_word' id='word_1_804' title='bbox 377 5830 451 5894; x_wconf 89' lang='lat' dir='ltr'><strong>(a)</strong></span> <span class='ocrx_word' id='word_1_805' title='bbox 480 5831 619 5893; x_wconf 52' lang='lat' dir='ltr'><strong>Alias,</strong></span> <span class='ocrx_word' id='word_1_806' title='bbox 644 5834 849 5882; x_wconf 83' lang='lat' dir='ltr'><strong>Tertius.</strong></span> 
     </span>
    </p>
   </div>
   <div class='ocr_carea' id='block_1_102' title="bbox 2006 4992 3582 5064">
    <p class='ocr_par' dir='ltr' id='par_1_102' title="bbox 2006 4992 3582 5064">
     <span class='ocr_line' id='line_1_102' title="bbox 2006 4992 3582 5064; baseline 0.001 -18"><span class='ocrx_word' id='word_1_807' title='bbox 2006 4992 2210 5048; x_wconf 90' lang='lat' dir='ltr'><strong>reddidi</strong></span> <span class='ocrx_word' id='word_1_808' title='bbox 2239 5007 2384 5049; x_wconf 88' lang='lat' dir='ltr'><strong>meas</strong></span> <span class='ocrx_word' id='word_1_809' title='bbox 2406 4992 2456 5047; x_wconf 87' lang='lat' dir='ltr'><strong>in</strong></span> <span class='ocrx_word' id='word_1_810' title='bbox 2482 4992 2583 5049; x_wconf 90' lang='lat' dir='ltr'><strong>hac</strong></span> <span class='ocrx_word' id='word_1_811' title='bbox 2612 4993 2968 5064; x_wconf 86' lang='lat' dir='ltr'><strong>disputatione</strong></span> <span class='ocrx_word' id='word_1_812' title='bbox 2993 5008 3111 5063; x_wconf 71' lang='lat' dir='ltr'><strong>qure</strong></span> <span class='ocrx_word' id='word_1_813' title='bbox 3136 5006 3275 5047; x_wconf 90' lang='lat' dir='ltr'><strong>nunc</strong></span> <span class='ocrx_word' id='word_1_814' title='bbox 3294 5007 3324 5047; x_wconf 94' lang='lat' dir='ltr'><strong>a</strong></span> <span class='ocrx_word' id='word_1_815' title='bbox 3349 5007 3433 5047; x_wconf 90' lang='lat' dir='ltr'><strong>me</strong></span> <span class='ocrx_word' id='word_1_816' title='bbox 3462 5008 3582 5047; x_wconf 87' lang='lat' dir='ltr'><strong>sus-</strong></span> 
     </span>
    </p>
   </div>
   <div class='ocr_carea' id='block_1_103' title="bbox 2006 5084 3587 5153">
    <p class='ocr_par' dir='ltr' id='par_1_103' title="bbox 2006 5084 3587 5153">
     <span class='ocr_line' id='line_1_103' title="bbox 2006 5084 3587 5153; baseline -0.002 -14"><span class='ocrx_word' id='word_1_817' title='bbox 2006 5094 2157 5153; x_wconf 85' lang='lat' dir='ltr'><strong>cepta</strong></span> <span class='ocrx_word' id='word_1_818' title='bbox 2203 5094 2316 5151; x_wconf 90' lang='lat' dir='ltr'><strong>est,</strong></span> <span class='ocrx_word' id='word_1_819' title='bbox 2362 5100 2467 5138; x_wconf 87' lang='lat' dir='ltr'><strong>non</strong></span> <span class='ocrx_word' id='word_1_820' title='bbox 2498 5084 2834 5139; x_wconf 86' lang='lat' dir='ltr'><strong>retractabo:</strong></span> <span class='ocrx_word' id='word_1_821' title='bbox 2865 5084 3005 5137; x_wconf 87' lang='lat' dir='ltr'><strong>illam</strong></span> <span class='ocrx_word' id='word_1_822' title='bbox 3057 5099 3184 5138; x_wconf 88' lang='lat' dir='ltr'><strong>vero</strong></span> <span class='ocrx_word' id='word_1_823' title='bbox 3212 5084 3448 5137; x_wconf 89' lang='lat' dir='ltr'><strong>ultimam</strong></span> <span class='ocrx_word' id='word_1_824' title='bbox 3481 5093 3587 5137; x_wconf 89' lang='lat' dir='ltr'><strong>tam</strong></span> 
     </span>
    </p>
   </div>
   <div class='ocr_carea' id='block_1_104' title="bbox 2008 5174 3583 5245">
    <p class='ocr_par' dir='ltr' id='par_1_104' title="bbox 2008 5174 3583 5245">
     <span class='ocr_line' id='line_1_104' title="bbox 2008 5174 3583 5245; baseline -0.001 -16"><span class='ocrx_word' id='word_1_825' title='bbox 2008 5176 2290 5245; x_wconf 84' lang='lat' dir='ltr'><strong>prolixam,</strong></span> <span class='ocrx_word' id='word_1_826' title='bbox 2322 5185 2379 5230; x_wconf 88' lang='grc' dir='ltr'><strong>ιιι</strong></span> <span class='ocrx_word' id='word_1_827' title='bbox 2418 5177 2545 5230; x_wconf 93' lang='lat' dir='ltr'><strong>mihi</strong></span> <span class='ocrx_word' id='word_1_828' title='bbox 2575 5176 2660 5231; x_wconf 88' lang='lat' dir='ltr'><strong>die</strong></span> <span class='ocrx_word' id='word_1_829' title='bbox 2688 5176 2775 5229; x_wconf 92' lang='lat' dir='ltr'><strong>illo</strong></span> <span class='ocrx_word' id='word_1_830' title='bbox 2819 5176 3047 5244; x_wconf 81' lang='lat' dir='ltr'><strong>Spatium</strong></span> <span class='ocrx_word' id='word_1_831' title='bbox 3076 5174 3443 5245; x_wconf 89' lang='lat' dir='ltr'><strong>responsionis</strong></span> <span class='ocrx_word' id='word_1_832' title='bbox 3482 5190 3583 5228; x_wconf 88' lang='lat' dir='ltr'><strong>au-</strong></span> 
     </span>
    </p>
   </div>
   <div class='ocr_carea' id='block_1_105' title="bbox 2007 5266 3591 5337">
    <p class='ocr_par' dir='ltr' id='par_1_105' title="bbox 2007 5266 3591 5337">
     <span class='ocr_line' id='line_1_105' title="bbox 2007 5266 3591 5337; baseline -0.001 -16"><span class='ocrx_word' id='word_1_833' title='bbox 2007 5266 2191 5331; x_wconf 81' lang='lat' dir='ltr'><strong>ferret,</strong></span> <span class='ocrx_word' id='word_1_834' title='bbox 2226 5268 2296 5322; x_wconf 89' lang='lat' dir='ltr'><strong>ita</strong></span> <span class='ocrx_word' id='word_1_835' title='bbox 2341 5268 2672 5337; x_wconf 83' lang='lat' dir='ltr'><strong>redarguam,</strong></span> <span class='ocrx_word' id='word_1_836' title='bbox 2704 5267 2745 5320; x_wconf 91' lang='lat' dir='ltr'><strong>si</strong></span> <span class='ocrx_word' id='word_1_837' title='bbox 2792 5266 3021 5321; x_wconf 87' lang='lat' dir='ltr'><strong>voluerit</strong></span> <span class='ocrx_word' id='word_1_838' title='bbox 3062 5266 3151 5336; x_wconf 89' lang='lat' dir='ltr'><strong>qui</strong></span> <span class='ocrx_word' id='word_1_839' title='bbox 3201 5279 3297 5320; x_wconf 94' lang='lat' dir='ltr'><strong>nos</strong></span> <span class='ocrx_word' id='word_1_840' title='bbox 3344 5266 3499 5336; x_wconf 90' lang='lat' dir='ltr'><strong>regit,</strong></span> <span class='ocrx_word' id='word_1_841' title='bbox 3532 5276 3591 5320; x_wconf 90' lang='lat' dir='ltr'><strong>ut</strong></span> 
     </span>
    </p>
   </div>
   <div class='ocr_carea' id='block_1_106' title="bbox 2007 5359 3590 5431">
    <p class='ocr_par' dir='ltr' id='par_1_106' title="bbox 2007 5359 3590 5431">
     <span class='ocr_line' id='line_1_106' title="bbox 2007 5359 3590 5431; baseline 0.001 -17"><span class='ocrx_word' id='word_1_842' title='bbox 2007 5362 2313 5431; x_wconf 85' lang='lat' dir='ltr'><strong>acquiescas</strong></span> <span class='ocrx_word' id='word_1_843' title='bbox 2342 5360 2524 5415; x_wconf 90' lang='lat' dir='ltr'><strong>lumini</strong></span> <span class='ocrx_word' id='word_1_844' title='bbox 2564 5360 2821 5424; x_wconf 71' lang='lat' dir='ltr'><strong>veritatis,</strong></span> <span class='ocrx_word' id='word_1_845' title='bbox 2854 5359 2896 5413; x_wconf 88' lang='lat' dir='ltr'><strong>si</strong></span> <span class='ocrx_word' id='word_1_846' title='bbox 2943 5360 3297 5414; x_wconf 87' lang='lat' dir='ltr'><strong>contentionis</strong></span> <span class='ocrx_word' id='word_1_847' title='bbox 3342 5360 3590 5415; x_wconf 88' lang='lat' dir='ltr'><strong>tenebras</strong></span> 
     </span>
    </p>
   </div>
   <div class='ocr_carea' id='block_1_107' title="bbox 2008 5449 3585 5521">
    <p class='ocr_par' dir='ltr' id='par_1_107' title="bbox 2008 5449 3585 5521">
     <span class='ocr_line' id='line_1_107' title="bbox 2008 5449 3585 5521; baseline 0 -16"><span class='ocrx_word' id='word_1_848' title='bbox 2008 5468 2111 5507; x_wconf 90' lang='lat' dir='ltr'><strong>non</strong></span> <span class='ocrx_word' id='word_1_849' title='bbox 2137 5452 2418 5507; x_wconf 90' lang='lat' dir='ltr'><strong>amaveris.</strong></span> <span class='ocrx_word' id='word_1_850' title='bbox 2448 5452 2502 5506; x_wconf 88' lang='lat' dir='ltr'><strong>ltt</strong></span> <span class='ocrx_word' id='word_1_851' title='bbox 2531 5451 2714 5521; x_wconf 89' lang='lat' dir='ltr'><strong>primis</strong></span> <span class='ocrx_word' id='word_1_852' title='bbox 2742 5466 2868 5521; x_wconf 84' lang='lat' dir='ltr'><strong>ergo</strong></span> <span class='ocrx_word' id='word_1_853' title='bbox 2895 5450 3160 5519; x_wconf 84' lang='lat' dir='ltr'><strong>superﬂua</strong></span> <span class='ocrx_word' id='word_1_854' title='bbox 3193 5460 3278 5505; x_wconf 90' lang='lat' dir='ltr'><strong>tua</strong></span> <span class='ocrx_word' id='word_1_855' title='bbox 3308 5449 3585 5505; x_wconf 86' lang='lat' dir='ltr'><strong>detraham</strong></span> 
     </span>
    </p>
   </div>
   <div class='ocr_carea' id='block_1_108' title="bbox 2009 5543 3590 5614">
    <p class='ocr_par' dir='ltr' id='par_1_108' title="bbox 2009 5543 3590 5614">
     <span class='ocr_line' id='line_1_108' title="bbox 2009 5543 3590 5614; baseline -0.001 -15"><span class='ocrx_word' id='word_1_856' title='bbox 2009 5546 2307 5599; x_wconf 87' lang='lat' dir='ltr'><strong>necessitati</strong></span> <span class='ocrx_word' id='word_1_857' title='bbox 2340 5544 2702 5613; x_wconf 89' lang='lat' dir='ltr'><strong>responsionis</strong></span> <span class='ocrx_word' id='word_1_858' title='bbox 2732 5559 2885 5598; x_wconf 71' lang='lat' dir='ltr'><strong>mete.</strong></span> <span class='ocrx_word' id='word_1_859' title='bbox 2911 5544 3077 5599; x_wconf 84' lang='lat' dir='ltr'><strong>Causa</strong></span> <span class='ocrx_word' id='word_1_860' title='bbox 3104 5545 3297 5614; x_wconf 89' lang='lat' dir='ltr'><strong>quippe</strong></span> <span class='ocrx_word' id='word_1_861' title='bbox 3328 5543 3464 5598; x_wconf 87' lang='lat' dir='ltr'><strong>inter</strong></span> <span class='ocrx_word' id='word_1_862' title='bbox 3490 5560 3590 5598; x_wconf 83' lang='lat' dir='ltr'><strong>nos</strong></span> 
     </span>
    </p>
   </div>
   <div class='ocr_carea' id='block_1_109' title="bbox 2008 5632 3587 5706">
    <p class='ocr_par' dir='ltr' id='par_1_109' title="bbox 2008 5632 3587 5706">
     <span class='ocr_line' id='line_1_109' title="bbox 2008 5632 3587 5706; baseline -0.002 -17"><span class='ocrx_word' id='word_1_863' title='bbox 2008 5636 2199 5706; x_wconf 82' lang='lat' dir='ltr'><strong>agitur,</strong></span> <span class='ocrx_word' id='word_1_864' title='bbox 2225 5645 2399 5689; x_wconf 89' lang='lat' dir='ltr'><strong>utrttm</strong></span> <span class='ocrx_word' id='word_1_865' title='bbox 2432 5636 2587 5690; x_wconf 90' lang='lat' dir='ltr'><strong>Pater</strong></span> <span class='ocrx_word' id='word_1_866' title='bbox 2612 5645 2666 5690; x_wconf 91' lang='lat' dir='ltr'><strong>et</strong></span> <span class='ocrx_word' id='word_1_867' title='bbox 2704 5635 2871 5689; x_wconf 84' lang='lat' dir='ltr'><strong>Filius</strong></span> <span class='ocrx_word' id='word_1_868' title='bbox 2900 5644 2954 5690; x_wconf 89' lang='lat' dir='ltr'><strong>et</strong></span> <span class='ocrx_word' id='word_1_869' title='bbox 2982 5633 3209 5703; x_wconf 64' lang='lat' dir='ltr'><strong>Spiritus</strong></span> <span class='ocrx_word' id='word_1_870' title='bbox 3252 5643 3465 5689; x_wconf 87' lang='lat' dir='ltr'><strong>sanctus</strong></span> <span class='ocrx_word' id='word_1_871' title='bbox 3506 5632 3587 5686; x_wconf 87' lang='lat' dir='ltr'><strong>di-</strong></span> 
     </span>
    </p>
   </div>
   <div class='ocr_carea' id='block_1_110' title="bbox 2009 5723 3589 5799">
    <p class='ocr_par' dir='ltr' id='par_1_110' title="bbox 2009 5723 3589 5799">
     <span class='ocr_line' id='line_1_110' title="bbox 2009 5723 3589 5799; baseline -0.003 -18"><span class='ocrx_word' id='word_1_872' title='bbox 2009 5745 2195 5791; x_wconf 75' lang='lat' dir='ltr'><strong>versae,</strong></span> <span class='ocrx_word' id='word_1_873' title='bbox 2218 5738 2275 5783; x_wconf 92' lang='lat' dir='ltr'><strong>ut</strong></span> <span class='ocrx_word' id='word_1_874' title='bbox 2296 5743 2389 5783; x_wconf 87' lang='lat' dir='ltr'><strong>vos</strong></span> <span class='ocrx_word' id='word_1_875' title='bbox 2412 5727 2605 5794; x_wconf 89' lang='lat' dir='ltr'><strong>dicitis,</strong></span> <span class='ocrx_word' id='word_1_876' title='bbox 2634 5745 2702 5783; x_wconf 88' lang='lat' dir='ltr'><strong>an</strong></span> <span class='ocrx_word' id='word_1_877' title='bbox 2735 5729 2927 5799; x_wconf 90' lang='lat' dir='ltr'><strong>potius,</strong></span> <span class='ocrx_word' id='word_1_878' title='bbox 2954 5737 3011 5782; x_wconf 92' lang='lat' dir='ltr'><strong>ut</strong></span> <span class='ocrx_word' id='word_1_879' title='bbox 3037 5743 3133 5782; x_wconf 92' lang='lat' dir='ltr'><strong>nos</strong></span> <span class='ocrx_word' id='word_1_880' title='bbox 3158 5727 3403 5790; x_wconf 77' lang='lat' dir='ltr'><strong>dicimus,</strong></span> <span class='ocrx_word' id='word_1_881' title='bbox 3434 5723 3589 5777; x_wconf 88' lang='lat' dir='ltr'><strong>unius</strong></span> 
     </span>
    </p>
   </div>
   <div class='ocr_carea' id='block_1_111' title="bbox 2008 5814 3585 5890">
    <p class='ocr_par' dir='ltr' id='par_1_111' title="bbox 2008 5814 3585 5890">
     <span class='ocr_line' id='line_1_111' title="bbox 2008 5814 3585 5890; baseline -0.004 -16"><span class='ocrx_word' id='word_1_882' title='bbox 2008 5819 2114 5875; x_wconf 89' lang='lat' dir='ltr'><strong>sint</strong></span> <span class='ocrx_word' id='word_1_883' title='bbox 2153 5818 2494 5890; x_wconf 82' lang='lat' dir='ltr'><strong>ejusdemque</strong></span> <span class='ocrx_word' id='word_1_884' title='bbox 2536 5819 2864 5885; x_wconf 59' lang='lat' dir='ltr'><strong>substantia,</strong></span> <span class='ocrx_word' id='word_1_885' title='bbox 2900 5832 3143 5889; x_wconf 90' lang='lat' dir='ltr'><strong>unusque</strong></span> <span class='ocrx_word' id='word_1_886' title='bbox 3187 5819 3324 5872; x_wconf 84' lang='lat' dir='ltr'><strong>Itcus</strong></span> <span class='ocrx_word' id='word_1_887' title='bbox 3350 5814 3431 5869; x_wconf 76' lang='lat' dir='ltr'><strong>sit</strong></span> <span class='ocrx_word' id='word_1_888' title='bbox 3474 5815 3585 5886; x_wconf 85' lang='lat' dir='ltr'><strong>ipsa</strong></span> 
     </span>
    </p>
   </div>
  </div>
