4042 6440
527 349 632 407 ιδο

523 465 758 523 Trinitas
786 480 800 521 :
828 477 954 521 cum
997 465 1281 523 conveniat
1305 464 1444 521 inter
1472 478 1572 519 nos
1614 463 1827 519 Patrem
1854 478 1961 519 non
1984 479 2104 521 esse

524 557 617 626 qui
642 565 725 613 est
747 555 933 622 Filius,
964 570 1065 612 nec
1084 555 1279 611 Filium
1303 569 1423 610 esse
1446 554 1537 625 qui
1565 564 1647 613 est
1676 555 1852 624 Pater,
1880 572 1980 614 nec
2006 557 2105 619 Pa-

522 657 660 705 trem
687 663 810 705 esse
835 648 916 704 vel
948 647 1140 702 Filium
1166 646 1256 716 qui
1294 645 1522 715 Spiritus
1563 655 1779 708 sanctus
1802 656 1901 703 est.
1933 648 2101 716 Quid-

518 738 649 810 quid
675 739 836 811 igitur
861 747 1004 793 tanta
1027 748 1129 792 tute
1154 736 1545 807 prosecutionis
1569 738 1873 808 prolixitate
1898 739 2100 807 dixisti,

520 830 664 887 unde
700 829 1011 886 ostenderes
1049 828 1210 884 alium
1238 842 1359 884 esse
1400 828 1634 897 Patrem,
1660 830 1823 884 alium
1852 844 1973 886 esse
2013 829 2104 885 Fi-

516 922 670 991 lium,
697 924 861 980 alium
902 936 1024 979 esse
1067 921 1323 993 Spiritum
1351 930 1627 987 sanctum;
1672 922 1888 993 quando
1916 923 2101 978 nobis-

516 1030 639 1071 cum
665 1016 837 1087 agitis.
865 1014 1188 1085 superﬂuum
1230 1029 1450 1085 prorsus
1485 1030 1604 1072 esse
1631 1031 1930 1087 cognosce:
1971 1026 2022 1071 et
2054 1017 2099 1077 si

516 1107 613 1161 tibi
657 1106 994 1177 expugnandi
1042 1107 1374 1163 occurrerint
1413 1106 1726 1173 Sabelliani,
1774 1107 1828 1162 in
1870 1122 1963 1163 eos
2000 1108 2100 1163 ista

515 1196 670 1252 nobis
697 1197 953 1268 vobisque
979 1196 1305 1264 communia,
1337 1198 1382 1257 si
1413 1197 1601 1267 placet,
1634 1212 1782 1254 arma
1823 1207 2096 1259 converte.

512 1288 677 1345 Multa
716 1289 879 1344 etiam
923 1289 1133 1345 locutus
1158 1302 1238 1354 es,
1267 1297 1326 1342 ut
1353 1288 1610 1358 probares
1652 1302 1901 1358 magnum
1931 1289 2097 1345 Deum

511 1394 634 1438 esse
678 1380 961 1437 Dominum
1002 1380 1184 1437 Jesum
1212 1378 1481 1435 Christum
1518 1397 1531 1433 :
1563 1378 1666 1439 hoc
1692 1379 1818 1450 quid
1856 1379 1925 1438 ad
1971 1394 2091 1449 nos,

508 1486 633 1528 cum
663 1471 766 1529 hoc
808 1471 1049 1529 dicamus
1096 1480 1153 1528 et
1191 1473 1333 1527 nos?
1358 1471 1570 1533 Laudes
1612 1486 1825 1542 quoque
1867 1470 2096 1543 Spiritus

508 1562 682 1619 sancti
723 1578 944 1635 magnas
971 1577 1232 1633 verasque
1263 1561 1443 1622 fudisti
1470 1580 1483 1616 :
1511 1562 1607 1625 sed
1646 1577 1744 1621 nos
1772 1577 1862 1619 eas
1900 1578 2097 1635 augere

507 1666 815 1724 possumus,
843 1668 949 1709 non
976 1668 1172 1724 negare
1198 1671 1213 1707 :
1242 1668 1348 1709 non
1395 1652 1573 1723 itaque
1600 1667 1736 1724 opus
1765 1661 1884 1710 erat
1920 1663 1979 1712 ut
2001 1669 2095 1713 eas

504 1753 692 1799 contra
738 1758 840 1803 nos
884 1744 1114 1811 diceres,
1142 1758 1275 1815 quas
1313 1743 1539 1810 dicimus
1582 1751 1781 1804 tecum.
1822 1744 2093 1803 Christum

506 1832 706 1893 sedere
742 1833 812 1890 ad
836 1833 1113 1899 dexteram
1161 1834 1358 1904 Patris,
1398 1849 1575 1890 nonne
1620 1836 1820 1904 pariter
1868 1837 2095 1907 conﬁte-

506 1924 667 1982 mur?
702 1924 857 1994 Quod
907 1934 1084 1986 tamen
1130 1923 1451 1993 testimoniis
1494 1923 1799 1987 divinorum
1853 1926 2095 1998 eloquio-

505 2031 626 2073 rum
654 2015 733 2072 sic
756 2016 987 2088 probare
1012 2016 1248 2087 voluisti,
1279 2025 1528 2087 tanquam
1558 2016 1611 2072 id
1639 2017 1833 2079 alicubi
1873 2033 2094 2089 negare-

507 2121 650 2164 mus.
682 2105 954 2172 Christum
984 2107 1039 2173 in
1075 2122 1236 2170 carne
1262 2106 1496 2174 venisse,
1524 2106 1735 2178 utrique
1772 2110 2016 2165 novimus
2038 2118 2096 2167 et

503 2206 789 2256 tenemus:
820 2198 899 2261 sic
926 2197 1213 2267 adhibuisti
1255 2206 1313 2254 ut
1349 2196 1453 2269 hoc
1479 2197 1703 2254 doceres
1729 2198 1907 2257 divina
1944 2201 2096 2257 testi-

498 2289 700 2357 monia,
736 2298 986 2361 tanquam
1028 2304 1410 2360 repugnemus.
1443 2288 1568 2359 Haec
1593 2299 1648 2352 et
1688 2291 1791 2353 alia
1819 2306 1938 2363 qua!
1980 2293 2093 2351 suis

503 2380 781 2436 ostendam
814 2380 963 2447 locis,
998 2381 1051 2437 in
1082 2380 1274 2452 quibus
1304 2396 1522 2451 operam
1551 2397 1938 2452 supervacuam
1962 2400 2093 2447 con-

502 2472 718 2540 trivisti,
750 2482 809 2529 ut
856 2489 1038 2531 moras
1082 2482 1345 2537 necleres.
1376 2482 1693 2546 tempusque
1740 2476 2089 2549 produceres,

501 2567 977 2636 commemorando
1025 2568 1293 2639 attingere
1343 2566 1515 2626 debeo
1538 2609 1555 2638 ,
1607 2582 1718 2635 non
1770 2569 2092 2642 redarguere

499 2658 842 2729 disputando.
1966 2712 1969 2715 ,

571 2750 795 2808 CAPUT
814 2751 1098 2821 PRIMUM.
1112 2783 1183 2792 —
1195 2751 1336 2808 Dicis
1352 2766 1439 2808 me
1452 2752 1643 2808 auxilio
1657 2753 1940 2827 principum
1981 2771 2092 2818 mit-,-

498 2841 683 2911 nilum,
701 2858 801 2897 non
818 2842 956 2913 loqui
966 2842 1240 2913 secundum
1254 2843 1479 2897 timorem
1496 2842 1593 2899 Dei
1609 2859 1629 2909 ;
1653 2858 1774 2899 cum
1788 2844 1925 2914 scias
1938 2844 2091 2906 nobis

497 2946 618 2988 esse
647 2940 968 3003 praeceptum
997 2948 1153 2988 orare
1180 2947 1276 3003 pro
1304 2933 1519 3003 regibus
1537 2975 1553 3001 ,
1589 2942 1649 2988 ut
1684 2934 1737 2989 in
1758 2935 2088 3004 agnitionem

499 3024 720 3093 veniant
738 3025 978 3082 veritatis
1010 3024 1059 3097 (l.
1074 3025 1207 3081 Tim.
1232 3042 1291 3094 ιι,
1309 3026 1365 3094 2,
1396 3027 1451 3097 4)
1481 3043 1494 3079 :
1522 3027 1664 3098 quod
1691 3027 1743 3082 in
1773 3027 2091 3097 quibusdam

499 3129 619 3171 esse
653 3115 929 3187 impletum
949 3156 965 3182 ,
1004 3131 1103 3178 nos
1131 3116 1240 3182 Deo
1266 3117 1470 3187 agimus
1493 3120 1719 3188 gratias,
1750 3133 1847 3173 vos
1875 3118 2087 3175 doletis.

500 3204 680 3275 Verba
696 3214 874 3262 autem
894 3216 1073 3261 nostra
1087 3216 1231 3267 recte
1251 3206 1668 3278 intelligentibus
1693 3207 1948 3277 indicant,
1971 3212 2090 3280 quis

496 3306 739 3363 nostrum
763 3297 1010 3368 loquatur
1029 3297 1318 3365 saeundum
1348 3296 1595 3367 timorem
1622 3296 1759 3365 Dei:
1791 3307 1970 3363 utrum,
1998 3299 2087 3368 qui

494 3388 575 3447 sic
603 3387 783 3453 laudat
815 3388 981 3463 Deum
1022 3387 1231 3449 Patrem
1251 3427 1267 3453 ,
1296 3396 1352 3451 ut
1377 3385 1443 3441 ad
1474 3386 1589 3458 ejus
1616 3385 1827 3445 laudem
1853 3387 2049 3445 relemt
2070 3430 2085 3455 ,

496 3479 640 3551 quod
667 3479 766 3535 sibi
797 3478 986 3537 Filium
1013 3476 1289 3549 generavit
1323 3476 1613 3547 aequalem;
1643 3491 1709 3542 an
1731 3477 1918 3548 quisic
1940 3479 2089 3549 geni-

497 3582 675 3639 tprem
706 3569 1023 3634 dehonestat
1049 3576 1105 3624 et
1130 3567 1401 3643 genitum,
1429 3576 1487 3623 ut
1523 3576 1577 3631 et
1615 3568 1763 3634 illum
1799 3568 1942 3624 dicat
1979 3584 2087 3633 non

494 3661 736 3732 potuisse.
775 3660 993 3732 gignere
1036 3674 1131 3730 per
1170 3658 1349 3728 omnia
1397 3658 1481 3715 sui
1521 3659 1748 3717 similem
1791 3660 1987 3727 lilium,
2033 3670 2089 3719 et

493 3753 655 3816 istum
682 3751 825 3807 dicat
853 3766 960 3822 non
982 3750 1332 3827 degenerasse
1357 3749 1469 3827 jam
1493 3757 1705 3829 uatum,
1729 3750 1824 3808 sed
1852 3751 2087 3825 degens-.1

493 3858 609 3910 rem
637 3853 843 3917 natum.

565 3934 791 3993 CAPUT
821 3933 883 3992 ll.
912 3964 983 3989 -φ
1009 3932 1149 4001 Dicis
1182 3950 1271 4000 vos
1308 3934 1564 3999 Christum
1604 3933 1786 4000 colere,
1827 3944 1883 3997 ut
1918 3935 2087 4003 Deum

494 4026 659 4094 amitis
685 4034 945 4098 creaturae,
976 4026 1057 4079 cui
1079 4027 1296 4096 ﬂectitur
1321 4042 1467 4080 omne
1490 4042 1640 4097 genu,
1663 4026 1958 4097 etelestium,
1992 4038 2084 4082 ter-

493 4118 729 4172 restrium
757 4126 800 4172 et
829 4118 1146 4189 infernoer
1174 4132 1196 4191 ξ
1214 4132 1381 4189 quem,
1416 4125 1595 4171 tamen
1631 4117 1749 4181 Deo
1784 4117 1927 4171 Patri
1966 4132 2086 4179 esse

495 4226 603 4266 non
648 4210 807 4267 vultis
851 4210 1129 4279 aequalem,
1165 4208 1288 4279 quia
1329 4210 1424 4263 hoc
1462 4208 1619 4262 Pater
1656 4210 1703 4263 ei
1742 4210 1945 4265 donavit
1972 4213 2087 4267 :ait

493 4303 637 4356 cnim
664 4301 951 4383 Apostolus
969 4341 984 4365 ,
1018 4299 1238 4369 Propter
1260 4298 1398 4369 quod
1431 4309 1477 4353 et
1505 4298 1640 4365 Deus
1668 4317 1782 4353 eum
1810 4301 2080 4370 exultavit,

493 4402 542 4456 et
570 4392 773 4455 donavit
799 4392 849 4455 ei
872 4407 1050 4454 nomen
1078 4390 1216 4461 quod
1251 4400 1323 4457 est
1358 4407 1510 4461 super
1535 4408 1681 4445 omne
1709 4408 1889 4448 nomen
1912 4434 1927 4458 ,
1954 4404 2007 4448 ut
2030 4396 2084 4461 in

493 4485 696 4539 nomine
712 4483 747 4539 Ι
752 4500 839 4539 esu
864 4500 1011 4539 omne
1033 4500 1164 4555 genu
1191 4485 1444 4557 flectatur,
1467 4493 1571 4547 etc.
1593 4484 1702 4541 Nec
1730 4487 1969 4570 quaeritis
1996 4487 2081 4543 cui

491 4578 798 4643 donaverit;
837 4585 1010 4631 utrum
1043 4577 1279 4642 homini,
1310 4592 1379 4631 an
1417 4577 1546 4632 Deo.
1589 4578 1898 4646 Quomodo‘
1935 4582 2078 4637 enim

490 4669 803 4744 donaverit,
848 4669 1120 4735 evidenter
1146 4680 1383 4742 apparet.
1416 4670 1739 4739 Humiliavit,
1768 4673 1964 4744 inquit,
1996 4693 2079 4730 se-

491 4742 759 4832 metipsum
786 4779 941 4833 usque
958 4763 1026 4815 ad
1046 4772 1256 4817 mortem
1272 4804 1286 4827 ,
1318 4772 1527 4817 mortem
1546 4774 1714 4817 autem
1742 4766 1922 4819 crucis.
1948 4767 2082 4823 Prov

492 4864 601 4923 pter
633 4854 770 4925 quod
805 4864 852 4908 et
886 4852 1023 4908 Deus
1059 4870 1172 4907 eum
1209 4854 1466 4920 exaltavit,
1497 4864 1545 4908 et
1575 4856 1779 4909 donavit
1814 4856 1859 4909 ei
1900 4874 2079 4914 nomen

490 4944 625 5016 quod
646 4953 716 5013 est
739 4960 892 5016 super
916 4960 1062 5013 omne
1088 4960 1268 5003 nomen
1298 4942 1557 5013 (Philipp.
1591 4960 1649 5010 ιι,
1680 4945 1733 5009 8,
1764 4943 1842 5016 9).
1873 4944 1927 5002 Si
1950 4962 2083 5018 ergo.

487 5044 771 5105 prapterea
800 5035 1017 5105 donavit
1043 5035 1091 5090 ei
1119 5050 1316 5099 nomen
1338 5033 1478 5104 quod
1504 5043 1586 5089 est
1611 5050 1771 5105 super
1795 5050 1954 5092 omne
1983 5054 2083 5103 ιιοε

487 5142 633 5191 men,
661 5126 782 5196 quia
816 5125 986 5182 factus
1011 5134 1095 5181 est
1127 5123 1383 5191 obediens
1407 5138 1573 5204 usque
1605 5124 1672 5179 ad
1698 5134 1926 5195 mortem
1952 5142 2075 5182 cru-

487 5222 600 5285 cis;
629 5217 888 5292 numquid
910 5227 1192 5285 antequam
1223 5217 1324 5284 hoc
1352 5215 1520 5282 ﬁeret,
1546 5232 1649 5283 non
1680 5225 1795 5283 erat
1816 5218 1954 5283 altus
1980 5219 2074 5291 Dei

489 5311 655 5366 Filius
696 5312 865 5377 Deus,
915 5309 1006 5364 Dei
1051 5307 1320 5374 Verbum,
1371 5307 1510 5371 Deus
1555 5306 1694 5377 apud
1736 5306 1930 5374 Deum;
1981 5308 2075 5362 sed

487 5410 833 5472 posteaquam
860 5383 1074 5471 propter
1100 5399 1202 5471 hoc
1226 5396 1486 5455 exaltatus
1510 5404 1624 5471 est,
1653 5397 1773 5466 quia
1804 5397 1973 5464 factus
1992 5407 2075 5467 est

488 5492 743 5557 obediens
778 5506 947 5560 usque
988 5490 1053 5545 ad
1095 5496 1318 5543 mortem
1356 5488 1561 5553 crucis,
1603 5495 1727 5541 tunc
1766 5488 1928 5557 etrapit
1953 5504 2072 5544 esse

487 5582 627 5647 altus
655 5582 744 5643 Dei
773 5581 952 5651 Filius,
987 5582 1172 5641 unicus
1203 5580 1314 5643 Dei,
1345 5580 1503 5647 Deus,
1533 5587 1659 5633 tunc
1685 5579 1844 5649 coepit
1876 5578 2073 5641 habere

488 5691 682 5743 nomen
714 5673 853 5745 quod
883 5683 965 5729 est
996 5688 1153 5743 super
1188 5687 1343 5735 omne
1370 5670 1598 5737 nomen?
1635 5669 1764 5738 Quis
1810 5670 1909 5725 hoc
1948 5669 2073 5726 insi-

555 5811 570 5844 ί
598 5818 647 5860 ιιι
667 5817 794 5872 uss,
824 5808 1035 5871 Quando.

1119 345 1389 404 CONTRA
1429 342 1820 402 MAXIMINUM
1859 343 2264 404 ARIANORUM
2303 347 2703 429 EPISCOPUH,
2744 354 2805 411 S.
2847 355 3220 427 AUGUSTINI

3690 362 3788 421 760

2213 468 2573 538 pientissimus
2595 472 2827 531 dixerit?
2858 476 2968 532 Hoc
2989 478 3065 533 illi
3088 494 3216 551 ergo
3236 480 3489 537 donatum
3510 491 3594 538 est
3616 494 3676 539 ut
3700 484 3798 539 ho-

2210 562 2363 635 mini,
2385 566 2675 624 secundum
2695 585 2852 640 quem
2884 572 3045 629 Filius
3066 573 3233 630 factus
3252 586 3335 632 est
3353 577 3607 634 obediens
3627 594 3798 650 usque
3828 620 3843 631 .

2210 657 2276 713 ad
2305 670 2528 716 mortem
2558 676 2750 731 eruets,
2779 666 2921 735 quod
2954 666 3063 737 jam
3102 667 3331 725 habebat
3366 671 3508 727 idem
3546 675 3662 743 ipse
3701 674 3797 729 Dei

2209 749 2396 817 Filius,
2422 752 2559 808 Deus
2586 754 2653 809 de
2678 755 2788 810 Deo
2813 766 2965 811 natus
2985 759 3223 829 aequalis.

2279 841 2502 900 CAPUT
2528 843 2615 898 ΙΙΙ.
2636 875 2709 886 -
2732 846 2930 916 Objicis
2981 850 3110 903 mihi
3133 891 3148 917 ,
3174 850 3315 921 quod
3338 851 3510 907 dicam
3537 854 3794 924 Spiritum

2208 940 2451 987 sanctum
2477 937 2736 1005 aequalem
2765 954 2885 994 esse
2910 939 3067 996 Filio.
3099 942 3229 997 Dico
3255 943 3429 1014 plane.
3461 944 3563 1010 Da,
3590 948 3791 1017 inquis,

2207 1025 2490 1079 testimonia
2512 1028 2594 1081 ubi
2614 1030 2858 1084 adoretur
2880 1032 3350 1102 Spiritussanctus.
3381 1037 3451 1093 Ut
3470 1037 3643 1104 video,
3668 1039 3799 1095 hinc

2206 1130 2329 1170 eum
2349 1117 2429 1171 vis
2454 1119 2660 1174 ostendi
2677 1123 2932 1191 mqualem
2951 1124 3184 1193 Christo,
3207 1127 3253 1182 si
3278 1128 3529 1185 adoretur
3554 1139 3613 1185 ut
3633 1130 3799 1187 Chri-

2205 1217 2341 1262 stus.
2386 1208 2501 1264 Jam
2543 1226 2670 1282 ergo
2708 1217 2963 1271 mutitare
3007 1217 3277 1274 Christum
3319 1220 3463 1275 Patri
3505 1222 3795 1293 aequalem,

2203 1313 2361 1369 quem
2394 1311 2447 1355 tu
2479 1302 2591 1372 ipse
2609 1304 2821 1361 adorari
2837 1308 3108 1365 conﬁteris
3130 1322 3184 1366 ut
3210 1312 3442 1369 Patrem.
3470 1314 3663 1381 Quales
3688 1331 3798 1370 au-

2204 1400 2311 1446 tem
2344 1392 2584 1449 homines
2619 1396 2749 1453 estis
2770 1439 2783 1462 ,
2817 1414 2975 1469 quam
3016 1402 3277 1474 religiosae
3316 1404 3658 1474 humilitatis,
3697 1408 3797 1479 qui

2201 1480 2455 1552 Spiritum
2498 1498 2737 1544 sanctum
2777 1491 3004 1549 adorare
3042 1511 3147 1550 non
3195 1497 3371 1562 vultis,
3412 1513 3532 1555 cum
3578 1500 3793 1573 legatis,

2202 1573 2393 1629 Littera
2412 1578 2612 1643 occidit,
2647 1578 2874 1651 Spiritus
2893 1592 3057 1638 autem
3078 1587 3292 1656 vivi/icat
3320 1590 3339 1659 (
3359 1588 3401 1644 11
3426 1589 3546 1645 Cor.
3567 1606 3646 1659 ιιι,
3673 1590 3707 1646 6
3728 1594 3752 1661 )
3770 1593 3801 1645 2

2200 1665 2317 1721 Non
2346 1669 2506 1724 vultis
2530 1685 2655 1742 ergo
2683 1672 2908 1730 adorare
2928 1717 2942 1742 ,
2971 1692 3127 1746 quem
3159 1679 3423 1735 viviﬁcare
3448 1681 3653 1737 animas
3681 1696 3797 1737 non

2200 1759 2449 1829 negatis:
2481 1777 2600 1816 eum
2655 1773 2807 1835 pater
2858 1766 3125 1822 Abraham
3172 1770 3413 1826 homines
3458 1772 3796 1839 adoraverit,

2199 1850 2319 1920 quia
2340 1856 2783 1913 concesseruntei
2814 1867 3236 1927 monumentum,
3269 1860 3356 1915 ubi
3382 1874 3603 1933 poneret
3632 1879 3790 1919 mor-

2200 1946 2305 1994 tuae
2326 1954 2521 2010 corpus
2548 1945 2747 1999 uxoris.
2783 1945 2872 2001 Sic
2896 1947 3038 2003 enim
3071 1949 3325 2020 scriptum
3346 1948 3429 2007 eSt
3460 1970 3475 2007 :
3516 1952 3657 2007 Venit
3694 1970 3796 2008 air-

2199 2038 2297 2084 tem
2334 2030 2590 2087 Abraham
2631 2034 2872 2107 plangere
2913 2036 3101 2093 Seram
3146 2049 3191 2095 et
3228 2039 3414 2111 lugere.
3457 2042 3525 2095 Et
3565 2046 3797 2099 surreait

2198 2119 2455 2175 Abraham
2490 2124 2555 2177 de
2588 2141 2747 2196 supra
2787 2137 2995 2183 mortem
3037 2131 3167 2201 ejus,
3199 2141 3249 2185 et
3281 2133 3411 2188 dixit
3449 2135 3569 2203 ﬁliis
3601 2134 3733 2190 "eth
3769 2154 3796 2193 :

2199 2208 2503 2282 Peregrinus
2530 2222 2576 2267 et
2601 2216 2795 2271 advena
2818 2234 2930 2273 sum
2950 2236 3040 2291 ego
3063 2221 3352 2289 vobiscum;
3378 2225 3494 2278 date
3516 2242 3634 2296 ergo
3660 2228 3799 2282 mihi

2198 2303 2558 2370 possessionem
2583 2309 2911 2376 monumenti,
2936 2310 3020 2363 ubi
3045 2311 3286 2381 sepeliam
3312 2324 3563 2369 mortuum
3589 2333 3788 2372 meum.

2196 2392 2584 2463 Responderunt
2609 2408 2776 2453 autem
2799 2401 2896 2469 ﬁlii
2926 2400 3060 2457 Heth
3096 2404 3165 2457 ad
3200 2404 3458 2461 Abraham
3480 2447 3495 2473 ,
3525 2407 3742 2463 dicentes
3773 2426 3798 2464 :

2196 2483 2335 2539 Absit
2381 2487 2495 2553 hoc,
2538 2489 2776 2558 domine;
2813 2492 2935 2546 audi
2960 2510 3096 2548 nunc
3117 2504 3164 2550 et
3193 2512 3285 2551 nos
3313 2512 3333 2552 :
3358 2515 3447 2553 rex
3471 2517 3503 2552 a
3530 2500 3635 2555 Deo
3656 2510 3708 2554 tu
3729 2518 3797 2557 es

2194 2578 2248 2632 in
2275 2580 2415 2634 nobis
2432 2596 2453 2645 ;
2484 2582 2538 2635 in
2564 2584 2734 2639 electis
2759 2588 3094 2642 monumentis
3127 2590 3311 2644 nostris
3343 2593 3499 2662 sepeli
3527 2604 3791 2649 mortuum

2195 2679 2344 2725 tuum
2368 2689 2386 2727 :
2411 2690 2556 2729 nemo
2600 2676 2731 2729 enim
2777 2688 3002 2732 nostrum
3037 2681 3263 2749 prohibet
3305 2692 3352 2736 te
3391 2700 3422 2735 a
3461 2697 3795 2741 monumento

2194 2778 2318 2825 suo,
2368 2773 2423 2817 ut
2469 2767 2681 2835 sepelias
2727 2776 2978 2823 mortuum
3022 2779 3164 2825 tuum
3208 2773 3297 2827 ibi.
3348 2774 3574 2845 Surgens
3620 2787 3795 2832 autem

2200 2855 2455 2910 Abraham
2500 2859 2727 2913 adoravit
2753 2860 2945 2930 plebem
2982 2863 3206 2932 ﬁliorum
3242 2863 3378 2919 Hetlt
3406 2868 3426 2936 (
3446 2865 3575 2922 Gen.
3616 2883 3791 2938 mir,

2193 2946 2331 3021 2-7).
2356 2948 2425 3003 Et
2445 2964 2539 3003 vos
2560 2950 2813 3021 Spiritum
2836 2961 3075 3009 sanctum
3101 2970 3203 3009 non
3225 2957 3527 3025 permittitis
3547 2959 3791 3029 adorari,

2195 3048 2254 3094 ut
2291 3040 2393 3109 ipsi
2424 3041 2515 3096 Dei
2556 3044 2738 3112 gratiae
2777 3046 3099 3106 remaneatis
3142 3047 3367 3117 ingrati!
3404 3049 3529 3118 Sed,
3562 3050 3666 3117 Da,
3702 3052 3793 3107 in-

2194 3130 2333 3201 quis,
2373 3133 2654 3187 testimonia
2687 3135 2774 3188 ubi
2810 3136 3053 3191 adoratur
3094 3138 3319 3209 Spiritus
3356 3150 3560 3197 sanctus
3586 3158 3605 3197 :
3630 3146 3793 3214 quasi

2194 3236 2300 3275 non
2326 3236 2391 3276 ex
2422 3223 2488 3277 iis
2521 3240 2638 3293 qua:
2674 3225 2897 3295 legimus
2922 3269 2938 3296 ,
2980 3230 3153 3299 aliqua
3179 3231 3337 3285 etiam
3363 3247 3482 3302 quae
3509 3248 3615 3288 non
3643 3236 3792 3305 legi-

2196 3326 2337 3377 mus,
2371 3313 2744 3383 intelligamus.
2787 3316 2898 3372 Sed
2921 3334 2986 3373 ne
3010 3335 3251 3389 quaerere
3279 3323 3442 3395 multa
3468 3327 3791 3397 compellar,

2193 3415 2249 3462 tu
2290 3407 2376 3461 ubi
2417 3407 2586 3478 legisti
2618 3409 2826 3465 Patrem
2859 3411 3023 3466 Deum
3056 3413 3345 3484 ingenitum
3382 3416 3465 3471 vel
3502 3417 3793 3475 innatum?

2193 3496 2260 3551 Et
2310 3506 2485 3551 tamen
2530 3514 2714 3554 verum
2761 3510 2863 3555 est.
2916 3502 3067 3571 Quod
3097 3520 3225 3560 vero
3252 3506 3533 3577 aliquoties
3563 3510 3787 3577 dixisti,

2192 3590 2354 3646 etiam
2396 3591 2530 3646 Filio
2568 3607 2688 3647 esse
2721 3592 3188 3665 incomparabilem
3219 3597 3429 3654 Patrem
3450 3642 3466 3667 ,
3495 3616 3596 3656 nec
3624 3601 3789 3674 legis,

2191 3698 2292 3740 nec
2312 3699 2493 3740 verum
2520 3693 2620 3740 est.
2647 3686 2704 3741 Si
2735 3694 2910 3742 autem
2935 3689 3244 3761 religionem
3265 3706 3369 3762 qua
3394 3692 3590 3749 colitur
3616 3695 3788 3763 Deus,

2190 3775 2327 3831 sicut
2352 3776 2566 3851 digntun
2604 3785 2687 3831 est
2725 3780 2987 3850 cogitares
3006 3820 3022 3847 ,
3051 3782 3215 3836 multo
3242 3783 3359 3852 plus
3386 3798 3505 3840 esse
3530 3800 3793 3844 cerneres

2190 3867 2329 3938 quod
2370 3867 2530 3923 habet
2570 3869 2797 3938 Spiritus
2838 3879 3052 3927 sanctus
3082 3873 3358 3942 templum,
3391 3891 3549 3945 quam
3578 3878 3622 3931 si
3657 3893 3789 3934 cum

2190 3960 2392 4032 legeres
2421 3959 2719 4015 adoratum.
2748 3962 2814 4016 Et
2834 3960 3078 4031 homines
3106 3964 3247 4019 enim
3270 4006 3285 4033 ,
3323 3964 3459 4020 sicut
3486 3981 3647 4038 supra
3680 3968 3787 4024 do-

2189 4046 2296 4116 cui,
2338 4064 2367 4102 a
2394 4051 2592 4105 sanctis
2631 4052 2873 4107 novimus
2901 4052 3150 4110 adoratos
3184 4073 3197 4109 :
3230 4057 3485 4126 templum
3512 4074 3643 4112 vero
3667 4076 3786 4116 non
3843 4130 3851 4143 .

2189 4151 2272 4196 est
2300 4142 2490 4196 factum
2514 4143 2580 4197 ab
2612 4142 2934 4210 hominibus,
2964 4146 3065 4201 nisi
3093 4156 3183 4202 aut
3202 4163 3329 4203 vero
3353 4150 3484 4215 Deo,
3514 4151 3653 4205 sicut
3680 4151 3793 4206 Sa-

2188 4232 2377 4289 lomon
2393 4233 2544 4301 fecit;
2576 4244 2666 4289 aut
2690 4238 2768 4291 eis
2792 4237 2878 4306 qui
2910 4253 3006 4307 pro
3028 4238 3128 4294 diis
3156 4240 3419 4305 habentur
3437 4285 3452 4311 ,
3479 4243 3610 4299 sicut
3634 4260 3788 4315 gen-

2189 4334 2269 4382 tes
2289 4341 2409 4396 qute
2436 4326 2680 4397 ignorant
2702 4328 2886 4383 Deum.
2919 4329 3145 4399 Spiritus
3170 4342 3346 4388 autem
3373 4342 3598 4399 sanctus,
3622 4339 3788 4407 quod

2186 4432 2307 4471 cum
2335 4432 2525 4487 magno
2548 4417 2750 4474 honore
2780 4419 2847 4475 de
2881 4420 2989 4476 Deo
3017 4422 3215 4477 dictum
3248 4433 3352 4493 est,
3384 4442 3485 4480 non
3512 4427 3564 4481 in
3594 4445 3793 4484 marm-

2186 4510 2334 4579 factis
2373 4511 2570 4579 templis
2598 4510 2789 4565 habitat
2818 4512 2836 4583 (
2861 4513 2974 4566 Act.
3003 4530 3127 4579 xm,
3150 4515 3221 4570 24
3241 4515 3260 4586 )
3280 4560 3296 4582 ,
3326 4518 3418 4573 sed
3448 4534 3641 4589 corpus
3676 4538 3790 4577 no-

2189 4612 2355 4657 strum
2382 4604 2635 4674 templum
2658 4613 2737 4660 est
2766 4605 2992 4675 Spiritus
3018 4609 3205 4664 sancti.
3235 4610 3301 4664 Et
3326 4627 3392 4666 ne
3417 4627 3642 4683 corpora
3676 4633 3790 4671 no-

2184 4705 2292 4751 stra
2323 4705 2651 4763 contemnas,
2683 4698 2920 4754 membra
2940 4709 3063 4754 sunt
3087 4700 3284 4757 Christi
3328 4704 3347 4774 (
3367 4704 3381 4756 Ι
3423 4704 3540 4759 Cor.
3565 4723 3638 4773 vt,
3665 4710 3742 4764 l9
3770 4754 3786 4777 ,

2185 4788 2313 4858 15).
2345 4788 2529 4855 Qualis
2558 4805 2683 4860 ergo
2712 4790 2852 4845 Deus
2876 4834 2890 4857 ,
2920 4793 3001 4847 cui
3030 4794 3284 4865 templum
3311 4795 3630 4866 aediﬁcatur,
3667 4810 3729 4856 et
3756 4818 3790 4858 ιι

2183 4878 2312 4939 Deo.
2342 4879 2485 4933 etde
2506 4880 2758 4935 membris
2788 4882 2919 4935 Dei?

2250 4968 2478 5026 CAPUT
2526 4969 2616 5025 IV.
2645 5002 2715 5012 —
2739 4973 2879 5027 Dicis
2902 4973 3160 5029 Christum
3186 4993 3292 5032 esse
3315 4978 3367 5032 in
3394 4978 3600 5034 dextera
3636 4980 3747 5038 Dei
3767 5026 3786 5048 ,

2182 5070 2228 5113 et
2252 5060 2573 5129 interpellare
2602 5078 2694 5132 pro
2720 5065 2860 5117 nobis
2890 5062 3063 5136 (Rom.
3094 5083 3207 5134 vut,
3239 5066 3351 5140 54).
3380 5070 3530 5137 Quod
3551 5086 3650 5125 cur
3678 5090 3791 5128 no-

2181 5149 2263 5204 bis
2289 5149 2496 5220 objicis,
2541 5152 2586 5207 si
2628 5168 2749 5207 eum
2790 5170 2893 5209 non
2934 5157 3105 5210 solum
3154 5158 3347 5225 Deum,
3376 5175 3560 5215 verum
3605 5166 3788 5221 etiam

2182 5241 2449 5299 hominem
2491 5247 2773 5315 agnoscis?
2809 5248 2945 5313 Quid
2974 5259 3022 5304 te
3053 5250 3221 5319 igitur
3235 5252 3468 5322 adjuvat,
3505 5257 3650 5324 quod
3681 5274 3789 5316 se-

2179 5334 2306 5390 dere
2325 5334 2392 5390 ad
2421 5334 2693 5392 dexteram
2726 5339 2896 5393 Patris
2923 5341 3134 5395 assidue
3156 5343 3385 5413 legitur?
3422 5345 3553 5412 Quid
3587 5348 3787 5415 nobis,

2180 5438 2284 5481 non
2310 5426 2524 5497 quidem
2552 5429 2796 5484 inanibus
2821 5433 3157 5499 testimoniis,
3188 5436 3283 5490 sed
3305 5448 3480 5492 tamen
3510 5438 3787 5509 inaniter,

2180 5517 2404 5587 probare
2433 5519 2618 5575 niteris
2642 5521 2782 5591 quod
2811 5522 3057 5578 fatemur.

2247 5609 2471 5667 CAPUT
2513 5612 2575 5665 V.
2604 5644 2676 5654 —
2703 5615 2843 5669 Dicis
2883 5631 2970 5670 vos
3014 5616 3262 5687 Spiritum
3291 5630 3518 5675 sanetum
3555 5638 3788 5695 compe-

2178 5711 2336 5757 tenter
2364 5704 2608 5759 honorare
2635 5715 2687 5758 ut
2711 5706 2982 5772 declarent,
3014 5719 3066 5762 ut
3091 5710 3400 5777 ducatorem,
3424 5723 3477 5766 ut
3499 5714 3789 5771 illumina-

2175 5804 2358 5864 torem,
2398 5804 2452 5849 ut
2479 5797 2929 5867 sanctiﬁcatorem;
2963 5800 3214 5857 Christum
3254 5804 3445 5874 colere,
3478 5813 3531 5859 ut
3566 5818 3787 5863 creato.

2428 6046 2457 6070 ρ
