4042 6448
212 369 306 428 761
1552 369 1752 426 LIBER
1792 369 2171 432 SECUNDUS.

214 499 344 549 rem;
376 479 592 536 Patrem
619 496 734 536 cum
763 481 960 536 sincera
985 480 1244 536 devotione
1270 481 1504 549 adorare,
1535 492 1588 536 ιιι
1616 495 1797 538 aucto-

212 590 332 627 rem.
378 572 438 628 Si
479 582 755 629 auctorem
797 581 1076 644 propterea
1119 573 1252 630 dicis
1293 573 1526 639 Patrem,
1568 577 1690 645 quia
1733 575 1800 631 de

214 665 326 734 ipso
351 673 437 720 est
473 664 645 722 Filius
665 706 681 734 ,
715 681 820 721 non
849 675 931 722 est
953 676 1129 722 autem
1159 666 1272 737 ipse
1299 667 1367 722 de
1401 667 1566 733 Filio;
1596 678 1650 724 et
1677 670 1800 739 quia

213 755 276 811 de
301 754 400 810 illo
422 765 480 810 et
517 755 656 810 Filio
694 756 773 810 sic
811 756 1050 827 procedit
1087 757 1316 827 Spiritus
1340 767 1574 821 sanctus,
1601 767 1662 812 ut
1687 759 1800 828 ipse

214 843 309 902 hoc
348 844 564 900 dederit
606 845 742 901 Filio
783 847 1048 917 gignendo
1083 862 1207 903 eum
1238 847 1428 912 talem,
1461 856 1518 902 ut
1543 848 1702 903 etiam
1731 849 1800 905 de

214 941 324 1010 ipso
355 939 617 1010 procedat
643 939 871 1008 Spiritus
896 947 1148 995 sanctus:
1171 941 1216 994 si
1240 948 1536 995 creatorem
1565 941 1644 995 sic
1669 939 1800 997 dicis

213 1033 424 1098 Filium,
453 1042 516 1088 ut
543 1041 838 1088 creatorem
865 1047 970 1087 non
997 1047 1160 1103 neges
1181 1032 1392 1087 Patrem
1422 1047 1522 1088 nec
1545 1032 1800 1102 Spiritum

213 1132 484 1188 sanctum;
516 1124 562 1178 si
591 1123 819 1194 denique
843 1123 1100 1193 Spiritum
1141 1133 1381 1178 sanctum
1421 1125 1500 1179 sic
1531 1125 1664 1179 dicis
1704 1125 1802 1181 do—

211 1223 410 1270 ctorem
435 1255 451 1279 ,
490 1214 800 1270 ducatorem
820 1253 836 1279 ,
872 1214 1304 1280 illuminatorem,
1333 1214 1798 1278 sanctiﬁcatorem,

213 1317 263 1362 ut
291 1307 412 1362 haec
437 1322 604 1376 opera
635 1321 734 1361 nec
759 1306 903 1361 Patri
920 1305 1115 1361 audeas
1133 1305 1344 1360 auferre
1369 1321 1472 1361 nec
1499 1306 1633 1361 Filio
1659 1326 1672 1362 :
1701 1307 1799 1363 ista

212 1407 291 1453 tua
334 1397 504 1454 etiam
545 1405 725 1452 nostra
751 1398 855 1452 sint
878 1397 1058 1452 verba.
1101 1396 1158 1452 Si
1183 1406 1358 1452 autem
1387 1399 1509 1453 talia
1537 1399 1628 1454 tibi
1659 1398 1800 1454 idola

212 1489 358 1559 ponis
395 1488 450 1544 in
483 1487 647 1544 corde
669 1528 685 1555 ,
714 1496 770 1550 ut
795 1487 930 1542 duos
958 1487 1121 1542 facias
1144 1486 1295 1554 deos,
1329 1503 1490 1542 unum
1519 1489 1795 1560 majorem,

212 1578 258 1634 id
282 1587 390 1645 est,
417 1578 660 1644 Patrem,
683 1578 846 1632 alium
877 1578 1158 1643 minorem,
1186 1578 1237 1633 id
1262 1587 1362 1644 est,
1396 1579 1588 1633 Filium
1613 1597 1627 1646 ;
1677 1579 1800 1650 Spi-

209 1670 361 1724 ritum
386 1683 521 1724 vero
543 1678 783 1724 sanetum
809 1668 880 1722 ita
905 1668 1142 1723 omnium
1185 1669 1343 1724 trium
1384 1670 1660 1724 minimum
1697 1672 1800 1724 lin-

209 1778 328 1833 gas,
363 1771 425 1818 ut
463 1776 566 1817 nec
597 1762 762 1816 Deum
792 1775 1100 1831 nuncupare
1133 1761 1406 1832 digneris:
1434 1777 1539 1816 non
1570 1761 1685 1817 haec
1718 1771 1802 1818 est

210 1863 385 1909 nostra
419 1852 578 1922 ﬁdes,
601 1853 850 1924 quoniam
874 1867 980 1908 non
1005 1861 1086 1907 εει
1105 1852 1396 1909 christiana
1426 1853 1581 1922 ﬁdes,
1608 1871 1670 1911 ac
1696 1871 1795 1926 per

209 1945 302 2001 hoc
320 1961 427 2002 nec
453 1945 610 2001 ﬁdes.
640 1945 813 2000 Etiam
838 1946 939 2000 hoc
964 1945 1058 2000 tibi
1085 1946 1427 2016 ignoscimus,
1454 1947 1595 2018 quod
1625 1949 1798 2018 impe-

210 2037 304 2091 rite
335 2050 472 2092 usus
506 2036 671 2092 verbo
693 2075 708 2102 ,
756 2034 1012 2091 Christum
1053 2036 1362 2107 signiﬁcasti
1388 2038 1456 2091 ad
1483 2049 1679 2093 terrena
1706 2040 1800 2094 de-

209 2130 458 2186 scendisse
482 2129 736 2198 contagia.
765 2128 833 2184 Et
856 2129 979 2199 quia
1017 2129 1119 2184 hoc
1146 2129 1198 2184 in
1238 2138 1294 2185 te
1329 2131 1595 2202 corrigere
1624 2131 1796 2200 volui,

211 2230 262 2275 ut
289 2220 464 2277 scires
503 2219 746 2291 contagia
769 2219 1038 2290 quomodo
1066 2221 1336 2291 appellare
1371 2222 1688 2289 debeamus;
1713 2241 1801 2278 ca-

212 2312 425 2386 lumnias
457 2327 568 2366 esse
603 2312 733 2365 istas
769 2311 933 2383 dicis,
971 2320 1018 2365 et
1051 2327 1136 2365 eas
1182 2313 1247 2367 de
1276 2313 1637 2384 philosophica:
1675 2317 1800 2371 artis

209 2405 531 2459 instructions
577 2404 742 2460 venire
780 2404 1075 2478 arbitraris.
1121 2403 1326 2460 Sufﬁcit
1371 2405 1500 2460 mihi
1549 2407 1689 2477 quod
1727 2408 1798 2463 ita

209 2495 399 2566 putasti
444 2494 718 2549 Christum
765 2493 838 2555 ad
882 2502 1090 2549 terrena
1141 2493 1486 2551 descendisse
1531 2498 1794 2568 contagia,

209 2597 261 2642 ut
287 2597 468 2642 tamen
499 2586 830 2642 conﬁtereris
858 2586 1060 2641 nullum
1085 2586 1334 2643 habuisse
1363 2598 1656 2658 peccatum.

270 2679 504 2736 CAPUT
544 2679 632 2734 VI.
670 2710 743 2720 —
781 2679 918 2734 illud
971 2694 1100 2735 sane
1159 2681 1303 2752 quod
1350 2677 1794 2752 commemoravi,

210 2781 388 2844 partus
416 2771 754 2836 animalium,
784 2786 902 2841 qua:
939 2786 1060 2826 cum
1099 2780 1310 2828 terrena
1339 2774 1446 2828 sint
1470 2784 1628 2845 atque
1650 2790 1797 2830 mor-

209 2864 344 2928 talia,
375 2863 482 2918 hoc
503 2872 686 2918 tamen
707 2862 926 2932 gignunt
949 2862 1092 2932 quod
1113 2863 1226 2932 ipsa
1250 2872 1391 2932 sunt,
1425 2872 1482 2918 ut
1509 2864 1670 2920 homo
1697 2865 1799 2920 ho-

207 2958 423 3020 minem,
447 2957 597 3011 canis
626 2969 847 3021 canem;
873 2963 1002 3024 puto
1030 2955 1170 3026 quod
1198 2970 1301 3009 non
1329 2966 1642 3026 aspernatus
1672 2956 1800 3011 hor-

208 3047 377 3114 ruisti,
407 3045 506 3102 sed
527 3057 581 3102 te
605 3047 877 3116 aspernari
904 3055 1062 3116 atque
1089 3046 1310 3102 horrere
1338 3047 1555 3114 ﬁuxisti,
1580 3048 1793 3116 dicens,

210 3149 304 3194 tam
340 3140 536 3212 [tedam
577 3139 1000 3209 comparationem
1023 3139 1078 3192 in
1101 3139 1244 3193 illam
1272 3149 1464 3194 tantam
1489 3141 1799 3197 immensita-

210 3242 298 3287 tem
343 3231 452 3287 non
496 3231 725 3287 debuisse
761 3232 994 3301 produci.
1035 3232 1141 3286 Cur
1165 3233 1312 3288 enim
1338 3233 1440 3288 hoc
1465 3233 1666 3300 dixisti,
1694 3235 1796 3292 nisi

208 3340 269 3381 ne
297 3325 397 3381 tibi
431 3325 505 3381 de
534 3325 664 3394 ipsis
687 3323 1118 3395 oorruptibiiibus
1156 3323 1351 3380 fetibus
1387 3326 1566 3383 fauces
1600 3328 1797 3384 veritas

208 3399 498 3488 premeret,
525 3404 581 3472 et
615 3425 668 3472 te
695 3418 962 3487 respirare
988 3433 1091 3471 non
1122 3419 1356 3485 sineret,
1386 3420 1523 3474 sicut
1551 3428 1606 3475 et
1628 3419 1796 3478 facit?

206 3507 608 3580 Qandoquidem
644 3515 943 3563 creaturam
978 3509 1380 3579 corruptibilem
1410 3512 1629 3566 cernitis
1650 3553 1664 3577 ,
1694 3511 1797 3575 hoc

205 3601 339 3672 quod
371 3601 488 3671 ipsa
517 3610 600 3654 est
636 3600 850 3670 gignere
889 3598 1052 3654 fetum
1084 3614 1236 3654 suum
1256 3642 1270 3666 ,
1308 3612 1362 3656 et
1393 3601 1556 3656 Deum
1581 3601 1794 3658 Patrem

205 3695 630 3764 omnipotentem
668 3691 885 3747 creditis
922 3706 1028 3746 non
1071 3691 1308 3762 potuisse
1341 3693 1441 3747 nisi
1476 3693 1592 3764 ejus
1633 3693 1796 3765 dege-

204 3794 426 3842 nerante
454 3792 640 3840 natura
669 3784 886 3855 gignere
915 3784 1130 3839 unicum
1154 3800 1329 3840 suum.

265 3876 499 3934 CAPUT
534 3875 645 3930 VII.
679 3875 875 3930 —Sed
915 3875 1085 3931 dicis:
1116 3875 1364 3931 Dominus
1401 3875 1674 3933 Dominum
1711 3895 1796 3950 ge-

202 3970 339 4032 nuit,
371 3969 510 4022 Deus
539 3966 706 4021 Deum
742 3967 944 4038 genuit,
989 3966 1100 4022 Rea:
1130 3968 1315 4038 Regem
1352 3970 1559 4042 genuit,
1588 3969 1797 4025 Creator

203 4059 491 4114 Creatorem
515 4059 722 4130 genuit,
752 4057 913 4112 bonus
937 4057 1123 4112 bonum
1149 4060 1336 4130 genuit,
1359 4062 1560 4130 sapiens
1593 4064 1796 4132 sapien—

203 4164 296 4209 tem
313 4155 510 4226 genuit,
539 4153 753 4207 clemens
773 4151 1086 4215 clementem,
1111 4163 1286 4221 potens
1313 4163 1580 4222 potentem.
1613 4154 1669 4209 Si
1694 4154 1795 4210 sub

203 4245 281 4304 his
306 4244 493 4302 verbis
533 4259 724 4300 cavere
759 4253 810 4298 te
841 4253 993 4314 putas
1017 4243 1157 4313 quod
1187 4244 1338 4298 vobis
1367 4244 1614 4314 objicitur
1633 4288 1648 4312 ,
1687 4262 1793 4302 non

201 4352 292 4392 vos
323 4335 553 4392 credere
582 4335 746 4388 Deum
773 4335 1008 4403 potuisse
1032 4335 1247 4402 gignere
1284 4333 1333 4388 id
1364 4335 1501 4404 quod
1528 4344 1610 4391 est
1643 4335 1755 4407 ipse
1774 4379 1790 4401 ,

201 4437 252 4482 et
285 4427 414 4482 ideo
448 4425 605 4491 dicis,
654 4423 902 4479 Dominus
941 4422 1218 4477 Dominum
1247 4425 1437 4495 genuit,
1467 4423 1604 4480 Deus
1634 4427 1796 4480 Deunt

200 4518 373 4589 genuit
399 4556 415 4584 ,
443 4525 499 4572 et
531 4523 724 4571 cratera
754 4533 767 4569 :
796 4529 891 4568 cur
919 4529 1048 4584 ergo
1072 4514 1208 4568 sicut
1232 4514 1409 4568 dixisti
1434 4555 1448 4581 ,
1479 4513 1669 4569 Potens
1698 4533 1793 4586 po-

201 4620 386 4664 tentem
403 4623 422 4673 ;
449 4622 554 4661 non
576 4606 730 4671 dicis,
748 4604 1092 4675 Omnipotens
1105 4603 1559 4673 omnipotentem?
1580 4605 1636 4658 Si
1653 4606 1793 4675 quod

200 4701 372 4758 sentis
402 4700 481 4753 vis
506 4698 685 4753 dicere
705 4739 718 4762 ,
748 4697 862 4753 dic:
897 4696 1150 4750 Dominus
1175 4694 1364 4765 major,
1392 4694 1665 4750 dominum
1697 4696 1796 4750 mi-

201 4808 394 4848 norem
419 4790 629 4861 genuit;
655 4789 794 4843 Deus
820 4787 1008 4857 major,
1034 4787 1192 4842 deum
1219 4787 1510 4853 minorem;
1543 4788 1656 4842 Rex
1685 4804 1796 4843 ma-

196 4885 312 4954 jor,
343 4896 528 4952 regem
557 4881 846 4944 minorem;
890 4879 1110 4933 Creator
1149 4877 1346 4947 major,
1376 4887 1667 4934 creatorem
1697 4880 1796 4932 mi-

201 4991 424 5038 norem;
455 4973 644 5028 melior
666 4972 883 5036 bonum,
906 4971 1193 5039 sapientior
1218 4971 1535 5042 sapientem,
1557 4973 1795 5027 clemen-

200 5071 306 5128 tior
349 5069 703 5134 clementem,
737 5066 1004 5137 potentior
1045 5075 1337 5136 potentem.
1377 5065 1430 5121 Si
1474 5075 1650 5122 autem
1697 5068 1796 5122 ista

200 5179 310 5217 non
351 5162 520 5227 dicis,
558 5168 614 5215 et
651 5158 780 5213 nihil
823 5159 998 5211 minus
1024 5173 1180 5228 quam
1209 5157 1366 5211 Pater
1396 5157 1575 5223 habet,
1606 5158 1794 5214 Filium

201 5254 410 5311 habere
456 5252 756 5317 conscntis,
806 5266 902 5305 cur
929 5266 1035 5304 non
1079 5249 1214 5305 dicis
1251 5249 1544 5319 aequalem?
1594 5249 1658 5304 Et
1709 5251 1795 5306 illa

200 5347 386 5402 omnia
407 5361 503 5401 cur
523 5359 627 5399 non
653 5344 730 5398 sic
754 5343 1039 5413 percurris,
1062 5351 1120 5396 ut
1139 5341 1317 5396 dicas:
1345 5342 1597 5395 Dominus
1625 5358 1798 5411 arqua-

201 5436 309 5492 lem
345 5415 639 5491 Dominum
683 5434 904 5506 genuit,
950 5434 1092 5489 Deus
1131 5433 1389 5503 aequalem
1435 5432 1634 5498 Deum,
1682 5435 1795 5491 Rex

200 5528 472 5599 aequalem
501 5527 722 5597 Regem,
751 5524 971 5581 Creator
985 5525 1241 5594 aequalem
1263 5523 1591 5590 Creatorem,
1625 5525 1796 5582 bonus

200 5621 485 5694 aequaliter
517 5621 714 5675 bonum
735 5661 748 5682 ,
791 5619 1003 5688 sapiens
1032 5618 1304 5689 aequaliter
1331 5617 1645 5687 sapientem,
1685 5619 1794 5674 cle-

202 5729 367 5767 mens
405 5713 678 5780 aequaliter
711 5709 1058 5776 clementem,
1086 5717 1273 5779 potens
1303 5709 1579 5778 aequaliter
1603 5720 1794 5779 poten-

203 5803 362 5859 tem?
385 5801 439 5857 Si
467 5811 646 5858 autem
674 5814 834 5871 negas
861 5799 1137 5870 aequalem,
1170 5806 1351 5871 aperte
1378 5798 1461 5854 dic
1487 5813 1606 5856 esse
1629 5799 1790 5872 dege-

1912 503 2114 544 nerem.
2147 489 2262 546 Non
2293 494 2433 548 enim
2459 513 2614 567 quem
2639 501 2796 557 deum
2833 504 3113 574 minorem,
3143 507 3207 562 de
3237 504 3344 565 Deo
3374 529 3491 568 ma-

1904 578 2022 649 jore
2042 590 2222 638 natum
2247 600 2367 642 esse
2384 589 2578 656 dicitis,
2601 595 2789 650 saltem
2818 596 2955 656 sicut
2976 598 3226 661 infantem
3251 617 3492 660 crescere

1911 669 2102 761 sinitis,
2133 683 2190 728 ut
2214 677 2498 746 aliquando
2522 696 2619 739 suo
2644 684 2784 739 Patri
2813 689 2981 756 possit
3006 703 3125 744 esse
3150 692 3386 761 aequalis.
3413 695 3492 749 Ad

1907 760 2011 817 hoc
2036 766 2176 819 enim
2217 782 2338 822 eum
2371 772 2660 840 perfectum
2690 777 2864 834 dicitis
2889 795 3007 834 esse
3040 790 3218 835 natum
3246 823 3262 849 ,
3305 800 3408 838 non
3438 795 3494 839 ut

1907 853 2030 909 hinc
2060 856 2176 912 laus
2201 859 2315 929 ejus
2341 874 2626 929 cresceret,
2652 869 2745 923 sed
2774 880 2830 924 ut
2857 871 3029 929 minor
3051 873 3165 946 ejus
3191 886 3378 932 natura
3409 893 3494 933 rc-

1906 957 2167 1002 manerct.
2199 950 2262 1004 Et
2288 967 2406 1006 cum
2431 955 2526 1008 ista
2554 960 2816 1020 sentiatis.
2841 965 3079 1039 sequeris
3107 974 3305 1034 tamen,
3332 977 3386 1023 et
3411 968 3492 1022 di-

1906 1037 1984 1092 cis
2012 1055 2027 1090 :
2059 1038 2208 1095 Nihil
2228 1042 2475 1098 subtraxit
2506 1045 2664 1114 Pater
2703 1051 2757 1111 in
2794 1037 3078 1122 generando
3103 1055 3318 1112 Filium.
3347 1059 3492 1128 Quo—

1907 1128 2065 1183 modo
2094 1131 2224 1186 nihil
2251 1134 2510 1190 subtraxit
2539 1138 2594 1192 in
2619 1145 2924 1209 generando
2952 1145 3164 1214 Filium,
3197 1165 3353 1219 quem
3383 1167 3490 1207 non

1905 1220 2161 1290 aequalem
2192 1226 2405 1292 genuit,
2442 1228 2534 1282 sed
2567 1230 2866 1287 minorem?
2908 1235 2990 1290 An
3034 1236 3153 1292 ideo
3192 1239 3320 1294 nihil
3360 1241 3489 1295 sub-

1909 1312 2084 1378 traxit,
2112 1314 2234 1383 quia
2266 1315 2394 1370 nihil
2426 1332 2612 1374 eorum
2640 1337 2758 1392 quae
2786 1323 3052 1394 gignendo
3077 1327 3242 1394 dedit,
3275 1331 3492 1387 abstulit

1905 1405 2081 1472 genito
2097 1405 2128 1470 ἳ,
2150 1406 2223 1460 ita
2249 1423 2377 1464 sane
2400 1409 2530 1465 nihil
2553 1414 2812 1470 subtraxit
2836 1436 2851 1470 :
2873 1418 2966 1473 scd
2989 1429 3042 1474 et
3070 1421 3190 1475 ﬁliis
3215 1423 3488 1479 hominum

1904 1494 1993 1564 qui
2022 1511 2275 1567 prospere
2299 1509 2618 1572 nascuntur,
2650 1505 2780 1560 nihil
2806 1508 2978 1564 aufert
3005 1509 3228 1566 Creator
3249 1513 3358 1582 jam
3392 1511 3489 1569 na;

1906 1587 2006 1653 tis;
2035 1589 2160 1658 quin
2187 1592 2363 1660 potius
2387 1595 2570 1662 addit,
2617 1607 2673 1652 ut
2713 1599 2932 1658 accedat
2963 1605 3324 1667 crescentibus
3349 1605 3489 1678 quod

1904 1681 2246 1735 nascentibus
2272 1682 2457 1752 defuit.
2487 1686 2620 1754 Quid
2648 1704 2774 1760 ergo
2804 1697 3052 1761 magnum
3083 1693 3149 1748 dc
3174 1695 3328 1752 Patre
3354 1697 3508 1754 dixir

1905 1771 1972 1824 sti
1999 1786 2121 1841 erga
2149 1774 2359 1829 unicum
2392 1776 2581 1846 Filium
2603 1821 2616 1843 ,
2646 1765 2734 1850 qui
2765 1797 2867 1837 non
2895 1799 2959 1838 ex
2991 1784 3159 1840 nihilo
3185 1787 3269 1841 vel
3299 1803 3361 1842 ex
3388 1783 3489 1842 ali?

1904 1874 2005 1936 qua
2042 1864 2264 1918 materia
2294 1864 2482 1934 factus,
2507 1869 2599 1924 sed
2627 1886 2690 1925 ex
2723 1872 2840 1942 ipso
2868 1882 3022 1929 natus
3047 1875 3169 1932 est?
3209 1876 3344 1944 Quid
3379 1895 3493 1933 ma-

1904 1965 2064 2020 gnum
2095 1961 2177 2007 est
2201 1955 2322 2024 quia
2351 1973 2454 2011 non
2481 1959 2742 2014 subtraxit
2761 1962 2901 2032 quod
2930 1964 3097 2031 dedit,
3131 1967 3176 2020 si
3201 1967 3341 2037 quod
3363 1967 3493 2024 dare

1903 2045 2095 2114 potuit,
2129 2061 2232 2100 non
2260 2047 2437 2104 dando
2457 2050 2751 2122 subtraxit?
2783 2055 2876 2109 Ubi
2905 2065 3005 2121 est,
3037 2058 3178 2128 quod
3209 2074 3328 2114 eum
3353 2059 3490 2114 invi-

1902 2135 2028 2192 dum
2058 2153 2162 2192 non
2194 2155 2314 2196 esse
2339 2141 2555 2197 dixisti?
2585 2146 2662 2199 An
2695 2145 2830 2201 forte
2860 2147 2987 2204 dare
3017 2166 3121 2203 non
3152 2153 3364 2219 potuit?
3389 2152 3490 2209 Ubi

1903 2237 1986 2282 est
2014 2230 2392 2298 omnipotentia
2422 2234 2513 2287 Dei
2542 2235 2756 2303 Patris?
2783 2238 3008 2302 Prorsus
3034 2239 3099 2294 ad
3129 2241 3269 2296 hunc
3294 2243 3490 2298 articu—

1904 2316 2011 2372 lum
2039 2334 2125 2374 res
2155 2321 2438 2391 colligitur,
2462 2333 2519 2378 ιιι
2543 2325 2681 2380 Deus
2698 2327 2854 2382 Pater
2874 2331 3128 2400 aequalem
3153 2332 3249 2386 sibi
3272 2335 3491 2404 gignere

1903 2411 2092 2467 Filium
2115 2424 2204 2468 aut
2230 2432 2332 2470 non
2365 2420 2589 2486 potuerit
2610 2461 2624 2486 ,
2655 2430 2744 2474 aut
2769 2422 3016 2477 noluerit.
3062 2423 3116 2479 Si
3151 2441 3255 2479 non
3288 2427 3486 2496 potuit,

1905 2504 2180 2572 inﬁrmus;
2213 2507 2256 2561 si
2287 2508 2483 2576 noluit,
2515 2511 2723 2566 invidus
2752 2512 3033 2568 invenitur.
3075 2514 3179 2571 Sed
3208 2526 3492 2586 utrumque

1903 2595 2006 2650 hoc
2031 2595 2219 2652 falsum
2246 2606 2346 2653 cst.
2393 2599 2538 2655 Patri
2565 2601 2722 2672 igitur
2752 2603 2860 2657 Ι)εο
2884 2605 3052 2660 Filius
3077 2622 3234 2661 verus
3271 2607 3490 2677 aequalis

1904 2695 2004 2742 est.
2031 2688 2085 2744 ει
2117 2698 2336 2759 ergo,ut
2362 2691 2568 2758 laudas,
2600 2692 2771 2762 placet
2801 2695 2889 2748 tibi
2915 2696 3056 2765 quod
3087 2712 3114 2750 a
3147 2714 3231 2752 me
3256 2713 3493 2753 comme-

1903 2789 2163 2834 moratum
2195 2789 2276 2834 est
2295 2822 2310 2848 ,
2341 2779 2626 2836 lnvisibilia
2668 2784 2799 2837 enim
2834 2787 2942 2855 ejus
2964 2828 2978 2854 ,
3017 2803 3104 2854 per
3131 2805 3191 2842 ea
3217 2805 3329 2857 qua:
3356 2793 3491 2859 [tu-ta

1902 2878 2040 2935 sunt,
2060 2869 2308 2924 intellecta
2329 2873 2708 2942 conspiciuntur
2739 2874 2912 2945 (Rom.
2944 2877 3088 2948 tﬁO)
3121 2896 3131 2930 :
3163 2893 3257 2947 per
3275 2879 3324 2932 id
3345 2879 3488 2949 quod

1903 2960 2098 3016 factum
2128 2971 2210 3017 est
2237 2963 2288 3017 in
2317 2972 2558 3019 creatura
2588 2965 2777 3020 visibili
2805 3009 2819 3034 ,
2863 2977 2921 3021 ut
2966 2978 3214 3037 parentes
3256 2969 3306 3023 id
3347 2969 3488 3040 quod

1902 3053 2002 3124 ipsi
2041 3062 2166 3109 sunt
2203 3067 2482 3126 generent,
2529 3058 2763 3130 intellige
2802 3060 3118 3117 invisibilcm
3162 3062 3490 3118 nativitatem

1902 3147 2010 3200 veri
2033 3146 2150 3202 Filii
2174 3149 2291 3220 Dei,
2319 3166 2386 3205 ne
2417 3150 2580 3214 Deum
2614 3151 2825 3207 Patrem
2854 3153 2999 3209 dicas
3029 3155 3078 3208 id
3111 3155 3251 3226 quod
3278 3172 3380 3213 non
3408 3166 3491 3214 est

1901 3239 2017 3309 ipse
2051 3242 2316 3308 genuisse.
2365 3242 2420 3296 Si
2461 3253 2637 3298 autem
2669 3243 2770 3297 hoc
2809 3246 2992 3316 genuit
3026 3247 3167 3316 quod
3211 3257 3294 3302 est
3335 3248 3486 3318 ipse;

1901 3345 2061 3384 unam
2087 3332 2258 3386 Patris
2283 3341 2334 3387 et
2361 3333 2478 3388 Filii
2507 3350 2625 3390 esse
2645 3335 2989 3391 substantiam
3018 3354 3210 3408 negare
3233 3340 3414 3396 nolite.

1971 3420 2197 3478 CAPUT
2239 3423 2368 3476 Vill.
2393 3453 2465 3464 -—-
2488 3425 2603 3480 Jam
2636 3441 2763 3481 vero
2790 3428 3062 3497 sequentia
3094 3445 3211 3498 qua:
3239 3430 3315 3484 sic
3349 3445 3486 3485 con-

1902 3512 2152 3580 nexnisti,
2177 3522 2231 3567 ut
2256 3513 2320 3568 de
2346 3530 2501 3569 cruce
2527 3516 2609 3569 vel
2641 3517 3005 3572 incarnatione
3031 3517 3226 3575 Christi
3259 3521 3488 3588 probare

1901 3602 2055 3656 nobis
2089 3603 2253 3657 velles
2289 3604 2426 3672 quod
2456 3605 2652 3674 pariter
2679 3606 2976 3671 credimus;
3017 3608 3243 3662 servasti
3283 3624 3487 3664 morem

1901 3699 2049 3745 tuum
2080 3709 2093 3745 :
2127 3692 2221 3748 sed
2250 3693 2374 3747 nihil
2410 3693 2503 3748 tibi
2536 3693 2602 3748 ad
2641 3694 2740 3749 ista
2789 3695 3152 3766 respondens,
3188 3698 3348 3753 etiam
3387 3715 3487 3771 ego

1899 3798 2055 3839 servo
2077 3784 2393 3852 promissum
2425 3800 2623 3840 meum.

1969 3873 2194 3931 CAPUT
2240 3875 2329 3930 IX.
2361 3905 2431 3915 —-
2458 3877 2509 3930 i.
2554 3877 2629 3932 De
2667 3875 2922 3932 invisibili
2961 3877 3098 3933 Filio
3141 3894 3262 3934 cum
3299 3895 3486 3952 agere-

1900 3980 2039 4030 mus,
2073 3981 2230 4040 quem
2253 3967 2568 4022 consensisti
2587 3983 2707 4022 essc
2734 3967 3049 4025 invisibilem
3076 3971 3368 4027 secundum
3399 3974 3484 4028 di-

1900 4059 2205 4126 vinitatem,
2239 4061 2327 4128 qui
2361 4061 2508 4130 prius
2537 4059 2709 4116 solum
2747 4060 2961 4117 Patrem
2998 4063 3319 4121 invisibilcm
3363 4083 3485 4125 esse

1901 4163 2350 4220 pra-sumpseras,
2381 4151 2446 4206 ad
2477 4167 2589 4207 rem
2617 4167 2722 4207 non
2756 4155 3069 4222 pertinentia
3106 4158 3272 4212 multa
3301 4158 3484 4216 dixisti

1901 4241 1968 4298 de
1996 4243 2346 4300 invisibilibus
2370 4245 2628 4300 creaturis
2659 4247 2831 4316 :quod
2861 4255 3111 4318 poterunt
3134 4250 3374 4320 judicare
3394 4255 3485 4325 qui

1901 4334 2146 4406 legerint.
2192 4335 2268 4390 De
2315 4336 2561 4392 invisibili
2599 4336 2709 4392 Dco
2749 4337 2888 4394 inter
2923 4355 3020 4394 nos
3045 4342 3220 4411 agitur
3252 4361 3265 4397 :
3301 4353 3354 4398 et
3384 4344 3486 4401 hoc

1899 4435 1982 4482 est
2008 4426 2146 4497 quod
2172 4429 2516 4497 qumstionem
2537 4427 2677 4497 facit,
2701 4431 2820 4501 quia
2851 4447 2947 4486 vos
2968 4433 3289 4490 invisibilem
3312 4437 3485 4494 solum

1900 4517 2109 4571 Patrem
2141 4517 2338 4572 dictum
2367 4520 2582 4588 putatis,
2610 4521 2697 4575 ubi
2723 4522 3010 4591 Apostolus
3041 4527 3134 4593 ait,
3170 4526 3480 4596 Immortali,

1899 4607 2136 4660 invisibili
2164 4608 2258 4661 soli
2280 4607 2381 4662 Deo
2404 4607 2445 4681 (l
2479 4608 2610 4663 Tim.
2637 4627 2675 4677 ι,
2701 4611 2809 4680 l7).
2827 4611 2884 4667 Si
2904 4612 3144 4680 dixisset,
3167 4618 3274 4673 Soli
3303 4619 3442 4672 Patri
3467 4637 3481 4685 ;

1899 4697 2168 4753 difﬁcilius
2191 4698 2417 4755 fortasse
2440 4703 2663 4773 quarstio
2691 4704 3016 4760 solveretur:
3042 4709 3159 4778 quia
3187 4725 3310 4762 vero
3326 4709 3480 4774 dixit,

1900 4792 1996 4846 soli
2034 4789 2180 4857 Deo;
2212 4807 2318 4846 non
2353 4802 2435 4847 est
2466 4794 2645 4864 utique
2675 4805 2861 4850 contra
2904 4813 3002 4852 nos
3032 4816 3044 4854 :
3087 4808 3139 4852 et
3172 4798 3483 4868 Unigcnitus

1901 4885 2095 4955 quippe
2136 4885 2190 4938 in
2229 4884 2321 4938 Dei
2353 4884 2518 4940 forma
2540 4928 2555 4952 ,
2588 4895 2641 4940 et
2667 4888 2896 4957 Spiritus
2925 4898 3137 4944 sanctus
3167 4889 3218 4943 in
3259 4904 3350 4942 sua
3383 4906 3483 4946 na-

1903 4986 2018 5031 tura
2048 4985 2129 5030 est
2155 4976 2452 5030 invisibilis.
2486 4975 2635 5033 Unus
2662 4980 2802 5032 enim
2836 4988 2890 5034 et
2926 4980 3069 5033 solus
3103 4979 3244 5032 Deus
3272 4995 3300 5033 a
3329 4979 3484 5037 nobis

1904 5067 2015 5138 ipsa
2045 5067 2278 5122 Trinitas
2317 5068 2658 5137 praedicatur.
2687 5068 2836 5136 Quod
2871 5079 3044 5125 utrum
3078 5086 3261 5125 verum
3303 5074 3481 5143 sapia-

1904 5175 2021 5214 mus
2042 5201 2054 5221 ,
2087 5160 2136 5213 in
2165 5159 2284 5214 aliis
2317 5159 2445 5214 locis
2475 5176 2503 5212 a
2536 5161 2688 5215 nobis
2714 5170 2794 5215 est
2835 5160 3283 5228 demonstratum,
3314 5175 3366 5219 ct
3393 5165 3483 5220 ubi

1902 5250 2075 5305 adhuc
2103 5264 2235 5319 opus
2258 5249 2434 5316 fuerit,
2467 5250 2937 5305 demonstrabitur.
2967 5251 3118 5307 Nunc
3143 5253 3196 5306 in
3219 5253 3318 5309 ista
3341 5271 3487 5325 qua:-

1903 5343 2075 5398 stione
2101 5358 2205 5396 non
2238 5342 2505 5398 immerito
2533 5351 2706 5411 potest
2732 5357 2967 5407 movere,
2985 5344 3253 5413 quomodo
3279 5344 3346 5400 de
3369 5347 3486 5402 solo

1905 5432 2015 5487 Deo
2035 5473 2050 5497 ,
2079 5431 2168 5510 qui
2199 5440 2280 5486 est
2310 5432 2420 5501 ipsa
2451 5431 2684 5488 Trinitas
2705 5473 2717 5494 ,
2746 5431 2944 5486 dictum
2988 5433 3084 5500 sit,
3116 5431 3365 5490 lnvisibili
3391 5438 3488 5491 soli

1904 5523 2014 5578 Deo
2055 5542 2072 5578 :
2116 5539 2236 5578 cum
2285 5527 2355 5578 sit
2398 5524 2556 5583 etiam
2601 5524 2842 5594 quardam
2885 5524 3162 5582 invisibilis
3200 5535 3482 5594 creatura;

1903 5626 2120 5687 propter
2145 5617 2283 5686 quod
2315 5617 2512 5672 dictum
2537 5627 2618 5672 est
2641 5617 2708 5674 de
2732 5618 2960 5684 Christo,
2978 5619 3097 5688 quia
3145 5621 3197 5675 in
3219 5621 3329 5691 ipso
3352 5641 3446 5676 con
3463 5651 3486 5663 -

1902 5711 2008 5762 (fita
2035 5718 2148 5764 sunt
2178 5707 2347 5762 omnia
2370 5749 2385 5774 ,
2421 5709 2635 5763 visibilia
2674 5720 2721 5765 et
2755 5710 3020 5766 invisibilia
3047 5712 3274 5784 (Coloss.
3306 5733 3341 5780 ι,
3372 5715 3484 5786 l6).

1905 5801 2036 5872 Quia
2065 5815 2192 5872 ergo
2219 5808 2340 5856 sunt
2365 5799 2437 5857 dii
2466 5799 2582 5857 falsi
2623 5801 2876 5872 visibiles,
2905 5802 3251 5872 ideodictum
3271 5813 3376 5879 cst,
3399 5801 3488 5863 ιιι-
