4042 6438
486 347 591 404 765

486 457 670 514 ιυἱεὶὓὶιὶ
697 457 791 512 soli
815 455 922 511 Deo
941 455 1099 510 honor
1125 466 1172 510 et
1200 455 1381 526 gloria.
1402 455 1513 508 Etsi
1544 455 1685 509 enim
1709 463 1790 507 est
1817 459 2058 507 creatura

492 547 805 612 invisibilis,
832 563 939 602 non
971 557 1144 601 tamen
1175 546 1305 599 deus
1345 544 1498 599 nobis
1526 553 1626 598 est.
1660 543 1764 599 Sed
1802 553 1853 598 et
1881 544 1925 597 si
1953 557 2058 597 non

495 638 695 699 dictum
723 648 883 703 esset,
914 638 1010 693 soli
1034 638 1170 700 Deo;
1199 637 1291 692 sed
1320 636 1519 691 dictum
1548 646 1711 701 esset,
1742 636 1867 707 Regi
1896 643 2063 689 autem

493 729 825 797 stcculorum,
857 728 1163 791 immortali,
1202 728 1436 781 invisibili
1464 728 1558 783 soli
1588 727 1749 781 honor
1776 736 1819 780 et
1858 727 2020 797 gloria
2044 740 2063 779 :

492 820 614 889 quis
654 820 753 879 nisi
782 824 918 875 Deus
947 820 1122 873 esset?
1156 818 1334 874 llonor
1355 834 1482 889 ergo
1506 830 1558 875 et
1586 819 1754 889 gloria
1783 819 1881 873 soli
1917 819 2026 873 Deo
2047 859 2063 884 ,

490 912 583 981 qui
630 911 767 964 Deus
806 910 1090 964 invisibilis
1119 918 1234 977 est,
1278 926 1383 965 non
1435 900 1525 980 qui
1564 911 1709 969 solus
1738 909 2017 963 invisibilis
2049 926 2062 963 :

491 1001 741 1071 quoniam
768 1008 869 1066 est,
902 1009 959 1055 ut
982 1000 1234 1067 diximus,
1264 1009 1317 1054 et
1340 1010 1582 1055 creatura
1612 999 1908 1065 invisibilis.
1937 999 2067 1053 Item

493 1092 660 1163 quaeri
702 1101 875 1162 potest
901 1091 1167 1162 quomodo
1192 1092 1391 1146 dictum
1418 1092 1520 1159 sit,
1557 1091 1727 1159 Deum
1759 1106 1902 1144 nemo
1945 1090 2067 1157 vidit

496 1198 718 1255 unquam
751 1182 927 1250 (Joan.
958 1199 1009 1250 ι,
1056 1182 1177 1254 i8);
1224 1198 1344 1237 cum
1389 1182 1627 1253 ejusdem
1672 1182 1877 1237 Domini
1908 1182 2069 1246 verba

494 1275 631 1338 sint,
660 1273 877 1329 Nescitis
912 1275 1030 1347 quia
1059 1276 1237 1346 Angeli
1266 1292 1434 1330 eorum
1477 1293 1672 1346 semper
1696 1275 1862 1329 vident
1892 1275 2083 1346 faciem.

399 1388 415 1429 ε
496 1365 673 1426 Patris
708 1367 803 1421 mei
830 1368 917 1437 qui
955 1367 1009 1421 in
1045 1366 1182 1422 cmlis
1222 1376 1295 1421 est
1338 1366 1548 1437 (Matth.
1580 1382 1732 1432 xvttt,
1767 1366 1900 1433 10)?
1942 1365 2073 1432 Qua:

398 1484 402 1493 ν
496 1460 765 1515 sententia
801 1475 896 1514 vos
924 1458 1232 1530 redarguit,
1264 1459 1354 1529 qui
1384 1459 1602 1519 nescitis
1628 1457 2073 1529 quemadmodum

497 1549 688 1607 dicatis
744 1550 1063 1605 invisibilem
1108 1550 1339 1605 Patrem.
1381 1548 1510 1603 Illud
1556 1557 1733 1615 autem
1777 1547 1918 1618 quod
1960 1547 2071 1616 ait,

500 1642 625 1701 Non
658 1644 776 1713 quia
806 1642 1015 1696 Patrem
1044 1642 1163 1695 vidit
1189 1642 1450 1711 quisquam
1474 1681 1490 1707 ,
1527 1641 1622 1694 nisi
1649 1640 1733 1709 qui
1760 1648 1831 1694 est
1871 1655 1902 1692 a
1931 1638 2072 1705 Deo,

500 1736 583 1793 hic
606 1736 730 1789 vidit
759 1734 971 1788 Patrem
1008 1732 1186 1806 (Joan.
1213 1748 1264 1787 Vt
1285 1774 1299 1796 ,
1327 1732 1452 1803 46);
1494 1731 1560 1785 ad
1605 1730 1846 1784 homines
1888 1728 2091 1789 referri

499 1834 678 1897 potest
703 1824 848 1895 quod
872 1824 1069 1879 dictum
1094 1832 1196 1891 est,
1224 1823 1510 1894 quisquam.
1539 1822 1606 1877 Et
1631 1822 1752 1890 quia
1781 1820 1891 1888 ipse
1916 1818 2077 1874 homo

501 1925 621 1973 erat
642 1918 733 1988 qui
762 1926 887 1972 tunc
912 1915 1227 1986 loquebatur
1251 1915 1303 1969 in
1331 1929 1511 1978 carne,
1539 1914 1610 1968 ita
1642 1912 1745 1973 hoc
1769 1911 1919 1975 dixit,
1942 1925 2005 1965 ac
2031 1910 2077 1965 si

504 2007 727 2074 diceret,
758 2008 872 2063 Non
907 2008 1029 2078 quia
1063 2008 1273 2062 Patrem
1300 2006 1431 2062 vidit
1457 2005 1735 2076 quisquam
1767 2004 2074 2077 hominum.

501 2099 605 2155 nisi
633 2115 731 2169 ego
768 2118 781 2151 :
809 2100 946 2154 sicut
971 2099 1168 2153 dictum
1199 2106 1319 2164 est,
1352 2098 1475 2164 Quis
1499 2098 1699 2167 sapiens
1714 2137 1733 2166 _,
1757 2104 1803 2151 et
1829 2095 2097 2165 intelliget,

503 2191 611 2245 hazc
639 2190 810 2261 (Psal.
830 2206 917 2246 cvt
939 2232 953 2257 ,
982 2192 1071 2260 45)
1093 2192 1116 2243 ?
1139 2190 1253 2244 Non
1282 2172 1425 2244 enim
1454 2198 1508 2244 et
1533 2187 1601 2243 de
1635 2188 1833 2243 sanctis
1862 2185 2078 2256 Angelis

500 2279 555 2336 id
594 2282 758 2351 accipi
796 2290 988 2351 potest.
1021 2281 1174 2337 Unde
1218 2280 1506 2351 Apostolus
1552 2279 1621 2341 de
1668 2278 1918 2333 invisibili
1967 2277 2079 2337 Deo

509 2372 746 2442 apertius
767 2372 940 2440 posuit
965 2390 977 2425 :
1010 2372 1169 2438 Quem
1185 2388 1328 2426 nemo
1355 2371 1613 2425 hominum
1632 2371 1770 2436 vidit,
1798 2387 1887 2446 nec
1913 2368 2081 2424 videre

507 2470 667 2532 potest
688 2462 733 2534 (ι
755 2461 886 2517 Tim.
911 2479 984 2529 vt,
1007 2461 1119 2534 16).
1143 2462 1257 2517 Non
1279 2462 1419 2516 enim
1440 2463 1531 2526 ait,
1551 2461 1751 2523 Nemo;
1775 2460 1888 2526 sed,
1913 2459 2079 2514 Nemo

506 2552 785 2607 hominum.
804 2552 904 2609 Ubi
925 2553 1157 2609 ostendit
1177 2551 1619 2624 quemadmodum
1646 2551 1864 2623 intelligi
1889 2551 2082 2606 debeat

505 2642 648 2713 quod
677 2643 873 2699 dictum
904 2653 1018 2711 est,
1052 2643 1211 2697 Deum
1236 2661 1381 2699 nemo
1405 2643 1528 2698 vidit
1566 2645 1827 2714 unqudnt;
1864 2642 2078 2719 id.est,

503 2748 664 2788 nemo
690 2734 961 2790 hominum
986 2752 999 2787 :
1027 2734 1356 2800 sicut,Nemo
1377 2734 1601 2789 ascendit
1621 2736 1672 2789 in
1696 2734 1878 2790 caelum
1899 2733 2079 2803 (Joan.

509 2838 591 2890 tn,
619 2825 730 2893 15);
764 2840 885 2878 cum
913 2825 1096 2895 Angeli
1124 2825 1331 2879 soleant
1358 2825 1485 2881 illuc
1511 2824 1821 2891 ascendere,
1848 2828 1968 2895 quia
1995 2838 2095 2889 so-W

510 2912 625 2967 lent
660 2913 783 2967 inde
819 2913 1164 2969 descendere.
1202 2913 1312 2969 Nec
1358 2922 1535 2973 tamen
1576 2914 1865 2983 Apostolus
1910 2913 2080 2981 dixit,

505 3003 676 3059 Nemo
730 3004 1004 3060 hominum
1054 3007 1249 3076 poterit
1292 3006 1475 3062 videre
1520 3007 1723 3071 Deum;
1757 3005 1884 3071 sed,
1916 3005 2083 3060 Nemo

505 3102 686 3165 potest.
721 3095 922 3149 Poterit
958 3095 1099 3150 enim
1130 3095 1289 3149 homo
1313 3136 1328 3160 ,
1373 3094 1468 3151 sed
1500 3104 1624 3155 tunc
1662 3110 1780 3150 cum
1819 3105 2084 3151 aeternum

507 3183 611 3238 erit
636 3182 870 3239 ﬁdelium
897 3185 1172 3254 praemium
1193 3226 1208 3250 ,
1250 3184 1434 3239 videre
1477 3185 1664 3240 Deum.
1698 3184 1920 3253 Propter
1943 3183 2086 3253 quod

408 3262 429 3275 “
507 3273 740 3329 Joannes
771 3276 1045 3345 apostolus
1076 3294 1090 3332 :
1124 3275 1448 3330 Dilectissimi
1468 3314 1483 3339 ,
1517 3275 1723 3344 inquit,
1751 3276 1845 3345 ﬁlii
1871 3274 1967 3329 Dei
1993 3292 2082 3329 su-

504 3382 646 3433 mus,
681 3375 726 3420 et
768 3366 992 3421 nondum
1027 3367 1265 3437 apparuit
1297 3367 1418 3437 quid
1459 3366 1646 3421 erimus
1678 3383 1698 3421 :
1734 3367 1918 3421 scimus
1960 3368 2082 3437 quia

508 3475 623 3512 cum
649 3460 972 3530 apparuerit,
1002 3460 1189 3514 similes
1229 3460 1274 3512 ei
1297 3460 1483 3512 erimus
1502 3500 1517 3525 ,
1546 3460 1784 3529 quoniam
1810 3458 2084 3518 videbimus

507 3565 619 3605 eum
639 3551 783 3603 sicuti
810 3550 915 3620 est(
938 3551 955 3605 1
975 3549 1131 3604 Joan.
1158 3567 1234 3615 ιιι,
1262 3550 1339 3621 2).
1359 3550 1492 3617 Quid
1523 3560 1603 3605 est
1620 3565 1744 3620 ergo
1761 3550 1903 3620 quod
1930 3550 2084 3616 dicis,

506 3642 679 3696 solum
712 3657 829 3697 esse
856 3643 1172 3698 invisibilem
1200 3643 1446 3698 Patrem?
1471 3643 1610 3712 quod
1639 3643 1830 3697 frustra
1859 3642 2085 3711 diceres,

506 3735 717 3789 etiamsi
744 3751 772 3788 a
800 3736 913 3790 solo
943 3735 1078 3789 Filio
1105 3735 1393 3790 videretur.
1425 3735 1574 3790 Nunc
1603 3751 1731 3790 vero
1758 3750 1878 3790 eum
1906 3735 2086 3807 divina

510 3834 772 3881 testentur
800 3828 1006 3898 eloquia
1038 3843 1159 3882 eum
1190 3827 1354 3882 videri
1381 3836 1435 3882 et
1460 3828 1525 3882 ab
1544 3828 1778 3899 Angelis,
1802 3828 2085 3885 videndum

510 3920 669 3971 etiam
697 3919 764 3973 ab
794 3919 1116 3983 hominibus,
1145 3935 1264 3975 cum
1294 3920 1417 3975 facti
1441 3920 1636 3975 fuerint
1664 3921 1895 3989 aequales
1913 3923 2089 3991 Ange-

509 4006 576 4061 lis
622 4008 832 4078 (Matth.
865 4026 1007 4076 ιλιι,
1047 4010 1170 4080 ’50);
1210 4010 1335 4080 quid
1377 4020 1458 4064 est
1495 4010 1637 4080 quod
1676 4010 1848 4065 dicis?
1879 4011 1976 4066 Ubi
2007 4018 2091 4066 est

509 4098 653 4169 quod
687 4098 911 4155 deﬁnire
955 4117 1116 4156 ausus
1156 4117 1243 4163 es,
1282 4103 1479 4156 minora
1516 4103 1672 4156 videri
1700 4121 1732 4156 a
1775 4104 2087 4173 majoribus,

510 4190 711 4261 majora
740 4200 907 4243 autem
950 4207 980 4243 a
1020 4191 1294 4246 minoribus
1329 4209 1429 4245 non
1472 4194 1663 4246 videri?
1688 4192 1839 4260 Quod
1869 4193 2084 4263 quidem

510 4290 696 4350 postea
730 4281 1025 4351 perdidisti,
1056 4282 1268 4352 quando
1295 4282 1461 4337 videri
1490 4298 1519 4335 a
1558 4283 1692 4338 Filio
1720 4282 1998 4339 confessus
2026 4298 2086 4339 es

510 4370 758 4438 Patrem,
785 4386 903 4425 cum
946 4380 999 4426 et
1042 4372 1092 4425 in
1134 4372 1245 4441 ipsa
1276 4372 1568 4427 substantia
1607 4373 1894 4428 divinitatis
1933 4374 2082 4429 dicas

512 4459 704 4516 Filium
733 4462 1013 4530 minorem,
1043 4462 1359 4534 Patremque
1389 4464 1661 4534 majorem.
1687 4464 1791 4521 Sed
1849 4466 1972 4537 quid
2004 4467 2086 4521 di-

514 4561 702 4609 cturus
728 4569 786 4608 es
826 4554 893 4610 de
928 4555 1144 4626 Angelis
1167 4597 1183 4623 ,
1209 4556 1297 4627 qui
1327 4572 1538 4627 semper
1568 4557 1747 4612 vident
1772 4557 1961 4613 faciem
1989 4558 2087 4614 Dei

516 4643 725 4699 Patris?
751 4644 1012 4716 Numquid
1046 4655 1259 4717 propter
1287 4647 1525 4718 regulam
1566 4656 1708 4702 tuam
1728 4689 1742 4712 ,
1776 4663 1935 4717 quam
1967 4649 2089 4703 sine

514 4737 941 4795 consideratione
969 4740 1127 4797 fixisti
1146 4781 1161 4808 ,
1189 4741 1405 4812 putandi
1433 4750 1559 4796 sunt
1580 4741 1766 4813 Angeli
1794 4742 1954 4799 Patre
1978 4743 2088 4799 Deo

518 4843 637 4885 esse
666 4830 939 4900 majores?

586 4921 642 4977 2.
660 4922 764 4978 Sed
787 4922 1055 4993 eleganter
1070 4933 1118 4978 te
1134 4923 1404 4977 existimas
1418 4922 1683 4977 invenisse
1699 4922 1838 4992 quod
1856 4921 2086 4990 diceres,

518 5013 605 5070 ubi
635 5014 751 5068 aisti
782 5013 848 5069 de
870 5013 1036 5069 Filio:
1071 5013 1203 5067 Vidit
1220 5031 1338 5083 ergo
1358 5012 1592 5079 Patrem,
1620 5014 1708 5067 sed
1725 5014 1842 5066 vidit
1876 5014 2086 5083 incapa-

516 5104 683 5158 bilem.
707 5104 813 5159 Nec
832 5105 1080 5167 attendis,
1104 5106 1229 5175 ‘quia
1249 5105 1347 5158 etsi
1376 5104 1504 5158 vidit
1530 5104 1897 5174 ineapabilem,
1931 5120 2089 5173 quem

517 5197 650 5249 sicut
670 5204 1049 5266 putas,capere
1066 5212 1169 5250 non
1191 5197 1385 5267 potuit;
1407 5213 1510 5252 non
1542 5206 1717 5251 tamen
1747 5197 2085 5267 invisibilem,

516 5303 671 5356 quem
703 5288 881 5343 videre
912 5290 1098 5359 potuit.
1132 5289 1209 5343 Tu
1238 5300 1413 5345 autem
1443 5290 1718 5344 nobiscum
1748 5306 1853 5345 non
1883 5290 1950 5347 de
1996 5307 2091 5346 ca-

515 5377 676 5446 pabili
708 5388 761 5432 et
790 5379 1098 5449 incapabili,
1132 5379 1227 5434 sed
1256 5379 1321 5434 de
1349 5380 1541 5435 visibili
1565 5390 1619 5436 et
1648 5380 1933 5445 invisibili,
1966 5397 2089 5435 cum

516 5467 612 5521 ista
642 5467 847 5523 diceres
866 5510 879 5528 .
907 5469 1207 5539 disputabas
1238 5488 1252 5524 :
1280 5472 1399 5539 quia
1428 5485 1524 5524 nec
1549 5471 1833 5540 Apostolus
1861 5471 1968 5537 ait,
2005 5472 2089 5525 ln-

515 5557 773 5628 capabili;
806 5558 897 5613 sed
929 5560 1031 5624 ait,
1065 5558 1313 5613 Invisibili
1348 5560 1445 5614 soli
1477 5560 1601 5613 Deo.
1630 5560 1781 5615 Unde
1811 5560 1910 5615 hoc
1941 5562 2090 5617 testi-

516 5649 751 5703 monium
792 5664 887 5719 pro
932 5659 981 5703 te
1021 5638 1378 5705 adhibendum
1419 5650 1645 5722 putasti,
1679 5660 1735 5704 ut
1773 5650 1896 5705 hinc
1934 5653 2093 5707 etiam

515 5740 848 5797 decolorarcs
872 5740 1085 5809 Fiiium,
1116 5748 1363 5812 tanquam
1390 5741 1580 5812 ipsein
1604 5742 1694 5797 Dei
1724 5741 1889 5801 forma
1916 5743 2095 5802 invisi-

1044 343 1313 401 CONTBA
1354 339 1742 397 MAXIMINUM
1783 336 2184 394 ARIANORUM
2225 334 2628 406 EPiSCOPUM,
2667 336 2724 393 S.
2770 336 3136 396 AUGUSTINI

3638 333 3749 391 τόι

2168 450 2290 505 bilis
2311 466 2415 505 non
2438 452 2526 506 sit.
2547 450 2653 507 Sed
2673 453 2921 522 quoniam
2943 454 3162 507 veritate
3182 449 3472 516 convictus,
3492 450 3754 507 eti’ilium

2168 540 2439 596 confessus
2460 557 2519 596 es
2539 542 2874 608 invisibilem,
2900 544 3201 613 praeparasti
3228 542 3342 609 tibi,
3365 552 3620 612 quantum
3640 544 3758 598 exi—

2169 633 2327 689 stimo
2346 674 2360 698 ,
2388 634 2463 687 sic
2488 633 2664 689 dicere
2683 676 2699 700 ,
2728 634 3008 688 Invisibilis
3034 633 3347 688 invisibilem
3372 634 3588 703 genuit;
3615 648 3758 703 quo-

2170 725 2329 780 modo
2356 726 2567 792 dixisti,
2600 738 2775 797 potens
2810 737 3055 798 potentem
3083 744 3102 781 :
3137 735 3194 781 ut
3228 742 3348 781 cum
3384 727 3756 794 diseutercris,

2172 817 2271 871 hoc
2297 833 2327 872 a
2357 827 2406 873 te
2429 818 2694 888 quomodo
2718 818 3001 883 diceretur,
3034 819 3407 888 responderes,
3436 819 3763 875 lnvisibilior

2172 909 2488 965 invisibilem
2515 910 2725 980 genuit,
2756 911 2892 966 sicut
2917 911 3183 980 potentior
3207 922 3477 981 potentem
3494 953 3508 972 .
3535 912 3724 982 sapien
3749 940 3761 952 -

2175 1000 2277 1062 tior
2322 1002 2646 1070 sapientem,
2693 1008 2763 1057 et.
2788 1010 2981 1057 cmtera
3025 1010 3131 1055 tua.
3169 1000 3274 1056 Sed
3302 1017 3459 1070 quam
3488 1002 3765 1070 sapienter

2174 1090 2448 1146 ostendisti
2479 1091 2613 1146 Filio
2642 1092 2986 1161 incapabilem
3015 1092 3223 1148 Patrem
3244 1134 3260 1159 ,
3289 1092 3478 1147 Filium
3510 1108 3637 1149 vero
3664 1108 3761 1153 ea-

2176 1182 2403 1251 pabilem
2432 1183 2597 1243 Patri.
2639 1184 2824 1239 Dixisti
2853 1185 2993 1238 enim
3022 1202 3037 1238 :
3077 1184 3213 1238 Vidit
3254 1201 3371 1254 ergo
3402 1184 3610 1238 Patrem
3629 1226 3644 1246 ,
3670 1194 3763 1241 aut

2175 1272 2296 1327 vidit
2320 1273 2673 1343 incapabilem.
2697 1272 2854 1328 Pater
2871 1283 3059 1340 autem,
3083 1274 3279 1344 inquis,
3300 1275 3371 1329 sic
3390 1275 3519 1329 videt
3541 1274 3759 1341 Filium,

2175 1371 2228 1417 ut
2257 1371 2427 1429 tenens
2454 1365 2509 1417 in
2540 1364 2655 1417 sinu
2688 1380 2779 1434 suo
2815 1372 2863 1420 et
2896 1364 3099 1419 habens.
3131 1364 3221 1425 Sic
3250 1379 3354 1419 non
3382 1365 3592 1433 sapitmt
3611 1406 3627 1430 ,
3657 1363 3763 1417 nisi

2176 1456 2264 1525 qui
2277 1456 2578 1515 .carnaliter
2602 1458 2830 1526 sapiunt.
2859 1457 3045 1512 Sinum
3062 1457 3259 1527 quippe
3285 1458 3376 1512 tibi
3401 1456 3574 1526 ﬁngis,
3604 1464 3663 1510 ut
3684 1457 3765 1510 vi-

2178 1547 2279 1611 deo
2297 1587 2314 1614 ,
2342 1547 2570 1617 aliquam
2596 1547 2941 1621 capacitatem
2973 1548 3190 1617 majoris
3216 1548 3406 1612 Patris,
3439 1562 3541 1616 qua
3567 1546 3765 1601 Filium

2178 1639 2437 1693 minorem
2462 1639 2633 1708 capiat
2660 1647 2817 1708 atque
2853 1639 3157 1694 contineat:
3184 1638 3322 1695 sicut
3346 1638 3616 1697 hominem
3640 1651 3767 1691 cor-

2180 1730 2430 1800 poraliter
2465 1730 2605 1799 capit
2643 1730 2862 1795 domus,
2902 1739 2992 1784 aut
3029 1730 3164 1785 sicut
3193 1730 3341 1785 sinus
3370 1728 3591 1783 nutricis
3620 1728 3767 1797 capit

2180 1819 2453 1875 infantem.
2485 1820 2626 1890 Ergo
2655 1821 2792 1887 inter
2819 1820 3075 1879 mirabilia
3105 1820 3299 1879 Christi
3327 1821 3512 1877 ethoc
3535 1818 3765 1887 deputa-

2182 1910 2355 1977 bitur,
2386 1912 2506 1981 quia
2535 1912 2586 1966 in
2618 1910 2786 1966 forma
2818 1911 3182 1978 servicrevit,
3209 1920 3264 1966 et
3288 1910 3466 1979 major.
3483 1918 3569 1966 est
3592 1908 3765 1963 factus

2181 2015 2337 2070 quam
2368 2001 2421 2065 in
2448 1998 2617 2059 forma
2644 2000 2740 2056 Dei
2767 2000 2955 2065 fuerat,
2982 2011 3039 2056 ut
3064 2016 3184 2056 cum
3211 2001 3356 2071 prius
3383 2009 3684 2069 portaretur
3709 2001 3767 2055 in

2181 2093 2300 2148 sinu
2330 2094 2533 2161 Patris,
2564 2109 2706 2149 nunc
2733 2093 2917 2149 sedeat
2950 2093 3016 2151 ad
3057 2093 3329 2153 dexteram
3359 2092 3551 2161 Patris.
3578 2093 3766 2161 Abjice

2182 2186 2282 2241 ista
2310 2186 2531 2255 puerilia
2556 2186 2639 2240 vel
2660 2186 2949 2245 anicularia
2972 2186 3335 2254 phantasmata
3360 2185 3427 2241 de
3452 2184 3612 2239 corde
3636 2193 3762 2238 tuo:

2183 2285 2237 2331 et
2256 2276 2431 2331 sinum
2452 2276 2623 2333 Patris
2646 2275 2765 2331 ideo
2788 2276 2985 2331 dictum
3007 2276 3211 2345 accipe,
3239 2283 3297 2330 ut
3320 2275 3641 2344 intelligatur
3661 2275 3769 2330 iste

2182 2366 2425 2436 genitus,
2459 2366 2547 2422 ille
2574 2366 2817 2437 genitor;
2862 2382 2968 2421 non
3007 2374 3066 2421 ut
3094 2367 3183 2421 ille
3211 2366 3412 2435 major,
3454 2365 3540 2420 hic
3566 2366 3764 2420 minor.

2182 2456 2315 2525 Nam
2358 2457 2404 2512 si
2448 2456 2755 2527 incapabilis
2792 2466 2874 2513 est
2898 2457 3082 2524 Pater,
3113 2457 3279 2512 Filius
3304 2471 3433 2511 vero
3461 2456 3771 2526 incapabilis

2184 2562 2290 2602 non
2331 2555 2445 2614 est,
2484 2562 2591 2603 non
2620 2548 2875 2603 veraciter
2902 2546 3101 2602 dictum
3127 2555 3238 2614 est,
3271 2545 3456 2603 Omnia
3480 2562 3593 2613 qua:
3618 2544 3768 2599 habet

2186 2638 2343 2692 Pater
2361 2681 2376 2705 ,
2403 2655 2515 2693 mea
2541 2648 2656 2693 sunt
2699 2637 2875 2709 (Joan.
2900 2654 3022 2705 xvt,
3053 2638 3139 2708 15)
3170 2654 3183 2690 :
3212 2636 3637 2707 quandoquidem
3673 2650 3767 2691 re-

2185 2730 2435 2800 sponderi
2460 2731 2508 2789 ei
2538 2739 2745 2807 potest,
2762 2731 2900 2789 Ecce
2926 2730 3368 2801 incapabilitatem
3398 2728 3557 2783 habet
3584 2728 3767 2793 Pater,

2185 2837 2303 2891 qum
2343 2836 2447 2877 non
2479 2831 2695 2881 esttua.
2737 2822 2842 2877 Sed
2870 2822 3120 2893 quoniam
3161 2821 3422 2877 veraciter
3457 2821 3655 2877 dictum
3684 2827 3773 2874 est

2186 2912 2327 2983 quod
2357 2912 2565 2969 Veritas
2593 2912 2759 2980 dixit,
2797 2921 2852 2969 et
2889 2914 3064 2968 omnia
3093 2929 3211 2984 quae
3239 2912 3401 2969 habet
3429 2912 3616 2979 Pater,
3648 2911 3771 2968 Filii

2186 3012 2345 3067 sunt;
2377 3018 2483 3059 non
2511 3014 2684 3074 potest
2707 3020 2813 3060 non
2842 3019 2960 3060 esse
2988 3003 3107 3060 Filii
3136 3012 3563 3076 quantacumque
3591 3006 3664 3059 sit
3688 3004 3773 3060 in-

2187 3097 2497 3167 capabilitas
2523 3099 2714 3165 Patris.
2752 3100 2818 3155 Et
2854 3098 2993 3154 hanc
3032 3098 3243 3163 Domini
3278 3099 3631 3164 sententiam,
3676 3099 3777 3164 ubi

2187 3190 2294 3253 ait,
2327 3188 2509 3243 Omnia
2541 3206 2653 3260 qua:
2682 3190 2826 3243 habet
2856 3189 3044 3255 Pater,
3072 3206 3182 3254 mea
3215 3200 3371 3255 sunt;
3400 3199 3649 3259 tanquam
3679 3203 3772 3245 re-

2188 3280 2477 3335 ctissimam
2520 3280 2755 3351 regulam
2787 3280 2853 3335 ad
2883 3295 3008 3349 vos,
3034 3280 3146 3335 sive
3185 3280 3604 3346 convincendos,
3634 3280 3771 3347 sive,

2189 3372 2328 3441 quod
2356 3371 2522 3440 magis
2546 3371 2807 3439 cupimus,
2831 3372 3193 3443 corrigendos,
3215 3386 3310 3442 per
3332 3371 3495 3426 multa
3515 3371 3775 3427 adbibere

2190 3459 2444 3514 debemus
2484 3478 2497 3514 :
2538 3470 2595 3516 ut
2632 3461 2952 3532 ubicumque
2979 3462 3176 3533 aliquid
3204 3462 3432 3518 tribuitis
3461 3463 3606 3517 Patri
3632 3462 3773 3533 quod

2189 3550 2325 3605 Filio
2350 3550 2621 3622 denegatis
2639 3593 2653 3619 ,
2684 3552 2850 3624 ipsam
2877 3552 3235 3623 ﬁdelissimam
3259 3561 3449 3609 testem
3474 3562 3660 3608 contra
3683 3568 3776 3608 er-

2190 3658 2341 3699 rores
2361 3652 2589 3711 vestros,
2616 3645 2699 3700 vel
2725 3654 2907 3700 contra
2934 3645 3207 3700 mendacia
3234 3645 3608 3715 producamus.
3638 3644 3775 3711 Quid

2191 3750 2324 3807 opus
2352 3747 2432 3791 est
2471 3749 2647 3792 autem
2688 3738 2741 3792 in
2775 3753 2840 3794 eo
2879 3740 2971 3794 tibi
3001 3741 3283 3807 resistere,
3314 3740 3455 3810 quod
3488 3739 3776 3796 humanam

2192 3827 2503 3896 sapientiam
2567 3829 2843 3885 contendis
2906 3846 3025 3885 esse
3076 3831 3371 3897 visibilem;
3424 3846 3546 3886 cum
3605 3831 3779 3901 ipsam

2193 3918 2420 3972 animam
2462 3918 2779 3987 humanam,
2812 3921 2864 3975 in
2913 3936 3016 3991 qua
3062 3931 3144 3976 est
3180 3922 3362 3991 utique
3403 3921 3635 3975 humana
3687 3935 3782 3977 sa-

2195 4007 2428 4076 pientia,
2478 4010 2796 4065 invisibilem
2845 4026 2963 4066 esse
3016 4012 3396 4079 concesseris?
3448 4010 3554 4067 Sed
3608 4008 3783 4081 quod-

2194 4099 2324 4154 libet
2362 4102 2561 4157 sentias
2596 4102 2663 4158 de
2695 4094 2939 4159 universa
2961 4104 3208 4160 invisibili
3231 4113 3495 4171 creatura,
3516 4112 3785 4174 quantum

2196 4192 2263 4248 ad
2287 4193 2451 4247 Deum
2480 4194 2736 4263 pertinet,
2762 4195 2830 4255 de
2858 4210 2964 4265 quo
2994 4196 3131 4251 inter
3173 4211 3269 4252 nos
3299 4196 3490 4266 agitur,
3515 4196 3645 4250 satis
3684 4196 3781 4252 tibi

2195 4281 2611 4339 demonstratum
2652 4293 2734 4341 est
2778 4300 2883 4341 non
2923 4301 3046 4343 esse
3084 4286 3256 4355 solum
3305 4286 3619 4342 invisibilem
3672 4285 3781 4341 Pa.

2195 4382 2329 4429 trem
2338 4414 2351 4428 .

2265 4463 2489 4524 CAPUT
2521 4466 2585 4520 Χ.
2614 4497 2686 4507 --
2723 4468 2772 4522 1.
2801 4467 2963 4522 Putas
2989 4468 3154 4523 Deum
3185 4468 3395 4525 Patrem
3419 4483 3541 4523 cum
3568 4466 3707 4522 Filio
3732 4478 3789 4525 et

2195 4552 2390 4622 Spiritu
2432 4565 2615 4610 saneto
2659 4572 2820 4611 unum
2864 4558 3027 4612 Deum
3072 4572 3191 4612 esse
3238 4572 3345 4612 non
3388 4572 3591 4628 posse:
3625 4558 3788 4613 times

2196 4645 2338 4700 enim
2364 4661 2431 4701 ne
2452 4647 2608 4702 Pater
2629 4648 2773 4703 solus
2795 4663 2898 4703 non
2924 4649 2994 4703 sit
3016 4664 3152 4704 unus
3173 4650 3331 4715 Deus,
3355 4650 3450 4705 sed
3475 4663 3601 4721 pars
3622 4651 3788 4706 unius

2197 4736 2289 4791 Dei
2320 4736 2407 4806 qui
2445 4746 2652 4817 constat
2678 4754 2743 4794 ex
2772 4740 2960 4795 tribus.
3002 4740 3117 4795 Noli
3147 4741 3335 4797 timere
3353 4784 3369 4808 ,
3398 4741 3543 4796 nulla
3571 4741 3630 4796 ﬁt
3658 4756 3786 4811 par-

2197 4828 2327 4883 tium
2358 4828 2652 4896 indeitatis
2676 4831 2875 4886 unitate
2905 4831 3114 4887 divisio.
3155 4831 3305 4888 Unus
3344 4842 3427 4888 est
3456 4834 3595 4888 Deus
3626 4832 3789 4891 Patr:

2197 4929 2250 4976 et
2278 4920 2443 4975 Filius
2469 4930 2523 4975 et
2547 4921 2774 4992 Spiritus
2814 4934 3055 4990 sanctus,
3099 4923 3200 4979 hoc
3240 4935 3323 4980 est
3367 4926 3479 4994 ipsa
3526 4924 3785 4978 Trinitas.

2196 5011 2345 5067 Unus
2375 5021 2457 5066 est
2481 5013 2639 5080 Deus,
2670 5016 2737 5070 de
2760 5032 2864 5086 quo
2888 5016 3086 5072 dictum
3117 5026 3216 5083 cst,
3250 5017 3368 5087 quia
3403 5016 3593 5070 Nullus
3619 5016 3786 5084 Deus,

2197 5103 2295 5155 nisi
2324 5120 2454 5156 unus
2481 5103 2524 5174 (l
2551 5104 2669 5159 Cor.
2696 5122 2817 5173 vut,
2846 5107 2899 5174 4)
2936 5124 2948 5159 :
2981 5115 3035 5162 et
3069 5108 3157 5178 qui
3184 5107 3346 5173 dixit,
3378 5105 3515 5160 Audi
3534 5147 3550 5173 ,
3580 5105 3790 5172 Israel;

2199 5194 2444 5250 Dominus
2474 5195 2608 5251 Deus
2634 5206 2745 5253 tuus
2764 5240 2779 5265 ,
2810 5197 3058 5253 Dominus
3084 5216 3213 5253 unus
3238 5208 3329 5253 est.
3358 5197 3454 5253 Cui
3484 5198 3573 5252 uni
3601 5206 3656 5253 et
3684 5198 3791 5252 soli

2198 5285 2308 5340 Deo
2338 5287 2539 5341 servire
2563 5302 2660 5342 nos
2688 5288 2802 5343 sine
2828 5289 2936 5342 ullo
2962 5289 3210 5358 scrupulo
3232 5288 3589 5357 agnoscimus,
3613 5302 3793 5357 quan-

2198 5376 2268 5431 do
2297 5378 2542 5432 audimus
2569 5388 2622 5433 et
2646 5379 2869 5449 legimus
2897 5397 2909 5431 :
2939 5379 3213 5435 Dominum
3246 5380 3405 5434 Deum
3432 5389 3573 5432 tuum
3598 5380 3795 5432 adora-

2199 5468 2292 5536 bis,
2321 5479 2365 5523 et
2385 5470 2463 5523 illi
2483 5472 2578 5525 soli
2601 5471 2779 5525 servies
2808 5470 3070 5541 (Deut.v1,
3093 5473 3146 5539 4,
3171 5471 3280 5543 15).
3303 5470 3380 5527 Ne
3404 5472 3542 5526 forte
3570 5479 3794 5540 propter

2200 5560 2314 5616 haec
2343 5561 2500 5616 verba
2520 5604 2535 5628 ,
2565 5562 2775 5618 Christo
2802 5566 2952 5633 cujus
2980 5564 3217 5620 membra
3255 5579 3437 5618 sumus
3479 5564 3532 5633 (l
3560 5563 3679 5618 Cor.
3710 5579 3792 5628 vt,

2202 5652 2322 5725 15),
2369 5656 2453 5709 vel
2482 5655 2697 5724 Spiritui
2739 5667 2922 5713 sancto
2961 5658 3111 5728 cujus
3150 5658 3401 5728 templum
3440 5672 3629 5712 sumus
3672 5655 3794 5729 (Id.

2205 5762 2287 5815 ιιι,
2316 5746 2433 5817 17),
2464 5747 2662 5805 servire
2687 5750 2935 5817 nolimus,
2965 5750 3008 5805 si
3033 5750 3172 5821 quod
3199 5750 3395 5807 dictum
3423 5758 3526 5817 est,
3558 5750 3797 5807 Domino
