4084 6442
277 358 386 420 765

279 471 392 527 Deo
417 479 507 527 tuo
530 472 626 530 soli
647 470 851 538 servies,
879 469 958 527 sic
980 469 1362 540 acceperimus,
1388 477 1634 540 tanquam
1656 468 1723 524 de
1745 467 1861 530 solo

278 564 458 631 Patre,
487 575 542 620 et
568 580 671 619 non
700 563 767 620 de
794 564 904 634 ipsa
926 562 1183 618 Trinitate
1202 563 1271 618 sit
1290 561 1511 618 dictum.
1535 561 1641 616 Vos
1663 569 1864 623 autem,

277 668 400 711 cum
447 655 706 726 quaeritur
744 672 772 707 a
810 653 993 719 vobis,
1024 669 1182 723 quem
1226 653 1454 708 credatis
1497 666 1618 708 esse
1655 651 1725 706 de
1761 664 1866 720 quo

275 746 536 816 scriptum
569 756 648 802 cst
667 787 682 810 ,
719 745 962 801 Dominus
993 743 1125 798 Deus
1151 753 1297 812 tuus,
1324 743 1575 798 Dominus
1599 759 1729 796 unus
1755 751 1864 808 est;

273 838 644 908 respondetis,
679 839 818 892 Deus
855 839 1010 892 Pater
1040 845 1141 892 est.
1175 837 1412 907 Itemque
1446 852 1569 892 cum
1611 835 1865 906 quaeritur

272 929 340 986 de
365 945 475 999 quo
502 929 729 984 Domino
759 929 866 984 Deo
891 929 1090 985 dictum
1121 929 1208 993 sit,
1239 927 1514 982 Dominum
1540 926 1697 980 Deum
1725 935 1862 978 tuum

271 1023 536 1088 adorabis,
558 1032 604 1075 et
628 1022 706 1075 illi
724 1022 821 1076 sati
839 1024 1019 1077 servies
1031 1039 1051 1088 ;
1077 1036 1261 1077 rursus
1283 1019 1634 1090 respondetis,
1662 1018 1734 1074 De
1752 1017 1862 1078 Deo

262 1113 450 1181 Patre.
484 1112 636 1183 Tunc
665 1113 814 1168 vobis
838 1113 1030 1168 dicitur
1067 1131 1080 1168 :
1118 1113 1175 1172 Si
1207 1113 1461 1168 Dominus
1500 1111 1642 1166 Deus
1679 1117 1861 1164 noster

270 1203 532 1258 Dominus
559 1217 696 1257 unus
721 1212 833 1276 est,
864 1212 918 1258 et
943 1203 1029 1258 hic
1052 1203 1209 1265 Pater
1231 1211 1342 1268 est;
1375 1216 1538 1271 quare
1566 1215 1660 1256 vos
1688 1199 1858 1256 facitis

269 1293 408 1352 duos
432 1294 680 1348 dominos
704 1294 855 1362 deos,
882 1294 1108 1350 dicendo
1134 1294 1291 1350 etiam
1311 1293 1580 1349 Christum
1607 1307 1726 1348 esse
1748 1292 1858 1346 Do-

266 1386 472 1460 minum
500 1386 710 1441 Deum?
734 1385 864 1440 Item
893 1387 938 1442 si
964 1387 1120 1442 Pater
1142 1396 1244 1453 est,
1271 1387 1356 1444 cui
1383 1385 1474 1440 uni
1500 1385 1724 1440 Domino
1749 1385 1858 1439 Deo

266 1491 331 1546 ac
367 1478 472 1546 soli
511 1478 848 1534 serviendum
877 1488 992 1545 est;
1024 1479 1290 1548 quomodo
1329 1476 1706 1547 obtemperetis
1734 1474 1860 1530 huic

265 1580 544 1640 pra-cepto
563 1613 578 1638 ,
610 1573 699 1642 qui
730 1581 980 1640 tanquam
1009 1573 1234 1628 Domino
1259 1574 1369 1628 Deo
1393 1571 1602 1627 servitis
1625 1579 1682 1626 et
1703 1569 1860 1625 Chri-

265 1662 390 1722 sto?
419 1661 607 1732 Neque
633 1665 776 1722 enim
815 1663 890 1728 illi
927 1665 1028 1730 soli
1067 1665 1264 1728 servit,
1294 1664 1384 1739 qui
1418 1663 1584 1725 servit
1623 1671 1677 1717 et
1711 1661 1857 1716 huic.

266 1753 578 1812 Secundum
627 1754 784 1810 tidem
831 1766 1010 1811 autem
1047 1764 1282 1824 rectam,
1326 1757 1646 1827 quicumque
1689 1755 1860 1824 ipsam

267 1845 588 1902 Trinitatem
619 1862 782 1901 unum
813 1847 1098 1902 Dominum
1139 1847 1303 1902 Deum
1347 1862 1466 1903 esse
1505 1853 1743 1901 nostrum
1781 1843 1862 1900 di-

267 1937 532 2005 dicimus,
563 1937 804 2007 prot‘ecto
850 1954 971 1993 cum
1015 1939 1066 1994 ei
1110 1938 1211 1994 soli
1254 1953 1317 1994 ea
1354 1953 1471 2009 qua:
1501 1937 1611 1992 Deo
1638 1935 1863 1992 debetur

268 2027 528 2084 servitute
553 2029 836 2100 servimus,
864 2029 1092 2086 Domino
1117 2029 1228 2086 Deo
1255 2028 1356 2086 soli
1385 2043 1483 2085 nos
1505 2028 1710 2085 servire
1733 2041 1866 2084 cons

270 2117 505 2175 ﬁdimus.

339 2209 396 2265 2.
449 2210 590 2282 Ergo
618 2252 634 2277 ,
664 2211 872 2282 inquis,
909 2211 1046 2267 Deus
1080 2210 1238 2266 Pater
1281 2227 1400 2282 pars
1437 2219 1509 2272 est
1535 2209 1648 2266 Dei.
1680 2211 1858 2266 Absit.

269 2299 406 2368 Tres
447 2302 590 2356 enim
635 2317 873 2372 personae
917 2311 1040 2358 sunt
1090 2303 1247 2357 Pater
1301 2312 1354 2358 et
1404 2301 1566 2356 Filius
1611 2311 1666 2358 et
1687 2301 1861 2372 Spiri-

270 2401 358 2449 tus
407 2402 626 2448 sanctus
658 2411 670 2447 ε
703 2402 759 2450 et
807 2393 862 2448 hi
891 2403 999 2460 tres
1024 2395 1145 2464 quia
1164 2394 1324 2449 unius
1351 2393 1660 2449 substantiae
1698 2402 1820 2450 sunt
1840 2435 1855 2460 ,

277 2501 443 2546 unum
464 2496 617 2554 sunt,
646 2495 699 2542 et
725 2501 933 2544 summe
959 2503 1123 2542 unum
1156 2495 1300 2552 sunt,
1340 2487 1432 2543 ubi
1465 2487 1610 2542 nulla
1643 2497 1861 2542 natura-

268 2593 411 2644 rum,
449 2579 590 2634 nulla
623 2588 706 2636 est
747 2579 1030 2636 diversitas
1079 2581 1431 2636 voluntatum.
1476 2580 1533 2634 Si
1555 2589 1732 2634 autem
1755 2571 1855 2645 na-

270 2679 388 2724 tura
418 2685 580 2724 unum
611 2679 820 2736 essent,
865 2679 922 2726 et
958 2671 1311 2726 consensione
1351 2686 1456 2726 non
1500 2677 1718 2734 essent,
1751 2683 1857 2723 non

267 2771 478 2816 summe
506 2776 668 2816 unum
696 2769 876 2817 essent
899 2779 914 2817 :
941 2763 986 2817 si
1015 2776 1143 2817 vero
1164 2771 1357 2817 natura
1385 2762 1630 2832 diSpares
1654 2769 1856 2827 essent,

268 2864 438 2917 unum
481 2867 587 2906 non
616 2862 816 2908 essent.
845 2853 909 2908 lli
936 2869 1064 2924 ergo
1093 2862 1202 2909 tres
1221 2894 1237 2920 ,
1259 2854 1354 2922 qui
1381 2869 1546 2908 unum
1573 2859 1701 2909 sunt
1726 2867 1854 2922 pro-

267 2953 391 3013 pwr
417 2943 737 3001 ineffabilem
795 2947 1220 3016 coniunctionem
1250 2947 1498 3016 deitatis,
1525 2964 1630 3019 qua
1668 2947 1858 3003 inetia-

268 3033 450 3093 biliter
470 3037 806 3108 copulantur,
832 3055 970 3101 unus
993 3039 1131 3094 Deus
1156 3049 1261 3094 est.
1308 3039 1476 3094 Porro
1503 3047 1678 3094 autem
1703 3039 1863 3095 Chri-

268 3135 382 3182 stus
400 3143 505 3183 una
535 3143 756 3199 persona
788 3138 871 3186 est
899 3130 1125 3200 geminm
1151 3130 1478 3194 substantiae,
1495 3131 1617 3201 quia
1645 3140 1699 3186 et
1720 3131 1862 3187 Deus

267 3226 322 3272 et
357 3216 520 3273 homo
561 3227 662 3274 est.
707 3219 817 3275 Nec
852 3229 1030 3282 tamen
1076 3221 1219 3284 Deus
1247 3235 1374 3290 pars
1411 3221 1568 3291 hujus
1613 3235 1861 3291 personat

267 3307 372 3384 dici
401 3317 580 3379 potest
607 3328 622 3365 :
652 3310 884 3380 alioquin
915 3311 1081 3367 Filius
1113 3312 1207 3366 Dei
1244 3312 1384 3368 Deus
1423 3321 1708 3382 antequam
1737 3325 1855 3368 sus~

268 3400 476 3470 ciperet
511 3401 732 3456 formam
760 3402 933 3466 servi,
966 3419 1070 3457 non
1095 3395 1210 3458 erat
1236 3412 1396 3468 totus,
1438 3413 1493 3459 et
1517 3403 1692 3460 crevit
1734 3419 1856 3460 cum

266 3489 428 3544 homo
447 3491 712 3545 divinitati
745 3492 862 3562 ejus
885 3494 1129 3548 accessit.
1162 3493 1312 3561 Quod
1344 3494 1390 3548 si
1419 3494 1470 3548 in
1497 3509 1600 3548 una
1629 3508 1856 3564 persona

265 3582 650 3640 absurdissime
681 3584 892 3652 dicitur,
948 3587 1070 3656 quia
1118 3601 1242 3656 pars
1293 3586 1370 3642 rei
1419 3586 1575 3641 ullius
1607 3601 1728 3642 esse
1750 3602 1857 3641 non

268 3683 445 3744 potest
467 3676 639 3741 Deus;
673 3685 871 3747 quanto
900 3677 1068 3748 magis
1103 3693 1224 3747 pars
1260 3677 1536 3733 Trinitatis
1583 3693 1704 3734 esse
1749 3693 1857 3734 non

269 3775 468 3838 potest,
514 3768 836 3838 quicumque
880 3785 1014 3825 unus
1061 3769 1114 3824 in
1163 3769 1374 3826 tribus?
1416 3769 1616 3826 Deinde
1663 3769 1750 3824 ubi
1785 3771 1861 3826 ait

272 3857 583 3926 Apostolus,
637 3857 737 3922 Qui
775 3858 997 3913 adliceret
1038 3858 1288 3922 Domino,
1327 3876 1457 3914 unus
1495 3860 1704 3930 spiritus
1749 3871 1856 3924 est;

272 3950 290 4017 (
312 3948 332 4004 l
360 3948 477 4005 Cor.
508 3965 592 4016 vi,
627 3951 689 4004 l7
712 3950 756 4021 );
780 3951 1034 4020 numquid
1058 3951 1216 4022 hujus
1241 3951 1396 4006 unius
1421 3967 1541 4020 pars
1566 3961 1650 4007 est
1671 3952 1854 4007 Domi-

268 4058 368 4099 nus
393 4044 417 4098 ?
457 4043 514 4097 Si
539 4044 680 4098 enim
707 4045 806 4100 hoc
828 4044 1054 4099 dicimus
1078 4087 1092 4108 ,
1122 4045 1248 4115 quid
1283 4044 1423 4099 aliud
1452 4045 1631 4100 dicere
1652 4045 1855 4115 depre-

268 4133 572 4200 hendimur,
604 4135 704 4189 nisi
733 4135 873 4206 quod
901 4145 1159 4206 augeatur
1194 4136 1499 4192 adhaerente
1527 4137 1764 4202 homine,
1807 4147 1863 4194 et

269 4224 560 4281 recedente
608 4225 922 4281 minuatur?
957 4227 1013 4280 ln
1059 4227 1316 4282 Trinitate
1359 4227 1518 4298 igitur
1559 4246 1677 4299 qua:
1719 4230 1860 4286 Deus

270 4325 373 4383 est,
400 4327 457 4373 et
487 4319 645 4374 Pater
676 4319 816 4374 Deus
839 4330 942 4388 est,
969 4329 1024 4375 et
1057 4321 1226 4376 Filius
1257 4322 1396 4377 Deus
1418 4331 1517 4384 est,
1546 4332 1600 4376 et
1625 4322 1858 4392 Spiritus

271 4413 489 4472 sanctus
533 4409 674 4464 Deus
709 4418 811 4477 est,
853 4419 906 4466 et
945 4413 1101 4466 simul
1137 4412 1188 4466 bi
1223 4422 1336 4468 tros
1378 4429 1517 4468 unus
1548 4415 1726 4468 Deus:
1763 4430 1861 4470 nec

272 4500 430 4572 hujus
463 4501 740 4558 Trinitatis
767 4505 920 4559 tertia
954 4519 1075 4575 pars
1100 4514 1184 4560 est
1210 4521 1365 4568 unus,
1403 4523 1504 4562 nec
1530 4509 1701 4575 major
1739 4522 1862 4576 pars

272 4590 564 4663 duoquam
585 4609 722 4662 unus
750 4603 834 4650 est
861 4595 967 4663 ibi;
1000 4612 1101 4651 nec
1119 4596 1288 4667 majus
1307 4598 1503 4668 aliquid
1529 4607 1653 4652 sunt
1671 4613 1861 4654 omnes

274 4701 436 4756 quam
484 4688 719 4758 singuli:
762 4690 882 4759 quia
928 4689 1238 4758 spiritualis,
1290 4707 1392 4746 non
1441 4693 1736 4760 corporalis
1776 4701 1862 4747 est

274 4777 602 4848 magnitudo.
635 4778 734 4846 Qui
789 4788 965 4848 potest
992 4794 1216 4850 capere,
1245 4781 1420 4852 capiat
1462 4781 1482 4854 (
1511 4781 1698 4836 Matt/1.
1737 4798 1821 4837 xix
1845 4822 1860 4846 ,

276 4866 346 4929 12
369 4869 388 4938 )
412 4884 426 4919 :
454 4868 545 4938 qui
565 4877 742 4926 autem
773 4886 878 4925 non
907 4879 1112 4940 potest,
1139 4872 1342 4942 credat,
1374 4883 1430 4928 et
1471 4883 1586 4931 oret
1625 4882 1682 4934 ut
1721 4873 1864 4944 quod

277 4957 452 5014 credit
491 4959 770 5031 intelligat.
824 4960 1018 5016 Verum
1073 4972 1156 5017 est
1184 4964 1324 5017 enim
1351 4963 1492 5032 quod
1539 4964 1735 5019 dicitur
1769 4981 1864 5034 per

275 5049 618 5120 prophetam,
675 5051 795 5106 Nisi
842 5052 1188 5120 credideritis,
1235 5071 1334 5108 non
1375 5055 1662 5126 intelligetis
1690 5057 1707 5128 (
1735 5054 1860 5110 lsai.

276 5141 515 5212 vu,9).

348 5233 404 5294 ἦ.
436 5233 516 5288 Tu
544 5247 735 5303 nempe
754 5233 963 5300 dixisti,
1005 5250 1160 5288 unum
1204 5232 1368 5288 Deum
1403 5252 1504 5290 non
1536 5252 1600 5290 ea:
1640 5237 1866 5303 partibus

277 5340 384 5379 esse
429 5328 786 5396 compositum.
836 5327 904 5381 Et
945 5328 1063 5397 quia
1087 5327 1152 5382 de
1181 5327 1338 5383 Patre
1371 5329 1474 5383 hoc
1500 5328 1580 5384 vis
1609 5330 1860 5400 intelligi,

281 5414 400 5480 Ille,
442 5417 616 5487 inquis
649 5458 664 5482 ,
695 5419 834 5488 quod
878 5429 970 5483 est,
1033 5419 1189 5474 virtus
1233 5428 1303 5474 est
1343 5420 1602 5491 ingenita,
1627 5423 1862 5494 simplex.

281 5509 346 5562 Et
369 5520 548 5564 tamen
579 5511 630 5565 in
655 5511 752 5567 hac
779 5512 1004 5580 simplici
1031 5512 1227 5568 virtute
1244 5529 1402 5584 quam
1435 5517 1596 5570 multa
1626 5531 1866 5572 commc-

281 5604 599 5669 moraveris,
651 5604 790 5659 vide.
846 5603 978 5658 Nam
1021 5604 1296 5674 superiora
1343 5607 1500 5662 verba
1558 5616 1640 5662 tua
1694 5618 1862 5663 sunt:

278 5687 418 5746 Deus
441 5691 602 5746 Deum
626 5694 818 5765 genuit,
850 5693 1095 5749 Dominus
1114 5694 1387 5750 Dominum
1407 5700 1598 5768 genuit,
1629 5698 1740 5754 Rex
1768 5703 1868 5755 Re-

280 5799 392 5853 gem
433 5785 626 5855 genuit,
671 5786 880 5842 Creator
931 5785 1215 5842 Creatorem
1251 5791 1454 5861 genuit,
1487 5790 1645 5849 bonus
1685 5794 1868 5850 bonum

1571 353 1771 411 LIBER
1809 347 2187 411 SECUNDUS.

3445 367 3549 426 766

1979 472 2167 539 genuit,
2198 474 2398 544 sapiens
2447 477 2720 546 sapientem
2748 480 2939 551 genuit,
2985 481 3199 540 clemens
3237 483 3543 552 clementem,

1973 571 2148 631 potens
2176 574 2443 634 potentem.
2491 569 2760 641 Curergo
2803 572 2855 626 in
2882 573 3076 628 virtute
3103 574 3363 645 simplici,
3405 577 3546 647 quod

1971 661 2055 708 est
2100 654 2262 724 Deus,
2294 673 2399 714 non
2429 660 2646 717 timuisti
2697 672 2773 718 tot
2818 679 3240 722 commemorare
3282 667 3548 723 virtutes?

1970 743 2040 800 Ut
2065 746 2206 802 enim
2248 750 2490 805 omittam
2537 764 2765 822 quatuor
2788 770 2923 826 quas
2984 756 3103 812 loco
3128 758 3402 828 superiore
3447 772 3546 828 p0-

1968 837 2140 902 suisti,
2164 848 2218 896 et
2240 841 2374 898 alias
2398 853 2626 913 quatuor
2658 846 2853 914 dicam,
2871 863 3013 917 quas
3040 849 3319 904 enuntiare
3338 850 3548 906 usitatis

1967 929 2268 987 nominibus
2288 934 2582 1002 possimus;
2612 938 2868 1008 numquid
2892 939 3102 998 bonitas
3133 949 3186 994 et
3205 941 3467 1010 sapientia
3493 949 3550 997 et

1965 1021 2246 1080 clementia
2299 1035 2355 1080 et
2397 1029 2630 1096 potentia
2675 1040 2855 1098 partes
2905 1037 3029 1086 sunt
3081 1033 3238 1088 unius
3295 1033 3544 1100 virtutis,

1963 1128 2123 1184 quam
2152 1114 2446 1185 simplicem
2473 1133 2593 1174 esse
2614 1119 2837 1174 dixisti?
2863 1119 2919 1176 Si
2943 1121 3161 1185 dixeris,
3181 1122 3366 1177 Partes
3382 1131 3541 1188 sunt;

1963 1205 2188 1274 simplex
2217 1221 2345 1278 ergo
2378 1209 2546 1264 virtus
2573 1225 2640 1273 ex
2667 1212 2908 1281 partibus
2949 1221 3178 1282 constat,
3219 1221 3274 1268 et
3317 1214 3544 1284 simplex

1963 1294 2062 1350 ista
2087 1297 2256 1354 virtus
2303 1307 2357 1354 te
2394 1299 2686 1359 deliniante
2715 1317 2852 1360 unus
2890 1312 2975 1360 est
2998 1305 3160 1361 Deus.
3193 1305 3369 1361 Unum
3414 1319 3545 1376 ergo

1961 1386 2129 1443 Deum
2156 1404 2222 1444 ex
2249 1391 2484 1460 partibus
2509 1393 2863 1463 compositum
2883 1411 3003 1452 esse
3021 1396 3201 1453 dicis?
3233 1397 3350 1452 Non
3379 1397 3500 1454 dico
3519 1438 3536 1464 ,

1962 1477 2157 1548 inquis.
2184 1480 2298 1536 Non
2329 1492 2452 1538 sunt
2469 1499 2595 1554 ergo
2623 1494 2805 1555 partes
2829 1504 2843 1541 :
2871 1495 2927 1542 et
2947 1496 3122 1543 tamen
3150 1497 3378 1558 quatuor
3397 1497 3542 1555 sunt,

1963 1571 2021 1619 et
2047 1578 2151 1619 una
2186 1565 2354 1622 virtus
2382 1576 2484 1635 est,
2517 1571 2813 1640 eademque
2851 1572 3080 1641 simplex
3107 1581 3208 1631 est.
3257 1571 3312 1629 Si
3333 1587 3460 1644 ergo
3489 1573 3545 1628 in

1962 1674 2065 1714 una
2093 1661 2265 1717 Patris
2295 1677 2520 1732 persona
2544 1705 2560 1731 ,
2596 1671 2651 1720 et
2678 1665 2830 1734 plura
2857 1665 3086 1731 invenis,
3129 1675 3184 1720 et
3207 1676 3390 1736 partes
3436 1679 3545 1720 non

1965 1752 2202 1820 invenis;
2253 1763 2452 1826 quanto
2500 1757 2670 1827 magis
2708 1757 2868 1812 Pater
2915 1765 2970 1812 et
3016 1755 3182 1811 Filius
3231 1765 3287 1812 ct
3317 1755 3546 1826 Spiritus

1965 1853 2200 1912 sanctus,
2232 1857 2286 1902 et
2311 1856 2531 1918 propter
2562 1848 2889 1910 individuam
2933 1849 3188 1909 deitatem
3236 1863 3376 1904 unus
3405 1848 3547 1904 Deus

1965 1945 2067 2007 est,
2088 1948 2142 1994 et
2169 1949 2386 2010 propter
2411 1941 2828 2013 uniuscujusque
2869 1941 3255 2012 proprietatem
3288 1949 3401 1996 tres
3427 1955 3550 2012 per-

1965 2043 2112 2086 sonae
2129 2040 2271 2098 sunt,
2302 2040 2359 2088 et
2381 2042 2598 2103 propter
2615 2034 2942 2105 singulorum
2966 2033 3345 2104 perfectionem
3369 2042 3548 2104 partes

1965 2120 2124 2176 unius
2152 2122 2246 2178 Dei
2278 2137 2381 2178 non
2407 2125 2576 2178 sunt?
2603 2123 2788 2180 Virtus
2817 2132 2901 2180 est
2925 2125 3106 2189 Pater,
3139 2123 3310 2180 virtus
3337 2124 3508 2180 Filius
3527 2165 3544 2190 ,

1920 2218 1921 2221 ‘
1964 2212 2131 2272 virtus
2153 2211 2381 2283 Spiritus
2408 2222 2642 2270 sanctus.
2692 2215 2805 2270 lloc
2831 2229 3016 2270 verum
3048 2214 3182 2270 dicis
3213 2231 3228 2269 :
3269 2213 3363 2270 sed
3388 2214 3534 2284 quod

1965 2305 2213 2360 virtutem
2251 2305 2320 2361 de
2352 2307 2548 2362 virtute
2575 2307 2831 2376 genitam,
2857 2315 2913 2362 et
2954 2306 3201 2362 virtutem
3231 2306 3300 2362 de
3353 2306 3550 2362 virtute

1965 2396 2340 2466 procedentem
2379 2413 2482 2452 non
2526 2397 2608 2458 vis
2643 2397 2886 2453 eamdem
2918 2396 3115 2452 habere
3141 2404 3408 2462 naturam,
3447 2396 3550 2451 hoc

1965 2488 2155 2544 falsum
2191 2488 2343 2557 dicis,
2386 2489 2486 2546 hoc
2513 2498 2705 2548 contra
2719 2489 2876 2546 ﬁdem
2902 2498 3102 2546 rectam
3154 2499 3210 2546 et
3233 2488 3548 2546 catholicam

1964 2581 2120 2637 dicis.
2595 2644 2597 2646 η

2036 2672 2262 2728 CAPUT
2290 2671 2381 2726 XI.
2414 2672 2665 2728 -—Redis
2701 2680 2760 2728 ut
2795 2686 3004 2743 quaeras
3045 2687 3078 2727 a
3121 2686 3229 2738 me,
3278 2673 3550 2742 quomodo

1963 2765 2032 2821 sit
2057 2765 2336 2820 invisibilis
2365 2763 2548 2830 Filius,
2581 2765 2723 2821 unde
2763 2765 2874 2835 jam
2918 2763 3027 2818 dixi
3078 2762 3344 2833 superius,
3400 2762 3546 2833 quod

1963 2857 2133 2910 visum
2154 2864 2239 2911 est
2265 2853 2574 2910 dicendum.
2604 2853 2711 2910 Sed
2734 2855 2778 2910 si
2805 2854 2864 2908 ob
2891 2853 3007 2920 hoc,
3037 2850 3231 2921 inquis,
3263 2851 3434 2906 Filius
3461 2854 3546 2907 in-

1963 2948 2170 3004 visibilis
2197 2963 2229 3001 a
2255 2956 2302 3001 te
2327 2947 2703 3017 pronuntiatur,
2733 2963 2791 3000 eo
2820 2946 2957 3016 quod
2979 2946 3138 3002 oculis
3167 2945 3401 3000 humanis
3421 2961 3548 2998 con-

1963 3039 2197 3107 templari
2223 3054 2323 3092 non
2339 3039 2536 3108 possit;
2563 3054 2655 3091 cur
2679 3054 2780 3092 non
2804 3046 2852 3093 et
2877 3037 3102 3092 caelestes
3127 3037 3332 3091 virtutes
3362 3037 3553 3105 pariter

1963 3130 2236 3186 invisibiles
2261 3131 2579 3200 pronuntias,
2606 3130 2810 3198 quando
2839 3147 2928 3184 nec
2951 3130 3079 3200 ipsa:
3102 3128 3355 3184 obtutibus
3376 3128 3554 3181 huma-

1963 3226 2042 3280 nis
2066 3224 2224 3279 videri
2251 3225 2506 3294 possunt?
2547 3223 2622 3278 Ita
2660 3223 2761 3280 hoc
2785 3223 2938 3289 dicis,
2971 3223 3122 3293 quasi
3163 3221 3334 3293 possit
3355 3221 3423 3276 ab
3447 3220 3548 3275 ho-

1962 3315 2107 3368 mine
2127 3313 2507 3384 comprehendi
2530 3314 2648 3384 quis
2674 3313 2764 3368 ille
2792 3314 2864 3368 sit
2901 3312 3114 3380 modus,
3159 3327 3268 3382 quo
3297 3312 3547 3367 caelestes

1962 3407 2185 3460 virtutes
2207 3413 2334 3459 sunt
2357 3404 2683 3470 invisibiles;
2712 3413 2804 3458 aut
2827 3404 2894 3458 ad
2923 3402 3398 3474 hocquazreudum
3423 3417 3548 3458 esse

1962 3497 2252 3554 debeamus
2295 3498 2505 3566 intenti,
2552 3498 2767 3553 dicente
2818 3497 3118 3567 Scriptura,
3169 3497 3366 3550 Altiora
3410 3506 3456 3549 te
3485 3511 3550 3549 ne

1962 3591 2218 3660 quasiet-is
2240 3588 2440 3663 (Eccli.
2464 3605 2518 3644 ui
2541 3631 2556 3656 ,
2586 3589 2658 3642 22
2676 3586 2718 3662 ).
2753 3588 2903 3654 Quod
2933 3595 3252 3656 praeceptum
3281 3588 3394 3656 ipse
3413 3599 3548 3639 con-

1963 3689 2209 3735 temnens
2229 3721 2244 3744 ,
2274 3694 2435 3734 ausus
2462 3694 2522 3734 es
2550 3678 2730 3734 dicere
2752 3678 3000 3747 angelum
3024 3676 3196 3732 videri
3223 3677 3291 3731 ab
3318 3677 3548 3730 archan-

1963 3773 2118 3843 gclo,
2146 3771 2524 3840 archangelum
2565 3771 2632 3825 ab
2680 3769 2872 3838 angelo
2916 3783 3021 3822 non
3045 3767 3235 3823 videri.
3288 3767 3430 3822 Satis
3455 3766 3546 3831 sit,

1963 3864 2103 3936 quod
2144 3862 2351 3917 ostendi
2380 3877 2485 3915 non
2515 3875 2636 3916 esse
2669 3875 3000 3930 consequens
3030 3867 3088 3914 ut
3116 3858 3236 3914 ideo
3265 3859 3548 3914 credamus

1965 3958 2017 4012 in
2074 3955 2242 4011 forma
2291 3955 2382 4009 Dei
2428 3954 2692 4007 visibilem
2735 3953 2958 4014 Filium,
2988 3953 3109 4023 quia
3134 3953 3390 4022 scriptum
3431 3962 3543 4019 est,

1962 4046 2214 4102 Invisibili
2241 4046 2337 4101 soli
2360 4045 2469 4100 Deo
2501 4048 2518 4116 (
2545 4046 2564 4099 l
2599 4045 2729 4098 Tim.
2760 4062 2807 4110 ι,
2852 4044 2982 4115 17).
3015 4045 3165 4111 Quod
3196 4057 3247 4098 tu
3283 4045 3349 4100 dc
3393 4045 3550 4098 Patre

1964 4143 2040 4197 sic
2065 4151 2116 4196 te
2141 4140 2383 4210 accipere
2406 4139 2828 4202 demonstrabas,
2856 4147 3101 4209 tanquam
3128 4137 3291 4192 Filius
3312 4137 3551 4191 invisibi-

1963 4233 2029 4289 lis
2059 4249 2162 4288 non
2191 4233 2279 4298 sit,
2309 4247 2428 4286 cum
2451 4247 2573 4286 eum
2601 4239 2656 4285 et
2684 4230 3022 4285 invisibilium
3068 4239 3361 4285 creatorem
3399 4229 3548 4283 Scri-

1963 4334 2118 4396 ptura
2145 4322 2768 4379 testetur.Verumtamen
2796 4329 2960 4376 restat
2981 4320 3215 4386 utdicas,
3241 4321 3414 4375 Ambo
3433 4320 3551 4390 qui-

1968 4417 2089 4471 dem
2118 4415 2407 4471 invisibiles
2431 4421 2557 4468 sunt
2581 4454 2594 4478 ,
2630 4412 2681 4467 id
2710 4421 2830 4480 est,
2861 4420 2916 4468 et
2943 4414 3101 4467 Pater
3134 4421 3188 4467 et
3213 4412 3379 4466 Filius
3405 4455 3419 4476 ,
3451 4411 3548 4468 sed

1965 4510 2126 4565 Pater
2166 4507 2482 4562 invisibilior
2521 4513 2648 4561 est:
2694 4519 2757 4560 ac
2811 4505 2890 4561 sic
2940 4505 3116 4561 dando
3161 4505 3359 4576 aliquid
3406 4505 3551 4562 Patri

1965 4600 2108 4671 quod
2139 4615 2242 4654 non
2269 4601 2339 4654 sit
2367 4598 2509 4664 Filii,
2541 4598 2851 4654 mendacem
2880 4598 3041 4654 facias
3067 4599 3316 4654 eumdem
3351 4599 3544 4653 Filium

1966 4693 2259 4758 dicentem,
2291 4690 2476 4746 Omnia
2499 4706 2612 4762 qua:
2647 4691 2791 4746 habet
2820 4690 2974 4746 Pater
2995 4735 3009 4760 ,
3043 4709 3153 4747 utea
3196 4701 3312 4746 sunt
3351 4689 3548 4766 (Joan.

1967 4783 2246 4854 “1.15).
3541 4780 3544 4782 ⁷

2037 4877 2263 4934 CAPUT
2291 4859 2583 4933 xui-1.
2617 4878 2727 4933 lloc
2755 4887 2806 4934 et
2853 4877 2919 4934 de
2944 4879 3178 4950 potentia
3218 4877 3381 4947 sapis,
3409 4879 3552 4949 quod

1969 4971 2172 5026 scilicet
2191 4970 2260 5025 sit
2287 4970 2500 5041 quidem
2527 4980 2716 5042 potens
2744 4979 2798 5025 et
2828 4970 3009 5033 Filius,
3039 4971 3132 5025 sed
3163 4972 3423 5039 potentior
3446 4972 3551 5025 Pa-

1972 5073 2050 5119 ter
2079 5065 2214 5120 Filio
2242 5081 2254 5116 :
2287 5074 2342 5119 ut
2363 5065 2666 5120 auctoribus
2703 5075 2756 5120 et
2789 5065 3096 5119 doctoribus
3134 5065 3284 5118 vobis
3323 5067 3555 5134 potuerit

1971 5165 2239 5226 potentem
2270 5166 2481 5226 potens,
2514 5172 2614 5212 nec
2642 5158 2872 5226 potuerit
2897 5159 3311 5226 omnipotcn:em
3334 5159 3553 5228 gignere

1971 5247 2328 5317 omnipotens.
2368 5248 2447 5302 Ac
2477 5263 2571 5317 per
2599 5247 2700 5302 hoc
2731 5247 2776 5302 si
2817 5247 2976 5303 habet
3019 5247 3173 5303 Pater
3212 5251 3554 5319 omnipoten-

1973 5339 2098 5392 tiam
2151 5353 2310 5409 quam
2362 5353 2465 5392 non
2513 5338 2670 5393 habet
2712 5339 2899 5404 Filius,
2941 5340 3131 5396 falsum
3180 5351 3262 5396 est
3299 5342 3440 5412 quod
3480 5343 3557 5398 ait

1973 5428 2137 5484 Filius
2157 5470 2172 5495 ,
2206 5429 2388 5483 Omnia
2413 5445 2526 5499 qua:
2559 5430 2703 5483 habet
2747 5429 2925 5498 Pater,
2956 5448 3067 5484 mea
3109 5441 3244 5484 sunt.
3279 5432 3480 5487 Deinde
3509 5433 3556 5488 si

1973 5524 2172 5593 aliquid
2205 5523 2329 5576 facit
2357 5523 2515 5576 Pater
2538 5564 2550 5586 ,
2577 5522 2717 5592 quod
2766 5523 2942 5579 facere
2988 5541 3094 5579 non
3133 5535 3308 5593 potest
3355 5525 3556 5594 Filius,

1974 5615 2167 5671 merito
2187 5614 2379 5668 dicitur
2410 5615 2674 5683 potentior
2694 5614 2852 5671 Pater
2872 5632 3028 5684 quam
3051 5616 3218 5671 Filius
3246 5635 3257 5670 :
3288 5632 3406 5671 cum
3429 5629 3558 5671 vero

1975 5707 2146 5773 dicat,
2181 5705 2520 5776 Quaecumque
2548 5704 2703 5760 Pater
2729 5708 2873 5777 facit,
2901 5709 3010 5762 haec
3041 5720 3087 5762 et
3125 5709 3290 5763 Filius
3326 5709 3559 5763 similiter

1977 5799 2096 5871 facit
2128 5796 2325 5870 (Joan.
2361 5813 2422 5866 ν,
2455 5797 2519 5854 l9
2549 5802 2803 5868 );nonne
2818 5798 3013 5860 melius
3037 5803 3246 5860 auditur
3275 5804 3385 5874 ipse
3402 5821 3568 5878 quam
