4042 6428
517 361 622 418 ’107

430 516 434 527 .
509 489 628 540 vos,
659 471 959 543 meliusque
989 471 1090 542 ipsi
1118 470 1357 526 creditur
1380 467 1592 522 docenti
1626 479 1784 535 quam
1813 463 2085 534 decipien-

429 542 441 635 ί,
510 565 654 620 libus
680 563 831 618 vobis
854 542 881 617 ?7
910 563 1015 618 Sed
1049 561 1322 633 potentiam
1349 557 1507 611 Pater
1529 597 1544 623 ,
1576 556 1774 627 inquis,
1806 572 1837 609 a
1857 555 2055 609 nemine
2072 594 2088 622 ,

436 658 441 676 '
511 655 681 710 Filius
701 670 814 708 vero
834 654 1027 722 accepit
1047 669 1079 705 a
1103 651 1275 705 Patre.
1305 648 1559 704 Fatemur
1586 656 1642 703 et
1666 661 1764 702 nos
1800 646 1989 700 Filium
2023 644 2092 699 ab

511 745 606 800 illo
629 744 899 814 accepisse
946 742 1235 813 potentiam
1256 782 1270 806 ,
1301 740 1368 796 de
1409 754 1515 811 quo
1545 749 1700 794 natus
1746 746 1829 793 est
1853 746 2043 806 potens
2075 753 2089 792 :

511 835 657 892 Patri
679 851 807 892 vero
849 837 1138 906 potentiam
1178 836 1356 890 nullus
1384 834 1566 898 dedit,
1609 834 1729 903 quia
1768 832 1944 887 nullus
1971 846 2093 886 eum

510 928 709 999 genuit.
740 926 1014 997 Gigncndo
1054 927 1195 983 enim
1227 926 1377 981 dedit
1417 924 1896 996 potentiam'Pater
1923 921 2090 987 Filio,

511 1020 648 1074 sicut
675 1019 852 1073 omnia
882 1034 1001 1088 qua:
1031 1018 1192 1073 habet
1221 1018 1273 1072 in
1321 1017 1616 1072 substantia
1666 1029 1761 1069 sua
1783 1056 1798 1081 ,
1830 1011 2095 1084 gignendo

511 1108 658 1164 dedit
687 1109 734 1163 ei
762 1125 919 1179 quem
948 1111 1131 1180 genuit
1149 1110 1217 1166 de
1240 1110 1538 1165 substantia
1563 1123 1679 1162 sua.
1704 1106 1809 1163 Sed
1836 1106 2094 1175 quaeritur

512 1206 690 1252 utrum
716 1206 939 1265 tantam,
968 1209 1162 1269 quanta
1192 1200 1291 1269 ipsi
1326 1206 1427 1266 est,
1458 1197 1746 1268 potentiam
1768 1196 1928 1252 Pater
1956 1195 2093 1250 Filio

509 1286 739 1354 dederit,
764 1288 1138 1359 an_miuorem.
1172 1288 1229 1343 Si
1254 1296 1478 1353 tantam,
1508 1302 1613 1341 non
1631 1286 1801 1340 solum
1824 1294 2094 1355 petentem

509 1386 725 1447 potens,
759 1392 942 1432 verum
965 1379 1124 1433 etiam
1152 1380 1571 1448 omnipotentem
1592 1376 1842 1448 genuisse
1864 1375 2092 1442 dicatur,

509 1468 798 1535 credatur,
854 1470 1181 1541 intelligatur
1235 1472 1572 1540 omnipotens
1627 1487 1640 1523 :
1695 1469 1738 1525 si
1796 1469 2093 1536 minorem,

509 1559 777 1628 quomodo
794 1560 971 1614 omnia
996 1576 1113 1631 qua:
1140 1561 1299 1617 habet
1328 1562 1484 1616 Pater
1504 1602 1518 1626 ,
1565 1560 1680 1614 Filii
1711 1560 1879 1614 sunt?
1905 1559 1962 1615 Si
1993 1560 2089 1613 Pa-

512 1651 608 1706 tris
632 1651 1019 1722 omnipotentia
1050 1654 1170 1708 Filii
1208 1668 1317 1709 non
1341 1662 1444 1717 est,
1477 1651 1745 1723 quomodo
1774 1667 2098 1723 quiscumque

517 1740 678 1796 Pater
699 1744 843 1814 facit,
876 1745 983 1799 haec
1021 1754 1067 1799 et
1100 1743 1270 1799 Filius
1293 1746 1524 1800 similiter
1554 1743 1675 1814 facit
1696 1742 1722 1795 Ρ
1745 1742 2098 1813 (ιιιοάιιιὶφιθ

517 1849 622 1890 non
643 1843 848 1907 potest,
879 1837 922 1890 si
951 1838 1288 1907 omnipotens
1314 1853 1421 1893 non
1450 1846 1552 1894 est.

582 1927 638 1981 2.
665 1929 740 1983 Ac
766 1945 862 1999 per
890 1928 993 1984 hoc
1018 1930 1159 1999 quod
1184 1930 1257 1985 ait
1283 1930 1572 2001 Apostolus
1593 1972 1607 1997 ,
1640 1929 1827 1985 Beatus
1871 1939 1937 1988 et.
1960 1928 2099 1985 solus

521 2027 697 2087 potens
722 2035 741 2073 :
772 2035 875 2073 non
925 2035 1091 2089 cogor
1130 2019 1197 2075 de
1227 2020 1384 2075 Patre
1425 2021 1791 2077 tantummodo
1819 2020 2095 2091 accipere;

515 2110 609 2168 Sed
643 2110 711 2165 de
740 2111 883 2179 Deo,
911 2112 1053 2181 quod
1103 2121 1185 2167 est
1228 2115 1342 2182 ipsa
1373 2113 1624 2168 Trinitas.
1666 2113 1916 2184 Loquens
1956 2113 2099 2166 enim

513 2199 581 2254 ad
625 2200 1007 2256 Timotheum:
1044 2200 1317 2273 Pra’cipio,
1384 2202 1575 2273 inquit,
1628 2204 1715 2257 tibi
1763 2219 1934 2257 coram
1964 2202 2097 2267 Deo,

518 2293 604 2362 qui
648 2293 862 2361 vivificat
902 2294 1091 2359 omnia,
1126 2304 1173 2348 et
1222 2293 1420 2350 Christo
1457 2294 1583 2350 Iesu
1633 2296 1721 2365 qui
1766 2295 2101 2349 testimonium

522 2383 742 2438 reddidit
765 2385 856 2438 sub
881 2383 1068 2438 Pontio
1092 2384 1262 2440 Pilato
1290 2387 1471 2440 bonam
1496 2386 1881 2457 confessionem,
1912 2394 1969 2438 ut
1997 2401 2104 2439 ser.

517 2490 601 2530 ves
627 2475 920 2529 mandatum
960 2477 1068 2531 sine
1095 2477 1314 2543 macula,
1357 2476 1820 2547 irreprehensibile,
1852 2492 2009 2545 usque
2035 2476 2104 2528 ad

517 2567 783 2620 adventum
816 2566 1020 2622 Domini
1049 2568 1347 2623 nostrilesu
1373 2569 1598 2635 Christi;
1627 2584 1771 2638 quem
1798 2568 2103 2638 temporibus

517 2657 739 2726 prapriis
759 2657 982 2711 ostendet
1023 2657 1195 2713 beatus
1222 2668 1269 2713 et
1307 2660 1444 2713 solus
1487 2668 1679 2729 potens,
1713 2658 1825 2713 Rea:
1850 2676 2025 2729 regum
2057 2668 2104 2714 et

517 2747 767 2802 Dominus
793 2750 1161 2806 dominantium
1182 2767 1195 2816 ;
1226 2751 1313 2821 qui
1332 2751 1471 2805 solus
1487 2751 1633 2805 habet
1652 2751 2101 2817 immortalitatem,

522 2847 571 2890 et
595 2839 755 2891 lucem
781 2839 1028 2894 inhabitat
1048 2841 1470 2907 inaccessibilem;
1498 2858 1645 2912 quem
1674 2857 1818 2895 nemo
1846 2842 2105 2895 hominum

522 2928 667 2995 vidit,
690 2944 778 2981 nec
798 2929 964 2983 videre
992 2940 1182 2999 potest;
1204 2932 1287 2984 cui
1315 2941 1385 2985 est
1409 2934 1570 2986 honor
1597 2940 1643 2985 et
1670 2932 1833 3003 gloria
1861 2932 1913 2984 in
1938 2947 2101 2985 siccu-

521 3020 575 3075 la
603 3021 923 3075 sweulorum.
952 3022 1109 3077 Amen
1134 3024 1176 3096 (Ι
1202 3024 1335 3079 Tim.
1358 3041 1429 3091 vl,
1470 3025 1689 3095 15-16).
1718 3025 1860 3080 Nihil
1887 3026 1973 3081 hic
2019 3025 2104 3079 vi-

519 3110 624 3167 deo
649 3111 859 3166 dictum
873 3112 1013 3183 quod
1037 3129 1141 3168 non
1164 3118 1447 3171 conveniat
1473 3115 1738 3170 Trinitati.
1764 3115 1868 3171 Sed
1890 3125 2109 3171 utnunc

518 3207 723 3256 taceam
750 3202 817 3257 de
840 3202 1038 3272 Spiritu
1066 3212 1271 3270 sancto,
1304 3220 1461 3275 quem
1495 3220 1593 3261 nec
1618 3206 1810 3261 saltem
1843 3205 2105 3266 minorem

522 3290 657 3347 Filio
687 3292 855 3348 Deum
876 3294 1051 3359 vultis,
1081 3295 1203 3365 quia
1224 3295 1442 3350 omnino
1463 3295 1628 3350 Deum
1646 3310 1766 3350 esse
1791 3310 1898 3350 non
1924 3296 2100 3364 vultis,

521 3380 723 3438 sufﬁcit
743 3392 800 3437 ut
821 3398 915 3438 vos
943 3385 1010 3439 de
1029 3385 1187 3441 Patre
1201 3387 1575 3442 convincamus
1594 3396 1646 3443 et
1664 3388 1816 3443 Filio.
1838 3387 2103 3458 Numquid

521 3472 664 3528 enim
688 3473 808 3543 quia
833 3472 967 3529 dixit
992 3474 1300 3545 Apostolus,
1356 3477 1620 3548 Testiﬁcor
1657 3478 1745 3533 tibi
1787 3495 1956 3532 coram
1993 3478 2111 3534 Deo.

518 3562 605 3633 qui
633 3564 849 3632 viviﬁcat
887 3568 1093 3630 omnia;
1126 3567 1281 3622 Pater
1310 3568 1614 3634 solus,.non
1639 3578 1693 3624 et
1726 3566 1892 3624 Filius
1931 3570 2104 3623 viviti-

519 3662 606 3708 cat
625 3654 845 3709 omnia?
875 3654 931 3710 Si
957 3654 1156 3712 dixeris
1181 3658 1392 3713 Patrem
1418 3658 1589 3712 solum
1611 3658 1877 3714 viviﬁcare
1900 3660 2098 3726 omnia,

520 3743 789 3813 quomodo
827 3759 955 3815 ergo
1000 3762 1324 3818 quatcumque
1363 3746 1522 3802 Pater
1547 3748 1688 3820 facit,
1713 3749 1819 3803 hwc
1861 3758 1906 3804 et
1932 3748 2112 3806 Filius.

518 3834 748 3888 similiter
769 3835 891 3905 facit
914 3835 942 3891 3
964 3835 1403 3908 Quandoquidem
1434 3838 1608 3904 Pater,
1648 3847 1704 3892 ut
1731 3846 1903 3908 putas,
1932 3839 2103 3893 viviti-

518 3935 607 3980 cat
662 3929 859 3993 omnia,
906 3931 1048 3999 quod
1092 3931 1256 3984 Filius
1300 3945 1407 3984 non
1437 3930 1580 3986 facit.
1628 3930 1847 3987 Deinde.
1883 3931 1969 3985 ubi
2003 3932 2098 3999 ait,

520 4017 665 4073 Sicut
694 4017 848 4072 Pater
888 4023 1092 4075 suscitat
1123 4032 1346 4077 mortuos
1386 4030 1433 4075 et
1470 4023 1707 4091 viviﬁcat,
1737 4024 1809 4078 sic
1853 4032 1899 4077 ct
1929 4022 2111 4079 Filius.

520 4128 645 4181 quos
668 4115 773 4168 vult
800 4114 1020 4185 viviﬁcat
1042 4117 1218 4186 (Joan.
1237 4134 1290 4181 v,
1318 4117 1443 4188 21);
1492 4120 1761 4189 quomodo
1784 4136 1968 4175 verum
1994 4130 2097 4189 est,

523 4201 571 4257 si
619 4202 776 4259 Pater
829 4205 947 4260 sine
989 4204 1124 4261 Filio
1169 4206 1402 4261 vivitieat
1441 4209 1653 4261 omnia?
1695 4209 1921 4265 Proinde
1956 4210 2114 4281 quod

520 4290 745 4361 addidit,
778 4292 847 4349 Et
883 4294 1080 4350 Christo
1105 4296 1229 4352 Jesu
1254 4297 1341 4367 qui
1383 4299 1719 4353 testimonium
1742 4301 1962 4355 reddidit
2007 4303 2099 4357 sub

520 4379 709 4439 Pontio
736 4383 906 4441 Pilato
951 4387 1131 4441 bonam
1180 4389 1581 4457 confessionem;
1628 4389 1694 4445 de
1723 4391 1858 4447 Filio
1887 4394 2099 4463 proprie

521 4474 699 4531 dicere
729 4478 930 4534 voluit:
959 4480 1078 4550 quia
1107 4481 1270 4536 Filius
1289 4482 1502 4552 quidem
1532 4482 1668 4537 sicut
1692 4483 1847 4539 Pater
1868 4486 2101 4542 viviﬁcat

519 4566 734 4634 omnia;
777 4569 870 4625 sed
904 4570 1003 4626 sub
1030 4572 1216 4628 Pontio
1245 4573 1415 4628 Pilato
1444 4574 1495 4628 in
1522 4573 1691 4629 forma
1722 4579 1861 4631 servi
1908 4577 2098 4633 Filium

519 4659 764 4713 novimus
791 4676 1001 4729 passum
1030 4661 1209 4728 fuisse,
1237 4679 1347 4718 non
1373 4665 1605 4720 Patrem.
1639 4665 1839 4721 Deinde
1880 4668 2100 4738 subjun-

520 4749 681 4818 gitur,
709 4749 777 4805 Ut
818 4767 981 4805 serves
1008 4754 1300 4807 mandatum
1324 4756 1433 4809 sine
1471 4757 1689 4820 macula,
1732 4758 2103 4828 irreprehensiq

519 4839 631 4905 bile,
668 4856 822 4909 usque
859 4842 926 4895 ad
962 4843 1230 4899 adventum
1257 4843 1467 4900 Domini
1510 4847 1668 4901 nostri
1704 4847 1830 4901 Jesu
1872 4847 2097 4915 Christi;

515 4945 664 5000 quem
713 4934 1014 5002 temporibus
1039 4936 1259 5005 propriis
1295 4938 1520 4991 ostendet
1560 4939 1732 4993 beatus
1761 4948 1806 4994 et
1832 4941 1969 4995 solus
2008 4957 2099 5011 po-

518 5031 625 5077 tens
649 5039 668 5077 :
695 5040 862 5093 quem,
886 5023 1085 5080 scilicet
1108 5026 1396 5081 adventum
1428 5027 1637 5082 Domini
1666 5028 1894 5096 Christi;
1930 5041 2098 5086 osten-

515 5114 598 5168 det
654 5115 835 5186 utique
878 5116 1037 5180 Deus,
1088 5117 1232 5188 quod
1279 5133 1385 5173 non
1438 5120 1583 5173 solus
1627 5129 1709 5174 est
1754 5122 1931 5189 Pater,
1976 5125 2097 5193 quia

514 5207 804 5263 secundum
827 5209 1120 5275 veritatem,
1140 5225 1247 5264 non
1264 5211 1558 5265 secundum
1580 5221 1813 5266 vestrum
1835 5229 2094 5283 errorem,

514 5300 747 5357 Trinitas
777 5318 911 5358 unus
954 5312 1037 5358 est
1073 5304 1256 5358 Deus:
1285 5302 1458 5358 beatus
1500 5313 1547 5357 et
1584 5304 1721 5358 solus
1747 5314 1940 5375 potens,
1987 5307 2097 5361 Rea:

515 5408 689 5462 regum
708 5402 756 5446 et
784 5392 1030 5447 Dominus
1047 5394 1437 5450 dominantium.
1453 5394 1717 5465 Numquid
1737 5395 1880 5450 enim
1904 5396 1987 5451 vel
2004 5412 2119 5451 vos

513 5483 692 5539 dicere
716 5483 922 5539 audetis
946 5486 1132 5542 Filium
1163 5504 1269 5542 non
1309 5501 1429 5542 esse
1454 5487 1651 5556 Regem
1684 5502 1866 5557 regum
1913 5496 1968 5542 et
1995 5489 2094 5540 Do-

515 5575 716 5629 minum
739 5574 1115 5631 dominantium
1130 5580 1152 5631 ?
1167 5580 1240 5633 De
1259 5594 1366 5648 quo
1379 5579 1514 5633 inter
1525 5586 1716 5633 cmtcra
1732 5577 1984 5647 scriptum
2012 5586 2094 5632 est

513 5667 564 5720 in
592 5666 906 5737 Apocalypsi
945 5667 1192 5723 Joannis:
1223 5670 1289 5723 Et
1314 5671 1421 5741 ipse
1443 5671 1604 5723 calcat
1634 5670 1859 5723 torcular
1880 5669 1981 5722 vini
2002 5686 2094 5737 po-

513 5759 679 5824 tentis,
712 5759 822 5812 etin
853 5758 1017 5813 tunica
1044 5770 1089 5815 et
1118 5761 1170 5815 in
1205 5763 1393 5832 femore
1422 5761 1566 5817 habet
1597 5777 1774 5815 nomen
1820 5761 2087 5830 scriptum,

1076 358 1347 416 CONTRA
1389 352 1775 411 MAXIMINUM
1817 348 2221 407 ARIANORUM
2264 345 2661 417 EPISCOPUM,
2702 347 2760 405 S.
2804 348 3174 407 AUGUSTINI

3675 354 3785 410 763

2198 460 2310 515 Rea:
2354 474 2527 532 regum
2556 470 2602 515 et
2645 460 2893 516 Dominus
2933 463 3297 517 dominantium
3332 463 3512 535 (Apoc.
3551 479 3661 530 ιιι,
3693 468 3783 533 15,

2200 551 2451 623 16).,8εὰ
2500 568 2568 607 ne
2596 553 2731 608 forte
2755 553 2943 609 dicatis
2975 554 3116 624 quod
3161 570 3355 611 nomen
3396 554 3571 611 Patris
3617 557 3787 613 Filius

2202 643 2364 698 habet
2389 644 2643 713 scriptum
2684 644 2735 698 in
2767 654 2914 700 veste
2938 653 2991 700 et
3019 645 3075 700 in
3107 646 3342 711 femore;
3370 646 3473 701 alio
3494 646 3613 701 loco
3640 648 3788 717 ejus-

2200 732 2321 788 dem
2384 733 2501 788 libri
2556 735 2803 803 superius
2847 735 3079 804 legitur:
3122 736 3191 799 Et
3236 736 3413 806 Agnus
3464 738 3628 791 vincet
3667 754 3784 802 eos,

2198 825 2438 895 quoniam
2475 825 2720 880 Dominus
2763 828 3129 881 dominantium
3149 837 3221 882 est
3266 839 3313 882 et
3339 827 3450 883 Rea:
3472 846 3643 899 regum
3671 829 3785 899 (Id.

2199 931 2337 982 xvu,
2366 914 2479 985 lt).
2508 915 2843 985 Quapropter
2871 917 3162 973 secundum
3186 932 3303 983 vos,
3334 918 3441 973 duo
3477 928 3602 974 sunt
3632 935 3790 990 reges

2198 1022 2383 1078 regum
2428 1017 2483 1064 et
2511 1007 2710 1064 domini
2736 1009 3122 1065 dominantium
3152 1027 3166 1065 :
3199 1020 3252 1065 et
3284 1019 3466 1064 contra
3494 1025 3588 1065 vos
3615 1022 3716 1079 est,
3740 1013 3791 1066 si

2200 1099 2266 1154 de
2291 1100 2447 1154 Patre
2472 1108 2675 1155 tantum
2705 1101 2778 1155 ait
2804 1102 3111 1172 Apostolus,
3140 1101 3328 1156 Beatus
3353 1112 3401 1156 et
3421 1103 3558 1157 solus
3587 1112 3788 1169 volens,

2202 1190 2315 1246 Rea:
2355 1208 2528 1263 regum
2565 1202 2613 1246 et
2651 1192 2903 1248 Dominus
2938 1194 3327 1249 dominantium.
3374 1194 3571 1250 Verum
3609 1204 3791 1251 autem

2200 1284 2493 1339 secundum
2526 1293 2729 1340 rectam
2763 1286 2922 1341 tidem
2950 1287 3064 1357 ipsa
3092 1286 3325 1341 Trinitas
3358 1303 3496 1341 unus
3515 1296 3599 1342 est
3624 1287 3789 1356 Deus,

2202 1372 2375 1427 beatus
2417 1383 2466 1428 et
2510 1390 2649 1429 sotus
2678 1384 2872 1445 potens,
2918 1374 3031 1429 Rea:
3064 1392 3238 1447 regam
3269 1386 3320 1430 et
3342 1376 3592 1432 Dominus
3616 1378 3791 1431 domi-

2201 1464 2453 1531 nantium,
2482 1465 2569 1536 qui
2593 1466 2731 1519 solus
2752 1466 2901 1520 habet
2928 1467 3376 1531 immortalitatem,
3409 1476 3457 1522 et
3504 1468 3665 1522 lucem
3686 1469 3792 1521 ha-

2202 1552 2329 1606 bitat
2348 1554 2761 1609 inaccessibilem.
2788 1555 2855 1610 Et
2899 1556 3166 1626 quomodo
3191 1558 3289 1612 erit
3317 1572 3523 1624 verum,
3558 1559 3797 1613 Accedite

2201 1643 2422 1710 adeum,
2444 1645 2872 1700 etilluminamini
2893 1644 3065 1717 (Psal.
3083 1663 3269 1714 χχχιιι,
3296 1647 3387 1718 6);
3414 1648 3516 1703 nisi
3542 1649 3664 1719 quia
3686 1649 3797 1704 hoc

2202 1748 2361 1788 nemo
2400 1743 2595 1803 potest,
2629 1736 2672 1789 si
2718 1736 2785 1791 de
2814 1751 2874 1792 se
2907 1737 3132 1808 quisque
3170 1740 3587 1809 pmsumpserit,
3619 1740 3713 1795 sed
3746 1741 3795 1795 si

2204 1823 2317 1895 ipse
2344 1824 2658 1882 donaverit?
2704 1828 3163 1884 lmmortalitatcm
3197 1839 3373 1885 autem
3402 1832 3544 1887 Deus
3591 1832 3797 1888 habere

2202 1918 2394 1974 dicitur
2412 1921 2579 1987 solus,
2601 1920 2724 1991 quia
2746 1931 2824 1977 est
2848 1922 3191 1978 immutabilis
3210 1925 3371 1979 solus.
3396 1922 3452 1979 In
3473 1925 3619 1979 omni
3641 1926 3795 1980 enim

2203 2010 2443 2064 mutabili
2464 2019 2651 2065 natura
2682 2012 2937 2067 nonnulla
2963 2028 3109 2069 mors
3140 2024 3223 2069 est
3251 2014 3363 2084 ipsa
3392 2016 3634 2080 mutatio,
3662 2018 3792 2086 quia

2204 2099 2329 2154 facit
2353 2101 2553 2172 aliquid
2578 2102 2632 2156 in
2670 2118 2731 2158 ea
2778 2119 2887 2159 non
2932 2118 3054 2160 esse
3092 2104 3235 2175 quod
3278 2114 3414 2161 erat.
3462 2106 3694 2161 Proinde
3736 2115 3799 2162 et

2205 2191 2318 2260 ipsa
2340 2193 2515 2247 anima
2547 2192 2777 2248 humana
2797 2235 2810 2258 ,
2839 2210 2957 2264 qua:
2983 2205 3263 2265 propterea
3289 2195 3483 2251 dicitur
3508 2197 3796 2252 immorta-

2206 2282 2291 2350 lis,
2322 2284 2571 2353 quoniam
2593 2285 3047 2357 qualitercumque
3075 2287 3369 2342 secundum
3390 2288 3601 2343 modum
3628 2303 3793 2344 suum

2207 2389 2477 2444 nunquam
2524 2375 2719 2430 desiuit
2764 2377 2968 2443 vivere,
2996 2377 3155 2432 habet
3202 2386 3376 2433 tamen
3408 2394 3507 2449 pro
3547 2380 3663 2449 ipso
3690 2394 3800 2435 suo

2206 2468 2373 2521 modo
2396 2467 2679 2537 quamdam
2711 2478 2937 2524 mortem
2962 2485 3113 2525 suam
3146 2488 3160 2525 :
3191 2472 3313 2541 quia
3340 2471 3385 2526 si
3410 2472 3553 2542 juste
3579 2473 3799 2530 vivebat

2206 2566 2261 2613 et
2290 2567 2494 2627 peccat,
2528 2561 2754 2614 moritur
2770 2561 3023 2631 justitiae;
3063 2561 3108 2616 si
3136 2564 3403 2631 peccatrix
3431 2573 3621 2620 eratet
3639 2566 3802 2635 justi-

2207 2647 2412 2714 ﬁcatur,
2451 2649 2687 2704 moritur
2735 2659 2953 2721 peccato
2984 2670 2998 2706 :
3026 2662 3084 2706 ut
3128 2653 3260 2707 alias
3308 2655 3424 2724 ejus
3473 2656 3801 2713 mutationes

2208 2745 2435 2803 taceam,
2460 2738 2528 2794 de
2564 2740 2755 2810 quibus
2794 2741 3009 2812 longum
3036 2750 3119 2797 est
3146 2742 3434 2813 disputare.
3484 2746 3555 2801 Et
3581 2758 3798 2803 creatu-

2208 2842 2391 2883 rarum
2423 2838 2613 2885 natura
2657 2831 2956 2887 cmlestium
3005 2834 3140 2888 mori
3167 2836 3369 2905 potuit,
3402 2837 3524 2907 quia
3569 2852 3803 2907 peccare

2207 2927 2417 2995 potuit:
2448 2942 2570 2981 nam
2600 2936 2656 2983 et
2680 2929 3262 3000 Angelipeccaverunt,
3286 2942 3339 2986 et
3364 2931 3639 2988 diemenes
3671 2935 3802 2991 lacti

2208 3028 2354 3085 sunt,
2382 3034 2611 3090 quorum
2642 3031 2725 3076 est
2751 3022 2991 3077 diabolus
3018 3023 3286 3093 princeps.
3320 3024 3384 3079 Et
3412 3026 3502 3096 qui
3528 3041 3635 3080 non
3668 3041 3801 3096 pec-

2208 3121 2485 3179 caverunt,
2512 3127 2732 3181 peccare
2767 3122 3072 3183 potuerunt.
3103 3114 3171 3169 Et
3195 3114 3508 3186 cuicumque
3533 3127 3803 3173 creatura:

2207 3203 2449 3259 rationali
2476 3214 2756 3275 prrestatur
2781 3216 2835 3261 ut
2857 3222 3079 3277 peccare
3104 3223 3210 3262 non
3237 3208 3425 3279 possit,
3455 3223 3562 3264 non
3583 3219 3667 3264 est
3695 3208 3803 3266 hoc

2208 3306 2410 3365 naturae
2429 3298 2674 3368 preprite,
2695 3298 2788 3353 sed
2808 3299 2899 3354 Dei
2919 3299 3124 3370 gratiae.
3146 3301 3223 3354 Ac
3244 3315 3338 3369 per
3359 3299 3461 3354 boc
3484 3300 3631 3355 solus
3655 3302 3803 3357 Deus

2208 3388 2367 3445 habet
2392 3391 2864 3457 immortalitatem,
2893 3394 2983 3464 qui
3010 3407 3116 3448 non
3144 3393 3454 3464 cujusquam
3477 3395 3671 3465 gratia,
3700 3396 3798 3450 scd

2208 3492 2397 3538 natura
2427 3498 2542 3550 sua,
2575 3500 2673 3539 nec
2696 3485 2886 3554 potuit,
2918 3500 3019 3541 nec
3041 3494 3216 3555 potest
3241 3486 3415 3557 aliqua
3436 3489 3797 3545 conversione

2207 3576 2422 3643 mutari,
2453 3592 2550 3632 nec
2574 3577 2747 3648 potuit
2770 3592 2869 3633 nec
2893 3578 3086 3648 poterit
3114 3578 3290 3649 aliqua
3321 3580 3615 3635 mutatione
3662 3597 3797 3651 pec-

2208 3682 2349 3723 care.
2374 3669 2541 3734 Quem
2579 3669 2870 3725 secundum
2898 3678 3140 3725 naturam
3170 3686 3272 3741 qua
3318 3671 3459 3727 Deus
3495 3680 3596 3736 est,
3648 3689 3801 3727 nemo

2208 3760 2467 3814 hominum
2491 3762 2635 3830 vidit,
2665 3779 2756 3817 nec
2779 3763 2947 3818 videre
2972 3772 3130 3834 potest
3159 3778 3179 3817 :
3217 3763 3323 3819 sed.
3340 3765 3529 3833 poterit
3554 3765 3801 3835 aliquan-

2206 3853 2292 3918 do,
2318 3853 2363 3909 si
2384 3852 2449 3908 ad
2476 3854 2622 3909 illum
2643 3870 2922 3911 numerum
2945 3855 3219 3911 hominum
3239 3856 3488 3926 pertinet,
3517 3857 3585 3911 de
3602 3858 3799 3925 quibus

2206 3942 2403 3999 dictum
2436 3954 2537 4007 est,
2590 3944 2735 4000 Beati
2784 3946 2974 4000 mundo
3002 3947 3172 4013 corde,
3220 3947 3457 4015 quoniam
3497 3948 3600 4019 ipsi
3626 3947 3801 4003 Deum

2204 4036 2437 4091 videbunt
2472 4037 2685 4107 (Matth.
2715 4055 2770 4106 v,
2802 4038 2881 4110 8).
2913 4039 3009 4093 Cui
3040 4040 3168 4103 Deo,
3204 4039 3257 4093 id
3287 4048 3368 4094 est
3395 4040 3538 4094 Patri
3565 4049 3618 4095 ct
3658 4040 3801 4097 Filio

2206 4137 2260 4183 et
2288 4128 2505 4198 Spiritui
2536 4137 2741 4197 sancto,
2756 4146 2873 4201 quae
2898 4130 3131 4185 Trinitas
3156 4145 3296 4185 unus
3322 4140 3404 4187 est
3434 4131 3595 4199 Deus,
3619 4132 3803 4187 honor

2204 4230 2260 4277 et
2285 4221 2451 4291 gloria
2484 4222 2535 4277 in
2558 4223 2750 4278 saecula
2769 4224 3110 4279 szeculorum.
3143 4224 3337 4278 Amen.

2276 4314 2329 4368 5.
2362 4314 2513 4367 Absit
2538 4322 2716 4369 autem
2744 4322 2835 4381 ut,
2867 4314 3136 4385 quomodo
3166 4323 3318 4385 putas
3338 4357 3353 4381 ,
3383 4314 3502 4369 ideo
3528 4313 3596 4369 sit
3623 4312 3800 4370 Pater

2205 4405 2472 4473 potentior
2497 4404 2633 4459 Filio
2652 4447 2665 4470 ,
2710 4407 2831 4475 quia
2858 4415 3152 4461 creatorem
3181 4405 3362 4475 genuit
3390 4407 3550 4462 Pater
3568 4448 3583 4473 ,
3618 4405 3802 4462 Filius

2204 4504 2379 4552 autem
2421 4511 2527 4551 non
2572 4497 2755 4568 genuit
2795 4507 3110 4553 creatorem.
3155 4496 3337 4567 Neque
3375 4497 3517 4552 enim
3549 4511 3655 4552 non
3691 4512 3793 4566 po-

2205 4590 2305 4643 tuit
2345 4588 2457 4659 (a),
2487 4587 2580 4643 sed
2623 4603 2729 4644 non
2772 4588 3027 4659 oportuit.
3072 4587 3424 4642 lnu‘noderata
3465 4587 3607 4640 enim
3650 4597 3804 4644 esset

2204 4680 2377 4735 divina
2404 4681 2679 4750 generatio
2702 4721 2716 4745 ,
2748 4680 2795 4735 si
2822 4680 3031 4750 genitus
3064 4680 3229 4733 Filius
3258 4689 3509 4748 nepotem
3550 4678 3807 4749 gigneret

2204 4772 2349 4827 Patri
2380 4790 2391 4825 :
2422 4772 2544 4842 quia
2572 4780 2626 4827 et
2666 4772 2778 4842 ipse
2817 4787 2984 4841 nepos
3003 4814 3017 4837 ,
3046 4771 3147 4827 nisi
3187 4786 3286 4826 avo
3313 4786 3412 4826 suo
3440 4779 3802 4840 pronepotem

2204 4863 2474 4933 gigneret,
2520 4863 2811 4917 secundum
2860 4872 3089 4917 vestram
3132 4861 3428 4916 mirabilem
3475 4862 3802 4931 sapientiam

2208 4954 2474 5023 impotens
2505 4952 2789 5007 diceretur.
2831 4953 3087 5009 Similiter
3126 4953 3284 5008 etiam
3318 4952 3409 5007 ille
3451 4953 3497 5007 si
3540 4963 3802 5022 nepotem

2204 5059 2310 5098 non
2354 5044 2596 5113 gigneret
2637 5057 2736 5095 avo
2780 5057 2908 5106 suo,
2940 5052 3007 5096 et
3037 5051 3380 5111 pronepotem
3430 5056 3631 5112 proavo
3672 5058 3800 5108 suo,

2204 5149 2309 5188 non
2337 5148 2366 5187 a
2389 5133 2537 5188 vobis
2559 5132 2915 5202 appellaretur
2942 5133 3283 5203 omnipotens
3311 5149 3325 5185 :
3356 5146 3456 5187 nec
3481 5132 3808 5202 impleretur

2203 5225 2564 5297 generationis
2590 5225 2756 5281 series
2778 5266 2791 5291 ,
2819 5224 2863 5279 si
2895 5240 3107 5296 semper
3144 5225 3279 5280 alter
3304 5241 3367 5281 ex
3398 5225 3570 5281 altero
3598 5240 3802 5281 nasce-

2264 5401 2336 5463 (a)
2369 5400 2596 5472 Plerique
2629 5398 2927 5472 acAmelioris.
2957 5408 3085 5472 notae
3114 5409 3244 5472 3156.,
3264 5409 3421 5464 Neque
3451 5400 3581 5451 enim
3618 5402 3799 5472 potuit.

2205 5472 2419 5525 Attamen
2444 5462 2663 5525 Magister
2685 5470 2815 5511 Sent.
2836 5464 2885 5510 in
2912 5464 2955 5523 l,
2978 5462 3088 5513 dist.
3114 5464 3161 5522 7,
3192 5462 3351 5525 _citat.'
3370 5472 3527 5525 Neque
3550 5462 3806 5514 enimnon

2200 5523 2350 5588 potuit
2376 5538 2393 5574 :
2418 5525 2464 5574 id
2490 5523 2583 5588 eSt,
2608 5537 2703 5571 non
2729 5536 2792 5572 ex
2827 5524 3106 5585 impotentia
3141 5523 3259 5583 Filii,
3300 5524 3387 5573 sed
3414 5523 3479 5574 ex
3512 5526 3800 5588 reiunatura

2201 5585 2337 5661 venit
2372 5594 2428 5635 ut
2467 5585 2612 5661 Pilius
2645 5599 2742 5661 non
2776 5593 3001 5661 generet.
3024 5594 3189 5661 Neque
3231 5590 3445 5661 cogimur
3484 5586 3798 5661 intelligere,

2200 5648 2364 5697 Filium
2404 5649 2616 5711 potuisse
2642 5647 2787 5711 alium
2823 5647 3271 5711 generaregiilium,
3300 5647 3440 5711 quod
3478 5647 3801 5711 augustinum

2201 5708 2507 5758 existimasse
2542 5709 2696 5758 credit
2727 5710 2948 5772 Petavius
2990 5711 3038 5761 in
3082 5709 3163 5759 lib.
3196 5711 3225 5758 7
3269 5708 3499 5772 Th'eolog.

2199 5772 2445 5834 'Irinitate,
2464 5784 2568 5835 cap.
2600 5772 2671 5833 l3,
2696 5784 2743 5820 ιι.
2769 5769 2813 5819 6.

3639 5726 3703 5759 ιιι.
3730 5710 3800 5761 de
