4042 6432
250 378 348 435 769

248 499 420 555 retur;
446 503 549 545 nec
567 504 685 546 eam
710 487 987 559 perﬁceret
1010 486 1167 550 ullus,
1187 486 1231 540 si
1254 500 1357 540 non
1382 484 1652 540 sufﬁceret
1671 497 1829 538 unus.

248 582 603 651 Omnipotens
667 582 840 650 itaque
896 578 1316 647 omnipotentem
1367 576 1552 646 genuit
1603 569 1837 638 Filium;

249 672 501 742 quoniam
527 686 851 741 quacumque
880 669 1035 723 Pater
1062 670 1216 738 facit,
1249 669 1356 721 [nec
1385 676 1431 721 et
1461 666 1631 720 Filius
1659 666 1843 720 simili-

250 773 322 817 ter
358 764 505 833 facit.
552 763 744 817 Filium
789 764 983 833 quippe
1025 763 1196 832 ipsum
1236 761 1420 831 genuit
1457 760 1638 829 utique
1668 758 1841 813 Patris

252 865 461 919 natura,
494 872 602 911 non
632 856 775 911 fecit.

315 946 550 1005 CAPUT
594 948 732 1004 Xlll.
768 977 839 989 —-
871 949 919 1002 l.
950 947 1006 1002 ln
1045 948 1137 1002 illo
1177 948 1336 1002 etiam
1380 944 1721 1009 testimonio,
1756 942 1844 998 ubi

248 1042 323 1095 ait
344 1040 638 1110 Apostolus
656 1079 671 1106 ,
703 1039 815 1095 Soli
840 1039 1056 1109 sapienti
1080 1037 1226 1103 Deo;
1255 1052 1361 1091 non
1390 1036 1670 1090 dissimilis
1694 1049 1846 1089 crror

249 1141 332 1187 est
354 1140 540 1187 vester
570 1149 584 1186 :
619 1130 712 1186 sed
738 1130 882 1201 quod
906 1130 1055 1185 vobis
1076 1116 1454 1199 respondimits
1484 1128 1552 1183 de
1581 1128 1844 1197 potentia,

250 1222 353 1279 hoc
381 1223 547 1277 etiam
576 1222 644 1277 de
673 1223 930 1293 sapientia
959 1222 1367 1291 respondemus.
1407 1220 1461 1275 Si
1504 1221 1644 1275 enim
1676 1220 1844 1273 dixis-

250 1323 333 1369 set
348 1314 666 1383 Apostolus,
690 1313 798 1369 Soli
826 1313 1053 1383 sapienti
1075 1312 1252 1377 Patri;
1285 1326 1384 1367 nec
1406 1312 1484 1367 sic
1509 1311 1633 1366 inde
1652 1311 1844 1365 Filium

250 1414 550 1475 separaret.
600 1405 736 1460 Num
783 1405 926 1459 enim
972 1404 1094 1474 quia
1143 1404 1194 1457 in
1234 1402 1553 1473 Apocalypsi
1597 1402 1665 1457 de
1712 1401 1845 1456 Filio

247 1496 447 1566 legitur
466 1536 481 1559 ,
517 1494 724 1550 Habens
752 1512 933 1550 nomen
971 1496 1215 1565 scriptum
1235 1537 1250 1560 ,
1281 1495 1413 1563 quod
1446 1510 1590 1548 nemo
1629 1495 1721 1547 scit
1752 1494 1849 1547 nisi

250 1586 363 1653 ipse
392 1585 591 1655 (Apoc.
618 1575 744 1653 ιη’,
776 1585 879 1655 12)
905 1602 919 1649 ς
953 1586 1072 1641 ideo
1100 1585 1257 1640 Pater
1297 1586 1465 1640 nescit
1495 1585 1597 1639 hoc
1626 1599 1844 1651 nomen,

252 1692 288 1731 a
334 1693 451 1747 quo
488 1687 573 1732 est
616 1677 985 1747 inseparabilis
1023 1676 1235 1732 Filius?
1280 1676 1429 1732 Sicut
1476 1686 1604 1745 ergo
1646 1677 1747 1731 scit
1795 1684 1851 1731 et

253 1767 422 1825 Pater
466 1770 607 1840 quod
650 1784 808 1825 nemo
849 1771 988 1825 seire
1028 1769 1200 1825 dictus
1228 1778 1311 1824 est
1352 1770 1454 1824 nisi
1495 1768 1692 1833 Filius,
1727 1769 1850 1838 quia

256 1860 646 1930 inseparabiles
684 1868 850 1915 sunt:
883 1860 960 1914 sic
998 1861 1159 1915 etiam
1198 1861 1241 1914 si
1283 1859 1485 1915 dictum
1528 1868 1706 1925 esset,
1738 1858 1850 1915 Soli

258 1953 492 2022 sapienti
523 1951 701 2018 Patri;
729 1952 889 2006 simul
920 1952 1140 2023 intelligi
1167 1951 1388 2007 deberet
1410 1960 1465 2007 et
1492 1951 1658 2006 Filius
1678 1994 1693 2019 ,
1726 1951 1850 2022 quia

256 2041 649 2111 inseparabiles
692 2050 836 2095 sunt.
882 2040 1016 2096 Cum
1048 2056 1175 2096 vero
1215 2054 1323 2096 non
1361 2042 1432 2096 sit
1471 2042 1708 2108 dictum,
1738 2042 1851 2099 Soli

258 2132 491 2201 sapienti
520 2132 662 2187 Patri
688 2149 702 2197 ;
748 2132 841 2187 sed
872 2130 987 2187 Soli
1028 2133 1244 2202 sapienti
1273 2132 1419 2198 Deo;
1464 2141 1519 2187 ει
1548 2134 1686 2188 Dens
1717 2149 1851 2189 unus

262 2226 338 2280 sit
366 2226 483 2295 ipsa
512 2224 743 2279 Trinitas
771 2242 784 2280 :
813 2225 980 2279 multo
1005 2233 1087 2279 est
1116 2224 1320 2279 facilior
1344 2224 1497 2280 nobis
1526 2224 1682 2295 hujus
1708 2226 1853 2280 solu-

260 2319 340 2372 tio
367 2316 715 2387 qumstionis;
746 2324 804 2371 ut
849 2317 927 2372 sic
968 2317 1322 2387 intelligamus
1351 2317 1522 2372 solum
1553 2316 1721 2372 Deum
1761 2332 1851 2372 sa-

260 2409 533 2479 pientem,
566 2410 705 2464 sicut
732 2408 1098 2464 intelleximus
1125 2410 1297 2463 solum
1329 2416 1630 2479 potentem,
1662 2408 1715 2463 id
1745 2415 1847 2473 est,

258 2501 477 2557 Patrem
508 2510 562 2557 et
587 2501 779 2557 Filium
809 2510 863 2557 et
889 2500 1147 2572 Spiritum
1183 2509 1422 2557 sanctum
1445 2543 1461 2568 ,
1487 2501 1578 2572 qui
1606 2509 1690 2557 est
1714 2515 1852 2555 unus

258 2601 318 2648 et
339 2593 486 2647 solus
511 2591 650 2647 Deus
670 2634 685 2660 ,
712 2591 797 2647 cui
823 2590 924 2646 soli
965 2591 1166 2646 servire
1204 2591 1337 2659 jussi
1365 2604 1548 2646 sumus
1579 2608 1591 2644 :
1619 2604 1688 2646 ne
1714 2590 1853 2646 male

260 2683 646 2754 intelligentes,
674 2683 756 2737 vel
785 2683 961 2753 potius
990 2697 1095 2737 non
1125 2682 1512 2753 intelligentes,
1539 2691 1723 2737 contra
1751 2682 1852 2738 hoc

258 2784 587 2845 praeceptum
613 2774 789 2830 facere
813 2774 1091 2830 videamur
1109 2815 1123 2840 ,
1157 2774 1278 2843 quia
1306 2783 1361 2830 et
1382 2774 1609 2829 Domino
1632 2774 1850 2830 Christo

259 2883 327 2924 ea
356 2884 478 2939 quae
509 2868 621 2924 Deo
648 2867 875 2923 debetur
916 2867 1171 2922 servitute
1217 2866 1500 2921 servimus.
1549 2866 1664 2921 Non
1707 2866 1851 2921 enim

259 2960 465 3015 dictum
493 2968 611 3027 est,
640 2959 921 3015 Dominum
950 2959 1117 3014 Deum
1152 2968 1297 3013 tuum
1326 2958 1536 3013 Patrem
1580 2958 1848 3025 adorabis,

260 3061 317 3107 ει
340 3052 419 3106 illi
442 3051 563 3120 plus
587 3051 819 3116 servies;
852 3059 909 3104 ut
934 3049 1137 3104 servire
1162 3049 1593 3119 pertnitteremur
1618 3057 1671 3104 et
1691 3047 1850 3115 Filio,

262 3142 386 3214 plus
418 3151 595 3197 tamen
625 3141 770 3196 Patri
799 3149 1047 3211 tanquam
1076 3139 1286 3209 majori,
1314 3138 1490 3195 minus
1519 3148 1695 3195 autem
1717 3140 1853 3195 Filio

261 3242 517 3304 tanquam
566 3232 762 3288 minori
807 3233 918 3289 Deo
962 3250 974 3286 :
1024 3232 1117 3288 sed
1167 3232 1372 3288 dictum
1418 3242 1531 3299 est,
1576 3231 1853 3287 Dominum

260 3324 432 3379 Deum
455 3333 601 3379 tuum
626 3324 881 3391 adorabis,
909 3335 956 3380 et
981 3324 1059 3379 illi
1083 3325 1179 3379 soli
1203 3325 1383 3379 servies
1411 3323 1589 3394 (Deut.
1616 3340 1689 3392 vt,
1718 3325 1808 3396 l3)
1833 3341 1849 3391 ;

259 3414 365 3469 soli
408 3414 616 3469 scilicet
655 3414 1043 3484 omnipotenti,
1075 3414 1175 3469 soli
1218 3414 1445 3484 sapienti
1490 3414 1638 3480 Deo;
1671 3422 1731 3469 ut
1756 3430 1854 3470 vos

260 3505 701 3575 repelleremini,
749 3505 841 3576 qui
893 3506 1135 3561 nolentes
1181 3506 1424 3576 accipere
1466 3522 1629 3561 unum
1679 3506 1850 3561 solum

264 3598 438 3654 Deum
478 3597 693 3652 Patrem
738 3605 793 3652 et
835 3594 1027 3651 Filium
1073 3607 1129 3652 et
1173 3596 1430 3668 Spiritum
1477 3607 1750 3661 sanctum,
1799 3606 1855 3653 et

261 3688 505 3745 dicentes
529 3704 697 3744 unum
727 3688 1009 3744 Dominum
1040 3688 1206 3743 Deum
1226 3727 1242 3755 ,
1271 3689 1357 3743 cui
1385 3688 1483 3743 soli
1512 3688 1851 3743 serviendum

262 3787 368 3847 est,
414 3794 521 3835 non
571 3794 695 3835 esse
744 3780 847 3835 nisi
888 3780 1057 3836 Deum
1100 3780 1342 3845 Patrem,
1373 3787 1428 3834 et
1471 3788 1649 3835 tamen
1690 3780 1851 3836 etiam

263 3872 457 3927 Filium
490 3872 662 3927 Deum
705 3881 760 3927 et
799 3871 1080 3927 Dominum
1119 3870 1473 3937 conﬁtentes;
1517 3871 1854 3941 apertissime

262 3965 404 4020 duos
445 3964 577 4020 deos
620 3973 675 4019 et
718 3964 998 4031 dominos,
1044 3963 1303 4034 majorem
1340 3978 1539 4030 unum,
1590 3964 1853 4019 minorem

261 4056 493 4112 alterum
522 4055 701 4111 dicitis
733 4073 746 4111 :
780 4065 835 4110 et
875 4070 995 4110 reos
1024 4070 1140 4120 vos,
1173 4054 1465 4110 secundum
1495 4069 1731 4110 errorem
1757 4071 1851 4111 ve-

263 4157 436 4204 strum
456 4191 471 4216 ,
505 4150 755 4219 praecepti
798 4147 956 4219 hujus
984 4147 1164 4202 violati
1204 4161 1325 4203 esse
1355 4148 1665 4202 monstratis
1686 4189 1701 4214 ,
1729 4148 1853 4219 quia

266 4256 374 4295 non
405 4240 578 4294 solum
609 4239 828 4308 majori,
858 4254 1041 4293 verum
1070 4240 1229 4293 etiam
1262 4237 1475 4305 minori,
1506 4254 1569 4294 ea
1597 4254 1716 4309 qum
1745 4240 1851 4296 Do-

265 4329 418 4385 mino
445 4330 556 4385 Deo
585 4328 811 4383 debetur
839 4330 1095 4383 servitute
1124 4328 1353 4383 servitis.

335 4421 395 4475 2.
427 4421 525 4477 Ubi
564 4431 743 4476 autem
783 4421 917 4476 dixit
945 4422 1266 4490 Apostolus,
1310 4421 1424 4476 Soli
1465 4422 1681 4492 sapienti
1704 4422 1809 4477 Deo
1832 4439 1853 4488 ,-

264 4526 393 4567 cum
422 4512 687 4567 scriberet
721 4511 787 4566 ad
816 4510 1086 4565 Romanos
1108 4553 1122 4574 ,
1155 4511 1207 4565 in
1240 4510 1345 4565 line
1370 4510 1625 4581 Epistolas
1663 4512 1741 4567 sic
1771 4512 1851 4566 lo-

264 4604 484 4676 quitur:
514 4603 582 4657 Ei
601 4612 767 4657 autem
789 4604 876 4673 qui
903 4612 1079 4673 potens
1102 4611 1194 4667 est,
1222 4601 1413 4671 inquit,
1445 4617 1528 4655 vos
1553 4602 1855 4670 conﬁrmare

263 4698 547 4751 secundum
572 4693 907 4767 Evangelium
936 4710 1121 4760 meum,
1156 4703 1201 4748 et
1228 4694 1540 4762 praeconium
1559 4692 1683 4746 Jesu
1708 4692 1855 4748 Citri-

262 4790 330 4843 sti
350 4806 372 4855 ;
398 4788 675 4843 secundum
700 4786 1050 4842 reuelationem
1072 4785 1301 4855 mysterii
1329 4784 1631 4853 temporibus
1655 4786 1854 4839 teternis

264 4880 427 4947 taciti,
454 4878 763 4951 manifestati
788 4888 952 4931 autem
979 4893 1111 4931 nunc
1140 4893 1229 4946 per
1264 4875 1593 4943 Scripturam
1623 4874 1855 4945 PrOpIte-

262 4984 473 5038 tarum;
517 4972 791 5026 secundum
828 4978 1133 5041 prteeeptum
1158 4968 1332 5023 azterni
1358 4967 1488 5032 Dei,
1532 4968 1586 5021 in
1613 4967 1849 5022 obedien-

263 5066 391 5119 tiam
425 5064 546 5133 ﬁdei
588 5064 642 5116 in
683 5077 854 5115 omnes
896 5070 1067 5133 gentes
1105 5060 1325 5131 cogniti;
1368 5060 1462 5115 soli
1501 5061 1717 5130 sapienti
1746 5060 1853 5115 Deo

262 5175 355 5229 per
378 5157 559 5212 Iesum
596 5155 883 5219 Christum,
915 5154 997 5207 cui
1035 5154 1197 5224 gloria
1238 5154 1290 5206 in
1330 5153 1515 5206 swcula
1552 5152 1853 5206 sa'culorum

264 5248 445 5320 (Rom.
473 5263 599 5314 xvt,
624 5245 856 5317 95-27).
903 5245 1016 5299 Hoc
1052 5252 1153 5311 est,
1202 5242 1269 5296 Ei
1309 5243 1397 5312 qui
1445 5251 1618 5311 potens
1657 5253 1729 5295 est
1768 5258 1853 5296 vos

258 5342 570 5410 conﬁrmare
587 5381 602 5405 ,
633 5339 731 5393 soli
759 5338 973 5409 sapienti
1006 5336 1113 5390 Deo
1140 5335 1304 5406 gloria
1340 5334 1394 5387 in
1422 5333 1612 5387 stecula
1636 5333 1852 5386 steculo-

259 5449 399 5485 rum.
438 5429 591 5498 Quod
617 5438 795 5483 autem
828 5426 1199 5496 interpositum
1228 5432 1344 5487 est,
1381 5438 1470 5494 per
1501 5420 1677 5475 Jesum
1703 5421 1851 5476 Chri-

256 5536 441 5589 stum;
487 5532 665 5576 utrum
697 5520 797 5575 soli
838 5518 1063 5588 sapienti
1096 5518 1204 5572 Deo
1244 5530 1341 5585 per
1373 5514 1554 5569 Jesum
1581 5513 1850 5568 Christum

258 5616 432 5687 accipi
462 5615 689 5679 debeat,
722 5621 777 5667 ut
812 5610 1015 5666 scilicet
1056 5610 1203 5665 solus
1232 5609 1373 5662 Deus
1402 5606 1614 5677 sapiens
1643 5618 1737 5675 per
1758 5606 1852 5661 Je-

258 5723 384 5763 sum
415 5708 686 5762 Christum
715 5704 929 5775 sapiens
958 5717 1077 5758 esse
1120 5701 1471 5769 intelligatur,
1504 5712 1609 5751 non
1637 5698 1853 5765 partici-

264 5798 479 5871 pando,
510 5797 601 5853 sed
642 5794 907 5866 gignendo
947 5792 1255 5864 sapientiam
1278 5833 1291 5857 ,
1324 5788 1463 5861 quod
1505 5797 1583 5846 est
1609 5787 1847 5847 Christus

1563 368 1762 425 LIBER
1803 364 2183 423 SECUNDUS.

3427 374 3533 431 ΠΟ

1956 481 2149 547 .lesus;
2192 498 2259 537 an
2287 499 2413 540 vero
2455 500 2561 541 non
2606 500 2700 556 per
2741 486 2923 544 Jesum
2965 488 3237 545 Christum
3280 493 3531 562 sapienti,

1950 573 2044 627 sed
2090 589 2185 644 per
2223 575 2403 632 Jesum
2446 577 2713 634 Christum
2754 580 2921 650 gloria
2962 582 3071 637 Deo
3114 584 3214 637 soli
3264 584 3531 654 sapienti,

1951 664 2159 719 videtur
2184 667 2507 737 ambiguum.
2536 667 2641 724 Sed
2667 673 2786 740 quis
2812 671 3009 726 audeat
3032 672 3211 727 dicere
3234 688 3332 743 per
3351 674 3534 730 Jesum

1952 753 2219 811 Christum
2250 760 2361 813 tieri
2392 768 2449 813 ut
2472 761 2543 814 sit
2570 763 2781 831 sapiens
2805 763 2945 817 Deus
2970 764 3159 831 Pater;
3189 781 3310 820 cum
3337 781 3531 822 secun-

1951 847 2077 902 dum
2108 850 2461 906 substantiam
2485 868 2634 908 suam
2662 870 2771 909 non
2800 854 3146 911 dubitandum
3172 858 3241 912 sit
3266 874 3388 913 eum
3415 873 3537 915 esse

1950 942 2265 1011 sapientem,
2300 942 2581 1015 potiusque
2611 947 2680 1001 sit
2708 947 3003 1002 substantia
3034 948 3153 1003 Filii
3195 965 3289 1018 per
3316 950 3539 1021 gignen-

1953 1039 2062 1087 tem
2107 1033 2353 1100 Patrem,
2398 1050 2557 1105 quam
2603 1035 2895 1092 substantia
2940 1038 3114 1093 Patris
3163 1054 3257 1109 per
3302 1040 3538 1110 genitum

1953 1121 2188 1177 Filium?
2228 1124 2412 1179 Restat
2454 1141 2581 1196 ergo
2622 1135 2682 1181 ut
2726 1128 2827 1182 soli
2871 1129 3097 1197 sapienti
3130 1130 3238 1184 Deo
3274 1131 3439 1200 gloria
3468 1132 3542 1187 sit

1952 1232 2053 1287 per
2078 1217 2261 1273 Jesum
2288 1217 2580 1285 Christum,
2612 1218 2711 1274 hoc
2740 1229 2853 1285 est,
2883 1221 3025 1275 clara
3056 1238 3177 1277 cum
3210 1222 3363 1279 laude
3391 1224 3539 1278 noti-

1953 1310 2022 1364 tia
2043 1352 2058 1375 ,
2089 1326 2193 1380 qua
2236 1310 2466 1365 innotuit
2510 1312 2757 1381 gentibus
2802 1312 2944 1367 Deus
2968 1313 3205 1369 Trinitas
3234 1331 3247 1367 :
3282 1314 3402 1369 ideo
3440 1329 3539 1384 per

1952 1398 2134 1454 Jesum
2158 1400 2451 1467 Christum,
2492 1401 2637 1471 quia,
2668 1410 2725 1455 ut
2748 1402 2845 1456 alia
2879 1412 3078 1457 taceam
3098 1444 3114 1469 ,
3146 1404 3257 1473 ipse
3287 1404 3542 1474 pra'cepit

1951 1490 2209 1559 baptizari
2251 1501 2435 1563 gentes
2466 1493 2518 1546 in
2551 1494 2772 1548 nomine
2801 1494 2974 1549 Patris
3002 1503 3055 1549 ct
3087 1495 3205 1549 Filii
3232 1505 3287 1550 et
3313 1496 3539 1566 Spiritus

1953 1583 2122 1637 sancti
2145 1582 2356 1653 (Matth.
2379 1598 2571 1651 xxvtn,
2598 1582 2686 1653 19)
2712 1600 2727 1648 ;
2762 1584 2848 1638 ubi
2876 1585 3141 1654 prmcipue
3166 1586 3540 1643 commendata

1953 1681 2037 1729 est
2074 1673 2230 1743 hujus
2268 1675 2551 1730 individua:
2594 1676 2762 1746 gloria
2812 1676 3107 1731 Trinitatis.
3157 1678 3296 1733 Deus
3340 1680 3537 1751 itaque,

1953 1764 2095 1834 quod
2123 1774 2207 1819 est
2236 1764 2349 1833 ipsa
2382 1765 2614 1821 Trinitas
2633 1808 2647 1833 ,
2678 1775 2958 1836 propterea
2989 1768 3135 1822 solus
3158 1768 3372 1838 sapiens
3397 1779 3542 1826 recte

1954 1854 2181 1920 dicitur,
2210 1856 2331 1925 quia
2374 1856 2521 1912 solus
2550 1857 2841 1912 secundum
2868 1858 3220 1915 substantiam
3263 1876 3413 1915 suam
3452 1876 3543 1917 sa-

1953 1948 2105 2017 piens
2131 1957 2215 2003 est
2239 1968 2252 2003 :
2280 1965 2386 2005 non
2414 1951 2706 2007 secundum
2733 1952 3062 2009 accidentem
3087 1954 3171 2009 vel
3198 1953 3541 2010 accedentem

1953 2040 2413 2111 participationem
2438 2043 2733 2112 sapientiae,
2756 2044 2897 2098 sicut
2917 2044 3130 2114 sapiens
3154 2053 3239 2099 est
3269 2046 3543 2100 rationalis

1953 2147 2301 2203 quaecumque
2329 2142 2594 2189 creatura.
2623 2134 2775 2202 Quod
2800 2150 2928 2189 vero
2950 2134 3189 2189 additum
3219 2143 3322 2201 est,
3353 2137 3455 2202 cui,
3486 2144 3544 2191 ut

1954 2224 2226 2281 diceretur
2244 2265 2260 2292 ,
2288 2226 2369 2279 cui
2396 2226 2601 2297 gloria;
2626 2241 2748 2281 cum
2777 2226 3049 2282 sul‘liceret
3074 2227 3121 2282 si
3145 2226 3343 2281 dictum
3371 2236 3540 2295 esset,

1954 2316 2018 2371 Ei
2045 2325 2221 2371 autem
2251 2317 2465 2387 gloria:
2509 2318 2814 2373 inusitatam
2858 2325 3056 2373 nostrae
3113 2316 3304 2386 lingua:
3347 2317 3545 2373 indicat

1955 2409 2313 2475 locutionem;
2362 2425 2466 2464 non
2507 2424 2725 2466 sensum
2767 2425 2925 2480 quem
2960 2409 3291 2480 requiramus
3312 2451 3327 2476 ,
3363 2409 3445 2463 vel
3475 2409 3545 2465 de

1954 2515 2061 2571 quo
2085 2500 2435 2571 ambigamus,
2472 2501 2725 2556 insinuat.
2757 2500 2895 2567 Quid
2929 2499 3072 2555 enim
3104 2500 3286 2555 sensui
3312 2499 3541 2569 deperit,

1957 2594 2003 2647 si
2034 2592 2242 2648 dicatur
2262 2630 2277 2661 ,
2309 2594 2369 2649 Ei
2395 2594 2561 2664 gloria
2583 2636 2599 2661 ,
2627 2595 2714 2649 cui
2759 2609 2853 2663 per
2884 2592 3154 2648 Christum
3182 2594 3387 2664 gloria?
3432 2594 3544 2650 lloc

1955 2691 2039 2738 est
2066 2698 2320 2753 namque,
2350 2700 2439 2753 per
2460 2683 2640 2738 Jesum
2663 2684 2919 2738 Christum
2940 2684 3021 2737 cui
3045 2684 3207 2753 gloria
3228 2699 3248 2748 ;
3272 2683 3414 2753 quod
3438 2692 3540 2749 est,

1958 2774 2045 2828 cui
2076 2788 2171 2843 per
2196 2774 2381 2830 Jesum
2407 2774 2679 2829 Christum
2704 2775 2893 2845 gloria.
2925 2774 3029 2830 Sed
3057 2775 3248 2830 borum
3286 2776 3422 2829 alter
3458 2775 3543 2829 in-

1954 2864 2202 2927 usitatus.
2233 2866 2372 2920 alter
2401 2868 2624 2921 usitatus
2651 2875 2733 2921 est
2761 2866 2895 2920 ordo
2922 2866 3228 2921 verborum.
3591 2926 3596 2933 ,

2025 2956 2250 3013 CAPUT
2302 2957 2439 3012 XIV.
2464 2982 2537 2998 —-
2564 2959 2616 3012 1.
2647 2958 2853 3026 Quaeris
2881 2972 2912 3012 a
2940 2973 3056 3024 me,
3085 2958 3145 3013 Si
3172 2957 3237 3011 de
3259 2957 3540 3012 substantia

1955 3047 2130 3103 Patris
2157 3059 2229 3103 est
2248 3048 2434 3113 Filius,
2463 3051 2524 3103 de
2549 3050 2832 3104 substantia
2853 3048 3022 3103 Patris
3047 3058 3117 3104 est
3144 3051 3293 3103 etiam
3318 3049 3546 3121 Spiritus

1952 3152 2197 3206 sanctus;
2244 3158 2334 3196 cur
2372 3158 2503 3197 unus
2532 3141 2701 3196 Filius
2739 3143 2823 3206 sit,
2870 3150 2916 3195 et
2945 3142 3079 3197 alius
3119 3158 3221 3196 non
3262 3142 3326 3195 sit
3379 3142 3536 3211 ﬁlius.

1955 3236 2097 3292 Ecce
2137 3236 2435 3306 respondeo
2459 3276 2474 3303 ,
2504 3236 2622 3291 sive
2658 3236 2868 3303 capias,
2910 3234 3025 3289 sive
3074 3248 3179 3289 non
3221 3234 3419 3303 capias.
3467 3233 3543 3289 De

1953 3327 2112 3383 Patre
2139 3336 2223 3383 est
2247 3326 2448 3393 Filius,
2492 3326 2560 3381 de
2601 3326 2758 3380 Patre
2782 3335 2864 3381 est
2890 3325 3118 3395 Spiritus
3156 3334 3372 3380 sanctus
3404 3341 3417 3377 :
3447 3323 3543 3379 sed

1954 3419 2043 3473 ille
2071 3420 2283 3488 genitus
2302 3458 2317 3480 ,
2354 3418 2455 3472 iste
2492 3416 2789 3487 procedens
2818 3433 2830 3469 :
2865 3416 2986 3470 ideo
3012 3416 3100 3470 ille
3131 3415 3300 3471 Filius
3326 3424 3410 3469 cst
3436 3414 3541 3468 Pa-

1956 3508 2073 3570 tris,
2102 3508 2170 3563 de
2201 3522 2307 3577 quo
2334 3516 2418 3562 est
2444 3508 2655 3577 genitus
2680 3522 2695 3570 ;
2742 3506 2843 3560 iste
2879 3515 3055 3561 autem
3082 3506 3311 3574 Spiritus
3341 3505 3538 3559 utrius-

1953 3613 2079 3668 que,
2111 3598 2363 3668 quoniam
2391 3597 2459 3652 de
2490 3606 2715 3666 utroque
2744 3595 3001 3666 procedit.
3034 3594 3140 3649 Sed
3176 3594 3296 3649 ideo
3323 3609 3444 3648 cum
3472 3594 3541 3649 de

1954 3690 2046 3744 illo
2070 3689 2238 3745 Filius
2278 3690 2588 3759 loqueretur
2606 3728 2623 3755 ,
2650 3690 2757 3753 ait,
2799 3688 2878 3741 De
2902 3686 3060 3741 Patre
3085 3688 3308 3756 procedit
3342 3685 3538 3757 (Joan.

1957 3795 2055 3845 xv,
2083 3777 2176 3850 26)
2201 3796 2213 3843 ;
2241 3778 2495 3849 quoniam
2522 3778 2679 3833 Pater
2710 3777 3063 3848 processionis
3086 3776 3201 3846 ejus
3226 3786 3307 3832 est
3332 3788 3537 3842 auctor,

1955 3870 2045 3940 qui
2094 3868 2253 3923 talem
2301 3868 2492 3923 Filium
2539 3867 2742 3939 genuit,
2788 3875 2843 3921 et
2885 3866 3149 3937 gignendo
3196 3868 3245 3922 ei
3292 3866 3439 3922 dedit
3482 3878 3542 3923 ut

1955 3961 2115 4016 etiam
2142 3958 2209 4014 de
2238 3960 2354 4029 ipso
2395 3958 2708 4028 procederet
2742 3956 2971 4028 Spiritus
2999 3965 3235 4011 sanctus.
3280 3956 3411 4011 Nam
3441 3957 3543 4013 nisi

1954 4050 2271 4121 procederet
2294 4059 2348 4105 et
2373 4050 2439 4104 de
2468 4050 2604 4120 ipso,
2632 4064 2739 4103 non
2764 4048 2968 4103 diceret
2996 4047 3292 4117 discipulis,
3320 4050 3543 4119 Accipite

1956 4143 2209 4214 Spiritum
2254 4150 2525 4205 sanctum;
2571 4155 2801 4210 eumque
2849 4137 3171 4194 insufﬂando
3216 4139 3368 4194 daret
3414 4138 3541 4210 (Id.

1956 4252 2049 4301 xx,
2077 4236 2190 4305 2‘2),
2221 4244 2278 4289 ut
2303 4250 2333 4288 a
2363 4250 2422 4290 se
2448 4248 2660 4305 quoque
2686 4231 2976 4303 procedere
3004 4226 3328 4301 signiﬁcans,
3363 4242 3544 4302 aperte

1954 4327 2263 4383 ostenderet
2289 4325 2488 4392 ﬂando,
2515 4325 2657 4395 quod
2684 4323 2937 4394 spirando
2967 4323 3128 4378 dabat
3153 4326 3376 4379 occulte.
3407 4325 3543 4392 Quia

1956 4435 2086 4491 ergo
2112 4420 2157 4474 si
2185 4426 2514 4483 nasceretur,
2544 4432 2651 4471 non
2684 4425 2888 4471 tantum
2917 4416 2984 4472 de
3010 4416 3188 4484 Patre,
3215 4433 3313 4473 nec
3338 4427 3541 4474 tantum

1955 4511 2023 4565 de
2054 4510 2230 4574 Filio,
2273 4510 2366 4564 sed
2398 4510 2465 4564 de
2505 4509 2762 4564 ambobus
2803 4509 2988 4578 utique
3035 4520 3379 4575 nasceretur;
3426 4511 3544 4565 sine
3626 4514 3631 4517 “

1955 4600 2117 4654 dubio
2164 4600 2302 4654 illius
2351 4599 2621 4653 diceretur
2666 4599 2966 4654 amborum.
3016 4601 3095 4656 Ac
3139 4614 3235 4669 per
3278 4600 3381 4655 hoc
3420 4602 3543 4669 quia

1957 4691 2096 4745 lilius
2121 4689 2401 4745 amborum
2445 4689 2589 4744 nullo
2620 4689 2780 4744 modo
2810 4700 2893 4745 est
2918 4732 2932 4755 ,
2966 4705 3073 4745 non
3116 4691 3351 4760 oportuit
3396 4692 3541 4745 nasci

1955 4797 2077 4837 eum
2108 4781 2175 4837 de
2216 4781 2497 4836 ambobus.
2529 4782 2822 4836 Amborum
2864 4790 2947 4837 est
2979 4798 3106 4851 ergo
3128 4781 3385 4850 Spiritus,
3414 4797 3541 4851 pro-

1956 4875 2197 4930 cedendo
2218 4874 2285 4930 de
2307 4874 2587 4929 ambobus.
2628 4874 2767 4942 Quid
2791 4885 2968 4929 autem
2999 4874 3138 4929 inter
3164 4872 3308 4927 nasci
3334 4882 3391 4928 et
3412 4890 3541 4943 pro-

1955 4970 2148 5026 cedere
2170 4969 2395 5033 intersit,
2420 4968 2489 5024 de
2514 4969 2599 5023 illa
2626 4967 3077 5023 excellentissima
3106 4976 3290 5020 natura
3319 4965 3542 5035 loquens

1957 5063 2223 5131 explicare
2247 5060 2369 5131 quis
2398 5060 2617 5130 potest?
2655 5059 2769 5114 Non
2802 5072 2961 5112 omne
2994 5057 3135 5127 quod
3179 5056 3415 5127 procedit
3443 5072 3541 5111 na-

1956 5156 2154 5220 scitur,
2181 5153 2425 5223 quamvis
2453 5168 2613 5209 omne
2641 5152 2895 5222 procedat
2919 5151 3060 5222 quod
3097 5150 3371 5215 nascitur;
3404 5153 3543 5206 sicut

1958 5260 2063 5300 non
2100 5259 2258 5299 omne
2295 5244 2435 5315 quod
2468 5246 2618 5314 bipes
2645 5254 2726 5298 est
2758 5244 2917 5298 homo
2954 5252 3067 5307 est,
3112 5243 3353 5312 quamvis
3393 5244 3542 5313 bipes

1957 5336 2027 5391 sit
2050 5336 2224 5391 omnis
2248 5337 2336 5406 qui
2363 5338 2523 5391 homo
2555 5344 2656 5390 est.
2686 5335 2808 5389 llaec
2833 5336 2944 5389 scio
2973 5353 2987 5390 :
3013 5334 3338 5404 distinguere
3364 5345 3540 5392 autem

1956 5426 2097 5481 inter
2124 5427 2264 5481 illam
2310 5426 2706 5495 generationem
2749 5433 2801 5479 et
2841 5424 2977 5479 hanc
3020 5425 3415 5495 processioncm
3443 5443 3541 5481 ne-

1956 5517 2090 5581 scio,
2123 5532 2227 5571 non
2255 5517 2439 5580 valeo,
2475 5532 2579 5570 non
2607 5514 2836 5570 sufﬁcio.
2868 5516 2945 5569 Ac
2973 5531 3065 5585 per
3090 5516 3191 5569 hoc
3218 5518 3340 5586 quia
3369 5530 3421 5571 et
3452 5518 3539 5573 illa

1956 5619 2011 5666 et
2040 5611 2138 5663 ista
2164 5620 2244 5663 est
2269 5608 2548 5663 inell'abilis
2566 5649 2581 5672 ,
2608 5609 2747 5663 sicut
2772 5609 3030 5678 propheta
3059 5609 3126 5663 de
3155 5609 3291 5665 Filio
3318 5611 3541 5679 loquens

1955 5700 2058 5765 ait,‘
2076 5699 2454 5753 (.‘enerationem
2484 5698 2593 5766 ejus
2620 5699 2730 5767 quis
2757 5698 3008 5753 enarrabit
3036 5698 3187 5770 (Isai.
3210 5717 3319 5764 un,
3343 5700 3440 5768 8)9
3467 5703 3537 5752 ita

1957 5790 2023 5846 de
2064 5789 2261 5860 Spiritu
2313 5797 2495 5841 sancto
2539 5788 2815 5845 verissime
2862 5788 3089 5855 dicitur,
3138 5789 3535 5845 ProceSsiunem
