4042 6456
560 366 657 434 θνι
1137 368 1408 435 CONTRA
1447 369 1836 437 MAXIMINUM
1874 367 2281 438 ARlANORUM
2322 377 2719 458 EPISCOPUM,
2760 391 2817 450 s.
2859 383 3227 453 AUGUSTINI
3708 398 3798 468 τῆξ»,

560 496 678 565 ejus
712 494 832 564 quis
861 493 1170 550 enarrabit?
1210 496 1350 551 Satis
1384 498 1453 551 sit
1494 512 1622 567 ergo
1657 499 1809 553 nobis
1831 540 1845 565 ,
1877 499 1998 569 quia
2029 513 2137 553 non

560 594 643 640 est
666 599 696 638 a
726 585 903 655 seipse
933 585 1114 651 Filius,
1145 587 1237 641 sed
1267 588 1333 642 ab
1359 586 1451 642 illo
1475 587 1542 641 de
1568 604 1674 659 quo
1699 598 1852 646 natus
1879 600 1958 645 est
1987 609 2000 644 :
2032 604 2138 645 non

557 684 642 731 est
667 690 697 730 a
725 676 900 746 seipso
924 676 1152 746 Spiritus
1177 686 1420 742 sanctus,
1453 678 1545 733 sed
1572 680 1640 734 ab
1668 668 1759 734 illo
1783 680 1851 735 de
1875 691 1982 751 quo
2012 692 2137 750 pro-

556 765 721 821 cedit.
756 766 825 820 Et
849 766 971 835 quia
996 766 1063 821 de
1099 775 1321 836 utroque
1348 768 1621 838 procedit,
1652 770 1789 825 sicut
1818 770 1928 841 jam
1954 781 2139 828 osten-

554 857 732 913 dimus
764 873 778 911 :
809 857 949 912 unde
978 865 1032 911 et
1065 847 1292 927 Spiritus
1318 858 1493 914 Patris
1522 859 1694 915 dictus
1725 871 1840 925 est,
1874 862 1959 917 ubi
2001 864 2133 933 legi-

556 958 641 1002 tur
662 989 677 1013 ,
715 947 776 1001 Si
802 955 966 1000 autem
1002 946 1229 1015 Spiritus
1268 950 1376 1017 ejus
1415 951 1501 1019 qui
1540 951 1793 1005 suscitavit
1821 952 2077 1007 Christum
2103 969 2136 1008 a

553 1037 783 1103 mortuis,
812 1036 1003 1090 habitat
1026 1038 1079 1090 in
1104 1038 1276 1103 vobis;
1305 1046 1359 1093 et
1383 1038 1610 1110 Spiritus
1634 1040 1774 1106 Filii,
1804 1042 1891 1096 ubi
1920 1043 2131 1112 legitur,

555 1127 657 1192 Qui
680 1136 847 1180 autem
875 1127 1124 1197 Spiritum
1152 1128 1338 1183 Christi
1366 1146 1467 1184 non
1496 1128 1669 1196 habet,
1697 1132 1777 1184 hic
1801 1148 1901 1185 non
1923 1143 1994 1187 est
2022 1134 2133 1201 ejus

551 1218 725 1287 (Rom.
749 1235 863 1285 vin,
890 1221 973 1283 tt,
998 1218 1076 1289 9).
1101 1220 1215 1274 Non
1245 1222 1385 1275 enim
1412 1223 1517 1278 duo
1541 1228 1665 1278 sunt
1683 1224 1910 1293 Spiritus
1937 1227 2129 1293 sancti,

554 1318 803 1379 tanquam
834 1309 1025 1379 singuli
1051 1310 1403 1381 singulorum,
1430 1329 1565 1367 unus
1592 1314 1784 1379 Patris,
1814 1316 1948 1369 alter
1973 1316 2090 1370 Filii
2113 1333 2128 1382 ;

550 1400 645 1457 sed
678 1415 811 1455 unus
841 1402 1015 1471 potius
1050 1402 1220 1456 Patris
1248 1413 1302 1457 et
1336 1403 1453 1457 Filii
1485 1423 1498 1458 :
1539 1404 1607 1458 de
1644 1421 1750 1473 quo
1788 1421 1893 1460 uno
1930 1406 2130 1476 Spiritu

548 1494 803 1563 scriptum
851 1504 966 1560 est,
1016 1494 1216 1548 Etenim
1257 1497 1310 1549 in
1353 1496 1551 1567 Spiritu
1593 1515 1694 1553 uno
1738 1516 1828 1553 nos
1868 1517 2036 1554 omnes
2078 1502 2132 1554 in

547 1600 705 1637 unum
733 1601 918 1654 corpus
953 1585 1191 1654 baptizati
1227 1604 1399 1641 sumus
1418 1629 1431 1653 ,
1459 1589 1561 1642 sive
1586 1588 1757 1642 λιιάωὶ
1773 1632 1787 1653 ,
1818 1591 1917 1644 sive
1945 1590 2127 1656 erci,

547 1677 650 1731 sive
677 1678 804 1731 serui
821 1717 836 1743 ,
866 1678 967 1732 sive
992 1678 1169 1743 liberi;
1197 1688 1247 1732 et
1283 1696 1452 1734 omnes
1477 1689 1632 1734 unum
1660 1682 1907 1750 Spiritum
1935 1684 2130 1753 potavi-

548 1784 658 1821 mus
685 1768 739 1836 (l
767 1768 885 1822 Cor.
911 1768 1167 1839 3:11.15).
1208 1769 1275 1823 Et
1314 1770 1420 1825 alio
1458 1770 1576 1825 loco
1611 1787 1626 1825 :
1659 1770 1831 1826 Unum
1869 1788 2051 1843 corpus
2085 1781 2132 1826 et

548 1874 680 1912 unus
705 1859 930 1923 Spiritus
958 1858 1170 1929 (Ep/tes.
1197 1874 1269 1925 tv,
1293 1858 1370 1931 4).

621 1949 677 2003 2.
710 1948 847 2016 Quid
874 1964 1002 2018 ergo
1033 1949 1148 2005 haec
1173 1949 1408 2005 Trinitas
1428 1993 1443 2018 ,
1474 1950 1573 2006 nisi
1603 1951 1762 2006 unius
1785 1951 2132 2023 ejusdemque

549 2040 859 2096 substantia:
884 2041 1006 2096 est?
1031 2041 1467 2112 Quandoquidem
1494 2057 1598 2098 non
1620 2043 1686 2098 de
1709 2044 1885 2114 aliqua
1907 2044 2130 2099 materia

548 2131 632 2185 vel
653 2130 719 2186 de
741 2130 906 2185 nihilo
927 2141 1011 2186 est
1032 2132 1217 2198 Filius,
1249 2133 1342 2188 sed
1364 2134 1431 2189 de
1463 2146 1568 2204 quo
1596 2142 1679 2191 est
1705 2137 1912 2205 genitus
1940 2153 1953 2189 :
1980 2136 2133 2191 item-'-

549 2234 653 2290 que
678 2220 905 2291 Spiritus
942 2230 1158 2277 sanctus
1196 2238 1300 2277 non
1335 2222 1404 2279 de
1443 2224 1616 2295 aliqua
1654 2226 1911 2294 materia,
1943 2226 2027 2282 vel
2064 2226 2131 2283 de

550 2309 738 2377 nihilo,
778 2310 873 2366 sed
918 2310 1041 2367 inde
1076 2322 1159 2367 est
1194 2312 1334 2368 unde
1370 2315 1629 2384 procedit.
1667 2316 1776 2373 Vos
1812 2326 1993 2374 autem
2030 2332 2131 2374 nec

548 2401 744 2456 Filium
777 2402 844 2457 de
866 2402 1038 2458 Patris
1071 2404 1366 2459 substantia
1396 2406 1631 2476 genitum
1660 2408 1841 2475 vultis,
1868 2417 1923 2464 et
1949 2415 2128 2463 tamen

548 2509 672 2550 eum
712 2510 810 2551 nec
847 2511 912 2552 ex
951 2495 1146 2563 nihilo,
1192 2511 1292 2552 nec
1330 2512 1398 2553 ex
1435 2498 1609 2569 aliqua
1646 2500 1890 2569 materia,
1930 2500 2026 2556 sed
2063 2515 2126 2556 ex

547 2587 705 2640 Patre
734 2602 854 2642 esse
890 2587 1201 2643 conceditis.
1229 2587 1339 2644 Nec
1366 2589 1557 2645 videtis
1591 2605 1751 2660 quam
1790 2606 2010 2647 necesse
2037 2591 2125 2659 sit,

548 2686 607 2732 ut
635 2678 723 2748 qui
764 2693 869 2733 non
923 2688 1005 2733 est
1038 2693 1105 2733 ex
1132 2678 1318 2745 nihilo,
1354 2694 1461 2734 non
1499 2689 1583 2735 est
1614 2695 1679 2736 ex
1705 2681 1878 2752 aliqua
1907 2697 1967 2738 re
1998 2683 2123 2747 alia,

544 2770 640 2824 sed
666 2785 733 2825 ex
758 2771 900 2836 Deo,
940 2770 1042 2825 nisi
1080 2786 1146 2826 ex
1173 2771 1270 2826 Dei
1302 2771 1599 2827 substantia
1637 2786 1757 2828 esse
1794 2788 1900 2829 non
1939 2773 2124 2843 possit,

546 2874 601 2917 et
632 2862 735 2917 hoc
765 2877 884 2918 esse
904 2863 1046 2933 quod
1069 2864 1209 2920 Deus
1232 2872 1317 2919 est
1347 2863 1415 2919 de
1440 2879 1547 2934 quo
1584 2875 1686 2932 est,
1726 2865 1829 2920 hoc
1861 2874 1964 2932 est,
1989 2865 2129 2920 Deus

544 2956 613 3013 de
639 2957 769 3012 Deo.
809 2957 1065 3025 Quocirca
1092 2958 1234 3013 Deus
1256 2958 1324 3014 de
1346 2960 1456 3015 Deo
1489 2969 1672 3025 natus,
1697 2962 1817 3030 quia
1854 2977 1958 3016 non
1984 2962 2128 3017 aliud

543 3049 695 3118 prius
730 3048 848 3113 fuit,
886 3048 981 3104 sed
1010 3056 1199 3104 natura
1228 3060 1492 3106 cozeterna
1530 3050 1598 3106 de
1620 3052 1730 3108 Deo
1765 3060 1869 3119 est,
1899 3067 2005 3108 non
2046 3062 2128 3108 est

543 3138 685 3192 aliud
723 3153 879 3208 quam
918 3147 1002 3193 est
1042 3139 1133 3194 ille
1157 3140 1225 3195 de
1245 3154 1352 3209 quo
1389 3148 1497 3206 est,
1530 3141 1633 3197 hoc
1667 3150 1769 3210 est,
1802 3144 1956 3199 unius
1979 3145 2125 3213 ejus-

543 3229 774 3299 demque
817 3240 1055 3298 naturaa,
1084 3232 1168 3287 vel
1208 3232 1362 3287 unius
1404 3233 1752 3304 ejusdemque
1791 3236 2121 3291 substantim.

545 3320 697 3388 Quod
739 3336 860 3375 cum
898 3322 1123 3388 auditis,
1162 3324 1317 3393 quale
1354 3338 1451 3379 cor
1493 3325 1733 3381 habeatis
1778 3326 1994 3397 ignoro,
2034 3331 2125 3399 qui

545 3415 741 3485 putatis
774 3428 872 3470 nos
913 3416 990 3470 sic
1027 3415 1221 3470 Filium
1256 3416 1440 3472 dicere
1474 3426 1655 3473 natum
1691 3432 1813 3475 esse
1849 3420 1916 3475 de
1942 3422 2120 3492 Patre,

542 3504 810 3575 quomodo
839 3516 1129 3561 nascuntur
1152 3507 1220 3562 de
1258 3508 1573 3578 corporibus
1600 3523 1821 3580 corpora
1854 3528 1867 3564 :
1910 3520 1965 3566 et
1992 3528 2124 3583 quo-

542 3595 685 3650 niam
732 3597 1152 3668 corruptibiliter
1196 3598 1296 3653 ista
1343 3609 1663 3666 nascuntur,
1716 3604 1977 3659 accusatis
2024 3620 2123 3662 nos

463 3682 473 3696 '
542 3695 791 3758 tanquam
830 3690 1159 3759 generationi
1204 3690 1473 3761 Unigeniti
1501 3731 1514 3755 ,
1555 3707 1673 3761 quae
1715 3693 1782 3748 de
1823 3695 1981 3752 Patre
2018 3707 2119 3764 est,

545 3782 877 3851 corporalem
920 3784 1221 3852 passionem
1261 3788 1762 3857 corruptionemque
1804 3789 2118 3846 tribuamus.

543 3868 859 3927 Carnalibus
896 3873 1091 3943 quippe
1133 3874 1540 3943 cogitationibus
1588 3876 1732 3946 pleni
1772 3879 2121 3937 substantiam

544 3961 639 4016 Dei
661 3961 727 4017 de
755 3976 812 4017 se
839 3964 1198 4034 ipsagignere
1232 3980 1390 4034 posse
1422 3967 1616 4022 Filium
1643 3985 1745 4024 non
1773 3974 1988 4041 putatis,
2018 3975 2121 4030 nisi

544 4049 648 4105 hoc
682 4051 909 4120 patiatur
952 4054 1093 4123 quod
1134 4053 1429 4129 substantia
1468 4058 1680 4127 quando
1719 4061 1887 4131 gignit
1924 4064 2122 4133 patitur

543 4144 739 4197 carnis.
783 4142 1005 4226 Erratis,
1045 4161 1153 4201 non
1191 4147 1421 4205 scientes
1458 4150 1779 4220 Scripturas,
1821 4168 1994 4226 neque
2013 4157 2123 4213 vir-

542 4241 709 4288 tutem
734 4234 826 4289 Dei
849 4220 1058 4305 (ΜάιιΙι.
1087 4238 1353 4310 “11,99).
1383 4240 1604 4306 Quando
1624 4244 1830 4315 legitis,
1867 4220 1935 4302 Ui
1962 4249 2120 4305 simus

540 4324 594 4378 in
618 4343 732 4380 vero
760 4326 899 4381 Filio
924 4329 1034 4397 ejus
1057 4328 1181 4383 Jesu
1204 4329 1404 4386 Christo
1429 4333 1448 4404 (
1463 4333 1481 4387 l
1501 4333 1655 4389 Joan.
1682 4352 1738 4403 v,
1762 4338 1856 4409 ΞΟ)
1882 4356 1897 4405 ;
1934 4357 2118 4398 verum

539 4415 633 4470 Dei
662 4416 851 4471 Filium
889 4419 1136 4488 cogitate.
1172 4420 1322 4476 Hunc
1354 4431 1531 4491 autem
1553 4426 1743 4482 Filium
1779 4430 1925 4486 nullo
1958 4434 2118 4489 modo

538 4520 722 4560 verum
752 4508 845 4562 Dei
887 4508 1080 4563 Filium
1121 4512 1398 4582 cogitatis,
1442 4515 1486 4571 si
1518 4530 1638 4572 eum
1677 4529 1855 4576 natum
1896 4538 2013 4579 esse
2050 4524 2118 4580 de

541 4599 833 4653 substantia
865 4600 1037 4655 Patris
1066 4605 1286 4672 negatis.
1316 4605 1450 4661 Num
1485 4610 1627 4663 enim
1662 4611 1770 4680 jam
1802 4624 1916 4669 erat
1947 4615 2119 4671 homi-

539 4691 625 4743 nis
661 4690 836 4757 ﬁlius,
873 4701 927 4746 et
951 4692 1060 4746 Deo
1087 4694 1320 4749 donante
1365 4696 1533 4753 factus
1572 4711 1653 4756 est
1691 4703 1785 4757 Dei
1828 4705 2002 4772 ﬁlius;
2051 4723 2116 4762 ex

541 4780 650 4835 Deo
684 4783 899 4850 quidem
934 4794 1110 4850 natus,
1144 4786 1234 4841 sed
1262 4789 1450 4856 gratia,
1483 4805 1588 4844 non
1620 4795 1851 4847 natura?
1876 4796 1956 4849 An
1981 4796 2116 4852 forte

538 4872 640 4925 etsi
668 4888 775 4926 non
806 4873 1033 4929 hominis
1062 4876 1220 4940 titius,
1246 4885 1423 4933 tamen
1451 4880 1623 4949 aliqua
1647 4883 1756 4951 jam
1778 4896 1892 4939 erat
1916 4888 2115 4957 qualis-

535 4978 763 5034 cumque
809 4977 1089 5034 creatura,
1131 4977 1187 5023 et
1225 4970 1277 5023 in
1319 4970 1409 5026 Dei
1460 4971 1656 5039 ﬁlium,
1704 4975 1814 5032 Deo
1852 4990 2111 5045 mutante.

535 5071 790 5111 conversa
814 5060 938 5113 est?
976 5060 1030 5115 Si
1063 5062 1193 5117 nihil
1230 5063 1441 5126 horum,
1467 5081 1593 5136 ergo
1620 5077 1709 5122 aut
1743 5069 1809 5123 de
1838 5071 2005 5127 nihilo
2025 5084 2115 5129 aut

534 5145 605 5201 de
638 5147 810 5216 aliqua
854 5150 1146 5205 substantia
1187 5162 1343 5208 natus
1382 5164 1482 5210 est.
1523 5156 1627 5212 Sed
1669 5175 1737 5214 ne
1773 5162 2114 5220 crederemus

541 5238 607 5293 de
628 5239 793 5293 nihilo
816 5256 937 5296 esse
961 5243 1049 5297 Dei
1077 5243 1263 5298 Filium
1285 5260 1381 5300 vos
1408 5257 1617 5318 putare,
1646 5250 1756 5319 jam
1789 5269 1886 5309 nos
1916 5255 1984 5309 ab
2015 5258 2112 5311 ista

539 5329 893 5386 sollicitudine
913 5332 1145 5387 liberasti
1173 5352 1185 5387 :
1211 5334 1485 5392 aiﬁrmasti
1508 5340 1648 5394 enim
1671 5358 1777 5397 non
1797 5360 1889 5397 vos
1910 5344 2109 5411 dicere,

539 5420 609 5475 de
631 5420 795 5476 nihilo
818 5437 937 5477 esse
973 5425 1063 5479 Dei
1092 5426 1306 5481 Filium.
1349 5430 1424 5485 De
1452 5432 1623 5501 aliqua
1652 5450 1781 5505 ergo
1820 5438 2113 5496 substantia

538 5521 642 5565 est.
674 5511 727 5566 Si
766 5527 869 5565 non
906 5513 972 5567 de
1006 5516 1216 5583 Patris;
1258 5519 1324 5573 de
1349 5523 1490 5589 qua?
1531 5523 1715 5579 Dicite.
1752 5527 1856 5581 Sed
1897 5545 2001 5583 non
2030 5531 2113 5584 in-

539 5602 750 5658 venitis.
773 5604 890 5657 .lam
912 5605 1068 5673 igitur
1089 5610 1412 5679 unigenitum
1436 5613 1529 5668 Dei
1549 5614 1740 5669 Filium
1762 5616 1940 5673 Jesum
1960 5621 2114 5676 Chri-

538 5706 678 5749 stum
705 5696 983 5751 Dominum
1011 5710 1246 5756 nostrum
1269 5703 1334 5757 de
1355 5704 1526 5761 Patris
1552 5723 1672 5762 esse
1692 5710 1983 5767 substantia
2007 5729 2111 5770 non

533 5799 627 5841 vos
652 5788 929 5843 nobiscum
957 5789 1129 5861 pigeat
1154 5796 1413 5851 conﬁteri.

2312 502 2366 557 5.
2387 503 2567 595 ‘Pater
2593 523 2720 579 ergo
2745 519 2795 565 et
2823 511 2990 568 Filius
3020 516 3171 570 unius
3192 523 3315 573 sunt
3333 516 3672 595 ejusdemque
3689 529 3802 584 subs

2241 593 2471 648 stantiae.
2498 595 2610 652 Hoc
2646 608 2727 653 est
2767 600 2897 656 illud
2928 603 3252 683 liomousion
3274 649 3288 673 ,
3319 610 3459 678 quod
3500 612 3552 667 in
3593 593 3803 676 concilio

2240 681 2455 767 Nicmno
2494 688 2751 746 adversus
2783 681 3061 752 barretieos
3099 698 3325 754 Arianos
3351 714 3381 755 a
3420 704 3689 761 catholicis
3712 708 3804 765 Pa.

2240 775 2407 834 tribus
2435 781 2676 839 veritatis
2704 785 3018 844 auCtorilate
3045 797 3099 845 et
3126 792 3453 850 anetoi'itatis
3481 798 3697 855 veritate
3720 799 3802 856 ﬁr-

2240 876 2439 922 matum
2478 880 2559 927 est
2605 890 2618 925 :
2665 876 2804 943 quod
2854 888 3035 946 postea
3087 880 3140 934 in
3193 884 3419 938 concilio
3460 887 3799 959 Ariminensi,

2240 968 2455 1029 propter
2494 964 2783 1021 novitatem
2830 969 2979 1025 verbi
3014 972 3189 1029 minus
3219 991 3375 1046 quam
3405 981 3638 1049 oportuit
3665 983 3801 1039 intel-

2238 1048 2467 1119 lectum,
2500 1054 2641 1123 quod
2670 1064 2845 1113 tamen
2872 1060 2889 1091 ¹
2917 1058 3049 1117 ﬁdes
3072 1064 3284 1135 antiqua
3314 1048 3612 1137 pepererat,
3641 1075 3802 1131 multis

2238 1154 2525 1209 paucorum
2570 1145 2754 1203 fraude
2795 1148 3032 1220 deceptis
3064 1196 3080 1220 ,
3137 1154 3384 1212 haeretica
3429 1158 3671 1229 impietas
3716 1164 3802 1220 sub

2239 1230 2492 1288 bznretico
2535 1235 2855 1305 imperature
2880 1239 3194 1299 Constantio
3220 1246 3535 1305 labefactare
3579 1255 3799 1307 tentavit.

2237 1318 2344 1376 Sed
2372 1331 2490 1391 post
2518 1340 2624 1379 non
2661 1328 2875 1398 longum
2906 1339 3115 1401 tempus
3137 1335 3378 1393 libertate
3398 1339 3518 1395 ﬁdei
3548 1342 3802 1399 catholica

2236 1414 2588 1484 prmvalente,
2628 1429 2969 1490 posteaquam
2999 1424 3080 1478 vis
3104 1415 3271 1492 verbi,
3304 1426 3440 1484 sicut
3472 1431 3692 1500 debuit,
3734 1435 3804 1490 in-

2239 1502 2446 1557 tellecta
2478 1514 2592 1572 est,
2621 1507 2946 1566 Homousion
2976 1513 3106 1569 illud
3134 1517 3408 1575 catholica:
3445 1521 3569 1576 ﬁdei
3599 1524 3804 1582 sanitate

2237 1589 2393 1663 longe
2428 1595 2638 1667 lateque
2690 1592 2964 1656 defensum
2995 1610 3095 1658 est.
3124 1606 3259 1673 Quid
3294 1618 3376 1664 est
3421 1612 3562 1666 enim
3591 1613 3805 1670 Homon-

2234 1684 2388 1750 sion,
2430 1687 2531 1742 nisi
2581 1689 2736 1744 unius
2773 1691 3121 1765 ejusdemque
3167 1698 3510 1756 substantiae?
3550 1702 3685 1770 Quid
3711 1713 3801 1773 est,

2234 1777 2449 1846 inquam
2476 1817 2492 1845 ,
2521 1778 2846 1837 llomousion
2866 1824 2880 1849 ,
2913 1786 3013 1840 nisi
3035 1829 3049 1853 ,
3078 1788 3189 1859 Ego
3238 1799 3285 1844 et
3334 1791 3493 1847 Pater
3541 1811 3696 1849 unum
3725 1812 3804 1851 sua

2234 1884 2347 1923 mus
2371 1868 2390 1939 (
2414 1868 2573 1926 Joan.
2593 1888 2649 1938 x,
2676 1874 2745 1929 30
2764 1875 2827 1945 )7
2868 1874 2973 1931 Sed
3000 1894 3141 1935 nunc
3168 1897 3267 1937 nec
3287 1898 3383 1953 ego
3403 1885 3696 1955 Nicmnum,
3718 1896 3805 1945 nec

2233 1967 2293 2015 tu
2337 1960 2502 2018 debes
2551 1965 2888 2051 Ariminense
2929 1978 3181 2042 tanquam
3212 1975 3655 2045 prmjudicaturus
3694 1995 3805 2051 pro-

2234 2052 2375 2109 ferre
2415 2056 2722 2112 concilium.
2762 2047 2872 2115 Nec
2911 2065 3013 2132 ego
3051 2063 3208 2135 hujus
3249 2070 3599 2137 auctoritate,
3628 2047 3721 2127 nec
3755 2078 3803 2127 tu‘

2236 2142 2376 2200 illius
2430 2146 2684 2205 detineris
2729 2166 2745 2203 :
2800 2151 3194 2223 Scripturarum
3223 2161 3662 2230 auctoritatibus,
3710 2168 3805 2219 non

2234 2248 2567 2307 quorumque
2597 2240 2847 2311 propriis,
2876 2242 2971 2299 sed
3002 2245 3238 2316 utrisque
3270 2250 3646 2305 communibus
3667 2253 3805 2307 testis

2233 2325 2364 2394 bas,
2394 2338 2484 2383 res
2505 2343 2627 2384 cum
2654 2346 2733 2397 re,
2766 2347 2928 2388 causa
2958 2349 3078 2390 cum
3104 2352 3292 2406 causa,
3313 2340 3450 2396 ratio
3466 2355 3587 2397 cum
3619 2345 3805 2400 ratione

2232 2430 2524 2477 conuertet.
2573 2421 2795 2495 Utrique
2832 2425 3089 2498 legimus.
3146 2429 3213 2486 Ut
3240 2432 3396 2487 simus
3444 2434 3498 2488 in
3537 2452 3652 2489 vero
3681 2435 3804 2491 Filio

2233 2512 2341 2579 ejus
2373 2511 2498 2566 Jesu
2524 2512 2758 2579 Christo;
2800 2517 2909 2586 ipse
2936 2527 3011 2573 est
3052 2533 3197 2574 uerus
3226 2519 3363 2575 Deus
3390 2531 3436 2576 et
3475 2524 3576 2577 vita
3611 2534 3801 2580 (eterna.

2233 2595 2454 2673 Utrique
2483 2604 2633 2659 tanti
2685 2606 2937 2675 ponderis
2980 2610 3207 2665 molibus
3253 2612 3528 2669 cedamus.
3559 2615 3657 2671 Dic
3692 2626 3807 2686 ergo

2233 2694 2386 2749 nobis
2405 2737 2420 2761 ,
2454 2706 2630 2751 utrum
2659 2698 2759 2754 iste
2784 2715 2941 2755 verus
2972 2701 3064 2757 Dei
3094 2702 3289 2771 Filius,
3317 2705 3386 2759 ab
3425 2707 3505 2761 eis
3531 2708 3625 2777 qui
3651 2708 3805 2778 gratia

2233 2784 2327 2839 ﬁlii
2356 2797 2478 2840 sunt
2499 2786 2657 2858 hujus
2680 2790 2910 2845 nominis
2930 2792 3154 2861 quadam
3183 2796 3503 2865 proprietate
3528 2797 3803 2864 discretus,

2230 2874 2299 2930 de
2326 2876 2468 2931 nulla
2489 2878 2783 2934 substantia
2805 2880 2893 2945 sit,
2917 2896 2985 2936 an
3006 2881 3072 2937 de
3096 2882 3288 2953 aliqua.
3310 2883 3433 2939 Non
3458 2886 3595 2951 dico,
3617 2886 3801 2957 inquis,

2232 2962 2295 3021 de
2337 2969 2514 3035 nulla,
2564 2984 2626 3023 ne
2672 2970 2738 3024 de
2781 2971 2940 3025 nihilo
2985 2973 3167 3026 dicam.
3201 2974 3341 3044 Ergo
3368 2974 3438 3030 de
3484 2976 3660 3046 aliqua
3689 2985 3803 3031 est:

2231 3072 2430 3127 quaero,
2464 3058 2532 3115 de
2560 3060 2707 3129 qua?
2736 3059 2793 3116 Si
2832 3076 2936 3117 non
2972 3062 3039 3118 de
3068 3064 3241 3119 Patris
3263 3106 3279 3133 ,
3323 3066 3480 3120 aliam
3528 3082 3729 3137 qurere.
3755 3056 3804 3121 Si

2229 3147 2385 3201 aliam
2428 3162 2534 3203 non
2560 3150 2767 3205 invenis
2792 3193 2806 3216 ,
2840 3152 2961 3222 quia
2999 3155 3215 3209 omnino
3244 3170 3348 3210 non
3376 3156 3618 3223 invenis;
3652 3158 3807 3213 Patris

2228 3244 2456 3307 agnosce
2475 3279 2489 3304 ,
2521 3249 2575 3294 et
2613 3240 2804 3295 Filium
2832 3256 2953 3297 cum
2980 3243 3138 3299 Patre
3177 3245 3500 3302 Homousion
3532 3242 3803 3303 conﬁtere.

2228 3327 2365 3382 Caro
2404 3328 2471 3383 de
2510 3345 2672 3385 carne
2722 3333 2979 3401 nascitur,
3010 3333 3151 3390 ﬁlius
3195 3337 3375 3392 carnis
3419 3336 3489 3393 de
3514 3338 3805 3394 substantia

2226 3418 2403 3473 carnis
2432 3420 2688 3476 nascitur.
2716 3420 3125 3493 Corruptionem
3153 3424 3221 3480 de
3248 3425 3426 3482 medio
3454 3428 3627 3483 tollite
3648 3469 3664 3495 ,
3691 3442 3805 3499 pas-

2228 3510 2407 3566 siones
2433 3512 2721 3569 carnalesa
2751 3514 2953 3571 lumine
2980 3517 3173 3573 mentis
3192 3516 3427 3588 abjicite,
3451 3529 3506 3575 et
3529 3521 3806 3576 invisibilia

2228 3600 2357 3667 Dei,
2390 3617 2485 3671 per
2531 3617 2593 3658 ea
2638 3618 2759 3673 quas
2802 3605 2937 3660 facta
2991 3615 3152 3673 sunt,
3200 3608 3465 3665 intellecta
3515 3611 3805 3681 conspicite

2226 3691 2404 3762 (Rom.
2435 3710 2473 3760 ι,
2499 3693 2615 3767 20).
2636 3695 2849 3751 Credite
2879 3696 3209 3765 Creatorem,
3233 3700 3322 3770 qui
3343 3700 3490 3756 dedit
3515 3703 3665 3757 carni
3692 3717 3805 3757 care

2226 3791 2347 3837 nem
2372 3784 2618 3855 gignere,
2649 3787 2739 3858 qui
2770 3788 2915 3843 dedit
2955 3790 3266 3858 parentibus
3292 3808 3452 3848 veros
3474 3796 3653 3849 carnis
3678 3793 3806 3849 ﬁlios

2224 3873 2294 3929 de
2322 3875 2501 3930 carnis
2522 3877 2814 3933 substantia
2836 3892 3111 3949 generare,
3130 3895 3193 3937 ac
3216 3881 3292 3936 sic
3313 3881 3449 3938 ﬁlios
3469 3898 3593 3939 cum
3622 3898 3807 3954 paren-

2226 3965 2366 4020 tibus
2406 3966 2565 4023 unius
2599 3982 2719 4023 esse
2754 3968 3061 4025 substantiae
3091 4012 3108 4040 ,
3150 3972 3318 4028 multo
3362 3975 3532 4045 magis
3576 3974 3808 4045 potuisse

2224 4072 2407 4112 verum
2434 4059 2650 4130 gignere
2670 4060 2860 4117 Filium
2891 4062 2959 4119 de
2976 4077 3069 4118 sua
3090 4066 3476 4133 substantia,et
3490 4083 3650 4124 unam
3687 4082 3805 4123 cum

2223 4160 2351 4202 vero
2370 4146 2508 4205 Filio
2528 4149 2725 4206 habere
2744 4154 3115 4223 substantiam,
3138 4166 3387 4213 manente
3406 4159 3808 4229 incorruptione

2223 4236 2481 4306 spirituali
2498 4278 2513 4305 ,
2545 4248 2601 4295 et
2625 4240 2934 4311 longissime
2959 4244 3083 4300 hinc
3123 4247 3295 4302 aliena
3320 4249 3662 4320 corruptione
3686 4263 3806 4303 car-

2223 4328 2353 4383 nali.

2292 4422 2347 4476 4.
2388 4420 2520 4476 Nam
2547 4422 2613 4478 de
2633 4424 2807 4479 anima
2832 4426 2957 4496 quid
2983 4427 3200 4495 dixeris,
3226 4431 3433 4487 nescio.
3460 4431 3635 4488 Verba
3663 4432 3803 4487 enim

2224 4520 2311 4566 tua
2337 4520 2487 4577 sunt,
2530 4513 2620 4568 ubi
2649 4514 2782 4569 dicis
2806 4532 2819 4570 :
2848 4515 2959 4571 Nec
2986 4521 3118 4573 enim
3142 4520 3211 4574 ad
3231 4522 3418 4577 animle
3445 4524 3809 4594 ingenuitatem

2221 4604 2527 4671 comparatis
2552 4614 2742 4658 tantam
2767 4607 2908 4660 illam
2933 4610 3377 4679 magniﬁcentiam,
3404 4614 3495 4665 sed
3519 4614 3588 4666 ad
3612 4611 3809 4684 fragili-

2225 4702 2374 4746 tatem
2398 4695 2645 4763 corporis.
2668 4694 2742 4749 De
2766 4712 2978 4768 corpore
2999 4700 3186 4768 utique,
3206 4701 3400 4771 inquis,
3424 4704 3653 4758 nascitur
3667 4720 3807 4770 caro,

2223 4786 2503 4855 corporalis
2532 4787 2671 4855 ﬁlius
2698 4802 2716 4841 :
2742 4804 2842 4841 non
2888 4798 3052 4844 tamen
3080 4792 3142 4845 de
3167 4793 3336 4846 anima
3359 4795 3529 4848 animo
3558 4796 3805 4851 itascitur.

2221 4877 2348 4932 Post
2374 4877 2526 4931 istam
2554 4880 2705 4947 quasi
2735 4880 3101 4937 deﬁnitionem
3130 4892 3271 4938 tuam
3292 4925 3307 4948 ,
3340 4900 3526 4940 rursus
3568 4886 3813 4941 afﬁrmas

2224 4968 2455 5022 animam
2482 4968 2620 5028 ﬁlios
2646 4983 2926 5039 generare.
2957 4972 3216 5043 Adjungis
3249 4975 3422 5040 enim,
3455 4984 3509 5030 et
3534 4976 3675 5030 dicis
3704 4992 3720 5029 :
3753 4974 3813 5030 Si

2219 5074 2338 5128 ergo
2366 5067 2541 5111 nostra
2567 5058 2736 5111 anima
2765 5060 3209 5130 incarruptihiliter
3236 5074 3439 5134 generat
3478 5074 3525 5118 et
3563 5063 3813 5135 impossi-

2221 5150 2405 5215 biliter,
2428 5150 2622 5203 nullam
2664 5153 2879 5206 sentiens
2922 5154 3323 5220 diminutionem,
3355 5172 3457 5209 non
3497 5158 3816 5227 inquinatio-

2218 5256 2331 5294 nem
2376 5242 2634 5309 aliquam;
2661 5243 2749 5296 sed
2794 5244 3014 5311 legitime
3041 5246 3313 5299 secundant
3348 5247 3473 5315 jura
3499 5247 3682 5301 divina
3726 5263 3816 5318 ge-

2219 5342 2359 5386 nerat
2411 5334 2575 5401 ﬁlium
2615 5375 2629 5399 ,
2698 5337 2947 5403 sapientia
3008 5354 3305 5392 consensum
3343 5340 3363 5369 ’
3415 5343 3816 5394 accommodans

2218 5425 2456 5493 corpori,
2486 5425 2597 5495 ipsa
2622 5425 2816 5497 integra
2844 5438 3009 5480 manet
3039 5442 3056 5479 :
3085 5439 3271 5496 quanto
3301 5430 3460 5499 magis
3488 5432 3818 5502 omnipotens

2284 5579 2299 5646 ξ
2338 5586 2462 5646 uss,
2483 5578 2640 5646 minus
2658 5592 2800 5646 quam
2824 5581 2973 5643 potuit
3006 5580 3306 5646 intellectam,
3333 5596 3477 5646 quam
3501 5591 3687 5643 tanien,
3717 5594 3813 5635 etc.

2281 5641 2300 5669 ²
2336 5638 2485 5687 Editio
2502 5638 2694 5706 Erasini,
2712 5642 2788 5689 hic
2812 5638 2858 5706 et
2885 5655 3027 5706 supra
3052 5645 3099 5691 in
3117 5638 3373 5694 collatione
3396 5658 3503 5694 cum
3529 5638 3815 5706 maximino,

2217 5707 2496 5772 generatum
2527 5699 2696 5761 lilium,
2722 5699 3005 5775 sapientium
3043 5718 3286 5775 consensu,
3312 5708 3686 5775 accmiunodqns
3711 5699 3819 5759 cor;

2219 5760 2341 5834 pari.
2370 5760 2531 5834 Minus
2552 5770 2707 5834 recte.
2734 5769 2842 5813 ιον.
2869 5774 3160 5830 constanter,
3189 5774 3235 5817 et
3256 5760 3503 5831 sapientia.
3528 5770 3628 5818 Sed
3657 5779 3817 5834 paru-

2221 5821 2347 5883 cula,
2371 5830 2433 5885 et,
2454 5824 2592 5871 abest
2612 5836 2639 5872 a
2661 5830 2764 5871 Mss.
