4042 6482
203 426 288 486 775

205 533 360 595 Deus?
392 533 455 587 Et
486 529 644 600 paulo
671 534 790 598 post
815 523 947 579 dicis
976 539 988 574 :
1013 521 1212 586 Quanto
1240 518 1400 589 magis
1430 514 1566 570 Deus
1597 512 1752 567 Pater

204 623 574 693 interruptibilis
631 615 1072 688 incorruptibiliter
1135 611 1303 683 genuit
1350 606 1544 661 Filium
1576 607 1602 659 .9
1642 604 1759 659 .lavn

205 733 342 790 supra
365 715 510 780 dixi,
541 711 748 768 nescire
772 722 858 762 me
895 704 1021 775 quid
1047 701 1277 758 volueris
1301 699 1369 754 de
1404 699 1580 751 anima
1608 694 1765 750 intel-

206 783 296 880 ligi,
315 807 382 862 de
401 819 504 875 qua
532 802 682 874 prius
705 795 883 873 dixisti
904 792 1045 866 quod
1071 807 1176 848 non
1216 797 1464 846 nascatur
1500 784 1674 841 anima
1699 783 1768 839 de

205 879 380 963 anima,
401 906 454 952 et
481 901 684 966 postca,
711 889 852 963 quod
881 888 1056 942 anima
1089 880 1563 952 incorruptibiliter
1587 879 1770 948 gignat

207 991 376 1049 hlium.
397 986 455 1043 Si
476 986 710 1040 animam
731 979 916 1052 gignit,
934 973 1201 1048 quomodo
1223 987 1327 1027 non
1345 968 1580 1026 nascitur
1593 967 1770 1021 anima

207 1076 493 1138 deanima?
514 1074 570 1131 Si
598 1085 847 1135 carnem,
879 1076 934 1123 tu
981 1063 1176 1121 videris
1211 1059 1478 1133 quomodo
1529 1059 1600 1112 sit
1643 1071 1773 1112 caro

209 1186 353 1229 verus
379 1169 571 1224 anima:
601 1164 759 1219 (ilius.
794 1160 1036 1216 Christus
1061 1156 1225 1221 enim,
1253 1162 1469 1224 propter
1494 1164 1654 1222 quem
1678 1163 1774 1217 pu-

209 1263 316 1319 tasti
347 1263 484 1316 hanc
525 1253 876 1312 adhibendam
920 1247 1317 1305 similitudinem
1339 1285 1354 1311 ,
1388 1258 1548 1300 verus
1573 1251 1654 1296 est
1680 1241 1774 1295 Dei

211 1355 383 1413 Filius.
435 1351 492 1407 Si
537 1354 712 1404 autem
759 1341 1226 1412 incorruptibiliter
1277 1338 1495 1408 gignere
1542 1333 1773 1388 animam

214 1446 366 1502 lilium
393 1442 472 1498 sic
509 1438 677 1508 accipi
706 1435 936 1498 voluisti,
963 1429 1230 1503 quomodo
1259 1430 1333 1482 ait
1356 1426 1641 1496 Apostolus
1666 1465 1680 1488 ,
1709 1421 1777 1476 In

214 1535 401 1592 Christo
425 1531 560 1586 enim
578 1528 611 1583 ,1
617 1545 705 1584 esu
732 1543 821 1595 per
845 1521 1178 1596 Evangeh’um
1197 1536 1287 1591 ego
1304 1535 1388 1573 vos
1413 1518 1557 1589 genui
1579 1515 1626 1587 (Ι
1657 1513 1774 1570 Cor.

215 1641 275 1692 tv,
303 1622 444 1693 15);
471 1635 568 1676 cur
595 1634 698 1674 non
719 1615 968 1678 attendis,
995 1611 1136 1683 quod
1162 1614 1270 1680 jam
1292 1620 1443 1664 erant
1470 1609 1570 1662 illa:
1586 1607 1779 1660 animae

216 1719 262 1772 in
289 1723 471 1770 vetere
497 1713 624 1775 vita,
652 1724 783 1780 quas
813 1723 907 1778 per
937 1704 1278 1774 Evangelium
1311 1699 1616 1756 renovando
1639 1699 1784 1767 Apo-

218 1805 375 1861 stolus
406 1800 634 1873 genuit?
663 1797 895 1853 Verbum
943 1803 1121 1850 autem
1161 1793 1252 1848 Dei
1301 1793 1440 1846 Deus
1483 1789 1782 1860 unigenitus

217 1896 402 1964 Filius,
445 1895 585 1949 sicut
625 1892 735 1962 jam
776 1887 1198 1959 disputavimus,
1248 1899 1355 1939 non
1402 1883 1546 1954 prius
1583 1879 1783 1951 aliquid

219 1989 300 2044 fuit
317 2030 334 2053 ,
379 1996 434 2043 et
460 1984 804 2041 renovatione
831 1991 915 2036 est
950 1987 1234 2051 generatus
1258 1991 1287 2030 a
1315 1974 1471 2030 Patre
1490 2014 1506 2040 ,
1541 1972 1637 2028 sed
1661 1985 1786 2026 cum

217 2079 362 2134 Patre
392 2091 608 2146 semper
631 2073 758 2138 fuit;
785 2072 920 2127 sicut
942 2078 1025 2126 est
1055 2083 1267 2138 semper
1294 2074 1455 2135 atque
1481 2062 1584 2120 erit
1621 2065 1784 2118 mira-

220 2169 301 2225 bili
329 2176 494 2238 atque
524 2163 778 2220 ineﬂ‘abili
822 2161 980 2217 modo
1003 2161 1214 2232 genitus
1239 2157 1307 2214 ab
1331 2165 1536 2212 aeterno
1559 2161 1786 2210 comter-

219 2275 328 2314 nus.
359 2256 469 2313 Sed
489 2257 535 2312 si
562 2255 632 2311 ob
661 2255 763 2309 hoc
783 2249 1118 2307 introduxiin
1144 2249 1282 2304 hanc
1306 2245 1617 2302 dissimilem
1643 2243 1789 2299 simi-

220 2348 524 2412 litudinem,
555 2354 614 2401 ιιι
660 2357 931 2400 assereres
972 2341 1138 2396 Deum
1168 2339 1377 2394 Patrem
1416 2334 1790 2406 incorruptibi-

223 2441 334 2496 liter
357 2439 610 2512 genuisse
639 2455 652 2492 :
681 2436 790 2492 noli
833 2435 1106 2500 laborare;
1143 2431 1403 2488 conﬁteor
1440 2428 1681 2494 omnino,
1710 2427 1790 2482 in-

222 2530 630 2602 corruptibiliter
673 2529 922 2600 genuisse
949 2527 1114 2582 Deum
1143 2526 1354 2581 Patrem
1379 2563 1394 2588 ,
1421 2521 1516 2578 sed
1542 2519 1685 2592 quod
1710 2526 1793 2575 est

221 2622 325 2693 ipse
350 2622 623 2694 genuisse.
647 2619 840 2676 lterum
867 2618 1007 2674 enim
1030 2616 1151 2673 dico
1176 2615 1282 2680 hic,
1305 2613 1448 2684 quod
1472 2612 1622 2667 vobis
1649 2625 1792 2682 saepe

223 2713 497 2771 dicendum
523 2719 607 2768 est
634 2729 648 2766 :
676 2712 784 2767 Aut
800 2709 868 2765 de
892 2709 1068 2778 aliqua
1093 2706 1386 2763 substantia
1411 2713 1564 2759 natus
1589 2712 1672 2758 est
1700 2701 1793 2758 Dei

223 2804 384 2862 Filius
405 2846 422 2874 ,
470 2813 564 2860 aut
611 2803 680 2860 de
728 2803 894 2858 nulla.
927 2799 982 2856 Si
1025 2800 1094 2856 de
1121 2797 1263 2854 nulla
1283 2839 1299 2865 ,
1330 2811 1459 2867 ergo
1489 2795 1556 2851 de
1584 2794 1792 2860 nihilo;

223 2896 356 2967 quod
385 2909 482 2952 vos
513 2907 616 2950 non
644 2894 823 2950 dicere
856 2892 967 2963 jam
998 2900 1260 2946 tenemus.
1291 2887 1348 2945 Si
1377 2887 1445 2943 de
1473 2887 1667 2958 aliqua,
1696 2901 1797 2942 nec

225 2994 398 3042 tamen
422 2985 490 3041 de
516 2984 710 3051 Patris,
741 2998 848 3038 non
878 2996 1038 3037 verus
1073 2989 1156 3036 est
1183 2978 1370 3034 Filius.
1394 2978 1450 3033 Si
1480 2976 1550 3032 de
1579 2975 1756 3031 Patris
1777 3015 1792 3041 ,

224 3078 374 3133 unius
419 3075 766 3147 ejusdemque
815 3071 1123 3129 substantiae
1163 3077 1287 3125 sunt
1325 3068 1484 3124 Pater
1524 3075 1579 3122 et
1604 3065 1793 3121 Filius.

226 3167 501 3238 Quomodo
537 3175 713 3222 autem
758 3164 890 3220 nihil
929 3163 1064 3218 Filio
1102 3160 1392 3226 subtraxit,
1442 3166 1502 3213 ut
1536 3156 1707 3221 dicis,
1753 3156 1798 3212 si

225 3259 464 3328 ejusdem
489 3256 799 3314 subStantiae
820 3262 928 3321 est,
952 3262 1004 3310 et
1029 3263 1202 3308 tamen
1223 3249 1398 3306 minor
1424 3257 1526 3314 est,
1549 3261 1649 3304 nec
1665 3247 1803 3302 sicut

225 3349 400 3405 infans
421 3362 664 3405 crescere
691 3344 905 3418 potest?

287 3442 340 3496 5.
385 3439 506 3496 Jam
535 3454 662 3494 vero
691 3439 758 3494 de
784 3433 1179 3491 immortalitate
1222 3432 1348 3496 Dei,
1395 3431 1518 3502 quia
1562 3444 1670 3486 non
1702 3428 1797 3485 Pas

233 3541 362 3588 trem
379 3571 400 3600 ,
422 3531 517 3587 sed
551 3531 716 3585 Deum
745 3528 834 3598 qui
861 3536 914 3582 et
941 3527 1098 3581 Pater
1125 3532 1206 3580 est
1231 3531 1285 3579 et
1311 3522 1476 3577 Filius
1499 3530 1552 3577 et
1576 3519 1804 3592 Spiritus

225 3632 442 3679 sanctus
468 3662 484 3688 ,
516 3621 688 3676 solum
716 3619 912 3675 habere
941 3615 1388 3672 immortalitatem
1416 3613 1552 3670 dixit
1579 3614 1807 3683 Aposto-

228 3714 334 3780 lus,
355 3715 492 3770 satis
517 3711 766 3783 superius
808 3709 1108 3780 disputavi,
1137 3705 1349 3777 quando
1373 3705 1546 3776 ipsum
1585 3712 1804 3775 aposto-

227 3807 386 3864 licum
410 3804 772 3862 testimonium
797 3810 851 3858 et
876 3801 1029 3872 posui
1067 3807 1233 3854 totum
1257 3839 1272 3862 ,
1304 3805 1359 3852 et
1383 3795 1626 3866 exposui.

305 3901 361 3957 6.
413 3899 664 3968 DiSplicet
682 3897 804 3962 tibi,
847 3893 990 3965 quod
1039 3892 1294 3962 arqualetn
1330 3889 1473 3944 Patri
1518 3887 1808 3944 asserimus

225 3989 422 4045 Filium
453 4005 466 4043 :
499 3986 649 4059 quasi
689 3985 859 4056 possit
902 3997 1021 4039 esse
1059 3979 1366 4051 inrequalis,
1411 3977 1500 4049 qui
1546 3989 1704 4033 verus
1727 3984 1811 4032 est

225 4082 394 4138 Filius
415 4123 429 4149 ,
451 4096 557 4137 non
584 4087 737 4136 natus
763 4093 830 4135 ex
852 4085 1112 4146 tempore,
1131 4076 1224 4129 sed
1241 4071 1473 4144 gignenti
1489 4080 1806 4138 coaeternus,

225 4173 361 4229 sicut
391 4170 650 4242 splendor
675 4169 741 4224 ab
776 4169 898 4240 igne
925 4167 1133 4237 genitus
1157 4163 1393 4236 gignenti
1443 4162 1812 4218 manifestatur

225 4278 519 4335 aequaevus.
546 4260 654 4318 Sed
679 4260 842 4326 habet,
867 4258 1082 4328 inquis,
1111 4253 1206 4310 Dei
1227 4246 1394 4310 Filius
1417 4263 1670 4310 auctorem
1695 4251 1807 4307 Pas

226 4364 374 4410 trem.
430 4354 487 4410 Si
537 4361 817 4424 propterea
870 4351 1035 4405 Deum
1081 4348 1294 4403 Patrem
1351 4347 1459 4401 Deo
1509 4346 1645 4401 Filio
1676 4344 1812 4401 dicis

225 4456 526 4514 auctorem,
556 4443 680 4516 quia
707 4443 796 4499 ille
822 4441 1022 4514 genuit,
1049 4440 1257 4512 genitus
1280 4447 1362 4494 est
1391 4439 1525 4502 iste;
1555 4437 1678 4508 quia
1704 4437 1810 4492 iste

223 4540 290 4598 de
311 4541 413 4596 illo
439 4548 543 4607 est,
571 4553 680 4593 non
701 4536 791 4592 ille
817 4535 887 4592 de
911 4534 1043 4600 isto;
1075 4531 1244 4587 fateor
1265 4540 1320 4586 et
1343 4529 1601 4586 concedo.
1634 4527 1690 4585 Si
1711 4544 1812 4583 au-

225 4641 333 4688 tem
354 4648 454 4704 per
479 4646 676 4686 nomen
704 4627 940 4685 auctoris
965 4626 1226 4681 minorem
1254 4623 1332 4679 vis
1376 4621 1552 4677 facere
1595 4613 1808 4686 Filium,

224 4722 550 4793 Patremque
581 4721 857 4790 majorem,
884 4732 982 4773 nec
999 4715 1243 4788 ejusdem
1282 4713 1594 4769 substantia:
1621 4711 1811 4766 Filium

223 4815 380 4885 cujus
405 4822 490 4869 est
520 4813 705 4876 Pater;
733 4809 1037 4865 detestabor
1060 4816 1112 4861 et
1134 4819 1377 4875 respuam
1404 4821 1416 4858 :
1445 4803 1568 4874 quia
1597 4811 1652 4858 et
1676 4801 1815 4857 ﬁlius

219 4905 484 4972 hominis,
514 4905 568 4960 in
611 4913 862 4974 quantum
917 4909 1000 4955 est
1028 4898 1188 4963 ﬁlius,
1244 4896 1404 4952 habet
1435 4904 1708 4951 auctorem
1747 4893 1815 4949 de

218 5012 326 5067 quo
354 5005 522 5052 natus
549 5003 648 5057 est,
681 5001 920 5064 patrem;
949 5005 1049 5044 nec
1079 4998 1253 5042 tamen
1284 4987 1404 5042 ideo
1433 5001 1539 5040 non
1567 4993 1650 5041 est
1672 4985 1816 5054 ejus-

221 5087 348 5143 dem
409 5085 720 5142 substantia:
747 5083 902 5152 cujus
926 5089 1009 5136 est
1031 5088 1208 5150 pater;
1241 5086 1295 5133 et
1319 5077 1461 5148 quod
1488 5077 1589 5132 iste
1618 5077 1811 5142 minor,

215 5178 401 5247 major
424 5187 504 5232 est
526 5176 637 5241 ille,
662 5182 839 5244 potest
863 5183 1037 5226 tamen
1067 5170 1132 5224 ad
1168 5169 1394 5224 formam
1426 5168 1592 5237 patris
1633 5167 1815 5222 valen-

216 5270 465 5342 tiamque
479 5270 757 5340 pervenire
773 5265 1084 5329 crescendo,
1112 5265 1162 5317 in
1182 5277 1283 5332 qua
1312 5268 1516 5331 patrem
1535 5268 1814 5328 propterea

213 5378 329 5418 non
359 5362 516 5416 omni
553 5359 714 5415 modo
752 5358 952 5412 invenit
987 5355 1181 5421 talem,
1229 5352 1351 5422 quia
1393 5358 1449 5407 et
1487 5349 1576 5405 ille
1623 5348 1817 5404 deiecit

213 5451 583 5510 senescendo.
614 5450 703 5506 Sic
726 5449 870 5504 enim
898 5460 1114 5501 necesse
1130 5453 1212 5499 est
1237 5442 1470 5496 varietur
1489 5447 1646 5496 aetate
1667 5455 1813 5494 mor-

211 5546 438 5610 talitas,
465 5543 550 5597 ubi
584 5539 891 5610 temporalis
919 5543 1021 5602 est,
1051 5550 1160 5588 non
1187 5542 1384 5588 reterna
1410 5530 1676 5585 nativitas.
1696 5527 1813 5584 Non

208 5645 411 5692 autem
443 5635 531 5690 illa
556 5632 634 5688 sic
661 5640 762 5695 est,
789 5630 876 5684 ubi
923 5641 1020 5682 nec
1050 5626 1245 5681 crescit
1281 5623 1470 5684 Filius,
1529 5635 1628 5676 nec
1668 5635 1816 5676 sene-

207 5728 318 5782 scit
351 5727 540 5780 Pater.
571 5723 637 5776 Et
660 5722 778 5776 ideo
808 5719 1083 5772 amborum
1102 5730 1206 5770 non
1230 5715 1398 5784 impar
1419 5721 1502 5768 est
1520 5720 1668 5775 :etas;
1693 5711 1814 5780 quia

208 5817 303 5873 ubi
335 5821 438 5871 est
457 5813 740 5878 aeternitas,
775 5825 877 5865 non
904 5816 984 5865 est
1027 5815 1191 5862 tetas:
1226 5805 1346 5859 ideo
1377 5803 1541 5859 forma
1577 5816 1681 5855 non
1715 5801 1806 5854 im-

1481 402 1682 461 LIBER
1719 397 2102 456 SECUNDUS.

3343 389 3448 454 774

1872 545 1968 600 par
2002 530 2296 596 amborum;
2327 531 2572 599 quoniam
2601 545 2758 587 verus
2783 524 2968 597 Filius,
3009 530 3096 601 qui
3126 538 3233 587 non
3273 540 3329 588 ut
3355 547 3449 588 au-

1871 629 2088 691 geretur
2138 630 2222 674 est
2255 631 2433 687 natus,
2464 635 2533 676 ne
2573 629 2873 676 remaneret
2930 614 3178 690 degener,
3232 615 3454 692 aequalis

1873 720 1958 766 est
1983 719 2156 765 natus.
2183 710 2265 766 Sit
2290 726 2421 782 ergo
2447 711 2723 766 nativitate
2752 711 2980 765 humana
3007 713 3163 781 longe
3185 712 3375 767 melior
3399 719 3455 768 et

1873 802 2223 858 excellentior
2251 801 2430 857 divina
2455 805 2724 871 nativitas,
2753 804 3143 875 incorruptibili
3183 812 3238 861 et
3273 805 3453 860 in'v‘io-

1873 894 2018 950 iabili
2045 896 2386 966 generatione
2416 913 2428 948 :
2461 907 2567 951 non
2615 904 2792 951 tamen
2845 895 2915 951 sit
2952 896 3206 965 deterior,
3240 896 3459 953 diversi-

1876 993 1986 1041 tate
2015 994 2236 1042 natura.

1949 1077 2001 1130 7.
2031 1075 2138 1132 Sed
2167 1076 2318 1130 vitam
2343 1070 2533 1144 Filius,
2556 1075 2746 1147 inquit,
2779 1078 2972 1149 accepit
3008 1094 3039 1131 a
3065 1064 3240 1132 Patre.
3285 1081 3455 1134 Acce-

1877 1165 1954 1236 pit
1979 1166 2112 1220 sicut
2137 1166 2343 1236 genitus
2368 1181 2398 1220 a
2435 1167 2707 1237 gignente.
2741 1166 2945 1230 Omnia,
2980 1167 3169 1238 inquit,
3214 1169 3328 1238 ante
3369 1169 3460 1222 ha-

1881 1257 1956 1310 bet
1983 1255 2157 1321 Pater,
2181 1273 2290 1310 mea
2310 1265 2424 1310 sunt
2453 1258 2631 1330 (Joan.
2665 1273 2779 1326 xvi,
2810 1259 2919 1329 15).
2949 1258 3134 1313 Omnia
3179 1275 3305 1329 ergo
3340 1275 3458 1330 qua:

1881 1349 2042 1405 habet
2080 1350 2254 1414 Pater,
2307 1348 2453 1403 dedit
2510 1350 2598 1404 ille
2640 1350 2924 1420 gignendo,
2962 1352 3165 1420 accepit
3216 1354 3313 1408 iste
3359 1368 3456 1406 na-

1880 1437 2100 1493 scendo.
2131 1436 2237 1491 Nec
2259 1437 2432 1491 dando
2462 1439 2550 1492 ille
2579 1439 2758 1493 amisit
2776 1439 2915 1509 quod
2953 1440 3130 1494 ltabuil
3156 1457 3170 1505 ;
3220 1456 3318 1496 nec
3361 1441 3460 1496 istc

1881 1542 2001 1582 cum
2030 1536 2172 1582 esset
2197 1536 2252 1582 et
2278 1544 2383 1582 non
2414 1527 2633 1584 haberet
2660 1531 2864 1599 accepit
2892 1548 2905 1584 :
2929 1529 3021 1585 scd
3053 1533 3187 1585 sicut
3215 1533 3300 1586 ille
3332 1548 3458 1602 per-

1882 1617 2077 1672 mansit
2099 1617 2298 1672 habens
2327 1619 2525 1686 omnia,
2553 1634 2673 1673 cum
2698 1634 2759 1674 ea
2798 1636 2916 1690 quae
2950 1620 3106 1676 habet
3132 1622 3265 1676 Filio
3296 1624 3463 1679 dede.

1883 1707 1954 1762 rit
1979 1709 2195 1774 omnia;
2247 1709 2324 1762 sic
2351 1709 2454 1764 iste
2483 1725 2750 1778 nunquam
2777 1709 2876 1765 fuit
2901 1710 3015 1765 sine
3048 1705 3312 1778 omnibus,
3347 1727 3468 1783 qua:

1886 1815 1992 1854 non
2039 1799 2264 1870 egendo,
2325 1799 2420 1856 sed
2468 1801 2739 1858 nascendo
2789 1803 2992 1873 accepit
3019 1810 3076 1857 ut
3113 1803 3316 1858 Filius:
3349 1805 3470 1874 quia

1892 1907 2163 1962 nunquam
2187 1891 2356 1960 potuit
2389 1907 2508 1948 esse
2559 1907 2665 1947 non
2710 1901 2889 1960 natus,
2927 1903 2980 1949 et
3005 1909 3067 1950 ea
3118 1896 3233 1949 sine
3279 1894 3472 1964 quibus

1886 1997 1996 2037 non
2024 1991 2106 2038 est
2135 1991 2310 2049 natus,
2343 1992 2397 2037 et
2421 1989 2503 2037 est
2529 1983 2875 2038 immutabilis
2917 1992 3090 2049 natus,
3137 1997 3354 2054 semper
3381 1984 3476 2037 ha-

1887 2072 2020 2136 buit,
2050 2073 2173 2142 quia
2199 2087 2414 2142 semper
2439 2081 2523 2128 est
2551 2081 2728 2128 natus.
2769 2073 2825 2128 Si
2855 2074 2996 2128 enim
3045 2073 3243 2145 aliquid
3283 2089 3471 2130 eorum

1889 2175 2007 2233 quae
2035 2163 2195 2218 habet
2219 2163 2373 2218 Pater
2411 2178 2517 2219 non
2544 2162 2693 2218 dedit
2715 2163 2868 2231 Filio,
2901 2163 3090 2219 falsum
3114 2173 3196 2220 est
3223 2165 3363 2235 quod
3393 2164 3471 2220 ait

1889 2255 2057 2311 Fllius
2091 2273 2104 2311 :
2132 2253 2318 2309 Omnia
2345 2269 2460 2326 qua:
2484 2248 2630 2309 habet
2663 2253 2838 2323 Pater,
2876 2271 2986 2309 mea
3021 2264 3159 2310 sunt.
3202 2255 3305 2312 Sed
3351 2255 3475 2326 quia

1890 2361 2075 2402 verum
2104 2353 2206 2412 est,
2236 2360 2456 2416 prorsus
2482 2345 2660 2401 omnia
2711 2361 2829 2417 qua:
2880 2345 3040 2402 habet
3077 2346 3255 2412 Pater,
3307 2347 3476 2414 dedit,

1893 2446 1951 2492 ut
1991 2433 2240 2502 diximus,
2291 2436 2382 2491 ille
2431 2435 2724 2507 gignendo,
2784 2437 2988 2506 accepit
3037 2435 3138 2492 iste
3186 2437 3477 2494 nascendo.

1892 2527 1971 2584 Ac
1995 2542 2091 2598 per
2116 2528 2218 2582 hoc
2241 2526 2386 2582 dedit
2406 2527 2495 2582 ille
2520 2527 2704 2593 vitam,
2751 2527 2873 2597 quia
2922 2528 3109 2598 genuit
3151 2527 3344 2594 vitam;
3385 2541 3479 2583 ac-

1893 2619 2034 2690 cepit
2057 2619 2156 2674 iste
2175 2619 2358 2684 vitam,
2388 2619 2513 2689 quia
2539 2629 2693 2674 natus
2723 2629 2808 2675 est
2832 2619 2936 2674 vita
2967 2637 2982 2674 :
3013 2619 3059 2675 si
3081 2619 3276 2687 minor,
3317 2621 3362 2676 si
3387 2620 3482 2677 de-

1894 2712 2044 2767 color
2070 2712 2112 2779 ί,
2143 2711 2188 2766 si
2217 2710 2452 2775 diversa,
2482 2725 2590 2767 non
2615 2726 2746 2781 ergo
2768 2727 2924 2782 quam
2948 2711 3108 2767 Pater
3131 2711 3316 2767 habuit
3344 2714 3482 2769 hanc

1895 2801 2042 2858 dedit
2071 2800 2229 2856 Filio.
2264 2801 2332 2856 Et
2359 2801 2628 2872 quomodo
2657 2817 2841 2858 verum
2882 2811 2985 2870 est,
3014 2801 3200 2857 Omnia
3235 2819 3347 2874 qua:
3390 2803 3484 2860 Ita-

1897 2893 1976 2948 bet
1997 2891 2177 2959 Pater,
2201 2908 2312 2947 mea
2338 2893 2496 2947 sunt?
2519 2892 2628 2949 Sed
2668 2894 2788 2963 quis
2824 2893 3017 2949 audeat
3052 2893 3252 2960 dicere,
3283 2893 3485 2950 Verum

1897 2999 2005 3039 non
2044 2992 2128 3040 est
2167 2984 2310 3055 quod
2336 2985 2548 3040 Veritas
2599 2983 2772 3039 dixit?
2809 2984 3144 3055 Quapropter
3170 2985 3298 3039 sicut
3339 2986 3486 3039 habet

1902 3075 2060 3130 Pater
2084 3077 2238 3131 vitam
2273 3077 2327 3130 in
2354 3075 2642 3145 semetipso,
2679 3075 2753 3130 sic
2778 3074 2913 3129 dedit
2943 3086 2990 3131 et
3030 3074 3169 3130 Filio
3209 3076 3363 3130 vitam
3401 3076 3486 3129 ha-

1901 3168 2015 3222 bere
2061 3168 2115 3222 in
2159 3169 2424 3239 semetipso
2464 3169 2482 3238 (
2516 3166 2604 3222 Id.
2636 3183 2684 3234 v,
2711 3167 2828 3238 26).
2881 3167 3031 3224 Sicut
3094 3168 3257 3224 habet
3315 3169 3485 3237 dedit,

1900 3257 2042 3329 quod
2071 3256 2419 3323 habeLdedit,
2448 3258 2658 3328 qualem
2686 3257 2867 3325 habet,
2899 3259 3060 3314 talem
3093 3258 3258 3325 dedit;
3310 3274 3488 3330 quan-

1903 3353 2012 3403 tam
2059 3347 2242 3414 habet,
2275 3355 2478 3403 tantam
2519 3348 2685 3404 dedit.
2715 3347 2902 3404 Omnia
2949 3365 3067 3420 qua:
3109 3349 3269 3406 habet
3309 3350 3487 3419 Pater,

1903 3435 2027 3496 Filii
2055 3450 2197 3496 sunt.
2220 3440 2334 3495 Non
2365 3456 2492 3511 ergo
2513 3441 2710 3512 aliquid
2738 3442 2914 3497 minus
2942 3458 3098 3513 quam
3135 3443 3292 3498 Pater
3329 3443 3490 3499 habet

1906 3533 2042 3588 Filio
2069 3532 2247 3598 dedit;
2278 3547 2376 3587 nec
2395 3533 2574 3588 amisit
2593 3533 2750 3588 Pater
2775 3534 2958 3601 vitam,
2982 3549 3140 3605 quam
3159 3525 3292 3589 Filio
3313 3533 3482 3590 dedit.

1911 3626 2148 3682 Vivendo
2177 3626 2318 3682 enim
2357 3627 2546 3693 tenuit,
2580 3641 2737 3696 quam
2775 3628 3039 3698 gignendo
3064 3627 3229 3683 dedit.
3259 3628 3376 3683 Vita
3406 3636 3491 3685 est

1907 3725 2082 3773 autem
2114 3717 2228 3786 ipse
2256 3716 2432 3781 Pater,
2456 3715 2561 3770 vita
2589 3725 2672 3771 est
2696 3716 2811 3786 ipse
2858 3716 3041 3772 Filius.
3075 3717 3142 3771 Et
3170 3717 3257 3772 ille
3295 3719 3492 3789 quippe

1909 3820 1963 3866 et
1991 3810 2088 3865 iste
2116 3809 2166 3864 id
2186 3808 2348 3864 habet
2373 3808 2514 3879 quod
2541 3819 2594 3864 et
2621 3808 2734 3878 ipse
2761 3811 2782 3840 ²
2807 3826 2819 3861 :
2853 3808 2947 3863 sed
2976 3809 3063 3864 ille
3097 3808 3164 3864 de
3193 3809 3338 3864 nullo
3356 3810 3485 3877 vita,

1913 3900 2014 3954 iste
2039 3899 2142 3954 vita
2165 3898 2234 3954 de
2255 3898 2396 3962 vita;
2443 3897 2535 3953 sed
2573 3897 2694 3953 talis
2735 3898 2908 3968 qualis
2949 3897 3056 3964 illa,
3111 3905 3254 3952 tanta
3295 3907 3492 3969 quanta

1911 3988 2019 4054 illa,
2045 3988 2146 4044 hoc
2166 3988 2384 4042 omnino
2408 3987 2549 4058 quod
2573 3986 2694 4053 illa;
2721 3988 2844 4059 quia
2872 3998 3030 4043 verus
3055 3999 3136 4044 cst
3162 3989 3347 4058 Filius,
3371 3991 3495 4060 quia

1912 4079 2179 4151 perfectus
2199 4088 2282 4135 est
2309 4078 2494 4143 Filius,
2515 4080 2637 4150 quia
2665 4093 2770 4152 non
2797 4087 2880 4134 est
2907 4079 3141 4150 degener
3159 4080 3227 4136 ab
3246 4095 3351 4136 uno
3385 4074 3497 4136 Deo

1912 4166 2070 4228 Patre
2097 4172 2240 4227 Deus
2261 4171 2448 4226 unicus
2474 4169 2662 4236 Filius,
2687 4169 2829 4224 Patri
2857 4179 2985 4240 ergo
3034 4171 3253 4242 :equalis
3293 4180 3375 4226 est
3414 4171 3499 4227 Fi-

1912 4263 2036 4318 lius.
2065 4261 2332 4331 Quidquid
2356 4277 2478 4316 eum
2503 4260 2639 4316 dicis
2681 4275 2710 4315 a
2749 4261 2908 4316 Patre
2943 4263 3233 4332 accepisse,
3274 4263 3501 4318 fatemur

1913 4362 1968 4408 et
1994 4367 2092 4408 nos
2117 4369 2131 4406 :
2154 4367 2371 4422 prorsus
2388 4351 2547 4406 Pater
2572 4350 2735 4413 dedit,
2778 4350 2944 4407 Filius
2973 4353 3199 4423 accepit.
3233 4353 3343 4410 Sed
3372 4369 3498 4410 cum

1917 4442 2075 4499 Pater
2098 4443 2280 4497 omnia
2328 4457 2448 4513 quae
2497 4440 2656 4496 habet
2707 4441 2974 4512 gignendo
3029 4443 3196 4510 dedit,
3242 4442 3500 4515 aequalem

1917 4533 2101 4602 utique
2125 4532 2330 4602 genuit,
2360 4531 2612 4602 quoniam
2637 4531 2770 4586 nihil
2814 4532 2989 4587 minus
3009 4533 3174 4589 dedit.
3222 4534 3502 4602 Quomodo

1917 4639 2044 4694 ergo
2067 4633 2121 4678 tu
2149 4623 2303 4689 dicis,
2337 4623 2457 4693 quia
2484 4623 2573 4678 ille
2594 4622 2762 4688 dedit,
2798 4624 2888 4680 ille
2929 4626 3156 4696 accepit,
3184 4626 3306 4682 ideo
3332 4643 3503 4698 aequa-

1919 4715 2019 4770 lem
2050 4713 2243 4769 Fiiium
2276 4713 2420 4768 Patri
2449 4728 2554 4766 non
2582 4727 2702 4768 esse
2728 4731 2740 4767 :
2765 4729 2888 4768 cum
2937 4730 3058 4770 eum
3103 4718 3188 4770 cui
3219 4717 3339 4770 data
3376 4721 3501 4771 sunt

1918 4806 2124 4872 omnia,
2177 4815 2230 4862 et
2295 4806 2462 4876 ipsam
2523 4805 2882 4874 aequalitatem
2943 4805 3127 4862 videas
3196 4807 3502 4876 accepisse?

1919 4896 2184 4967 Scriptum
2228 4905 2311 4951 est
2361 4895 2596 4966 quidem,
2627 4894 2841 4949 Beatum
2867 4906 2939 4950 est
2981 4897 3139 4966 magis
3181 4899 3304 4950 dare
3348 4913 3500 4965 quam

1918 4989 2144 5059 accipere
2169 4987 2305 5060 (Act.
2343 5002 2433 5052 xx,
2465 4987 2559 5055 55)
2590 5004 2603 5040 :
2634 4986 2728 5042 sed
2763 4987 2826 5060 in
2867 4987 2966 5041 hac
2989 4987 3094 5041 vita
3127 4986 3213 5042 ubi
3250 4995 3334 5042 est
3378 4989 3495 5042 ino-

1921 5079 2024 5150 pia,
2053 5094 2154 5149 qua
2182 5079 2360 5148 utique
2406 5079 2597 5133 melior
2629 5087 2712 5133 est
2765 5079 2938 5148 capia.
2997 5078 3182 5133 Melius
3234 5080 3376 5134 enim
3419 5090 3502 5136 est

1921 5171 2143 5236 habere,
2173 5185 2330 5240 quam
2360 5185 2546 5242 egere;
2578 5180 2631 5226 et
2657 5172 2849 5226 melius
2870 5179 2952 5226 est
2976 5171 3197 5237 donare,
3226 5186 3382 5240 quam
3411 5188 3502 5228 ac-

1927 5263 2110 5333 cipere
2140 5262 2183 5327 ³;
2215 5277 2460 5332 erogare,
2500 5278 2658 5333 quam
2680 5262 3000 5317 mendicare.
3048 5263 3148 5319 Ubi
3178 5273 3356 5319 autem
3412 5267 3502 5334 qui

1920 5354 2085 5420 dedit,
2117 5353 2384 5424 gignendo
2429 5353 2614 5418 dedit;
2641 5360 2694 5408 et
2721 5352 2809 5422 qui
2857 5353 3081 5424 accepit,
3119 5355 3387 5410 nascendo
3422 5371 3503 5412 ac-

1921 5446 2102 5514 cepit:
2133 5459 2238 5499 non
2282 5445 2421 5514 inopi
2453 5443 2766 5498 subventum
2795 5452 2896 5510 est,
2932 5445 3023 5500 sed
3058 5445 3168 5515 ipsa
3214 5449 3368 5518 c0pia
3406 5465 3500 5518 ge—

1921 5542 2104 5588 nerata
2128 5543 2228 5588 est.
2257 5532 2367 5588 Nec
2397 5542 2570 5602 potest
2596 5534 2685 5603 qui
2735 5534 2940 5604 accepit
2977 5534 3026 5590 ei
3069 5536 3158 5606 qui
3191 5536 3336 5593 dedit
3381 5553 3502 5594 esse

1986 5688 2001 5719 ι
2037 5688 2172 5746 mliti,
2199 5685 2425 5737 discolor.
2453 5693 2502 5735 At
2527 5693 2652 5744 Mss,
2679 5685 2887 5736 decolor.

1984 5749 2004 5780 ¹
2038 5751 2111 5796 sic
2130 5758 2231 5797 uss.
2260 5749 2378 5797 Editi
2398 5748 2682 5811 vero,rquod
2703 5755 2770 5797 est
2794 5748 2909 5811 ipse.

1987 5811 2007 5841 ³
2046 5817 2140 5859 Διη.
2162 5817 2232 5858 Er.
2259 5818 2311 5860 et
2334 5818 2435 5859 uss.
2460 5810 2701 5871 omittunt,
2727 5810 2868 5874 quam
2886 5810 3139 5875 accipere;
3160 5824 3375 5876 erogare.
