4084 6440
334 610 509 666 sitatis
544 624 763 669 accessu
793 614 834 672 ί.
876 614 983 674 Sed
1032 619 1285 680 humilius
1322 635 1355 680 a
1393 633 1447 682 te
1484 642 1702 701 quaero,
1745 648 1911 703 quare

333 700 502 756 ﬁlium
530 701 760 760 hominis
779 708 1069 778 quemlibet
1094 712 1388 785 hominem,
1410 718 1454 773 si
1480 700 1802 792 praeceptum
1822 740 1914 782 ac-

331 793 491 862 cipiat
515 809 545 848 a
578 803 727 864 patre
747 839 762 863 ,
804 813 910 853 non
941 816 1063 857 eum
1091 803 1223 862 dicis
1249 807 1467 866 alterius
1501 825 1621 868 esse
1663 814 1914 871 substan-

331 884 451 949 tia},
496 894 552 940 et
588 885 779 943 Filium
811 890 902 946 Dei
950 893 1114 950 Deum
1159 897 1227 953 ob
1252 898 1354 954 hoc
1391 900 1554 958 audes
1580 919 1777 975 negare
1814 921 1913 976 pa-

331 982 497 1030 terna:
544 992 664 1034 esse
706 980 1045 1051 substantire,
1098 988 1218 1057 quia
1265 1002 1586 1062 praeceptum
1629 997 1833 1067 accepit
1879 1013 1911 1054 a

332 1066 525 1122 Patre?
551 1067 811 1138 Prorsus,
858 1081 912 1128 et
956 1088 1279 1148 praeceptum
1320 1096 1351 1136 a
1392 1082 1546 1139 Patre
1587 1066 1819 1158 accepit,
1856 1097 1912 1146 et

328 1156 568 1226 ejusdem
599 1159 906 1219 substantia:
929 1174 1034 1233 est,
1066 1169 1217 1239 cujus
1244 1178 1328 1226 est
1354 1172 1442 1228 ille
1467 1175 1556 1243 qui
1582 1156 1747 1232 dedit.
1780 1179 1909 1247 Quis

328 1254 383 1301 te
410 1251 863 1310 contradicentem
888 1255 1042 1326 ferat,
1064 1261 1117 1334 .si
1148 1261 1214 1315 ad
1243 1270 1294 1317 te
1319 1263 1638 1322 audiendum
1667 1269 1909 1328 homines

330 1347 509 1407 patres
530 1341 729 1414 ﬁliique
748 1359 1086 1415 concurrant,
1129 1352 1367 1423 ejusdem
1415 1359 1625 1430 utrique
1671 1364 1911 1419 substan-

328 1428 447 1495 tim;
479 1446 579 1487 nec
605 1433 723 1489 ideo
750 1435 845 1491 ﬁlii
873 1438 1197 1510 degeneres,
1244 1445 1386 1515 quod
1415 1447 1486 1502 ita
1527 1428 1791 1522 praecepta
1828 1455 1909 1509 eis

325 1522 575 1580 dederint
610 1530 822 1598 patres?
849 1530 955 1587 Sed
992 1533 1128 1590 forte
1163 1535 1327 1604 dicis,
1360 1548 1536 1609 patres
1563 1542 1748 1599 doctos
1786 1544 1909 1601 ﬁliis

325 1615 558 1674 indoctis
593 1620 805 1678 dedisse
831 1634 1114 1696 praecepta.
1156 1627 1315 1701 Refer
1338 1646 1478 1687 nunc
1512 1641 1563 1688 te
1586 1634 1654 1689 ad
1692 1636 1784 1691 Dei
1813 1636 1907 1692 Fi-

322 1706 486 1776 lium,
528 1709 597 1765 de
630 1711 738 1766 Deo
763 1712 919 1770 Patre
945 1725 1124 1771 natum
1151 1718 1348 1787 Deum,
1382 1723 1471 1792 qui
1497 1723 1680 1794 utique
1705 1726 1908 1797 imper-

322 1798 495 1855 fectus
520 1811 603 1858 est
627 1812 802 1874 natus,
831 1807 874 1862 si
904 1818 1223 1881 praeceptum
1251 1815 1456 1883 accepit
1486 1815 1750 1873 indoctus.
1772 1819 1906 1887 Quia

320 1904 451 1945 vero
479 1892 745 1962 perlectus
786 1905 870 1951 est
910 1906 1101 1964 natus,
1145 1911 1467 1973 prteceptum
1508 1905 1656 1962 dedit
1694 1908 1785 1965 ille
1822 1910 1906 1981 gi-

318 1982 554 2051 gnendo,
582 1988 789 2055 accepit
828 1986 929 2043 iste
964 1991 1253 2047 nascendo.
1279 1992 1555 2066 Nunquam
1577 1998 1719 2052 enim
1744 2014 1905 2057 verus

319 2072 415 2127 Dei
432 2071 599 2128 Filius
616 2074 861 2131 indoctus
875 2074 999 2133 fuit:
1018 2077 1158 2135 ﬁlius
1176 2090 1354 2138 autem
1371 2099 1640 2155 nunquam
1658 2102 1767 2144 non
1780 2087 1899 2144 fuit.

388 2163 613 2221 CAPUT
644 2164 761 2221 XV.
784 2197 856 2209 -
887 2168 936 2224 1.
973 2170 1029 2226 ln
1063 2170 1232 2227 forma
1274 2173 1370 2230 Dei
1405 2173 1595 2231 Filium
1635 2192 1757 2253 esse
1794 2195 1901 2236 non

315 2270 503 2326 negas,
535 2266 590 2312 et
619 2257 729 2313 Deo
754 2259 899 2315 Patri
924 2262 1180 2333 aequalem
1216 2267 1698 2338 negas,‘majorem
1727 2270 1902 2329 Patris

316 2349 541 2405 formam
582 2360 772 2422 putans
813 2368 932 2410 esse
978 2371 1137 2426 quam
1168 2356 1288 2413 Filii
1320 2376 1336 2411 :
1384 2368 1630 2431 tanquam
1668 2377 1773 2418 non
1807 2363 1901 2419 ha-

316 2438 495 2495 buerit
519 2441 676 2499 Pater
700 2443 845 2500 unde
885 2445 1110 2503 formam
1141 2464 1294 2506 suam
1329 2452 1618 2522 compleret
1642 2456 1695 2509 in
1731 2454 1897 2526 Filio,

312 2546 472 2600 quem
500 2533 567 2591 de
601 2550 661 2591 se
696 2536 813 2607 ipso
840 2539 1062 2610 genuit,
1092 2556 1197 2597 non
1224 2540 1353 2600 fecit
1387 2560 1453 2600 ex
1473 2546 1668 2616 nihilo,
1699 2564 1803 2605 non
1830 2565 1899 2607 ex

312 2622 439 2679 alio.
466 2626 573 2681 Aut
600 2627 647 2683 si
684 2628 907 2686 formam
931 2647 1079 2688 suam
1109 2634 1162 2689 in
1192 2636 1352 2693 unico
1388 2638 1525 2694 Filio
1565 2641 1777 2711 plenam
1817 2645 1899 2713 gi-

310 2729 477 2785 gnere
497 2718 687 2787 potuit,
710 2734 811 2777 nec
834 2732 1006 2779 tamen
1030 2728 1210 2796 genuit
1230 2728 1464 2798 plenam,
1488 2732 1583 2788 sed
1603 2734 1894 2805 minorem;

308 2806 437 2875 quid
467 2820 719 2881 sequatur
741 2815 1030 2882 attendite,
1063 2826 1115 2872 et
1158 2818 1210 2873 in
1240 2822 1376 2875 viam
1406 2822 1607 2892 redite,
1638 2841 1709 2884 ne
1734 2844 1895 2901 coga-

310 2898 444 2954 mini
474 2898 685 2959 Patrem
726 2903 960 2962 invidum
1003 2908 1197 2966 dicere.
1243 2911 1428 2968 Dicitis
1472 2914 1639 2972 Deum
1669 2898 1890 2989 Filium,

306 2986 485 3046 dicitis
511 2992 823 3063 Dominum;
855 2998 949 3053 sed
976 3009 1031 3054 ut
1057 3000 1190 3056 duos
1212 3002 1342 3059 deos
1361 3004 1710 3080 dominosque
1731 2986 1895 3067 racia;

306 3081 397 3151 tis,
427 3093 613 3140 contra
638 3086 965 3158 Scripturam
996 3092 1314 3153 clamantem
1332 3140 1346 3164 ,
1373 3098 1529 3167 Audi,
1556 3100 1755 3170 Israel;
1783 3102 1894 3160 Do-

306 3176 472 3233 minus
493 3176 630 3236 Deus
649 3188 785 3247 tuus,
809 3182 1060 3240 Dominus
1082 3202 1213 3244 unus
1236 3200 1308 3246 est
1335 3192 1509 3264 (Deut.
1538 3211 1611 3263 vi,
1641 3195 1718 3270 4).
1750 3196 1889 3267 Quid

302 3276 481 3325 autem
504 3269 557 3325 in
583 3272 685 3330 hoc
708 3276 987 3348 sacrilegio
1012 3278 1161 3335 vobis
1188 3282 1425 3352 prodest,
1454 3286 1593 3356 quod
1622 3269 1766 3344 Patri
1785 3290 1886 3346 da-

302 3360 370 3414 tis
398 3369 595 3419 tantam
632 3364 889 3436 l’ormam,
919 3379 1168 3440 quantam
1199 3389 1306 3430 non
1344 3375 1481 3433 datis
1518 3378 1692 3437 Filio?
1718 3381 1886 3438 Num-

300 3450 424 3519 quid
452 3453 499 3507 si
544 3469 681 3509 unus
712 3457 902 3529 major,
944 3460 1079 3517 alter
1114 3472 1196 3519 est
1236 3464 1429 3534 minor,
1458 3467 1580 3525 ideo
1615 3485 1724 3528 non
1761 3484 1887 3532 sunt

299 3542 371 3598 dii
398 3553 453 3599 et
480 3546 681 3603 domini
704 3549 844 3606 duo?
870 3551 926 3608 Si
968 3567 1151 3612 carere
1191 3558 1384 3627 cupitis
1424 3558 1525 3616 hoc
1561 3577 1773 3630 errore,
1804 3566 1883 3622 sic

299 3634 457 3692 dicite
482 3638 643 3693 alium
664 3654 786 3697 esse
810 3642 1043 3713 Patrem,
1071 3647 1231 3703 alium
1250 3664 1371 3706 esse
1389 3650 1602 3722 Filium,
1626 3662 1683 3709 ut
1704 3664 1881 3715 tamen

297 3725 458 3782 simul
498 3730 684 3787 ambos
709 3746 815 3787 non
854 3734 987 3789 duos
1014 3736 1233 3807 dicatis,
1275 3741 1367 3796 sed
1394 3758 1554 3799 unum
1594 3744 1875 3804 Dominum

297 3816 494 3875 Deum.
524 3820 704 3879 Dicitis
728 3840 906 3896 regem
933 3827 1124 3884 Filium
1148 3831 1217 3887 de
1241 3847 1367 3904 rege
1391 3834 1547 3891 Patre
1574 3838 1754 3910 utique
1783 3856 1879 3896 na-

294 3916 406 3965 tum
436 3929 450 3965 :
481 3928 581 3969 nec
618 3914 895 3973 intuemini
930 3919 983 3976 in
1022 3936 1216 3992 genere
1253 3924 1486 3982 humano
1514 3928 1650 3986 ﬁlios
1687 3947 1877 4004 regum

293 4004 504 4059 etiamsi
532 4022 637 4062 non
665 4019 787 4066 sunt
816 4027 882 4069 ex
908 4014 1121 4085 regibus
1141 4030 1313 4087 reges,
1342 4033 1461 4076 esse
1486 4028 1661 4079 tamen
1686 4039 1754 4080 ex
1778 4025 1879 4085 lio-

294 4094 529 4151 minibus
559 4097 833 4168 homines;
878 4118 979 4159 nec
1016 4104 1214 4162 habere
1256 4117 1570 4177 potestatem
1609 4128 1730 4171 cum
1775 4133 1873 4190 pa-

296 4184 466 4239 tribus
485 4189 704 4258 regiam,
738 4201 791 4248 et
819 4202 995 4251 tamen
1019 4197 1260 4253 eamdem
1277 4206 1460 4258 tenere
1485 4208 1873 4268 naturam.Vos

291 4283 469 4330 autem
501 4277 634 4336 Filio
664 4282 756 4337 Dei
785 4285 924 4355 regis
952 4302 1171 4358 regnum
1212 4305 1332 4346 cum
1360 4292 1517 4351 Patre
1544 4299 1834 4358 conceditis
1853 4342 1870 4370 ,

291 4374 345 4418 et
370 4374 612 4425 naturam
638 4380 915 4442 paternam
940 4379 1170 4436 vanitate
1198 4381 1357 4452 impia
1385 4385 1692 4459 denegatis;
1723 4407 1874 4448 eum-

290 4472 396 4525 que
436 4459 546 4517 Deo
571 4462 713 4521 Patri
744 4467 916 4524 dicitis
944 4471 1285 4543 inmqnalem,
1324 4479 1412 4548 qui
1454 4497 1555 4536 non
1595 4486 1866 4555 rapinam,

293 4547 394 4604 hoc
417 4560 527 4619 est,
557 4569 662 4611 non
689 4556 917 4615 alienum
943 4562 1213 4619 arbitratus
1240 4575 1313 4621 est
1344 4585 1452 4624 esse
1488 4575 1698 4643 aequalis
1724 4576 1869 4646 Deo;

289 4641 378 4695 sed
404 4650 581 4700 tamen
605 4662 708 4702 non
739 4650 1020 4708 intendens
1044 4670 1163 4724 quae
1190 4671 1285 4713 sua
1312 4669 1469 4728 sunt,
1501 4641 1595 4718 sed
1620 4680 1738 4736 qua:
1766 4684 1868 4724 no-

289 4742 399 4788 stra
439 4746 592 4805 sunt,
634 4743 954 4813 semetipsum
997 4746 1305 4817 exinanivit;
1348 4765 1453 4807 non
1499 4753 1721 4811 formam
1771 4759 1866 4817 Dei

287 4827 548 4895 perdens,
577 4831 671 4887 sed
698 4836 913 4904 formam
941 4837 1069 4891 servi
1093 4840 1369 4911 accipiens,
1402 4842 1453 4898 in
1482 4860 1584 4915 qua
1613 4856 1694 4903 est
1719 4848 1864 4907 Patri

288 4919 455 4987 factus
502 4914 736 4978 obediens'
768 4940 924 4995 usque
946 4928 1014 4981 ad
1043 4939 1252 4985 mortem
1280 4935 1442 4988 crucis
1487 4936 1743 5010 (Philipp.
1784 4957 1860 5013 ll,

287 5008 429 5079 6-8).
462 5011 516 5066 In
548 5027 650 5083 qua
674 5013 841 5072 forma
870 5034 991 5075 eum
1021 5036 1126 5077 non
1157 5023 1316 5079 vultis
1343 5027 1419 5081 sic
1443 5008 1730 5098 agnoscere
1756 5008 1864 5091 Pa:-

288 5108 366 5154 tre
394 5100 507 5156 Deo
536 5104 797 5163 minorem
816 5149 830 5174 ,
859 5118 917 5165 ut
942 5110 996 5166 in
1030 5112 1126 5168 Dei
1160 5113 1329 5171 forma
1354 5117 1495 5174 Patri
1523 5137 1627 5177 non
1656 5126 1861 5196 negetis

285 5192 567 5260 aequalem.
602 5213 623 5248 ‹
649 5196 757 5253 Nos
776 5239 793 5266 ,
820 5217 842 5253 ι
876 5201 1082 5273 inquis,
1116 5223 1136 5257 ‹
1164 5204 1290 5262 dicti
1321 5217 1507 5266 ‘sumus
1536 5212 1627 5268 ﬁlii
1655 5192 1856 5286 gratia,

283 5298 390 5338 non
418 5294 606 5342 natura
629 5288 732 5346 hoc
754 5292 902 5348 nati:
935 5293 1055 5351 ideo
1079 5298 1378 5368 unigenitus
1406 5308 1487 5356 est
1513 5302 1701 5373 Filius,
1731 5310 1856 5379 quia

281 5374 423 5442 quod
455 5385 536 5431 est
558 5380 848 5437 secundum
886 5382 1176 5441 divinitatis
1201 5403 1309 5445 sua:
1334 5400 1573 5449 naturam
1594 5436 1609 5461 ,
1642 5374 1859 5456 hoc-est

281 5472 437 5521 natus
461 5466 644 5525 Filius.
679 5489 699 5525 ι
730 5471 855 5529 Huic
880 5488 991 5531 non
1021 5484 1106 5531 tua
1132 5478 1322 5547 solum,
1355 5496 1539 5539 verum
1564 5486 1725 5544 etiam
1750 5505 1851 5548 no-

278 5563 390 5610 stra
423 5568 548 5614 sunt
574 5563 755 5619 verba.
788 5564 898 5621 Cur
935 5582 1063 5639 ergo
1102 5584 1261 5640 quem
1303 5572 1397 5630 Dei
1434 5574 1625 5634 Filium
1664 5592 1852 5640 natura

279 5657 385 5701 non
414 5650 583 5718 gratia
609 5653 913 5726 conﬁteris,
957 5657 1196 5729 ejusdem
1236 5670 1472 5734 naturae,
1517 5669 1667 5740 cujus
1693 5672 1854 5731 Pater

278 5748 381 5807 cst,
408 5756 517 5797 non
542 5758 661 5802 esse
686 5748 983 5818 contendis,
1005 5766 1107 5809 nec
1129 5754 1255 5824 quid
1281 5756 1407 5813 mali
1448 5758 1544 5817 abs
1570 5770 1622 5818 te
1643 5762 1852 5823 dicatur

339 5896 1199 5986 :33.2.*.*:2:.2:.9§.M§e_u
1212 5910 1473 5986 verrem
1504 5917 1666 5979 σεπαει
1696 5919 1852 5986 ptem-

514 6045 736 6109 Ssncr.
780 6051 1058 6113 Auuusr.
1090 6052 1260 6120 VIII.

1672 515 1875 578 LIBER
1911 519 2288 584 SECUNDUS.

3492 560 3601 626 778

2031 641 2294 748 attendis?
2322 645 2507 706 Nonne
2529 654 2669 724 regis
2695 651 2787 714 Dei
2813 659 2948 718 Filio
2985 674 3267 736 paternum
3290 688 3510 748 regnum
3527 696 3601 740 an

2024 729 2194 790 ferres
2221 736 2547 799 tolerabilius
2572 760 2728 817 quam
2761 729 3040 812 naturam?

2090 824 2144 879 2.
2290 827 2489 901 Spiritu
2536 846 2715 895 autem
2762 855 2967 915 sancto,
3013 855 3280 920 quomodo
3306 869 3356 917 et
3387 862 3501 933 ipse
3527 865 3599 925 de

2022 915 2132 972 Deo
2151 918 2249 986 sit,
2282 937 2380 978 nec
2408 933 2580 983 tamen
2608 940 2662 986 et
2688 932 2803 1003 ipse
2829 936 2970 995 ﬁlius
2995 915 3100 1009 sit,
3127 951 3376 1016 quoniam
3406 915 3599 1025 proce-

2025 1004 2183 1025 )ΑῌΔᾼ
2595 1019 2611 1025 ,
2678 1021 2693 1025 _
2768 1024 2773 1025 ,

2019 1004 2215 1106 dendo,
2244 1025 2349 1066 non
2380 1019 2649 1075 nascendo
2678 1021 2871 1093 legitur
2898 1043 3019 1086 esse
3044 1004 3114 1090 de
3137 1004 3269 1106 Deo,
3294 1004 3595 1119 ἷξε-κητείιῖδᾷ

2018 1094 2148 1163 rius,
2178 1110 2432 1169 quantum
2455 1107 2583 1163 satis
2597 1110 2767 1168 visum
2793 1125 2894 1185 est,
2926 1118 3208 1194 disputavi.
3242 1094 3374 1200 ivi»,
3397 1094 3593 1208 inqdis,

2018 1184 2068 1208 _._
2124 1186 2240 1208 ,ιφ
2259 1206 2281 1208 η
2379 1192 2413 1208 η
2596 1200 2608 1208 .

2017 1184 2071 1238 in
2115 1186 2320 1243 Patrem
2367 1192 2530 1250 Deum
2589 1200 2834 1271 innatum,
2885 1219 3119 1269 naturam
3166 1235 3268 1275 non
3291 1184 3595 1297 accepimus:

2019 1276 2080 1297 Ιτι
2110 1286 2191 1297 ι-.-
2216 1296 2221 1297 γ
2260 1296 2289 1297 νγ
2473 1288 2501 1297 Α·
2782 1296 2791 1297 7

2017 1276 2083 1330 Et
2110 1286 2359 1350 tanquam
2405 1288 2664 1346 rationem
2702 1296 2951 1368 reddens,
2986 1319 3082 1360 cur
3125 1308 3218 1366 Dei
3262 1276 3434 1373 Patris
3488 1276 3596 1382 nos;

2013 1367 2199 1426 dicatis
2225 1388 2343 1431 esse
2362 1386 2602 1438 naturam
2626 1425 2641 1449 ,
2675 1402 2799 1445 mox
2826 1392 3091 1467 adjungis,
3124 1410 3178 1457 et

2006 2116 2128 2159 esse
2172 2105 2367 2165 dicitur
2391 2127 2488 2181 per
2523 2116 2894 2191 substantiam,
2940 2105 3041 2184 hoc
3086 2147 3207 2191 esse
3254 2105 3439 2212 utique
3489 2161 3588 2215 per

2005 2203 2267 2253 naturam.
2293 2199 2451 2259 Certe
2468 2206 2512 2261 si
2535 2220 2639 2264 non
2661 2216 2854 2281 putatis
2874 2232 2994 2276 esse
3012 2222 3316 2297 dicendum,
3343 2199 3585 2303 ejusdem

2003 2283 2194 2344 Filium
2221 2291 2370 2362 cujus
2397 2294 2555 2354 Pater
2582 2309 2665 2356 est
2686 2319 2807 2363 esse
2837 2319 3072 2381 naturae;
3101 2317 3261 2377 dicite
3289 2283 3438 2397 eujiis
3480 2331 3583 2387 Pa-

2003 2387 2088 2435 ter
2127 2392 2212 2439 est
2257 2402 2376 2444 esse
2414 2392 2722 2453 substantia:
2768 2417 2784 2455 :
2822 2403 2890 2458 ad
2918 2420 3129 2465 causam
3177 2431 3293 2485 qua:
3320 2387 3458 2475 inter
3483 2440 3582 2482 nos

2000 2474 2192 2544 agitur,
2225 2481 2419 2539 sufﬁcit
2460 2486 2632 2543 nobis.
2663 2490 3039 2557 Verumtamen
3081 2474 3399 2567 admonendi
3426 2518 3579 2588 estis,

2000 2574 2059 2620 ut
2085 2568 2395 2630 intueamini
2425 2579 2566 2644 quod
2593 2582 2669 2637 ait
2697 2585 3002 2659 Apostolus,
3031 2592 3131 2650 His
3153 2600 3239 2668 qui
3260 2568 3447 2659 natura

1998 2668 2116 2714 sunt
2137 2662 2228 2729 dii,
2258 2667 2475 2724 servistis
2502 2669 2717 2742 (Galat.
2759 2692 2835 2745 iv,
2864 2679 2935 2751 8)
2963 2700 2978 2737 :
3010 2684 3099 2740 ubi
3144 2662 3288 2747 certe
3325 2709 3420 2750 nos

1998 2752 2088 2822 qui
2118 2765 2301 2812 natura
2330 2770 2412 2815 est
2437 2761 2595 2830 Deus,
2625 2769 2823 2826 servius
2852 2781 3181 2835 monstravit.
3213 2782 3320 2840 Vos
3342 2776 3564 2861 ergo‘qu

1981 2842 2163 2899 .Deum
2207 2846 2417 2906 Patrem
2467 2869 2571 2909 non
2622 2867 2806 2915 natura
2846 2863 3015 2921 Deum
3045 2884 3165 2927 esse
3216 2842 3451 2945 creditis,
3484 2842 3577 2939 tibi

1995 2948 2116 2990 eum
2143 2941 2496 3011 constituatis,
2524 2946 2812 3019 advertite;
2841 2963 2895 3010 et
2922 2956 2967 3011 si
2994 2958 3132 3017 ullus
3150 2963 3205 3020 in
3230 2967 3381 3024 vobis
3402 2941 3577 3040 pudor

1993 3035 2097 3091 est,
2125 3028 2444 3089 erubescite.
2476 3036 2614 3093 Ecce
2640 3054 2737 3097 nos
2782 3043 3008 3103 dicimus
3044 3052 3216 3123 vobis,
3260 3075 3363 3115 non
3404 3028 3576 3121 servi;

1992 3129 2111 3173 mus
2144 3118 2255 3178 Deo
2282 3126 2369 3194 qui
2399 3138 2585 3185 natura
2616 3147 2722 3188 non
2765 3145 2848 3191 est
2897 3139 3069 3211 Deus;
3096 3162 3165 3202 ne
3211 3151 3377 3209 simus
3414 3157 3570 3225 tales,

1990 3207 2177 3278 quales
2203 3210 2417 3270 fuerunt
2445 3218 2519 3274 illi
2562 3222 2753 3291 quibus
2780 3225 2977 3285 dictum
3006 3207 3122 3302 est,
3155 3236 3252 3294 His
3274 3207 3573 3311 qui

1989 3314 2092 3355 non
2138 3313 2254 3358 sunt
2309 3306 2419 3376 dii,
2471 3313 2708 3368 servistis.
2769 3315 2877 3373 Vos
2935 3322 2980 3376 si
3031 3325 3161 3382 tales
3203 3306 3324 3388 esse
3364 3336 3525 3394 vultis
3548 3382 3567 3408 ,

1985 3496 2106 3538 esse
2125 3483 2311 3541 dicatis
2336 3505 2350 3542 :
2377 3489 2596 3562 ejusque
2614 3492 2826 3566 Filium,
2849 3515 3008 3571 quem
3033 3520 3137 3562 non
3151 3512 3339 3581 gratia,
3354 3517 3448 3572 sed
3470 3483 3566 3575 na;

1983 3580 2103 3628 tura
2127 3573 2319 3631 Filium
2355 3579 2466 3648 jam
2509 3596 2627 3639 esse
2654 3584 2849 3656 dicitis,
2899 3592 3137 3662 ejusdem
3154 3573 3377 3657 maturae
3411 3573 3565 3678 cujus

1983 3665 2141 3722 Pater
2166 3679 2249 3724 est
2286 3686 2392 3727 non
2433 3676 2656 3746 negetis,
2697 3695 2765 3735 ne
2820 3683 2949 3743 nihil
2996 3688 3139 3747 aliud
3180 3709 3340 3765 quam
3365 3665 3561 3761 Filium

1980 3772 2101 3815 esse
2130 3775 2313 3817 verum
2361 3767 2585 3835 negetis.
2630 3769 2909 3838 Quomodo
2954 3781 3097 3837 enim
3135 3784 3329 3857 dicitis,
3371 3800 3428 3848 et
3465 3810 3561 3851 ve-

1978 3863 2097 3904 rum
2118 3850 2309 3907 Filium
2349 3869 2444 3911 vos
2470 3857 2726 3927 profiteri,
2753 3874 2806 3919 et
2832 3866 2975 3924 Patri
3029 3873 3255 3933 similem
3308 3850 3413 3938 non
3461 3850 3560 3943 ne-

1977 3954 2125 4012 gare,
2148 3945 2359 4013 quando
2386 3962 2507 4004 eum
2523 3954 2724 4023 negatis
2752 3958 2908 4014 unius
2932 3975 3053 4018 cum
3083 3965 3239 4025 Patre
3270 3986 3392 4029 esse
3420 3980 3553 4034 sub-

1977 4036 2227 4091 stantiae?
2254 4038 2401 4095 Sicut
2424 4052 2600 4099 autem
2629 4062 2810 4104 verum
2835 4051 3029 4112 Filium
3070 4058 3269 4120 indicat
3298 4084 3399 4125 una
3425 4074 3554 4128 sub-

1975 4133 2189 4197 stantia,
2220 4132 2299 4187 sie
2324 4148 2430 4189 non
2477 4151 2657 4193 verum
2684 4140 2892 4199 diversa
2915 4148 3231 4209 substantia.
3274 4158 3555 4226 Quomodo

1975 4228 2151 4276 autem
2180 4221 2372 4279 Filium
2408 4226 2552 4282 Patri
2580 4230 2807 4290 similem
2851 4236 3048 4309 dicitis,
3077 4246 3160 4301 cui
3212 4221 3383 4308 Patris
3428 4221 3554 4315 sub;

1973 4313 2223 4369 stantiam
2266 4315 2395 4373 dare
2422 4333 2527 4373 non
2557 4322 2759 4379 vultis?
2781 4326 2967 4385 Nonne
2995 4332 3181 4392 similis
3224 4338 3426 4401 homini
3466 4313 3553 4406 est

1979 4403 2184 4473 pictura
2217 4407 2303 4462 vel
2330 4418 2522 4475 statua,
2561 4421 2615 4468 et
2655 4424 2830 4472 tamen
2871 4419 3011 4478 ﬁlius
3045 4425 3149 4482 diei
3194 4446 3299 4489 non
3350 4403 3547 4511 potest,

1971 4497 2094 4565 quia
2113 4497 2321 4553 diversa
2350 4501 2643 4559 substantia
2678 4516 2761 4562 est
2779 4510 2804 4562 ἲ
2832 4510 3003 4570 Homo
3040 4532 3231 4593 nempe
3259 4525 3326 4582 ad
3350 4497 3450 4587 Dei
3476 4497 3552 4591 si:-

1971 4586 2323 4644 militudinem
2368 4589 2536 4647 factus
2573 4604 2682 4661 est;
2728 4606 2907 4656 tamen
2959 4607 3082 4675 quia
3125 4586 3233 4669 non
3265 4626 3347 4675 est
3389 4586 3549 4683 unius

1969 4677 2313 4746 ejusdemque
2342 4682 2678 4756 substantiae,
2707 4705 2813 4747 non
2843 4703 2926 4750 est
2948 4712 3104 4757 verus
3129 4703 3301 4776 ﬁlius;
3342 4722 3398 4767 et
3425 4677 3547 4773 ideo

1969 4767 2027 4822 ﬁt
2049 4770 2217 4839 gratia
2268 4770 2424 4841 ﬁlius,
2453 4777 2574 4846 quia
2612 4792 2717 4835 non
2756 4792 2838 4839 est
2880 4796 3087 4845 natura.
3128 4793 3181 4851 Si
3230 4767 3357 4870 ergo

1968 4861 2061 4918 Dei
2087 4862 2279 4920 Filium
2320 4882 2505 4923 verum
2550 4872 2811 4942 conﬁteri,
2839 4879 2986 4949 prius
3010 4884 3159 4942 illum
3185 4903 3249 4946 ac
3275 4861 3544 4968 praecipue

1966 4956 2124 5014 dicite
2150 4960 2303 5016 unius
2333 4961 2677 5037 ejusdemque
2703 4970 3013 5031 substantiae
3035 5016 3051 5042 ,
3082 4987 3138 5034 ut
3168 4956 3415 5054 tanquam
3440 4956 3537 5048 ve;

1965 5064 2084 5105 rum
2113 5049 2304 5108 Filium
2345 5062 2401 5110 et
2448 5054 2541 5112 Dei
2572 5057 2761 5116 Filium
2809 5078 2903 5132 per
2929 5069 3107 5125 omnia
3130 5049 3358 5134 similem
3397 5081 3542 5141 Patri

1964 5153 2083 5195 esse
2108 5140 2313 5199 dicatis.
2362 5142 2494 5200 Nam
2530 5162 2687 5216 quem
2728 5152 3073 5213 substantiam
3118 5165 3316 5232 putatis
3342 5140 3542 5231 habere

1962 5229 2247 5298 diversam,
2275 5234 2395 5303 plus
2422 5251 2543 5292 eum
2569 5237 2879 5299 dissimilem
2904 5261 3062 5316 quam
3087 5229 3315 5312 similem
3337 5229 3535 5331 dicitis,

1962 5332 2016 5379 et
2081 5326 2299 5381 omnino
2335 5344 2519 5384 verum
2573 5329 2764 5388 Filium
2813 5335 3106 5410 denegatis.
3163 5346 3296 5407 Nam
3332 5326 3539 5415 vultis;

1962 5430 2156 5485 nosse,
2184 5418 2250 5473 ad
2282 5420 2666 5478 ostendendum
2704 5440 2886 5483 verum
2938 5429 3106 5490 ﬁlium
3144 5452 3399 5509 quantum
3443 5468 3539 5508 va-

1961 5506 2067 5563 leat
2094 5524 2196 5564 una
2220 5509 2513 5583 eademque
2531 5513 2823 5574 substantia
2851 5536 2866 5574 :
2898 5522 3108 5582 etiamsi
3132 5506 3274 5588 ﬁlius
3303 5506 3541 5599 hominis

1962 5600 2123 5657 homo
2147 5603 2200 5657 in
2225 5603 2538 5673 quibusdam
2571 5606 2778 5675 similis,
2806 5612 2859 5667 in
2903 5616 3215 5686 quibusdam
3265 5629 3335 5684 sit
3371 5633 3533 5691 dissi-

1918 5720 1923 5723 λ
1959 5692 2098 5747 milis
2127 5694 2294 5762 patri;
2328 5702 2501 5751 tamen
2526 5698 2650 5768 quia
2690 5699 2932 5771 ejusdem
2968 5708 3277 5772 substantiae
3305 5731 3407 5789 est,
3438 5742 3535 5782 ne«

1956 5784 2069 5855 gari
2097 5800 2255 5841 verus
2281 5786 2421 5843 ﬁlius
2448 5802 2555 5884 non
2585 5800 2791 5884 potest:
2817 5803 2873 5852 et
2895 5799 3020 5869 quia
3056 5817 3213 5861 verus
3240 5818 3322 5864 est
3348 5784 3493 5871 ﬁlius
3514 5860 3530 5884 ,

1957 5876 2140 5947 negari
2160 5876 2398 5947 ejusdem
2422 5877 2731 5939 substantiae
2755 5899 2863 5942 non
2892 5898 3085 5959 potest.
3119 5894 3227 5951 Vos
3248 5908 3430 5960 autem
3459 5876 3533 5963 ita

2020 5992 2039 6023 ι
2072 5987 2177 6041 sola
2200 5989 2349 6044 editio
2371 5997 2499 6046 Lov.:
2514 6003 2610 6048 Nec
2626 5996 2784 6051 vultis.

2845 6087 3331 6181 (νέηαι-εἰη.)
