  <div class='ocr_page' id='page_1' title='image "/cluster/home/n/w/nwhite01/storage/ocr_20150623/42/hvd.32044015471493/395.png"; bbox 0 0 4042 6460; ppageno 0'>
   <div class='ocr_carea' id='block_1_1' title="bbox 514 423 622 481">
    <p class='ocr_par' dir='ltr' id='par_1_1' title="bbox 514 423 622 481">
     <span class='ocr_line' id='line_1_1' title="bbox 514 423 622 481; baseline 0 0"><span class='ocrx_word' id='word_1_1' title='bbox 514 423 622 481; x_wconf 80' lang='lat'><strong>779</strong></span> 
     </span>
    </p>
   </div>
   <div class='ocr_carea' id='block_1_2' title="bbox 517 524 2098 611">
    <p class='ocr_par' dir='ltr' id='par_1_2' title="bbox 517 524 2098 611">
     <span class='ocr_line' id='line_1_2' title="bbox 517 524 2098 611; baseline -0.013 -14"><span class='ocrx_word' id='word_1_2' title='bbox 517 540 692 611; x_wconf 74' lang='lat' dir='ltr'><strong>dicitis</strong></span> <span class='ocrx_word' id='word_1_3' title='bbox 712 549 898 596; x_wconf 65' lang='lat' dir='ltr'><strong>venam</strong></span> <span class='ocrx_word' id='word_1_4' title='bbox 927 533 1017 592; x_wconf 86' lang='lat' dir='ltr'><strong>Dei</strong></span> <span class='ocrx_word' id='word_1_5' title='bbox 1039 534 1231 591; x_wconf 87' lang='lat' dir='ltr'><strong>Filium</strong></span> <span class='ocrx_word' id='word_1_6' title='bbox 1259 533 1488 590; x_wconf 86' lang='lat' dir='ltr'><strong>similem</strong></span> <span class='ocrx_word' id='word_1_7' title='bbox 1511 531 1676 596; x_wconf 80' lang='lat' dir='ltr'><strong>Patri,</strong></span> <span class='ocrx_word' id='word_1_8' title='bbox 1704 538 1761 583; x_wconf 91' lang='lat' dir='ltr'><strong>ut</strong></span> <span class='ocrx_word' id='word_1_9' title='bbox 1787 524 2098 584; x_wconf 65' lang='lat' dir='ltr'><strong>substantia</strong></span> 
     </span>
    </p>
   </div>
   <div class='ocr_carea' id='block_1_3' title="bbox 517 623 2096 706">
    <p class='ocr_par' dir='ltr' id='par_1_3' title="bbox 517 623 2096 706">
     <span class='ocr_line' id='line_1_3' title="bbox 517 623 2096 706; baseline -0.009 -15"><span class='ocrx_word' id='word_1_10' title='bbox 517 636 691 698; x_wconf 79' lang='lat' dir='ltr'><strong>velitis</strong></span> <span class='ocrx_word' id='word_1_11' title='bbox 724 649 842 696; x_wconf 87' lang='lat' dir='ltr'><strong>esse</strong></span> <span class='ocrx_word' id='word_1_12' title='bbox 861 632 1107 700; x_wconf 64' lang='lat' dir='ltr'><strong>diversae,</strong></span> <span class='ocrx_word' id='word_1_13' title='bbox 1133 646 1231 706; x_wconf 68' lang='lat' dir='ltr'><strong>per</strong></span> <span class='ocrx_word' id='word_1_14' title='bbox 1253 644 1411 700; x_wconf 81' lang='lat' dir='ltr'><strong>quam</strong></span> <span class='ocrx_word' id='word_1_15' title='bbox 1441 627 1607 684; x_wconf 84' lang='lat' dir='ltr'><strong>solam</strong></span> <span class='ocrx_word' id='word_1_16' title='bbox 1635 633 1808 696; x_wconf 83' lang='lat' dir='ltr'><strong>potest</strong></span> <span class='ocrx_word' id='word_1_17' title='bbox 1831 623 1972 686; x_wconf 76' lang='lat' dir='ltr'><strong>ﬁlius</strong></span> <span class='ocrx_word' id='word_1_18' title='bbox 1999 635 2096 676; x_wconf 55' lang='lat' dir='ltr'><strong>ve.</strong></span> 
     </span>
    </p>
   </div>
   <div class='ocr_carea' id='block_1_4' title="bbox 479 709 2096 792">
    <p class='ocr_par' dir='ltr' id='par_1_4' title="bbox 479 709 2096 792">
     <span class='ocr_line' id='line_1_4' title="bbox 479 709 2096 792; baseline -0.008 -9"><span class='ocrx_word' id='word_1_19' title='bbox 479 713 483 726; x_wconf 80' lang='grc'><em>’</em></span> <span class='ocrx_word' id='word_1_20' title='bbox 517 744 609 783; x_wconf 87' lang='lat' dir='ltr'><strong>rus</strong></span> <span class='ocrx_word' id='word_1_21' title='bbox 635 709 862 782; x_wconf 88' lang='lat' dir='ltr'><strong>ostendi.</strong></span> <span class='ocrx_word' id='word_1_22' title='bbox 890 724 1020 781; x_wconf 87' lang='lat' dir='ltr'><strong>Nam</strong></span> <span class='ocrx_word' id='word_1_23' title='bbox 1045 722 1157 792; x_wconf 71' lang='grc' dir='ltr'><strong>άμρ</strong></span> <span class='ocrx_word' id='word_1_24' title='bbox 1181 721 1295 789; x_wconf 81' lang='lat' dir='ltr'><strong>veri</strong></span> <span class='ocrx_word' id='word_1_25' title='bbox 1319 721 1564 780; x_wconf 85' lang='lat' dir='ltr'><strong>homines</strong></span> <span class='ocrx_word' id='word_1_26' title='bbox 1579 719 1681 778; x_wconf 81' lang='lat' dir='ltr'><strong>etsi</strong></span> <span class='ocrx_word' id='word_1_27' title='bbox 1707 717 1884 776; x_wconf 88' lang='lat' dir='ltr'><strong>nullus</strong></span> <span class='ocrx_word' id='word_1_28' title='bbox 1910 731 2096 772; x_wconf 85' lang='lat' dir='ltr'><strong>eorum</strong></span> 
     </span>
    </p>
   </div>
   <div class='ocr_carea' id='block_1_5' title="bbox 480 807 2096 895">
    <p class='ocr_par' dir='ltr' id='par_1_5' title="bbox 480 807 2096 895">
     <span class='ocr_line' id='line_1_5' title="bbox 480 807 2096 895; baseline -0.016 -9"><span class='ocrx_word' id='word_1_29' title='bbox 480 889 484 895; x_wconf 94' lang='lat'><strong>_</strong></span> <span class='ocrx_word' id='word_1_30' title='bbox 513 819 657 890; x_wconf 66' lang='lat' dir='ltr'><strong>ﬁlius</strong></span> <span class='ocrx_word' id='word_1_31' title='bbox 701 815 1018 886; x_wconf 71' lang='lat' dir='ltr'><strong>Silaiteritis,</strong></span> <span class='ocrx_word' id='word_1_32' title='bbox 1048 813 1207 882; x_wconf 83' lang='lat' dir='ltr'><strong>unius</strong></span> <span class='ocrx_word' id='word_1_33' title='bbox 1246 821 1421 884; x_wconf 73' lang='lat' dir='ltr'><strong>tamen</strong></span> <span class='ocrx_word' id='word_1_34' title='bbox 1448 821 1574 882; x_wconf 73' lang='lat' dir='ltr'><strong>sunt</strong></span> <span class='ocrx_word' id='word_1_35' title='bbox 1608 819 1664 879; x_wconf 76' lang='lat' dir='ltr'><strong>et</strong></span> <span class='ocrx_word' id='word_1_36' title='bbox 1704 808 1941 882; x_wconf 74' lang='lat' dir='ltr'><strong>ejusdem</strong></span> <span class='ocrx_word' id='word_1_37' title='bbox 1970 807 2096 862; x_wconf 88' lang='lat' dir='ltr'><strong>sub-</strong></span> 
     </span>
    </p>
   </div>
   <div class='ocr_carea' id='block_1_6' title="bbox 510 897 2095 988">
    <p class='ocr_par' dir='ltr' id='par_1_6' title="bbox 510 897 2095 988">
     <span class='ocr_line' id='line_1_6' title="bbox 510 897 2095 988; baseline -0.007 -23"><span class='ocrx_word' id='word_1_38' title='bbox 510 910 727 988; x_wconf 63' lang='lat' dir='ltr'><strong>stantiae</strong></span> <span class='ocrx_word' id='word_1_39' title='bbox 756 927 768 962; x_wconf 88' lang='lat'>:</span> <span class='ocrx_word' id='word_1_40' title='bbox 794 907 952 972; x_wconf 85' lang='lat' dir='ltr'><strong>homo</strong></span> <span class='ocrx_word' id='word_1_41' title='bbox 999 914 1178 978; x_wconf 74' lang='lat' dir='ltr'><strong>autem</strong></span> <span class='ocrx_word' id='word_1_42' title='bbox 1219 905 1459 976; x_wconf 69' lang='lat' dir='ltr'><strong>alterius.</strong></span> <span class='ocrx_word' id='word_1_43' title='bbox 1487 903 1719 972; x_wconf 71' lang='lat' dir='ltr'><strong>hominis</strong></span> <span class='ocrx_word' id='word_1_44' title='bbox 1754 913 1911 966; x_wconf 71' lang='lat' dir='ltr'><strong>verus</strong></span> <span class='ocrx_word' id='word_1_45' title='bbox 1953 897 2095 956; x_wconf 83' lang='lat' dir='ltr'><strong>ﬁlius</strong></span> 
     </span>
    </p>
   </div>
   <div class='ocr_carea' id='block_1_7' title="bbox 508 990 2096 1070">
    <p class='ocr_par' dir='ltr' id='par_1_7' title="bbox 508 990 2096 1070">
     <span class='ocr_line' id='line_1_7' title="bbox 508 990 2096 1070; baseline -0.003 -15"><span class='ocrx_word' id='word_1_46' title='bbox 508 1003 663 1070; x_wconf 72' lang='lat' dir='ltr'><strong>pullo</strong></span> <span class='ocrx_word' id='word_1_47' title='bbox 709 999 868 1066; x_wconf 83' lang='lat' dir='ltr'><strong>modo</strong></span> <span class='ocrx_word' id='word_1_48' title='bbox 893 1005 1068 1069; x_wconf 75' lang='lat' dir='ltr'><strong>potest</strong></span> <span class='ocrx_word' id='word_1_49' title='bbox 1094 996 1197 1060; x_wconf 87' lang='lat' dir='ltr'><strong>nisi</strong></span> <span class='ocrx_word' id='word_1_50' title='bbox 1218 996 1461 1068; x_wconf 74' lang='lat' dir='ltr'><strong>ejusdem</strong></span> <span class='ocrx_word' id='word_1_51' title='bbox 1485 1010 1611 1060; x_wconf 72' lang='lat' dir='ltr'><strong>curn</strong></span> <span class='ocrx_word' id='word_1_52' title='bbox 1637 1003 1791 1065; x_wconf 75' lang='lat' dir='ltr'><strong>patre</strong></span> <span class='ocrx_word' id='word_1_53' title='bbox 1828 1007 1947 1050; x_wconf 89' lang='lat' dir='ltr'><strong>esse</strong></span> <span class='ocrx_word' id='word_1_54' title='bbox 1971 990 2096 1050; x_wconf 84' lang='lat' dir='ltr'><strong>sub-</strong></span> 
     </span>
    </p>
   </div>
   <div class='ocr_carea' id='block_1_8' title="bbox 514 1085 2090 1160">
    <p class='ocr_par' dir='ltr' id='par_1_8' title="bbox 514 1085 2090 1160">
     <span class='ocr_line' id='line_1_8' title="bbox 514 1085 2090 1160; baseline -0.005 -14"><span class='ocrx_word' id='word_1_55' title='bbox 514 1093 743 1160; x_wconf 60' lang='lat' dir='ltr'><strong>stantia),</strong></span> <span class='ocrx_word' id='word_1_56' title='bbox 793 1090 998 1156; x_wconf 77' lang='lat' dir='ltr'><strong>etiamsi</strong></span> <span class='ocrx_word' id='word_1_57' title='bbox 1049 1104 1157 1156; x_wconf 79' lang='lat' dir='ltr'><strong>non</strong></span> <span class='ocrx_word' id='word_1_58' title='bbox 1200 1088 1269 1144; x_wconf 85' lang='lat' dir='ltr'><strong>sit</strong></span> <span class='ocrx_word' id='word_1_59' title='bbox 1309 1103 1406 1159; x_wconf 77' lang='lat' dir='ltr'><strong>per</strong></span> <span class='ocrx_word' id='word_1_60' title='bbox 1459 1088 1642 1148; x_wconf 81' lang='lat' dir='ltr'><strong>omnia</strong></span> <span class='ocrx_word' id='word_1_61' title='bbox 1687 1085 1879 1144; x_wconf 74' lang='lat' dir='ltr'><strong>similis</strong></span> <span class='ocrx_word' id='word_1_62' title='bbox 1935 1085 2090 1155; x_wconf 80' lang='lat' dir='ltr'><strong>patri.</strong></span> 
     </span>
    </p>
   </div>
   <div class='ocr_carea' id='block_1_9' title="bbox 513 1175 2095 1265">
    <p class='ocr_par' dir='ltr' id='par_1_9' title="bbox 513 1175 2095 1265">
     <span class='ocr_line' id='line_1_9' title="bbox 513 1175 2095 1265; baseline -0.002 -31"><span class='ocrx_word' id='word_1_63' title='bbox 513 1183 770 1265; x_wconf 69' lang='lat' dir='ltr'><strong>Quocirca</strong></span> <span class='ocrx_word' id='word_1_64' title='bbox 801 1196 955 1236; x_wconf 88' lang='lat' dir='ltr'><strong>verus</strong></span> <span class='ocrx_word' id='word_1_65' title='bbox 978 1181 1068 1248; x_wconf 89' lang='lat' dir='ltr'><strong>Dei</strong></span> <span class='ocrx_word' id='word_1_66' title='bbox 1089 1180 1257 1238; x_wconf 84' lang='lat' dir='ltr'><strong>Filius</strong></span> <span class='ocrx_word' id='word_1_67' title='bbox 1280 1188 1332 1236; x_wconf 88' lang='lat' dir='ltr'><strong>ct</strong></span> <span class='ocrx_word' id='word_1_68' title='bbox 1351 1179 1504 1238; x_wconf 87' lang='lat' dir='ltr'><strong>unius</strong></span> <span class='ocrx_word' id='word_1_69' title='bbox 1523 1193 1646 1236; x_wconf 86' lang='lat' dir='ltr'><strong>cum</strong></span> <span class='ocrx_word' id='word_1_70' title='bbox 1667 1177 1824 1234; x_wconf 79' lang='lat' dir='ltr'><strong>Patre</strong></span> <span class='ocrx_word' id='word_1_71' title='bbox 1845 1175 2095 1233; x_wconf 61' lang='lat' dir='ltr'><strong>substan.</strong></span> 
     </span>
    </p>
   </div>
   <div class='ocr_carea' id='block_1_10' title="bbox 512 1268 2095 1343">
    <p class='ocr_par' dir='ltr' id='par_1_10' title="bbox 512 1268 2095 1343">
     <span class='ocr_line' id='line_1_10' title="bbox 512 1268 2095 1343; baseline -0.003 -16"><span class='ocrx_word' id='word_1_72' title='bbox 512 1275 598 1327; x_wconf 78' lang='lat' dir='ltr'><strong>tizu</strong></span> <span class='ocrx_word' id='word_1_73' title='bbox 624 1282 725 1339; x_wconf 88' lang='lat' dir='ltr'><strong>est,</strong></span> <span class='ocrx_word' id='word_1_74' title='bbox 759 1273 880 1343; x_wconf 85' lang='lat' dir='ltr'><strong>quia</strong></span> <span class='ocrx_word' id='word_1_75' title='bbox 910 1287 1065 1330; x_wconf 83' lang='lat' dir='ltr'><strong>verus</strong></span> <span class='ocrx_word' id='word_1_76' title='bbox 1094 1271 1259 1340; x_wconf 80' lang='lat' dir='ltr'><strong>Filius</strong></span> <span class='ocrx_word' id='word_1_77' title='bbox 1282 1278 1393 1336; x_wconf 76' lang='lat' dir='ltr'><strong>est;</strong></span> <span class='ocrx_word' id='word_1_78' title='bbox 1423 1279 1477 1326; x_wconf 90' lang='lat' dir='ltr'><strong>ct</strong></span> <span class='ocrx_word' id='word_1_79' title='bbox 1501 1285 1598 1340; x_wconf 81' lang='lat' dir='ltr'><strong>per</strong></span> <span class='ocrx_word' id='word_1_80' title='bbox 1618 1269 1800 1326; x_wconf 85' lang='lat' dir='ltr'><strong>omnia</strong></span> <span class='ocrx_word' id='word_1_81' title='bbox 1823 1276 1909 1324; x_wconf 87' lang='lat' dir='ltr'><strong>est</strong></span> <span class='ocrx_word' id='word_1_82' title='bbox 1951 1268 2095 1324; x_wconf 84' lang='lat' dir='ltr'><strong>Patri</strong></span> 
     </span>
    </p>
   </div>
   <div class='ocr_carea' id='block_1_11' title="bbox 509 1360 2094 1435">
    <p class='ocr_par' dir='ltr' id='par_1_11' title="bbox 509 1360 2094 1435">
     <span class='ocr_line' id='line_1_11' title="bbox 509 1360 2094 1435; baseline -0.003 -17"><span class='ocrx_word' id='word_1_83' title='bbox 509 1365 719 1430; x_wconf 84' lang='lat' dir='ltr'><strong>similis,</strong></span> <span class='ocrx_word' id='word_1_84' title='bbox 752 1364 874 1435; x_wconf 85' lang='lat' dir='ltr'><strong>quia</strong></span> <span class='ocrx_word' id='word_1_85' title='bbox 899 1364 991 1420; x_wconf 88' lang='lat' dir='ltr'><strong>Dei</strong></span> <span class='ocrx_word' id='word_1_86' title='bbox 1016 1361 1183 1428; x_wconf 83' lang='lat' dir='ltr'><strong>Filius</strong></span> <span class='ocrx_word' id='word_1_87' title='bbox 1203 1370 1309 1433; x_wconf 72' lang='lat' dir='ltr'><strong>est.</strong></span> <span class='ocrx_word' id='word_1_88' title='bbox 1339 1362 1520 1433; x_wconf 74' lang='lat' dir='ltr'><strong>Neque</strong></span> <span class='ocrx_word' id='word_1_89' title='bbox 1549 1361 1692 1418; x_wconf 87' lang='lat' dir='ltr'><strong>enim</strong></span> <span class='ocrx_word' id='word_1_90' title='bbox 1716 1361 1855 1416; x_wconf 84' lang='lat' dir='ltr'><strong>sicut</strong></span> <span class='ocrx_word' id='word_1_91' title='bbox 1881 1360 2094 1416; x_wconf 83' lang='lat' dir='ltr'><strong>contin-</strong></span> 
     </span>
    </p>
   </div>
   <div class='ocr_carea' id='block_1_12' title="bbox 505 1452 2091 1559">
    <p class='ocr_par' dir='ltr' id='par_1_12' title="bbox 505 1452 2091 1559">
     <span class='ocr_line' id='line_1_12' title="bbox 505 1452 2091 1559; baseline -0.003 -51"><span class='ocrx_word' id='word_1_92' title='bbox 505 1457 585 1559; x_wconf 72' lang='lat' dir='ltr'><strong>git</strong></span> <span class='ocrx_word' id='word_1_93' title='bbox 614 1458 662 1525; x_wconf 84' lang='lat' dir='ltr'><strong>in</strong></span> <span class='ocrx_word' id='word_1_94' title='bbox 689 1457 810 1520; x_wconf 72' lang='lat' dir='ltr'><strong>{iiiis</strong></span> <span class='ocrx_word' id='word_1_95' title='bbox 841 1455 1110 1524; x_wconf 83' lang='lat' dir='ltr'><strong>hominum</strong></span> <span class='ocrx_word' id='word_1_96' title='bbox 1162 1455 1246 1510; x_wconf 86' lang='lat' dir='ltr'><strong>vel</strong></span> <span class='ocrx_word' id='word_1_97' title='bbox 1281 1468 1738 1525; x_wconf 82' lang='lat' dir='ltr'><strong>quorumcumque</strong></span> <span class='ocrx_word' id='word_1_98' title='bbox 1761 1452 2091 1520; x_wconf 71' lang='lat' dir='ltr'><strong>animalium,</strong></span> 
     </span>
    </p>
   </div>
   <div class='ocr_carea' id='block_1_13' title="bbox 505 1543 2097 1624">
    <p class='ocr_par' dir='ltr' id='par_1_13' title="bbox 505 1543 2097 1624">
     <span class='ocr_line' id='line_1_13' title="bbox 505 1543 2097 1624; baseline -0.003 -22"><span class='ocrx_word' id='word_1_99' title='bbox 505 1543 582 1618; x_wconf 80' lang='lat' dir='ltr'><strong>ita</strong></span> <span class='ocrx_word' id='word_1_100' title='bbox 618 1548 697 1610; x_wconf 78' lang='lat' dir='ltr'><strong>fas</strong></span> <span class='ocrx_word' id='word_1_101' title='bbox 720 1557 800 1604; x_wconf 83' lang='lat' dir='ltr'><strong>est</strong></span> <span class='ocrx_word' id='word_1_102' title='bbox 827 1547 1026 1624; x_wconf 75' lang='lat' dir='ltr'><strong>dicere,</strong></span> <span class='ocrx_word' id='word_1_103' title='bbox 1057 1562 1238 1612; x_wconf 75' lang='lat' dir='ltr'><strong>verum</strong></span> <span class='ocrx_word' id='word_1_104' title='bbox 1271 1545 1363 1602; x_wconf 90' lang='lat' dir='ltr'><strong>Dei</strong></span> <span class='ocrx_word' id='word_1_105' title='bbox 1394 1544 1587 1612; x_wconf 82' lang='lat' dir='ltr'><strong>Filium</strong></span> <span class='ocrx_word' id='word_1_106' title='bbox 1627 1545 1939 1604; x_wconf 79' lang='lat' dir='ltr'><strong>substantiae</strong></span> <span class='ocrx_word' id='word_1_107' title='bbox 1979 1543 2097 1614; x_wconf 85' lang='lat' dir='ltr'><strong>qui—</strong></span> 
     </span>
    </p>
   </div>
   <div class='ocr_carea' id='block_1_14' title="bbox 512 1636 2095 1718">
    <p class='ocr_par' dir='ltr' id='par_1_14' title="bbox 512 1636 2095 1718">
     <span class='ocr_line' id='line_1_14' title="bbox 512 1636 2095 1718; baseline -0.003 -24"><span class='ocrx_word' id='word_1_108' title='bbox 512 1641 631 1718; x_wconf 78' lang='lat' dir='ltr'><strong>dem</strong></span> <span class='ocrx_word' id='word_1_109' title='bbox 697 1641 849 1709; x_wconf 65' lang='lat' dir='ltr'><strong>unius</strong></span> <span class='ocrx_word' id='word_1_110' title='bbox 901 1655 1019 1705; x_wconf 79' lang='lat' dir='ltr'><strong>esse</strong></span> <span class='ocrx_word' id='word_1_111' title='bbox 1049 1653 1176 1710; x_wconf 66' lang='lat' dir='ltr'><strong>cum</strong></span> <span class='ocrx_word' id='word_1_112' title='bbox 1231 1639 1426 1706; x_wconf 80' lang='lat' dir='ltr'><strong>Patre,</strong></span> <span class='ocrx_word' id='word_1_113' title='bbox 1479 1637 1575 1695; x_wconf 90' lang='lat' dir='ltr'><strong>sed</strong></span> <span class='ocrx_word' id='word_1_114' title='bbox 1617 1653 1722 1692; x_wconf 87' lang='lat' dir='ltr'><strong>non</strong></span> <span class='ocrx_word' id='word_1_115' title='bbox 1769 1652 1866 1707; x_wconf 79' lang='lat' dir='ltr'><strong>per</strong></span> <span class='ocrx_word' id='word_1_116' title='bbox 1918 1636 2095 1691; x_wconf 87' lang='lat' dir='ltr'><strong>omnia</strong></span> 
     </span>
    </p>
   </div>
   <div class='ocr_carea' id='block_1_15' title="bbox 510 1731 2094 1806">
    <p class='ocr_par' dir='ltr' id='par_1_15' title="bbox 510 1731 2094 1806">
     <span class='ocr_line' id='line_1_15' title="bbox 510 1731 2094 1806; baseline -0.014 0"><span class='ocrx_word' id='word_1_117' title='bbox 510 1738 736 1806; x_wconf 65' lang='lat'><strong>51111118&quot;)</strong></span> <span class='ocrx_word' id='word_1_118' title='bbox 769 1736 932 1804; x_wconf 65' lang='lat' dir='ltr'><strong>Patl‘i-</strong></span> <span class='ocrx_word' id='word_1_119' title='bbox 973 1734 1250 1804; x_wconf 68' lang='lat' dir='ltr'><strong>.Niceenum</strong></span> <span class='ocrx_word' id='word_1_120' title='bbox 1271 1733 1434 1803; x_wconf 79' lang='lat' dir='ltr'><strong>igitur</strong></span> <span class='ocrx_word' id='word_1_121' title='bbox 1459 1740 1633 1797; x_wconf 60' lang='lat' dir='ltr'><strong>tenete</strong></span> <span class='ocrx_word' id='word_1_122' title='bbox 1657 1731 1936 1792; x_wconf 73' lang='lat' dir='ltr'><strong>nchiscum</strong></span> <span class='ocrx_word' id='word_1_123' title='bbox 1961 1746 2094 1786; x_wconf 90' lang='lat' dir='ltr'><strong>con-</strong></span> 
     </span>
    </p>
   </div>
   <div class='ocr_carea' id='block_1_16' title="bbox 505 1822 2093 1902">
    <p class='ocr_par' dir='ltr' id='par_1_16' title="bbox 505 1822 2093 1902">
     <span class='ocr_line' id='line_1_16' title="bbox 505 1822 2093 1902; baseline -0.004 -18"><span class='ocrx_word' id='word_1_124' title='bbox 505 1833 688 1902; x_wconf 44' lang='lat' dir='ltr'><strong>,eiijtun</strong></span> <span class='ocrx_word' id='word_1_125' title='bbox 711 1873 727 1897; x_wconf 85' lang='lat'><strong>,</strong></span> <span class='ocrx_word' id='word_1_126' title='bbox 759 1831 802 1896; x_wconf 79' lang='lat' dir='ltr'><strong>si</strong></span> <span class='ocrx_word' id='word_1_127' title='bbox 843 1827 1285 1898; x_wconf 69' lang='lat' dir='ltr'><strong>vultisCiii&#39;istum</strong></span> <span class='ocrx_word' id='word_1_128' title='bbox 1308 1826 1490 1888; x_wconf 70' lang='lat' dir='ltr'><strong>dicere</strong></span> <span class='ocrx_word' id='word_1_129' title='bbox 1524 1839 1709 1884; x_wconf 64' lang='lat' dir='ltr'><strong>verum</strong></span> <span class='ocrx_word' id='word_1_130' title='bbox 1739 1823 1834 1878; x_wconf 77' lang='lat' dir='ltr'><strong>Dei</strong></span> <span class='ocrx_word' id='word_1_131' title='bbox 1865 1822 2058 1878; x_wconf 70' lang='lat' dir='ltr'><strong>Filium</strong></span> <span class='ocrx_word' id='word_1_132' title='bbox 2078 1863 2093 1877; x_wconf 96' lang='lat'><strong>.</strong></span> 
     </span>
    </p>
   </div>
   <div class='ocr_carea' id='block_1_17' title="bbox 581 1913 2098 1990">
    <p class='ocr_par' dir='ltr' id='par_1_17' title="bbox 581 1913 2098 1990">
     <span class='ocr_line' id='line_1_17' title="bbox 581 1913 2098 1990; baseline -0.007 -13"><span class='ocrx_word' id='word_1_133' title='bbox 581 1925 636 1990; x_wconf 63' lang='grc' dir='ltr'><strong>ὅ.</strong></span> <span class='ocrx_word' id='word_1_134' title='bbox 683 1922 941 1988; x_wconf 74' lang='lat' dir='ltr'><strong>Diversus,</strong></span> <span class='ocrx_word' id='word_1_135' title='bbox 981 1919 1179 1990; x_wconf 71' lang='lat' dir='ltr'><strong>inquis,</strong></span> <span class='ocrx_word' id='word_1_136' title='bbox 1219 1933 1519 1984; x_wconf 61' lang='lat' dir='ltr'><strong>accusatum</strong></span> <span class='ocrx_word' id='word_1_137' title='bbox 1559 1916 1726 1970; x_wconf 80' lang='lat' dir='ltr'><strong>dicere</strong></span> <span class='ocrx_word' id='word_1_138' title='bbox 1769 1923 2000 1970; x_wconf 72' lang='lat' dir='ltr'><strong>matres.</strong></span> <span class='ocrx_word' id='word_1_139' title='bbox 2029 1913 2098 1967; x_wconf 87' lang='lat' dir='ltr'><strong>Et</strong></span> 
     </span>
    </p>
   </div>
   <div class='ocr_carea' id='block_1_18' title="bbox 502 2004 2096 2094">
    <p class='ocr_par' dir='ltr' id='par_1_18' title="bbox 502 2004 2096 2094">
     <span class='ocr_line' id='line_1_18' title="bbox 502 2004 2096 2094; baseline -0.008 -24"><span class='ocrx_word' id='word_1_140' title='bbox 502 2015 635 2094; x_wconf 42' lang='lat' dir='ltr'><strong>,quid</strong></span> <span class='ocrx_word' id='word_1_141' title='bbox 655 2012 794 2070; x_wconf 80' lang='lat' dir='ltr'><strong>aliud</strong></span> <span class='ocrx_word' id='word_1_142' title='bbox 819 2012 952 2080; x_wconf 81' lang='lat' dir='ltr'><strong>dicis</strong></span> <span class='ocrx_word' id='word_1_143' title='bbox 972 2011 1041 2078; x_wconf 81' lang='lat' dir='ltr'><strong>de</strong></span> <span class='ocrx_word' id='word_1_144' title='bbox 1069 2011 1177 2068; x_wconf 89' lang='lat' dir='ltr'><strong>Deo</strong></span> <span class='ocrx_word' id='word_1_145' title='bbox 1202 2009 1360 2075; x_wconf 79' lang='lat' dir='ltr'><strong>Patre</strong></span> <span class='ocrx_word' id='word_1_146' title='bbox 1385 2016 1440 2064; x_wconf 89' lang='lat' dir='ltr'><strong>et</strong></span> <span class='ocrx_word' id='word_1_147' title='bbox 1465 2007 1579 2073; x_wconf 72' lang='lat' dir='ltr'><strong>Deo</strong></span> <span class='ocrx_word' id='word_1_148' title='bbox 1603 2005 1782 2066; x_wconf 80' lang='lat' dir='ltr'><strong>Filio?</strong></span> <span class='ocrx_word' id='word_1_149' title='bbox 1806 2004 1934 2075; x_wconf 89' lang='lat' dir='ltr'><strong>quid</strong></span> <span class='ocrx_word' id='word_1_150' title='bbox 1952 2004 2096 2060; x_wconf 85' lang='lat' dir='ltr'><strong>aliud</strong></span> 
     </span>
    </p>
   </div>
   <div class='ocr_carea' id='block_1_19' title="bbox 511 2097 2091 2180">
    <p class='ocr_par' dir='ltr' id='par_1_19' title="bbox 511 2097 2091 2180">
     <span class='ocr_line' id='line_1_19' title="bbox 511 2097 2091 2180; baseline -0.008 -16"><span class='ocrx_word' id='word_1_151' title='bbox 511 2109 682 2180; x_wconf 65' lang='lat' dir='ltr'><strong>dicis?</strong></span> <span class='ocrx_word' id='word_1_152' title='bbox 731 2109 813 2162; x_wconf 81' lang='lat' dir='ltr'><strong>An</strong></span> <span class='ocrx_word' id='word_1_153' title='bbox 860 2105 979 2164; x_wconf 86' lang='lat' dir='ltr'><strong>ideo</strong></span> <span class='ocrx_word' id='word_1_154' title='bbox 1023 2113 1174 2174; x_wconf 86' lang='lat' dir='ltr'><strong>putas</strong></span> <span class='ocrx_word' id='word_1_155' title='bbox 1215 2102 1282 2162; x_wconf 87' lang='lat' dir='ltr'><strong>ab</strong></span> <span class='ocrx_word' id='word_1_156' title='bbox 1327 2103 1426 2160; x_wconf 86' lang='lat' dir='ltr'><strong>ista</strong></span> <span class='ocrx_word' id='word_1_157' title='bbox 1461 2100 1802 2162; x_wconf 85' lang='lat' dir='ltr'><strong>accusatione</strong></span> <span class='ocrx_word' id='word_1_158' title='bbox 1840 2097 2091 2168; x_wconf 79' lang='lat' dir='ltr'><strong>purgari,</strong></span> 
     </span>
    </p>
   </div>
   <div class='ocr_carea' id='block_1_20' title="bbox 505 2191 2096 2282">
    <p class='ocr_par' dir='ltr' id='par_1_20' title="bbox 505 2191 2096 2282">
     <span class='ocr_line' id='line_1_20' title="bbox 505 2191 2096 2282; baseline -0.009 -24"><span class='ocrx_word' id='word_1_159' title='bbox 505 2202 634 2282; x_wconf 67' lang='lat' dir='ltr'><strong>quia</strong></span> <span class='ocrx_word' id='word_1_160' title='bbox 664 2200 918 2258; x_wconf 88' lang='lat' dir='ltr'><strong>continuo</strong></span> <span class='ocrx_word' id='word_1_161' title='bbox 939 2197 1218 2268; x_wconf 75' lang='lat' dir='ltr'><strong>subjung-is</strong></span> <span class='ocrx_word' id='word_1_162' title='bbox 1256 2195 1441 2258; x_wconf 81' lang='lat' dir='ltr'><strong>dicens</strong></span> <span class='ocrx_word' id='word_1_163' title='bbox 1471 2211 1487 2250; x_wconf 87' lang='lat'><strong>:</strong></span> <span class='ocrx_word' id='word_1_164' title='bbox 1518 2192 1633 2252; x_wconf 81' lang='lat' dir='ltr'><strong>Hoc</strong></span> <span class='ocrx_word' id='word_1_165' title='bbox 1676 2193 1800 2250; x_wconf 80' lang='lat' dir='ltr'><strong>scito</strong></span> <span class='ocrx_word' id='word_1_166' title='bbox 1840 2191 1974 2261; x_wconf 85' lang='lat' dir='ltr'><strong>quod</strong></span> <span class='ocrx_word' id='word_1_167' title='bbox 2003 2205 2096 2282; x_wconf 77' lang='lat' dir='ltr'><strong>nos</strong></span> 
     </span>
    </p>
   </div>
   <div class='ocr_carea' id='block_1_21' title="bbox 511 2281 2097 2362">
    <p class='ocr_par' dir='ltr' id='par_1_21' title="bbox 511 2281 2097 2362">
     <span class='ocr_line' id='line_1_21' title="bbox 511 2281 2097 2362; baseline -0.011 -11"><span class='ocrx_word' id='word_1_168' title='bbox 511 2295 746 2361; x_wconf 75' lang='lat' dir='ltr'><strong>dicimus,</strong></span> <span class='ocrx_word' id='word_1_169' title='bbox 778 2292 911 2362; x_wconf 82' lang='lat' dir='ltr'><strong>quod</strong></span> <span class='ocrx_word' id='word_1_170' title='bbox 937 2289 1095 2360; x_wconf 80' lang='lat' dir='ltr'><strong>Pater</strong></span> <span class='ocrx_word' id='word_1_171' title='bbox 1117 2287 1326 2359; x_wconf 79' lang='lat' dir='ltr'><strong>spiritus</strong></span> <span class='ocrx_word' id='word_1_172' title='bbox 1339 2286 1574 2358; x_wconf 79' lang='lat' dir='ltr'><strong>spiritum</strong></span> <span class='ocrx_word' id='word_1_173' title='bbox 1601 2283 1771 2355; x_wconf 78' lang='lat' dir='ltr'><strong>genuit</strong></span> <span class='ocrx_word' id='word_1_174' title='bbox 1787 2292 1907 2337; x_wconf 84' lang='lat' dir='ltr'><strong>ante</strong></span> <span class='ocrx_word' id='word_1_175' title='bbox 1927 2281 2097 2336; x_wconf 73' lang='lat' dir='ltr'><strong>omnia</strong></span> 
     </span>
    </p>
   </div>
   <div class='ocr_carea' id='block_1_22' title="bbox 502 2373 2097 2454">
    <p class='ocr_par' dir='ltr' id='par_1_22' title="bbox 502 2373 2097 2454">
     <span class='ocr_line' id='line_1_22' title="bbox 502 2373 2097 2454; baseline -0.011 -10"><span class='ocrx_word' id='word_1_176' title='bbox 502 2388 714 2454; x_wconf 55' lang='lat' dir='ltr'><strong>twcula,</strong></span> <span class='ocrx_word' id='word_1_177' title='bbox 763 2383 902 2437; x_wconf 90' lang='lat' dir='ltr'><strong>Deus</strong></span> <span class='ocrx_word' id='word_1_178' title='bbox 954 2381 1115 2446; x_wconf 66' lang='lat' dir='ltr'><strong>Deum</strong></span> <span class='ocrx_word' id='word_1_179' title='bbox 1157 2379 1364 2450; x_wconf 80' lang='lat' dir='ltr'><strong>genuit?</strong></span> <span class='ocrx_word' id='word_1_180' title='bbox 1398 2377 1512 2441; x_wconf 70' lang='lat' dir='ltr'><strong>Hoc</strong></span> <span class='ocrx_word' id='word_1_181' title='bbox 1554 2374 1772 2446; x_wconf 75' lang='lat' dir='ltr'><strong>quidem</strong></span> <span class='ocrx_word' id='word_1_182' title='bbox 1820 2373 2012 2440; x_wconf 81' lang='lat' dir='ltr'><strong>dicitis,</strong></span> <span class='ocrx_word' id='word_1_183' title='bbox 2043 2380 2097 2427; x_wconf 88' lang='lat' dir='ltr'><strong>et</strong></span> 
     </span>
    </p>
   </div>
   <div class='ocr_carea' id='block_1_23' title="bbox 509 2465 2094 2548">
    <p class='ocr_par' dir='ltr' id='par_1_23' title="bbox 509 2465 2094 2548">
     <span class='ocr_line' id='line_1_23' title="bbox 509 2465 2094 2548; baseline -0.01 -12"><span class='ocrx_word' id='word_1_184' title='bbox 509 2494 695 2548; x_wconf 82' lang='lat' dir='ltr'><strong>verum</strong></span> <span class='ocrx_word' id='word_1_185' title='bbox 721 2476 896 2532; x_wconf 88' lang='lat' dir='ltr'><strong>dicitis</strong></span> <span class='ocrx_word' id='word_1_186' title='bbox 930 2473 1056 2528; x_wconf 87' lang='lat' dir='ltr'><strong>:sed</strong></span> <span class='ocrx_word' id='word_1_187' title='bbox 1083 2472 1184 2528; x_wconf 89' lang='lat' dir='ltr'><strong>hoc</strong></span> <span class='ocrx_word' id='word_1_188' title='bbox 1215 2468 1448 2538; x_wconf 73' lang='lat' dir='ltr'><strong>tacuisti,</strong></span> <span class='ocrx_word' id='word_1_189' title='bbox 1479 2465 1620 2538; x_wconf 79' lang='lat' dir='ltr'><strong>quod</strong></span> <span class='ocrx_word' id='word_1_190' title='bbox 1641 2465 1836 2530; x_wconf 70' lang='lat' dir='ltr'><strong>iaisum</strong></span> <span class='ocrx_word' id='word_1_191' title='bbox 1857 2473 1912 2520; x_wconf 90' lang='lat' dir='ltr'><strong>et</strong></span> <span class='ocrx_word' id='word_1_192' title='bbox 1933 2477 2094 2522; x_wconf 75' lang='lat' dir='ltr'><strong>exse-</strong></span> 
     </span>
    </p>
   </div>
   <div class='ocr_carea' id='block_1_24' title="bbox 507 2557 2095 2640">
    <p class='ocr_par' dir='ltr' id='par_1_24' title="bbox 507 2557 2095 2640">
     <span class='ocr_line' id='line_1_24' title="bbox 507 2557 2095 2640; baseline -0.011 -11"><span class='ocrx_word' id='word_1_193' title='bbox 507 2571 710 2640; x_wconf 76' lang='lat' dir='ltr'><strong>crabile</strong></span> <span class='ocrx_word' id='word_1_194' title='bbox 744 2568 940 2625; x_wconf 85' lang='lat' dir='ltr'><strong>dicitis.</strong></span> <span class='ocrx_word' id='word_1_195' title='bbox 966 2565 1191 2636; x_wconf 80' lang='lat' dir='ltr'><strong>Spiritus</strong></span> <span class='ocrx_word' id='word_1_196' title='bbox 1228 2563 1373 2624; x_wconf 78' lang='lat' dir='ltr'><strong>enim</strong></span> <span class='ocrx_word' id='word_1_197' title='bbox 1399 2559 1634 2631; x_wconf 64' lang='lat' dir='ltr'><strong>spiritum</strong></span> <span class='ocrx_word' id='word_1_198' title='bbox 1677 2557 1870 2632; x_wconf 83' lang='lat' dir='ltr'><strong>genuit,</strong></span> <span class='ocrx_word' id='word_1_199' title='bbox 1909 2569 2095 2612; x_wconf 81' lang='lat' dir='ltr'><strong>verum</strong></span> 
     </span>
    </p>
   </div>
   <div class='ocr_carea' id='block_1_25' title="bbox 507 2650 2091 2736">
    <p class='ocr_par' dir='ltr' id='par_1_25' title="bbox 507 2650 2091 2736">
     <span class='ocr_line' id='line_1_25' title="bbox 507 2650 2091 2736; baseline -0.011 -15"><span class='ocrx_word' id='word_1_200' title='bbox 507 2665 684 2736; x_wconf 77' lang='lat' dir='ltr'><strong>dicitis</strong></span> <span class='ocrx_word' id='word_1_201' title='bbox 745 2680 757 2717; x_wconf 93' lang='lat'><strong>:</strong></span> <span class='ocrx_word' id='word_1_202' title='bbox 809 2661 904 2724; x_wconf 86' lang='lat' dir='ltr'><strong>sed</strong></span> <span class='ocrx_word' id='word_1_203' title='bbox 953 2661 1054 2722; x_wconf 84' lang='lat' dir='ltr'><strong>hoc</strong></span> <span class='ocrx_word' id='word_1_204' title='bbox 1092 2671 1280 2719; x_wconf 79' lang='lat' dir='ltr'><strong>verum</strong></span> <span class='ocrx_word' id='word_1_205' title='bbox 1324 2671 1386 2711; x_wconf 86' lang='lat' dir='ltr'><strong>ea</strong></span> <span class='ocrx_word' id='word_1_206' title='bbox 1421 2653 1720 2718; x_wconf 78' lang='lat' dir='ltr'><strong>intentione</strong></span> <span class='ocrx_word' id='word_1_207' title='bbox 1763 2665 1860 2710; x_wconf 86' lang='lat' dir='ltr'><strong>vos</strong></span> <span class='ocrx_word' id='word_1_208' title='bbox 1895 2650 2091 2718; x_wconf 85' lang='lat' dir='ltr'><strong>dicitis,</strong></span> 
     </span>
    </p>
   </div>
   <div class='ocr_carea' id='block_1_26' title="bbox 507 2741 2093 2831">
    <p class='ocr_par' dir='ltr' id='par_1_26' title="bbox 507 2741 2093 2831">
     <span class='ocr_line' id='line_1_26' title="bbox 507 2741 2093 2831; baseline -0.012 -17"><span class='ocrx_word' id='word_1_209' title='bbox 507 2759 632 2831; x_wconf 72' lang='lat' dir='ltr'><strong>quia</strong></span> <span class='ocrx_word' id='word_1_210' title='bbox 660 2757 821 2818; x_wconf 83' lang='lat' dir='ltr'><strong>etiam</strong></span> <span class='ocrx_word' id='word_1_211' title='bbox 857 2754 1084 2822; x_wconf 68' lang='lat' dir='ltr'><strong>diversa:</strong></span> <span class='ocrx_word' id='word_1_212' title='bbox 1115 2759 1324 2810; x_wconf 80' lang='lat' dir='ltr'><strong>naturae</strong></span> <span class='ocrx_word' id='word_1_213' title='bbox 1361 2746 1556 2810; x_wconf 76' lang='lat' dir='ltr'><strong>dicitur</strong></span> <span class='ocrx_word' id='word_1_214' title='bbox 1577 2745 1819 2817; x_wconf 75' lang='lat' dir='ltr'><strong>spiritus.</strong></span> <span class='ocrx_word' id='word_1_215' title='bbox 1847 2741 1987 2799; x_wconf 72' lang='lat' dir='ltr'><strong>Nam</strong></span> <span class='ocrx_word' id='word_1_216' title='bbox 2010 2741 2093 2812; x_wconf 61' lang='lat' dir='ltr'><strong>(ti-</strong></span> 
     </span>
    </p>
   </div>
   <div class='ocr_carea' id='block_1_27' title="bbox 509 2833 2092 2914">
    <p class='ocr_par' dir='ltr' id='par_1_27' title="bbox 509 2833 2092 2914">
     <span class='ocr_line' id='line_1_27' title="bbox 509 2833 2092 2914; baseline -0.011 -9"><span class='ocrx_word' id='word_1_217' title='bbox 509 2864 680 2914; x_wconf 76' lang='lat' dir='ltr'><strong>.versa:</strong></span> <span class='ocrx_word' id='word_1_218' title='bbox 709 2853 912 2914; x_wconf 71' lang='lat' dir='ltr'><strong>natium</strong></span> <span class='ocrx_word' id='word_1_219' title='bbox 949 2841 1324 2913; x_wconf 62' lang='lat' dir='ltr'><strong>suntsint-itus</strong></span> <span class='ocrx_word' id='word_1_220' title='bbox 1362 2838 1476 2904; x_wconf 87' lang='lat' dir='ltr'><strong>Dei,</strong></span> <span class='ocrx_word' id='word_1_221' title='bbox 1517 2837 1632 2893; x_wconf 90' lang='lat' dir='ltr'><strong>sive</strong></span> <span class='ocrx_word' id='word_1_222' title='bbox 1672 2834 1901 2906; x_wconf 87' lang='lat' dir='ltr'><strong>Spiritus</strong></span> <span class='ocrx_word' id='word_1_223' title='bbox 1931 2833 2092 2897; x_wconf 82' lang='lat' dir='ltr'><strong>Deus,</strong></span> 
     </span>
    </p>
   </div>
   <div class='ocr_carea' id='block_1_28' title="bbox 501 2924 2092 3011">
    <p class='ocr_par' dir='ltr' id='par_1_28' title="bbox 501 2924 2092 3011">
     <span class='ocr_line' id='line_1_28' title="bbox 501 2924 2092 3011; baseline -0.013 -15"><span class='ocrx_word' id='word_1_224' title='bbox 501 2951 565 3010; x_wconf 78' lang='lat' dir='ltr'><strong>,et</strong></span> <span class='ocrx_word' id='word_1_225' title='bbox 589 2937 808 3011; x_wconf 79' lang='lat' dir='ltr'><strong>spiritus</strong></span> <span class='ocrx_word' id='word_1_226' title='bbox 831 2935 1092 3004; x_wconf 74' lang='lat' dir='ltr'><strong>hominis;</strong></span> <span class='ocrx_word' id='word_1_227' title='bbox 1121 2941 1178 2990; x_wconf 86' lang='lat' dir='ltr'><strong>et</strong></span> <span class='ocrx_word' id='word_1_228' title='bbox 1199 2941 1376 3001; x_wconf 77' lang='lat' dir='ltr'><strong>tamen</strong></span> <span class='ocrx_word' id='word_1_229' title='bbox 1395 2939 1623 2999; x_wconf 75' lang='lat' dir='ltr'><strong>uterque</strong></span> <span class='ocrx_word' id='word_1_230' title='bbox 1643 2927 1836 2983; x_wconf 85' lang='lat' dir='ltr'><strong>dicitur</strong></span> <span class='ocrx_word' id='word_1_231' title='bbox 1855 2924 2092 2995; x_wconf 75' lang='lat' dir='ltr'><strong>spiritus.</strong></span> 
     </span>
    </p>
   </div>
   <div class='ocr_carea' id='block_1_29' title="bbox 503 3018 2085 3106">
    <p class='ocr_par' dir='ltr' id='par_1_29' title="bbox 503 3018 2085 3106">
     <span class='ocr_line' id='line_1_29' title="bbox 503 3018 2085 3106; baseline -0.016 -16"><span class='ocrx_word' id='word_1_232' title='bbox 503 3033 641 3106; x_wconf 57' lang='lat' dir='ltr'><strong>item</strong></span> <span class='ocrx_word' id='word_1_233' title='bbox 662 3032 887 3100; x_wconf 58' lang='lat' dir='ltr'><strong>diversae</strong></span> <span class='ocrx_word' id='word_1_234' title='bbox 913 3035 1114 3090; x_wconf 61' lang='lat' dir='ltr'><strong>nstin-ae</strong></span> <span class='ocrx_word' id='word_1_235' title='bbox 1141 3034 1265 3090; x_wconf 71' lang='lat' dir='ltr'><strong>sunt</strong></span> <span class='ocrx_word' id='word_1_236' title='bbox 1291 3023 1510 3094; x_wconf 78' lang='lat' dir='ltr'><strong>spiritus</strong></span> <span class='ocrx_word' id='word_1_237' title='bbox 1531 3019 1766 3082; x_wconf 80' lang='lat' dir='ltr'><strong>hominis</strong></span> <span class='ocrx_word' id='word_1_238' title='bbox 1787 3026 1844 3075; x_wconf 87' lang='lat' dir='ltr'><strong>et</strong></span> <span class='ocrx_word' id='word_1_239' title='bbox 1865 3018 2085 3088; x_wconf 67' lang='lat' dir='ltr'><strong>spiritus</strong></span> 
     </span>
    </p>
   </div>
   <div class='ocr_carea' id='block_1_30' title="bbox 505 3109 2092 3202">
    <p class='ocr_par' dir='ltr' id='par_1_30' title="bbox 505 3109 2092 3202">
     <span class='ocr_line' id='line_1_30' title="bbox 505 3109 2092 3202; baseline -0.011 -22"><span class='ocrx_word' id='word_1_240' title='bbox 505 3125 717 3202; x_wconf 73' lang='lat' dir='ltr'><strong>pecoris</strong></span> <span class='ocrx_word' id='word_1_241' title='bbox 737 3141 751 3189; x_wconf 91' lang='lat'><strong>;</strong></span> <span class='ocrx_word' id='word_1_242' title='bbox 769 3131 824 3180; x_wconf 89' lang='lat' dir='ltr'><strong>et</strong></span> <span class='ocrx_word' id='word_1_243' title='bbox 833 3131 1015 3190; x_wconf 80' lang='lat' dir='ltr'><strong>tamen</strong></span> <span class='ocrx_word' id='word_1_244' title='bbox 1029 3117 1376 3186; x_wconf 69' lang='lat' dir='ltr'><strong>nihilominus</strong></span> <span class='ocrx_word' id='word_1_245' title='bbox 1387 3125 1618 3184; x_wconf 73' lang='lat' dir='ltr'><strong>uterque</strong></span> <span class='ocrx_word' id='word_1_246' title='bbox 1635 3112 1856 3182; x_wconf 69' lang='lat' dir='ltr'><strong>Spiritus</strong></span> <span class='ocrx_word' id='word_1_247' title='bbox 1873 3109 2092 3166; x_wconf 76' lang='lat' dir='ltr'><strong>dicitur.</strong></span> 
     </span>
    </p>
   </div>
   <div class='ocr_carea' id='block_1_31' title="bbox 500 3201 2096 3285">
    <p class='ocr_par' dir='ltr' id='par_1_31' title="bbox 500 3201 2096 3285">
     <span class='ocr_line' id='line_1_31' title="bbox 500 3201 2096 3285; baseline -0.019 0"><span class='ocrx_word' id='word_1_248' title='bbox 665 3218 878 3285; x_wconf 57' lang='lat' dir='ltr'><strong>dieitur,</strong></span> <span class='ocrx_word' id='word_1_249' title='bbox 905 3215 1048 3280; x_wconf 70' lang='lat' dir='ltr'><strong>Deus</strong></span> <span class='ocrx_word' id='word_1_250' title='bbox 1075 3212 1236 3275; x_wconf 61' lang='lat' dir='ltr'><strong>Deut,</strong></span> <span class='ocrx_word' id='word_1_251' title='bbox 1263 3219 1319 3266; x_wconf 88' lang='lat' dir='ltr'><strong>et</strong></span> <span class='ocrx_word' id='word_1_252' title='bbox 1346 3207 1540 3274; x_wconf 74' lang='lat' dir='ltr'><strong>dicitur</strong></span> <span class='ocrx_word' id='word_1_253' title='bbox 1557 3207 1692 3263; x_wconf 79' lang='lat' dir='ltr'><strong>deus</strong></span> <span class='ocrx_word' id='word_1_254' title='bbox 1716 3203 1882 3260; x_wconf 80' lang='lat' dir='ltr'><strong>homo</strong></span> <span class='ocrx_word' id='word_1_255' title='bbox 1915 3220 1928 3256; x_wconf 94' lang='lat'>:</span> <span class='ocrx_word' id='word_1_256' title='bbox 1955 3201 2096 3270; x_wconf 72' lang='lat' dir='ltr'><strong>sicut</strong></span> 
     </span>
    </p>
   </div>
   <div class='ocr_carea' id='block_1_32' title="bbox 505 3285 2094 3384">
    <p class='ocr_par' dir='ltr' id='par_1_32' title="bbox 505 3285 2094 3384">
     <span class='ocr_line' id='line_1_32' title="bbox 505 3285 2094 3384; baseline -0.013 -18"><span class='ocrx_word' id='word_1_257' title='bbox 731 3315 832 3374; x_wconf 81' lang='lat' dir='ltr'><strong>est,</strong></span> <span class='ocrx_word' id='word_1_258' title='bbox 864 3305 954 3368; x_wconf 76' lang='lat' dir='ltr'><strong>Dii</strong></span> <span class='ocrx_word' id='word_1_259' title='bbox 977 3305 1094 3366; x_wconf 76' lang='lat' dir='ltr'><strong>estis</strong></span> <span class='ocrx_word' id='word_1_260' title='bbox 1127 3303 1146 3372; x_wconf 94' lang='lat'><strong>(</strong></span> <span class='ocrx_word' id='word_1_261' title='bbox 1172 3299 1316 3358; x_wconf 73' lang='lat' dir='ltr'><strong>Beat.</strong></span> <span class='ocrx_word' id='word_1_262' title='bbox 1347 3313 1524 3364; x_wconf 64' lang='lat' dir='ltr'><strong>Luat,</strong></span> <span class='ocrx_word' id='word_1_263' title='bbox 1551 3296 1648 3367; x_wconf 84' lang='lat'><strong>6).</strong></span> <span class='ocrx_word' id='word_1_264' title='bbox 1688 3295 1758 3352; x_wconf 83' lang='lat' dir='ltr'><strong>Et</strong></span> <span class='ocrx_word' id='word_1_265' title='bbox 1779 3294 1917 3350; x_wconf 81' lang='lat' dir='ltr'><strong>sicut</strong></span> <span class='ocrx_word' id='word_1_266' title='bbox 1941 3292 2094 3348; x_wconf 74' lang='lat' dir='ltr'><strong>datas</strong></span> 
     </span>
    </p>
   </div>
   <div class='ocr_carea' id='block_1_33' title="bbox 503 3387 2092 3472">
    <p class='ocr_par' dir='ltr' id='par_1_33' title="bbox 503 3387 2092 3472">
     <span class='ocr_line' id='line_1_33' title="bbox 503 3387 2092 3472; baseline -0.016 -10"><span class='ocrx_word' id='word_1_267' title='bbox 503 3403 633 3472; x_wconf 58' lang='lat' dir='ltr'><strong>cst?</strong></span> <span class='ocrx_word' id='word_1_268' title='bbox 680 3401 812 3458; x_wconf 80' lang='lat' dir='ltr'><strong>deus</strong></span> <span class='ocrx_word' id='word_1_269' title='bbox 851 3397 1064 3471; x_wconf 60' lang='lat' dir='ltr'><strong>Moyses</strong></span> <span class='ocrx_word' id='word_1_270' title='bbox 1085 3394 1348 3453; x_wconf 72' lang='lat' dir='ltr'><strong>Pharaoni</strong></span> <span class='ocrx_word' id='word_1_271' title='bbox 1380 3390 1584 3466; x_wconf 74' lang='lat' dir='ltr'><strong>(Exod.</strong></span> <span class='ocrx_word' id='word_1_272' title='bbox 1608 3405 1704 3454; x_wconf 67' lang='lat' dir='ltr'><strong>vn,</strong></span> <span class='ocrx_word' id='word_1_273' title='bbox 1734 3389 1758 3442; x_wconf 70' lang='grc'><strong>1</strong></span> <span class='ocrx_word' id='word_1_274' title='bbox 1784 3387 1824 3458; x_wconf 90' lang='grc'><strong>).</strong></span> <span class='ocrx_word' id='word_1_275' title='bbox 1862 3387 1932 3442; x_wconf 79' lang='lat' dir='ltr'><strong>Et</strong></span> <span class='ocrx_word' id='word_1_276' title='bbox 1970 3399 2092 3444; x_wconf 82' lang='lat' dir='ltr'><strong>cum</strong></span> 
     </span>
    </p>
   </div>
   <div class='ocr_carea' id='block_1_34' title="bbox 501 3482 2094 3558">
    <p class='ocr_par' dir='ltr' id='par_1_34' title="bbox 501 3482 2094 3558">
     <span class='ocr_line' id='line_1_34' title="bbox 501 3482 2094 3558; baseline -0.013 -7"><span class='ocrx_word' id='word_1_277' title='bbox 501 3496 578 3558; x_wconf 72' lang='lat' dir='ltr'><strong>sit</strong></span> <span class='ocrx_word' id='word_1_278' title='bbox 604 3493 703 3554; x_wconf 84' lang='lat' dir='ltr'><strong>Dei</strong></span> <span class='ocrx_word' id='word_1_279' title='bbox 744 3502 799 3549; x_wconf 90' lang='lat' dir='ltr'><strong>et</strong></span> <span class='ocrx_word' id='word_1_280' title='bbox 839 3489 1069 3550; x_wconf 74' lang='lat' dir='ltr'><strong>hominis</strong></span> <span class='ocrx_word' id='word_1_281' title='bbox 1093 3487 1301 3546; x_wconf 66' lang='lat' dir='ltr'><strong>diuersa</strong></span> <span class='ocrx_word' id='word_1_282' title='bbox 1329 3482 1642 3549; x_wconf 76' lang='lat' dir='ltr'><strong>substantia,</strong></span> <span class='ocrx_word' id='word_1_283' title='bbox 1669 3489 1847 3534; x_wconf 83' lang='lat' dir='ltr'><strong>tamen</strong></span> <span class='ocrx_word' id='word_1_284' title='bbox 1873 3486 2094 3547; x_wconf 79' lang='lat' dir='ltr'><strong>uterque</strong></span> 
     </span>
    </p>
   </div>
   <div class='ocr_carea' id='block_1_35' title="bbox 502 3571 2091 3666">
    <p class='ocr_par' dir='ltr' id='par_1_35' title="bbox 502 3571 2091 3666">
     <span class='ocr_line' id='line_1_35' title="bbox 502 3571 2091 3666; baseline -0.016 -20"><span class='ocrx_word' id='word_1_285' title='bbox 502 3588 806 3666; x_wconf 65' lang='lat' dir='ltr'><strong>appellatur</strong></span> <span class='ocrx_word' id='word_1_286' title='bbox 848 3587 1010 3641; x_wconf 80' lang='lat' dir='ltr'><strong>Deus.</strong></span> <span class='ocrx_word' id='word_1_287' title='bbox 1036 3583 1265 3650; x_wconf 78' lang='lat' dir='ltr'><strong>Prorsus</strong></span> <span class='ocrx_word' id='word_1_288' title='bbox 1290 3578 1548 3635; x_wconf 78' lang='lat' dir='ltr'><strong>veraciter</strong></span> <span class='ocrx_word' id='word_1_289' title='bbox 1575 3571 1876 3666; x_wconf 70' lang='lat' dir='ltr'><strong>arguimini,</strong></span> <span class='ocrx_word' id='word_1_290' title='bbox 1905 3585 2091 3666; x_wconf 68' lang='lat' dir='ltr'><strong>quasu-</strong></span> 
     </span>
    </p>
   </div>
   <div class='ocr_carea' id='block_1_36' title="bbox 507 3661 2094 3746">
    <p class='ocr_par' dir='ltr' id='par_1_36' title="bbox 507 3661 2094 3746">
     <span class='ocr_line' id='line_1_36' title="bbox 507 3661 2094 3746; baseline -0.021 1"><span class='ocrx_word' id='word_1_291' title='bbox 507 3661 590 3746; x_wconf 72' lang='lat' dir='ltr'><strong>vis</strong></span> <span class='ocrx_word' id='word_1_292' title='bbox 615 3679 803 3744; x_wconf 77' lang='lat' dir='ltr'><strong>dicatis</strong></span> <span class='ocrx_word' id='word_1_293' title='bbox 831 3678 900 3734; x_wconf 83' lang='lat' dir='ltr'><strong>de</strong></span> <span class='ocrx_word' id='word_1_294' title='bbox 931 3677 1047 3733; x_wconf 84' lang='lat' dir='ltr'><strong>Deo</strong></span> <span class='ocrx_word' id='word_1_295' title='bbox 1072 3674 1230 3730; x_wconf 82' lang='lat' dir='ltr'><strong>Patre</strong></span> <span class='ocrx_word' id='word_1_296' title='bbox 1258 3679 1314 3728; x_wconf 90' lang='lat' dir='ltr'><strong>et</strong></span> <span class='ocrx_word' id='word_1_297' title='bbox 1336 3671 1450 3726; x_wconf 85' lang='lat' dir='ltr'><strong>Deo</strong></span> <span class='ocrx_word' id='word_1_298' title='bbox 1476 3667 1639 3733; x_wconf 75' lang='lat' dir='ltr'><strong>Filio,</strong></span> <span class='ocrx_word' id='word_1_299' title='bbox 1675 3663 1904 3735; x_wconf 75' lang='lat' dir='ltr'><strong>Spiritus</strong></span> <span class='ocrx_word' id='word_1_300' title='bbox 1939 3661 2094 3731; x_wconf 78' lang='lat' dir='ltr'><strong>spiri-</strong></span> 
     </span>
    </p>
   </div>
   <div class='ocr_carea' id='block_1_37' title="bbox 507 3759 2091 3844">
    <p class='ocr_par' dir='ltr' id='par_1_37' title="bbox 507 3759 2091 3844">
     <span class='ocr_line' id='line_1_37' title="bbox 507 3759 2091 3844; baseline -0.016 -13"><span class='ocrx_word' id='word_1_301' title='bbox 507 3784 617 3840; x_wconf 51' lang='lat' dir='ltr'><strong>tum</strong></span> <span class='ocrx_word' id='word_1_302' title='bbox 643 3773 832 3844; x_wconf 77' lang='lat' dir='ltr'><strong>genuit,</strong></span> <span class='ocrx_word' id='word_1_303' title='bbox 861 3778 1081 3828; x_wconf 75' lang='lat' dir='ltr'><strong>naturas</strong></span> <span class='ocrx_word' id='word_1_304' title='bbox 1097 3777 1279 3822; x_wconf 86' lang='lat' dir='ltr'><strong>tamen</strong></span> <span class='ocrx_word' id='word_1_305' title='bbox 1305 3763 1545 3820; x_wconf 77' lang='lat' dir='ltr'><strong>diversas</strong></span> <span class='ocrx_word' id='word_1_306' title='bbox 1569 3759 1749 3821; x_wconf 81' lang='lat' dir='ltr'><strong>dicere</strong></span> <span class='ocrx_word' id='word_1_307' title='bbox 1780 3775 1793 3810; x_wconf 92' lang='lat'>:</span> <span class='ocrx_word' id='word_1_308' title='bbox 1822 3765 1875 3810; x_wconf 83' lang='lat' dir='ltr'><strong>et</strong></span> <span class='ocrx_word' id='word_1_309' title='bbox 1898 3767 2091 3825; x_wconf 74' lang='lat' dir='ltr'><strong>quam-</strong></span> 
     </span>
    </p>
   </div>
   <div class='ocr_carea' id='block_1_38' title="bbox 507 3845 2092 3929">
    <p class='ocr_par' dir='ltr' id='par_1_38' title="bbox 507 3845 2092 3929">
     <span class='ocr_line' id='line_1_38' title="bbox 507 3845 2092 3929; baseline -0.015 -6"><span class='ocrx_word' id='word_1_310' title='bbox 507 3867 601 3923; x_wconf 79' lang='lat' dir='ltr'><strong>vis</strong></span> <span class='ocrx_word' id='word_1_311' title='bbox 619 3865 826 3929; x_wconf 81' lang='lat' dir='ltr'><strong>dicatis,</strong></span> <span class='ocrx_word' id='word_1_312' title='bbox 861 3862 996 3918; x_wconf 79' lang='lat' dir='ltr'><strong>Deus</strong></span> <span class='ocrx_word' id='word_1_313' title='bbox 1021 3859 1185 3915; x_wconf 71' lang='lat' dir='ltr'><strong>Damt</strong></span> <span class='ocrx_word' id='word_1_314' title='bbox 1203 3857 1395 3929; x_wconf 81' lang='lat' dir='ltr'><strong>genuit;</strong></span> <span class='ocrx_word' id='word_1_315' title='bbox 1419 3854 1580 3909; x_wconf 77' lang='lat' dir='ltr'><strong>etiam</strong></span> <span class='ocrx_word' id='word_1_316' title='bbox 1599 3851 1677 3906; x_wconf 86' lang='lat' dir='ltr'><strong>sic</strong></span> <span class='ocrx_word' id='word_1_317' title='bbox 1701 3863 1810 3904; x_wconf 87' lang='lat' dir='ltr'><strong>nou</strong></span> <span class='ocrx_word' id='word_1_318' title='bbox 1831 3845 2092 3903; x_wconf 75' lang='lat' dir='ltr'><strong>recedere</strong></span> 
     </span>
    </p>
   </div>
   <div class='ocr_carea' id='block_1_39' title="bbox 509 3938 2092 4018">
    <p class='ocr_par' dir='ltr' id='par_1_39' title="bbox 509 3938 2092 4018">
     <span class='ocr_line' id='line_1_39' title="bbox 509 3938 2092 4018; baseline -0.013 -6"><span class='ocrx_word' id='word_1_319' title='bbox 509 3955 870 4018; x_wconf 68' lang='lat' dir='ltr'><strong>adiversitate</strong></span> <span class='ocrx_word' id='word_1_320' title='bbox 921 3961 1142 4015; x_wconf 73' lang='lat' dir='ltr'><strong>nam,</strong></span> <span class='ocrx_word' id='word_1_321' title='bbox 1190 3949 1314 4018; x_wconf 83' lang='lat' dir='ltr'><strong>quia</strong></span> <span class='ocrx_word' id='word_1_322' title='bbox 1357 3961 1464 4002; x_wconf 89' lang='lat' dir='ltr'><strong>non</strong></span> <span class='ocrx_word' id='word_1_323' title='bbox 1503 3958 1601 4016; x_wconf 86' lang='lat' dir='ltr'><strong>per</strong></span> <span class='ocrx_word' id='word_1_324' title='bbox 1635 3941 1816 3998; x_wconf 80' lang='lat' dir='ltr'><strong>omnia</strong></span> <span class='ocrx_word' id='word_1_325' title='bbox 1864 3938 2092 4002; x_wconf 66' lang='lat' dir='ltr'><strong>similem</strong></span> 
     </span>
    </p>
   </div>
   <div class='ocr_carea' id='block_1_40' title="bbox 509 4029 2094 4105">
    <p class='ocr_par' dir='ltr' id='par_1_40' title="bbox 509 4029 2094 4105">
     <span class='ocr_line' id='line_1_40' title="bbox 509 4029 2094 4105; baseline -0.014 0"><span class='ocrx_word' id='word_1_326' title='bbox 509 4047 653 4105; x_wconf 82' lang='lat' dir='ltr'><strong>Patri</strong></span> <span class='ocrx_word' id='word_1_327' title='bbox 703 4061 822 4102; x_wconf 85' lang='lat' dir='ltr'><strong>esse</strong></span> <span class='ocrx_word' id='word_1_328' title='bbox 865 4044 1041 4099; x_wconf 87' lang='lat' dir='ltr'><strong>dicitis</strong></span> <span class='ocrx_word' id='word_1_329' title='bbox 1091 4041 1304 4098; x_wconf 79' lang='lat' dir='ltr'><strong>Filium.</strong></span> <span class='ocrx_word' id='word_1_330' title='bbox 1355 4037 1488 4093; x_wconf 80' lang='lat' dir='ltr'><strong>Nam</strong></span> <span class='ocrx_word' id='word_1_331' title='bbox 1537 4035 1584 4090; x_wconf 89' lang='lat' dir='ltr'><strong>si</strong></span> <span class='ocrx_word' id='word_1_332' title='bbox 1637 4049 1734 4105; x_wconf 87' lang='lat' dir='ltr'><strong>per</strong></span> <span class='ocrx_word' id='word_1_333' title='bbox 1780 4031 1959 4088; x_wconf 80' lang='lat' dir='ltr'><strong>omnia</strong></span> <span class='ocrx_word' id='word_1_334' title='bbox 2019 4029 2094 4084; x_wconf 78' lang='lat' dir='ltr'><strong>si-</strong></span> 
     </span>
    </p>
   </div>
   <div class='ocr_carea' id='block_1_41' title="bbox 507 4120 2092 4211">
    <p class='ocr_par' dir='ltr' id='par_1_41' title="bbox 507 4120 2092 4211">
     <span class='ocr_line' id='line_1_41' title="bbox 507 4120 2092 4211; baseline -0.014 -14"><span class='ocrx_word' id='word_1_335' title='bbox 507 4138 692 4211; x_wconf 61' lang='lat' dir='ltr'><strong>milent</strong></span> <span class='ocrx_word' id='word_1_336' title='bbox 733 4135 1006 4200; x_wconf 77' lang='lat' dir='ltr'><strong>diceretis,</strong></span> <span class='ocrx_word' id='word_1_337' title='bbox 1049 4137 1446 4200; x_wconf 65' lang='lat' dir='ltr'><strong>consequenter</strong></span> <span class='ocrx_word' id='word_1_338' title='bbox 1496 4123 1922 4195; x_wconf 83' lang='lat' dir='ltr'><strong>intelligeremini</strong></span> <span class='ocrx_word' id='word_1_339' title='bbox 1950 4120 2092 4191; x_wconf 80' lang='lat' dir='ltr'><strong>quod</strong></span> 
     </span>
    </p>
   </div>
   <div class='ocr_carea' id='block_1_42' title="bbox 509 4217 2093 4298">
    <p class='ocr_par' dir='ltr' id='par_1_42' title="bbox 509 4217 2093 4298">
     <span class='ocr_line' id='line_1_42' title="bbox 509 4217 2093 4298; baseline -0.01 -15"><span class='ocrx_word' id='word_1_340' title='bbox 509 4243 605 4298; x_wconf 66' lang='lat' dir='ltr'><strong>eos</strong></span> <span class='ocrx_word' id='word_1_341' title='bbox 649 4226 894 4292; x_wconf 87' lang='lat' dir='ltr'><strong>diceretis</strong></span> <span class='ocrx_word' id='word_1_342' title='bbox 941 4225 1106 4283; x_wconf 75' lang='lat' dir='ltr'><strong>etiam</strong></span> <span class='ocrx_word' id='word_1_343' title='bbox 1141 4222 1302 4280; x_wconf 74' lang='lat' dir='ltr'><strong>unius</strong></span> <span class='ocrx_word' id='word_1_344' title='bbox 1347 4217 1692 4288; x_wconf 77' lang='lat' dir='ltr'><strong>ejusdemque</strong></span> <span class='ocrx_word' id='word_1_345' title='bbox 1729 4229 1854 4270; x_wconf 81' lang='lat' dir='ltr'><strong>esse</strong></span> <span class='ocrx_word' id='word_1_346' title='bbox 1892 4219 2093 4268; x_wconf 66' lang='lat' dir='ltr'><strong>nam</strong></span> 
     </span>
    </p>
   </div>
   <div class='ocr_carea' id='block_1_43' title="bbox 511 4303 2092 4392">
    <p class='ocr_par' dir='ltr' id='par_1_43' title="bbox 511 4303 2092 4392">
     <span class='ocr_line' id='line_1_43' title="bbox 511 4303 2092 4392; baseline -0.013 -15"><span class='ocrx_word' id='word_1_347' title='bbox 511 4323 624 4392; x_wconf 58' lang='lat' dir='ltr'><strong>sive</strong></span> <span class='ocrx_word' id='word_1_348' title='bbox 656 4317 984 4378; x_wconf 72' lang='lat' dir='ltr'><strong>substantitn.</strong></span> <span class='ocrx_word' id='word_1_349' title='bbox 1027 4314 1091 4372; x_wconf 84' lang='lat' dir='ltr'><strong>Si</strong></span> <span class='ocrx_word' id='word_1_350' title='bbox 1126 4328 1254 4384; x_wconf 83' lang='lat' dir='ltr'><strong>ergo</strong></span> <span class='ocrx_word' id='word_1_351' title='bbox 1282 4311 1352 4367; x_wconf 84' lang='lat' dir='ltr'><strong>ab</strong></span> <span class='ocrx_word' id='word_1_352' title='bbox 1373 4311 1476 4367; x_wconf 81' lang='lat' dir='ltr'><strong>hoc</strong></span> <span class='ocrx_word' id='word_1_353' title='bbox 1502 4307 1724 4364; x_wconf 80' lang='lat' dir='ltr'><strong>crimine</strong></span> <span class='ocrx_word' id='word_1_354' title='bbox 1766 4305 1916 4375; x_wconf 75' lang='lat' dir='ltr'><strong>qmd</strong></span> <span class='ocrx_word' id='word_1_355' title='bbox 1942 4303 2092 4360; x_wconf 76' lang='lat' dir='ltr'><strong>vobis</strong></span> 
     </span>
    </p>
   </div>
   <div class='ocr_carea' id='block_1_44' title="bbox 512 4400 2091 4484">
    <p class='ocr_par' dir='ltr' id='par_1_44' title="bbox 512 4400 2091 4484">
     <span class='ocr_line' id='line_1_44' title="bbox 512 4400 2091 4484; baseline -0.011 -14"><span class='ocrx_word' id='word_1_356' title='bbox 512 4414 780 4484; x_wconf 61' lang='lat' dir='ltr'><strong>objiciwr,</strong></span> <span class='ocrx_word' id='word_1_357' title='bbox 822 4410 915 4466; x_wconf 91' lang='lat' dir='ltr'><strong>Dei</strong></span> <span class='ocrx_word' id='word_1_358' title='bbox 962 4408 1134 4466; x_wconf 81' lang='lat' dir='ltr'><strong>Patris</strong></span> <span class='ocrx_word' id='word_1_359' title='bbox 1161 4413 1217 4462; x_wconf 86' lang='lat' dir='ltr'><strong>et</strong></span> <span class='ocrx_word' id='word_1_360' title='bbox 1255 4403 1354 4460; x_wconf 86' lang='lat' dir='ltr'><strong>Dei</strong></span> <span class='ocrx_word' id='word_1_361' title='bbox 1399 4401 1521 4458; x_wconf 79' lang='lat' dir='ltr'><strong>Filii</strong></span> <span class='ocrx_word' id='word_1_362' title='bbox 1548 4415 1645 4456; x_wconf 86' lang='lat' dir='ltr'><strong>vos</strong></span> <span class='ocrx_word' id='word_1_363' title='bbox 1672 4400 1849 4456; x_wconf 83' lang='lat' dir='ltr'><strong>dicere</strong></span> <span class='ocrx_word' id='word_1_364' title='bbox 1877 4407 2091 4454; x_wconf 79' lang='lat' dir='ltr'><strong>naturas</strong></span> 
     </span>
    </p>
   </div>
   <div class='ocr_carea' id='block_1_45' title="bbox 511 4489 2090 4574">
    <p class='ocr_par' dir='ltr' id='par_1_45' title="bbox 511 4489 2090 4574">
     <span class='ocr_line' id='line_1_45' title="bbox 511 4489 2090 4574; baseline -0.017 -4"><span class='ocrx_word' id='word_1_365' title='bbox 511 4519 634 4574; x_wconf 72' lang='lat' dir='ltr'><strong>esse</strong></span> <span class='ocrx_word' id='word_1_366' title='bbox 655 4504 914 4568; x_wconf 68' lang='lat' dir='ltr'><strong>diversas,</strong></span> <span class='ocrx_word' id='word_1_367' title='bbox 943 4513 1172 4571; x_wconf 73' lang='lat' dir='ltr'><strong>purgare</strong></span> <span class='ocrx_word' id='word_1_368' title='bbox 1193 4506 1245 4552; x_wconf 91' lang='lat' dir='ltr'><strong>te</strong></span> <span class='ocrx_word' id='word_1_369' title='bbox 1265 4495 1500 4566; x_wconf 77' lang='lat' dir='ltr'><strong>cogitas:</strong></span> <span class='ocrx_word' id='word_1_370' title='bbox 1525 4493 1666 4549; x_wconf 80' lang='lat' dir='ltr'><strong>sicut</strong></span> <span class='ocrx_word' id='word_1_371' title='bbox 1683 4491 1835 4557; x_wconf 85' lang='lat' dir='ltr'><strong>dicis,</strong></span> <span class='ocrx_word' id='word_1_372' title='bbox 1866 4489 2090 4560; x_wconf 74' lang='lat' dir='ltr'><strong>Spiritus</strong></span> 
     </span>
    </p>
   </div>
   <div class='ocr_carea' id='block_1_46' title="bbox 511 4583 2092 4666">
    <p class='ocr_par' dir='ltr' id='par_1_46' title="bbox 511 4583 2092 4666">
     <span class='ocr_line' id='line_1_46' title="bbox 511 4583 2092 4666; baseline -0.009 -14"><span class='ocrx_word' id='word_1_373' title='bbox 511 4597 747 4666; x_wconf 64' lang='lat' dir='ltr'><strong>spirigtm</strong></span> <span class='ocrx_word' id='word_1_374' title='bbox 768 4593 972 4665; x_wconf 84' lang='lat' dir='ltr'><strong>genuit;</strong></span> <span class='ocrx_word' id='word_1_375' title='bbox 1001 4592 1077 4646; x_wconf 85' lang='lat' dir='ltr'><strong>ita</strong></span> <span class='ocrx_word' id='word_1_376' title='bbox 1103 4590 1210 4655; x_wconf 81' lang='lat' dir='ltr'><strong>dic,</strong></span> <span class='ocrx_word' id='word_1_377' title='bbox 1225 4587 1456 4658; x_wconf 77' lang='lat' dir='ltr'><strong>Spiritus</strong></span> <span class='ocrx_word' id='word_1_378' title='bbox 1483 4584 1718 4655; x_wconf 79' lang='lat' dir='ltr'><strong>ejusdem</strong></span> <span class='ocrx_word' id='word_1_379' title='bbox 1751 4591 1952 4638; x_wconf 78' lang='lat' dir='ltr'><strong>naturae</strong></span> <span class='ocrx_word' id='word_1_380' title='bbox 1977 4583 2092 4638; x_wconf 85' lang='lat' dir='ltr'><strong>sive</strong></span> 
     </span>
    </p>
   </div>
   <div class='ocr_carea' id='block_1_47' title="bbox 509 4672 2092 4754">
    <p class='ocr_par' dir='ltr' id='par_1_47' title="bbox 509 4672 2092 4754">
     <span class='ocr_line' id='line_1_47' title="bbox 509 4672 2092 4754; baseline -0.01 -10"><span class='ocrx_word' id='word_1_381' title='bbox 509 4685 822 4752; x_wconf 66' lang='lat' dir='ltr'><strong>substantiae</strong></span> <span class='ocrx_word' id='word_1_382' title='bbox 865 4682 1108 4754; x_wconf 76' lang='lat' dir='ltr'><strong>spiritum</strong></span> <span class='ocrx_word' id='word_1_383' title='bbox 1133 4679 1334 4750; x_wconf 75' lang='lat' dir='ltr'><strong>genuit.</strong></span> <span class='ocrx_word' id='word_1_384' title='bbox 1382 4678 1532 4741; x_wconf 81' lang='lat' dir='ltr'><strong>Item,</strong></span> <span class='ocrx_word' id='word_1_385' title='bbox 1574 4675 1714 4730; x_wconf 77' lang='lat' dir='ltr'><strong>sicut</strong></span> <span class='ocrx_word' id='word_1_386' title='bbox 1737 4674 1871 4732; x_wconf 73' lang='lat' dir='ltr'><strong>dicis</strong></span> <span class='ocrx_word' id='word_1_387' title='bbox 1889 4715 1903 4738; x_wconf 91' lang='lat'><strong>,</strong></span> <span class='ocrx_word' id='word_1_388' title='bbox 1952 4672 2092 4728; x_wconf 77' lang='lat' dir='ltr'><strong>Deus</strong></span> 
     </span>
    </p>
   </div>
   <div class='ocr_carea' id='block_1_48' title="bbox 511 4763 2090 4849">
    <p class='ocr_par' dir='ltr' id='par_1_48' title="bbox 511 4763 2090 4849">
     <span class='ocr_line' id='line_1_48' title="bbox 511 4763 2090 4849; baseline -0.01 -16"><span class='ocrx_word' id='word_1_389' title='bbox 511 4778 680 4847; x_wconf 65' lang='lat' dir='ltr'><strong>pauiu</strong></span> <span class='ocrx_word' id='word_1_390' title='bbox 705 4777 915 4849; x_wconf 74' lang='lat' dir='ltr'><strong>genuit,-</strong></span> <span class='ocrx_word' id='word_1_391' title='bbox 941 4775 1013 4829; x_wconf 89' lang='lat' dir='ltr'><strong>ita</strong></span> <span class='ocrx_word' id='word_1_392' title='bbox 1033 4772 1136 4837; x_wconf 89' lang='lat' dir='ltr'><strong>dic,</strong></span> <span class='ocrx_word' id='word_1_393' title='bbox 1163 4772 1304 4828; x_wconf 75' lang='lat' dir='ltr'><strong>Dens</strong></span> <span class='ocrx_word' id='word_1_394' title='bbox 1329 4767 1569 4840; x_wconf 63' lang='lat' dir='ltr'><strong>eiusdem</strong></span> <span class='ocrx_word' id='word_1_395' title='bbox 1595 4777 1800 4822; x_wconf 76' lang='lat' dir='ltr'><strong>naturae</strong></span> <span class='ocrx_word' id='word_1_396' title='bbox 1825 4765 1938 4819; x_wconf 82' lang='lat' dir='ltr'><strong>sive</strong></span> <span class='ocrx_word' id='word_1_397' title='bbox 1960 4763 2090 4818; x_wconf 85' lang='lat' dir='ltr'><strong>sub.-</strong></span> 
     </span>
    </p>
   </div>
   <div class='ocr_carea' id='block_1_49' title="bbox 507 4855 2086 4939">
    <p class='ocr_par' dir='ltr' id='par_1_49' title="bbox 507 4855 2086 4939">
     <span class='ocr_line' id='line_1_49' title="bbox 507 4855 2086 4939; baseline -0.011 -12"><span class='ocrx_word' id='word_1_398' title='bbox 507 4870 718 4939; x_wconf 75' lang='lat' dir='ltr'><strong>stautiae</strong></span> <span class='ocrx_word' id='word_1_399' title='bbox 759 4869 927 4934; x_wconf 80' lang='lat' dir='ltr'><strong>Deum</strong></span> <span class='ocrx_word' id='word_1_400' title='bbox 961 4863 1168 4936; x_wconf 61' lang='lat' dir='ltr'><strong>genuit.</strong></span> <span class='ocrx_word' id='word_1_401' title='bbox 1207 4862 1325 4922; x_wconf 74' lang='lat' dir='ltr'><strong>Hoc</strong></span> <span class='ocrx_word' id='word_1_402' title='bbox 1352 4861 1399 4917; x_wconf 90' lang='lat' dir='ltr'><strong>si</strong></span> <span class='ocrx_word' id='word_1_403' title='bbox 1433 4858 1826 4924; x_wconf 80' lang='lat' dir='ltr'><strong>credideris,et</strong></span> <span class='ocrx_word' id='word_1_404' title='bbox 1865 4855 2086 4921; x_wconf 76' lang='lat' dir='ltr'><strong>dixeris,</strong></span> 
     </span>
    </p>
   </div>
   <div class='ocr_carea' id='block_1_50' title="bbox 506 4947 2088 5032">
    <p class='ocr_par' dir='ltr' id='par_1_50' title="bbox 506 4947 2088 5032">
     <span class='ocr_line' id='line_1_50' title="bbox 506 4947 2088 5032; baseline -0.008 -16"><span class='ocrx_word' id='word_1_405' title='bbox 506 4961 644 5026; x_wconf 86' lang='lat' dir='ltr'><strong>nihil</strong></span> <span class='ocrx_word' id='word_1_406' title='bbox 663 4960 729 5017; x_wconf 89' lang='lat' dir='ltr'><strong>de</strong></span> <span class='ocrx_word' id='word_1_407' title='bbox 753 4958 854 5024; x_wconf 81' lang='lat' dir='ltr'><strong>hac</strong></span> <span class='ocrx_word' id='word_1_408' title='bbox 877 4973 936 5022; x_wconf 81' lang='lat' dir='ltr'><strong>re</strong></span> <span class='ocrx_word' id='word_1_409' title='bbox 949 4955 1178 5024; x_wconf 80' lang='lat' dir='ltr'><strong>ulterius</strong></span> <span class='ocrx_word' id='word_1_410' title='bbox 1193 4951 1550 5021; x_wconf 63' lang='lat' dir='ltr'><strong>accusabam.</strong></span> <span class='ocrx_word' id='word_1_411' title='bbox 1579 4949 1640 5006; x_wconf 88' lang='lat' dir='ltr'><strong>Si</strong></span> <span class='ocrx_word' id='word_1_412' title='bbox 1660 4959 1840 5032; x_wconf 65' lang='lat' dir='ltr'><strong>au&#39;sm</strong></span> <span class='ocrx_word' id='word_1_413' title='bbox 1861 4947 1963 5004; x_wconf 85' lang='lat' dir='ltr'><strong>hoc</strong></span> <span class='ocrx_word' id='word_1_414' title='bbox 1980 4962 2088 5004; x_wconf 88' lang='lat' dir='ltr'><strong>non</strong></span> 
     </span>
    </p>
   </div>
   <div class='ocr_carea' id='block_1_51' title="bbox 505 5036 2090 5125">
    <p class='ocr_par' dir='ltr' id='par_1_51' title="bbox 505 5036 2090 5125">
     <span class='ocr_line' id='line_1_51' title="bbox 505 5036 2090 5125; baseline -0.01 -13"><span class='ocrx_word' id='word_1_415' title='bbox 505 5054 709 5125; x_wconf 81' lang='lat' dir='ltr'><strong>dixeris</strong></span> <span class='ocrx_word' id='word_1_416' title='bbox 732 5095 747 5119; x_wconf 93' lang='lat'><strong>,</strong></span> <span class='ocrx_word' id='word_1_417' title='bbox 772 5050 906 5123; x_wconf 56' lang='lat' dir='ltr'><strong>quid</strong></span> <span class='ocrx_word' id='word_1_418' title='bbox 931 5049 1147 5121; x_wconf 58' lang='lat' dir='ltr'><strong>medea</strong></span> <span class='ocrx_word' id='word_1_419' title='bbox 1171 5047 1298 5117; x_wconf 72' lang='lat' dir='ltr'><strong>quia</strong></span> <span class='ocrx_word' id='word_1_420' title='bbox 1333 5045 1488 5110; x_wconf 86' lang='lat' dir='ltr'><strong>dicis,</strong></span> <span class='ocrx_word' id='word_1_421' title='bbox 1519 5042 1680 5100; x_wconf 78' lang='lat' dir='ltr'><strong>Verus</strong></span> <span class='ocrx_word' id='word_1_422' title='bbox 1701 5036 1908 5098; x_wconf 67' lang='lat' dir='ltr'><strong>linteatus</strong></span> <span class='ocrx_word' id='word_1_423' title='bbox 1932 5039 2090 5096; x_wconf 72' lang='lat' dir='ltr'><strong>Peior</strong></span> 
     </span>
    </p>
   </div>
   <div class='ocr_carea' id='block_1_52' title="bbox 503 5133 2090 5219">
    <p class='ocr_par' dir='ltr' id='par_1_52' title="bbox 503 5133 2090 5219">
     <span class='ocr_line' id='line_1_52' title="bbox 503 5133 2090 5219; baseline -0.01 -13"><span class='ocrx_word' id='word_1_424' title='bbox 503 5165 677 5206; x_wconf 67' lang='lat' dir='ltr'><strong>verum</strong></span> <span class='ocrx_word' id='word_1_425' title='bbox 698 5145 870 5219; x_wconf 61' lang='lat' dir='ltr'><strong>genuit</strong></span> <span class='ocrx_word' id='word_1_426' title='bbox 906 5141 1142 5206; x_wconf 69' lang='lat' dir='ltr'><strong>Filium;</strong></span> <span class='ocrx_word' id='word_1_427' title='bbox 1177 5154 1301 5197; x_wconf 83' lang='lat' dir='ltr'><strong>cum</strong></span> <span class='ocrx_word' id='word_1_428' title='bbox 1326 5136 1511 5209; x_wconf 84' lang='lat' dir='ltr'><strong>procul</strong></span> <span class='ocrx_word' id='word_1_429' title='bbox 1539 5136 1699 5192; x_wconf 71' lang='lat' dir='ltr'><strong>dubio</strong></span> <span class='ocrx_word' id='word_1_430' title='bbox 1723 5149 1886 5192; x_wconf 74' lang='lat' dir='ltr'><strong>venis</strong></span> <span class='ocrx_word' id='word_1_431' title='bbox 1921 5134 1962 5189; x_wconf 66' lang='grc' dir='ltr'>Γ</span> <span class='ocrx_word' id='word_1_432' title='bbox 1967 5133 2090 5190; x_wconf 78' lang='lat' dir='ltr'><strong>ilius</strong></span> 
     </span>
    </p>
   </div>
   <div class='ocr_carea' id='block_1_53' title="bbox 505 5227 2085 5304">
    <p class='ocr_par' dir='ltr' id='par_1_53' title="bbox 505 5227 2085 5304">
     <span class='ocr_line' id='line_1_53' title="bbox 505 5227 2085 5304; baseline -0.009 -8"><span class='ocrx_word' id='word_1_433' title='bbox 505 5255 614 5297; x_wconf 91' lang='lat' dir='ltr'><strong>non</strong></span> <span class='ocrx_word' id='word_1_434' title='bbox 637 5239 724 5304; x_wconf 89' lang='lat' dir='ltr'><strong>sit,</strong></span> <span class='ocrx_word' id='word_1_435' title='bbox 755 5237 804 5298; x_wconf 82' lang='lat' dir='ltr'><strong>si</strong></span> <span class='ocrx_word' id='word_1_436' title='bbox 838 5250 948 5297; x_wconf 77' lang='lat' dir='ltr'><strong>non</strong></span> <span class='ocrx_word' id='word_1_437' title='bbox 973 5242 1058 5292; x_wconf 81' lang='lat' dir='ltr'><strong>est.</strong></span> <span class='ocrx_word' id='word_1_438' title='bbox 1075 5232 1236 5304; x_wconf 76' lang='lat' dir='ltr'><strong>unius</strong></span> <span class='ocrx_word' id='word_1_439' title='bbox 1255 5228 1608 5301; x_wconf 67' lang='lat' dir='ltr'><strong>eiusdemque</strong></span> <span class='ocrx_word' id='word_1_440' title='bbox 1627 5227 1943 5284; x_wconf 78' lang='lat' dir='ltr'><strong>substantiae</strong></span> <span class='ocrx_word' id='word_1_441' title='bbox 1963 5239 2085 5304; x_wconf 76' lang='lat' dir='ltr'><strong>cum</strong></span> 
     </span>
    </p>
   </div>
   <div class='ocr_carea' id='block_1_54' title="bbox 506 5327 956 5401">
    <p class='ocr_par' dir='ltr' id='par_1_54' title="bbox 506 5327 956 5401">
     <span class='ocr_line' id='line_1_54' title="bbox 506 5327 956 5401; baseline -0.009 -15"><span class='ocrx_word' id='word_1_442' title='bbox 506 5330 602 5387; x_wconf 77' lang='lat' dir='ltr'><strong>illo</strong></span> <span class='ocrx_word' id='word_1_443' title='bbox 620 5331 714 5401; x_wconf 78' lang='lat' dir='ltr'><strong>qui</strong></span> <span class='ocrx_word' id='word_1_444' title='bbox 736 5327 956 5399; x_wconf 60' lang='lat' dir='ltr'><strong>genuit?</strong></span> 
     </span>
    </p>
   </div>
   <div class='ocr_carea' id='block_1_55' title="bbox 425 5408 2087 5488">
    <p class='ocr_par' dir='ltr' id='par_1_55' title="bbox 425 5408 2087 5488">
     <span class='ocr_line' id='line_1_55' title="bbox 425 5408 2087 5488; baseline -0.01 -9"><span class='ocrx_word' id='word_1_445' title='bbox 425 5430 433 5450; x_wconf 59' lang='grc' dir='ltr'><strong>θ</strong></span> <span class='ocrx_word' id='word_1_446' title='bbox 578 5423 632 5477; x_wconf 78' lang='grc'><strong>4.</strong></span> <span class='ocrx_word' id='word_1_447' title='bbox 671 5417 1050 5488; x_wconf 68' lang='lat' dir='ltr'><strong>Dicitqsidem</strong></span> <span class='ocrx_word' id='word_1_448' title='bbox 1083 5415 1254 5475; x_wconf 67' lang='lat' dir='ltr'><strong>Filius</strong></span> <span class='ocrx_word' id='word_1_449' title='bbox 1285 5412 1353 5469; x_wconf 79' lang='lat' dir='ltr'><strong>ad</strong></span> <span class='ocrx_word' id='word_1_450' title='bbox 1380 5408 2087 5476; x_wconf 64' lang='lat' dir='ltr'><strong>Pm,ﬂacestautam</strong></span> 
     </span>
    </p>
   </div>
   <div class='ocr_carea' id='block_1_56' title="bbox 504 5501 2088 5578">
    <p class='ocr_par' dir='ltr' id='par_1_56' title="bbox 504 5501 2088 5578">
     <span class='ocr_line' id='line_1_56' title="bbox 504 5501 2088 5578; baseline -0.008 -10"><span class='ocrx_word' id='word_1_451' title='bbox 504 5513 607 5568; x_wconf 72' lang='lat' dir='ltr'><strong>uita</strong></span> <span class='ocrx_word' id='word_1_452' title='bbox 629 5519 816 5571; x_wconf 72' lang='lat' dir='ltr'><strong>teteima</strong></span> <span class='ocrx_word' id='word_1_453' title='bbox 839 5550 853 5573; x_wconf 90' lang='lat'><strong>,</strong></span> <span class='ocrx_word' id='word_1_454' title='bbox 879 5517 936 5568; x_wconf 69' lang='lat' dir='ltr'><strong>ut</strong></span> <span class='ocrx_word' id='word_1_455' title='bbox 970 5513 1279 5578; x_wconf 63' lang='lat' dir='ltr'><strong>cognoscatis</strong></span> <span class='ocrx_word' id='word_1_456' title='bbox 1307 5513 1356 5559; x_wconf 80' lang='lat' dir='ltr'><strong>te</strong></span> <span class='ocrx_word' id='word_1_457' title='bbox 1393 5502 1558 5560; x_wconf 72' lang='lat' dir='ltr'><strong>saltim</strong></span> <span class='ocrx_word' id='word_1_458' title='bbox 1597 5517 1771 5568; x_wconf 62' lang='lat' dir='ltr'><strong>mum</strong></span> <span class='ocrx_word' id='word_1_459' title='bbox 1812 5501 1974 5557; x_wconf 70' lang='lat' dir='ltr'><strong>Deum</strong></span> <span class='ocrx_word' id='word_1_460' title='bbox 1998 5543 2013 5568; x_wconf 93' lang='lat'><strong>,</strong></span> <span class='ocrx_word' id='word_1_461' title='bbox 2040 5509 2088 5556; x_wconf 81' lang='lat' dir='ltr'><strong>et</strong></span> 
     </span>
    </p>
   </div>
   <div class='ocr_carea' id='block_1_57' title="bbox 507 5591 2083 5675">
    <p class='ocr_par' dir='ltr' id='par_1_57' title="bbox 507 5591 2083 5675">
     <span class='ocr_line' id='line_1_57' title="bbox 507 5591 2083 5675; baseline -0.006 -19"><span class='ocrx_word' id='word_1_462' title='bbox 507 5618 656 5675; x_wconf 84' lang='lat' dir='ltr'><strong>quem</strong></span> <span class='ocrx_word' id='word_1_463' title='bbox 677 5599 858 5658; x_wconf 78' lang='lat' dir='ltr'><strong>misisti</strong></span> <span class='ocrx_word' id='word_1_464' title='bbox 885 5597 1061 5662; x_wconf 64' lang='lat' dir='ltr'><strong>lerunt</strong></span> <span class='ocrx_word' id='word_1_465' title='bbox 1097 5593 1354 5654; x_wconf 69' lang='lat' dir='ltr'><strong>Christum</strong></span> <span class='ocrx_word' id='word_1_466' title='bbox 1384 5593 1576 5667; x_wconf 80' lang='lat' dir='ltr'><strong>(Joan.</strong></span> <span class='ocrx_word' id='word_1_467' title='bbox 1604 5607 1732 5657; x_wconf 77' lang='lat' dir='ltr'><strong>xvn,</strong></span> <span class='ocrx_word' id='word_1_468' title='bbox 1761 5591 1829 5664; x_wconf 68' lang='grc' dir='ltr'><strong>ὅ)</strong></span> <span class='ocrx_word' id='word_1_469' title='bbox 1859 5611 1874 5646; x_wconf 84' lang='lat'><strong>:</strong></span> <span class='ocrx_word' id='word_1_470' title='bbox 1903 5592 1956 5647; x_wconf 83' lang='lat' dir='ltr'><strong>td</strong></span> <span class='ocrx_word' id='word_1_471' title='bbox 1981 5601 2083 5659; x_wconf 83' lang='lat' dir='ltr'><strong>est,</strong></span> 
     </span>
    </p>
   </div>
   <div class='ocr_carea' id='block_1_58' title="bbox 506 5684 2088 5765">
    <p class='ocr_par' dir='ltr' id='par_1_58' title="bbox 506 5684 2088 5765">
     <span class='ocr_line' id='line_1_58' title="bbox 506 5684 2088 5765; baseline -0.009 -12"><span class='ocrx_word' id='word_1_472' title='bbox 506 5703 562 5753; x_wconf 88' lang='lat' dir='ltr'><strong>te</strong></span> <span class='ocrx_word' id='word_1_473' title='bbox 581 5705 634 5751; x_wconf 91' lang='lat' dir='ltr'><strong>ct</strong></span> <span class='ocrx_word' id='word_1_474' title='bbox 653 5707 810 5765; x_wconf 77' lang='lat' dir='ltr'><strong>quem</strong></span> <span class='ocrx_word' id='word_1_475' title='bbox 1052 5688 1236 5747; x_wconf 77' lang='lat' dir='ltr'><strong>losum</strong></span> <span class='ocrx_word' id='word_1_476' title='bbox 1259 5687 1550 5751; x_wconf 55' lang='lat' dir='ltr'><strong>Christum,</strong></span> <span class='ocrx_word' id='word_1_477' title='bbox 1572 5693 1898 5756; x_wconf 73' lang='lat' dir='ltr'><strong>cognoscam</strong></span> <span class='ocrx_word' id='word_1_478' title='bbox 1914 5684 2088 5740; x_wconf 80' lang='lat' dir='ltr'><strong>solum</strong></span> 
     </span>
    </p>
   </div>
   <div class='ocr_carea' id='block_1_59' title="bbox 507 5776 2084 5856">
    <p class='ocr_par' dir='ltr' id='par_1_59' title="bbox 507 5776 2084 5856">
     <span class='ocr_line' id='line_1_59' title="bbox 507 5776 2084 5856; baseline -0.006 -12"><span class='ocrx_word' id='word_1_479' title='bbox 507 5800 696 5856; x_wconf 67' lang='lat' dir='ltr'><strong>verutis,</strong></span> <span class='ocrx_word' id='word_1_480' title='bbox 715 5785 902 5850; x_wconf 64' lang='lat' dir='ltr'><strong>Daune,</strong></span> <span class='ocrx_word' id='word_1_481' title='bbox 918 5781 986 5847; x_wconf 70' lang='lat' dir='ltr'><strong>in</strong></span> <span class='ocrx_word' id='word_1_482' title='bbox 1006 5781 1198 5852; x_wconf 66' lang='lat' dir='ltr'><strong>quitus</strong></span> <span class='ocrx_word' id='word_1_483' title='bbox 1219 5777 1396 5836; x_wconf 83' lang='lat' dir='ltr'><strong>verbis</strong></span> <span class='ocrx_word' id='word_1_484' title='bbox 1419 5792 1515 5834; x_wconf 88' lang='lat' dir='ltr'><strong>vos</strong></span> <span class='ocrx_word' id='word_1_485' title='bbox 1537 5777 1715 5836; x_wconf 78' lang='lat' dir='ltr'><strong>solum</strong></span> <span class='ocrx_word' id='word_1_486' title='bbox 1740 5776 1955 5835; x_wconf 75' lang='lat' dir='ltr'><strong>Patrem</strong></span> <span class='ocrx_word' id='word_1_487' title='bbox 1977 5792 2084 5834; x_wconf 89' lang='lat' dir='ltr'><strong>non</strong></span> 
     </span>
    </p>
   </div>
   <div class='ocr_carea' id='block_1_60' title="bbox 569 5887 1450 5953">
    <p class='ocr_par' dir='ltr' id='par_1_60' title="bbox 569 5887 1450 5953">
     <span class='ocr_line' id='line_1_60' title="bbox 569 5887 1450 5953; baseline -0.01 -4"><span class='ocrx_word' id='word_1_488' title='bbox 569 5897 591 5934; x_wconf 80' lang='grc'><strong>⁸</strong></span> <span class='ocrx_word' id='word_1_489' title='bbox 621 5891 1170 5953; x_wconf 66' lang='lat' dir='ltr'><strong>unus.qu</strong></span> <span class='ocrx_word' id='word_1_490' title='bbox 1192 5887 1450 5942; x_wconf 71' lang='lat' dir='ltr'><strong>dictasset.</strong></span> 
     </span>
    </p>
   </div>
   <div class='ocr_carea' id='block_1_61' title="bbox 1103 401 3195 483">
    <p class='ocr_par' dir='ltr' id='par_1_61' title="bbox 1103 401 3195 483">
     <span class='ocr_line' id='line_1_61' title="bbox 1103 401 3195 483; baseline -0.002 -6"><span class='ocrx_word' id='word_1_491' title='bbox 1103 414 1370 477; x_wconf 77' lang='lat' dir='ltr'><strong>CONTRA</strong></span> <span class='ocrx_word' id='word_1_492' title='bbox 1415 410 1808 472; x_wconf 75' lang='lat' dir='ltr'><strong>MAXIMINUM</strong></span> <span class='ocrx_word' id='word_1_493' title='bbox 1847 401 2252 472; x_wconf 76' lang='lat' dir='ltr'><strong>ARIANOBUM</strong></span> <span class='ocrx_word' id='word_1_494' title='bbox 2291 405 2696 483; x_wconf 79' lang='lat' dir='ltr'><strong>EPISCOPUM,</strong></span> <span class='ocrx_word' id='word_1_495' title='bbox 2736 408 2795 472; x_wconf 87' lang='lat' dir='ltr'><strong>S.</strong></span> <span class='ocrx_word' id='word_1_496' title='bbox 2827 405 3195 472; x_wconf 77' lang='lat' dir='ltr'><strong>AUGUSTINI</strong></span> 
     </span>
    </p>
   </div>
   <div class='ocr_carea' id='block_1_62' title="bbox 3680 410 3788 470">
    <p class='ocr_par' dir='ltr' id='par_1_62' title="bbox 3680 410 3788 470">
     <span class='ocr_line' id='line_1_62' title="bbox 3680 410 3788 470; baseline 0.074 -7"><span class='ocrx_word' id='word_1_497' title='bbox 3680 410 3788 470; x_wconf 83' lang='lat'><strong>780</strong></span> 
     </span>
    </p>
   </div>
   <div class='ocr_carea' id='block_1_63' title="bbox 2208 546 3788 626">
    <p class='ocr_par' dir='ltr' id='par_1_63' title="bbox 2208 546 3788 626">
     <span class='ocr_line' id='line_1_63' title="bbox 2208 546 3788 626; baseline 0.003 -23"><span class='ocrx_word' id='word_1_498' title='bbox 2208 563 2334 604; x_wconf 88' lang='lat' dir='ltr'><strong>cum</strong></span> <span class='ocrx_word' id='word_1_499' title='bbox 2359 547 2497 605; x_wconf 80' lang='lat' dir='ltr'><strong>Filio</strong></span> <span class='ocrx_word' id='word_1_500' title='bbox 2520 566 2702 607; x_wconf 88' lang='lat' dir='ltr'><strong>verum</strong></span> <span class='ocrx_word' id='word_1_501' title='bbox 2728 552 3049 624; x_wconf 86' lang='lat' dir='ltr'><strong>accipientes</strong></span> <span class='ocrx_word' id='word_1_502' title='bbox 3078 553 3242 626; x_wconf 87' lang='lat' dir='ltr'><strong>Deum</strong></span> <span class='ocrx_word' id='word_1_503' title='bbox 3264 593 3279 622; x_wconf 91' lang='lat'><strong>,</strong></span> <span class='ocrx_word' id='word_1_504' title='bbox 3308 546 3439 624; x_wconf 79' lang='lat' dir='ltr'><strong>quid</strong></span> <span class='ocrx_word' id='word_1_505' title='bbox 3459 549 3603 610; x_wconf 86' lang='lat' dir='ltr'><strong>aliud</strong></span> <span class='ocrx_word' id='word_1_506' title='bbox 3623 564 3788 624; x_wconf 75' lang='lat' dir='ltr'><strong>quam</strong></span> 
     </span>
    </p>
   </div>
   <div class='ocr_carea' id='block_1_64' title="bbox 2201 638 3785 718">
    <p class='ocr_par' dir='ltr' id='par_1_64' title="bbox 2201 638 3785 718">
     <span class='ocr_line' id='line_1_64' title="bbox 2201 638 3785 718; baseline 0.001 -23"><span class='ocrx_word' id='word_1_507' title='bbox 2201 638 2398 696; x_wconf 63' lang='lat' dir='ltr'><strong>ﬁlium</strong></span> <span class='ocrx_word' id='word_1_508' title='bbox 2426 643 2629 712; x_wconf 67' lang='lat' dir='ltr'><strong>negaris</strong></span> <span class='ocrx_word' id='word_1_509' title='bbox 2653 658 2837 698; x_wconf 84' lang='lat' dir='ltr'><strong>verum</strong></span> <span class='ocrx_word' id='word_1_510' title='bbox 2869 643 3080 699; x_wconf 81' lang='lat' dir='ltr'><strong>Deum?</strong></span> <span class='ocrx_word' id='word_1_511' title='bbox 3113 642 3246 718; x_wconf 92' lang='lat' dir='ltr'><strong>Quia</strong></span> <span class='ocrx_word' id='word_1_512' title='bbox 3271 658 3399 700; x_wconf 89' lang='lat' dir='ltr'><strong>vero</strong></span> <span class='ocrx_word' id='word_1_513' title='bbox 3423 641 3585 712; x_wconf 84' lang='lat' dir='ltr'><strong>Pater</strong></span> <span class='ocrx_word' id='word_1_514' title='bbox 3608 650 3662 697; x_wconf 90' lang='lat' dir='ltr'><strong>et</strong></span> <span class='ocrx_word' id='word_1_515' title='bbox 3687 641 3785 697; x_wconf 56' lang='lat' dir='ltr'><strong>Fi-</strong></span> 
     </span>
    </p>
   </div>
   <div class='ocr_carea' id='block_1_65' title="bbox 2203 730 3790 804">
    <p class='ocr_par' dir='ltr' id='par_1_65' title="bbox 2203 730 3790 804">
     <span class='ocr_line' id='line_1_65' title="bbox 2203 730 3790 804; baseline 0.003 -20"><span class='ocrx_word' id='word_1_516' title='bbox 2203 730 2307 786; x_wconf 81' lang='lat' dir='ltr'><strong>lius</strong></span> <span class='ocrx_word' id='word_1_517' title='bbox 2329 772 2343 797; x_wconf 91' lang='lat'><strong>,</strong></span> <span class='ocrx_word' id='word_1_518' title='bbox 2369 747 2478 787; x_wconf 78' lang='lat' dir='ltr'><strong>non</strong></span> <span class='ocrx_word' id='word_1_519' title='bbox 2516 733 2620 788; x_wconf 80' lang='lat' dir='ltr'><strong>duo</strong></span> <span class='ocrx_word' id='word_1_520' title='bbox 2644 733 2716 789; x_wconf 82' lang='lat' dir='ltr'><strong>dii</strong></span> <span class='ocrx_word' id='word_1_521' title='bbox 2741 775 2756 804; x_wconf 94' lang='lat'><strong>,</strong></span> <span class='ocrx_word' id='word_1_522' title='bbox 2784 735 2877 791; x_wconf 90' lang='lat' dir='ltr'><strong>sed</strong></span> <span class='ocrx_word' id='word_1_523' title='bbox 2921 749 3057 790; x_wconf 90' lang='lat' dir='ltr'><strong>unus</strong></span> <span class='ocrx_word' id='word_1_524' title='bbox 3085 742 3167 790; x_wconf 90' lang='lat' dir='ltr'><strong>est</strong></span> <span class='ocrx_word' id='word_1_525' title='bbox 3197 735 3371 800; x_wconf 89' lang='lat' dir='ltr'><strong>Deus;</strong></span> <span class='ocrx_word' id='word_1_526' title='bbox 3401 735 3518 790; x_wconf 88' lang='lat' dir='ltr'><strong>sine</strong></span> <span class='ocrx_word' id='word_1_527' title='bbox 3541 733 3702 790; x_wconf 86' lang='lat' dir='ltr'><strong>dubio</strong></span> <span class='ocrx_word' id='word_1_528' title='bbox 3730 743 3790 789; x_wconf 83' lang='lat' dir='ltr'><strong>et</strong></span> 
     </span>
    </p>
   </div>
   <div class='ocr_carea' id='block_1_66' title="bbox 2198 821 3790 899">
    <p class='ocr_par' dir='ltr' id='par_1_66' title="bbox 2198 821 3790 899">
     <span class='ocr_line' id='line_1_66' title="bbox 2198 821 3790 899; baseline 0.002 -22"><span class='ocrx_word' id='word_1_529' title='bbox 2198 821 2369 878; x_wconf 73' lang='lat' dir='ltr'><strong>Filius</strong></span> <span class='ocrx_word' id='word_1_530' title='bbox 2418 839 2575 880; x_wconf 88' lang='lat' dir='ltr'><strong>verus</strong></span> <span class='ocrx_word' id='word_1_531' title='bbox 2619 831 2714 881; x_wconf 79' lang='lat' dir='ltr'><strong>est“</strong></span> <span class='ocrx_word' id='word_1_532' title='bbox 2744 826 2922 894; x_wconf 89' lang='lat' dir='ltr'><strong>Deus,</strong></span> <span class='ocrx_word' id='word_1_533' title='bbox 2966 834 3020 882; x_wconf 91' lang='lat' dir='ltr'><strong>et</strong></span> <span class='ocrx_word' id='word_1_534' title='bbox 3059 825 3321 898; x_wconf 87' lang='lat' dir='ltr'><strong>adjuncto</strong></span> <span class='ocrx_word' id='word_1_535' title='bbox 3349 825 3551 899; x_wconf 88' lang='lat' dir='ltr'><strong>Spiritu</strong></span> <span class='ocrx_word' id='word_1_536' title='bbox 3598 835 3790 881; x_wconf 89' lang='lat' dir='ltr'><strong>sancto</strong></span> 
     </span>
    </p>
   </div>
   <div class='ocr_carea' id='block_1_67' title="bbox 2200 915 3790 988">
    <p class='ocr_par' dir='ltr' id='par_1_67' title="bbox 2200 915 3790 988">
     <span class='ocr_line' id='line_1_67' title="bbox 2200 915 3790 988; baseline 0 -18"><span class='ocrx_word' id='word_1_537' title='bbox 2200 915 2348 971; x_wconf 82' lang='lat' dir='ltr'><strong>solus</strong></span> <span class='ocrx_word' id='word_1_538' title='bbox 2371 923 2453 972; x_wconf 88' lang='lat' dir='ltr'><strong>est</strong></span> <span class='ocrx_word' id='word_1_539' title='bbox 2479 917 2636 972; x_wconf 86' lang='lat' dir='ltr'><strong>Deus.</strong></span> <span class='ocrx_word' id='word_1_540' title='bbox 2665 917 2848 988; x_wconf 85' lang='lat' dir='ltr'><strong>Neque</strong></span> <span class='ocrx_word' id='word_1_541' title='bbox 2884 916 3026 974; x_wconf 88' lang='lat' dir='ltr'><strong>enim</strong></span> <span class='ocrx_word' id='word_1_542' title='bbox 3052 932 3269 974; x_wconf 86' lang='lat' dir='ltr'><strong>movere</strong></span> <span class='ocrx_word' id='word_1_543' title='bbox 3293 931 3391 974; x_wconf 90' lang='lat' dir='ltr'><strong>nos</strong></span> <span class='ocrx_word' id='word_1_544' title='bbox 3417 917 3607 984; x_wconf 90' lang='lat' dir='ltr'><strong>debet,</strong></span> <span class='ocrx_word' id='word_1_545' title='bbox 3640 915 3790 987; x_wconf 86' lang='lat' dir='ltr'><strong>quod</strong></span> 
     </span>
    </p>
   </div>
   <div class='ocr_carea' id='block_1_68' title="bbox 2203 1010 3787 1084">
    <p class='ocr_par' dir='ltr' id='par_1_68' title="bbox 2203 1010 3787 1084">
     <span class='ocr_line' id='line_1_68' title="bbox 2203 1010 3787 1084; baseline 0.002 -20"><span class='ocrx_word' id='word_1_546' title='bbox 2203 1010 2504 1066; x_wconf 80' lang='lat' dir='ltr'><strong>nominatus</strong></span> <span class='ocrx_word' id='word_1_547' title='bbox 2525 1021 2730 1068; x_wconf 89' lang='lat' dir='ltr'><strong>nonest</strong></span> <span class='ocrx_word' id='word_1_548' title='bbox 2755 1013 2855 1068; x_wconf 89' lang='lat' dir='ltr'><strong>hoc</strong></span> <span class='ocrx_word' id='word_1_549' title='bbox 2875 1013 2994 1069; x_wconf 89' lang='lat' dir='ltr'><strong>loco</strong></span> <span class='ocrx_word' id='word_1_550' title='bbox 3020 1014 3250 1084; x_wconf 86' lang='lat' dir='ltr'><strong>Spiritus</strong></span> <span class='ocrx_word' id='word_1_551' title='bbox 3271 1021 3506 1081; x_wconf 84' lang='lat' dir='ltr'><strong>sanctus,</strong></span> <span class='ocrx_word' id='word_1_552' title='bbox 3531 1022 3787 1083; x_wconf 87' lang='lat' dir='ltr'><strong>tanquam</strong></span> 
     </span>
    </p>
   </div>
   <div class='ocr_carea' id='block_1_69' title="bbox 2202 1102 3789 1170">
    <p class='ocr_par' dir='ltr' id='par_1_69' title="bbox 2202 1102 3789 1170">
     <span class='ocr_line' id='line_1_69' title="bbox 2202 1102 3789 1170; baseline 0.002 -14"><span class='ocrx_word' id='word_1_553' title='bbox 2202 1116 2308 1156; x_wconf 91' lang='lat' dir='ltr'><strong>non</strong></span> <span class='ocrx_word' id='word_1_554' title='bbox 2335 1102 2405 1157; x_wconf 81' lang='lat' dir='ltr'><strong>sit</strong></span> <span class='ocrx_word' id='word_1_555' title='bbox 2432 1103 2570 1158; x_wconf 91' lang='lat' dir='ltr'><strong>Deus</strong></span> <span class='ocrx_word' id='word_1_556' title='bbox 2589 1146 2604 1170; x_wconf 92' lang='lat'><strong>,</strong></span> <span class='ocrx_word' id='word_1_557' title='bbox 2637 1114 2729 1159; x_wconf 91' lang='lat' dir='ltr'><strong>aut</strong></span> <span class='ocrx_word' id='word_1_558' title='bbox 2757 1119 2863 1160; x_wconf 90' lang='lat' dir='ltr'><strong>non</strong></span> <span class='ocrx_word' id='word_1_559' title='bbox 2893 1105 2963 1160; x_wconf 89' lang='lat' dir='ltr'><strong>sit</strong></span> <span class='ocrx_word' id='word_1_560' title='bbox 2985 1119 3144 1160; x_wconf 87' lang='lat' dir='ltr'><strong>verus</strong></span> <span class='ocrx_word' id='word_1_561' title='bbox 3175 1105 3337 1161; x_wconf 89' lang='lat' dir='ltr'><strong>Deus.</strong></span> <span class='ocrx_word' id='word_1_562' title='bbox 3369 1103 3499 1160; x_wconf 88' lang='lat' dir='ltr'><strong>Tale</strong></span> <span class='ocrx_word' id='word_1_563' title='bbox 3525 1113 3609 1168; x_wconf 84' lang='lat' dir='ltr'><strong>est</strong></span> <span class='ocrx_word' id='word_1_564' title='bbox 3637 1105 3789 1159; x_wconf 87' lang='lat' dir='ltr'><strong>enim</strong></span> 
     </span>
    </p>
   </div>
   <div class='ocr_carea' id='block_1_70' title="bbox 2199 1191 3789 1265">
    <p class='ocr_par' dir='ltr' id='par_1_70' title="bbox 2199 1191 3789 1265">
     <span class='ocr_line' id='line_1_70' title="bbox 2199 1191 3789 1265; baseline 0.002 -18"><span class='ocrx_word' id='word_1_565' title='bbox 2199 1191 2306 1248; x_wconf 77' lang='lat' dir='ltr'><strong>hoc</strong></span> <span class='ocrx_word' id='word_1_566' title='bbox 2335 1194 2492 1264; x_wconf 90' lang='lat' dir='ltr'><strong>quale</strong></span> <span class='ocrx_word' id='word_1_567' title='bbox 2516 1193 2560 1249; x_wconf 90' lang='lat' dir='ltr'><strong>si</strong></span> <span class='ocrx_word' id='word_1_568' title='bbox 2587 1195 2706 1265; x_wconf 90' lang='lat' dir='ltr'><strong>quis</strong></span> <span class='ocrx_word' id='word_1_569' title='bbox 2735 1195 2896 1263; x_wconf 87' lang='lat' dir='ltr'><strong>dicat,</strong></span> <span class='ocrx_word' id='word_1_570' title='bbox 2923 1197 3129 1252; x_wconf 90' lang='lat' dir='ltr'><strong>nescire</strong></span> <span class='ocrx_word' id='word_1_571' title='bbox 3158 1196 3426 1252; x_wconf 85' lang='lat' dir='ltr'><strong>Christum</strong></span> <span class='ocrx_word' id='word_1_572' title='bbox 3449 1209 3512 1252; x_wconf 87' lang='lat' dir='ltr'><strong>ea</strong></span> <span class='ocrx_word' id='word_1_573' title='bbox 3538 1210 3658 1265; x_wconf 63' lang='lat' dir='ltr'><strong>quae</strong></span> <span class='ocrx_word' id='word_1_574' title='bbox 3689 1195 3789 1250; x_wconf 87' lang='lat' dir='ltr'><strong>Dei</strong></span> 
     </span>
    </p>
   </div>
   <div class='ocr_carea' id='block_1_71' title="bbox 2202 1285 3789 1358">
    <p class='ocr_par' dir='ltr' id='par_1_71' title="bbox 2202 1285 3789 1358">
     <span class='ocr_line' id='line_1_71' title="bbox 2202 1285 3789 1358; baseline 0 -18"><span class='ocrx_word' id='word_1_575' title='bbox 2202 1292 2360 1350; x_wconf 87' lang='lat' dir='ltr'><strong>sunt;</strong></span> <span class='ocrx_word' id='word_1_576' title='bbox 2387 1285 2634 1356; x_wconf 86' lang='lat' dir='ltr'><strong>quoniam</strong></span> <span class='ocrx_word' id='word_1_577' title='bbox 2664 1286 2800 1342; x_wconf 85' lang='lat' dir='ltr'><strong>dixit</strong></span> <span class='ocrx_word' id='word_1_578' title='bbox 2821 1288 3108 1358; x_wconf 87' lang='lat' dir='ltr'><strong>Apostolus</strong></span> <span class='ocrx_word' id='word_1_579' title='bbox 3138 1287 3216 1343; x_wconf 91' lang='lat' dir='ltr'><strong>sic</strong></span> <span class='ocrx_word' id='word_1_580' title='bbox 3244 1304 3257 1340; x_wconf 88' lang='lat'><strong>:</strong></span> <span class='ocrx_word' id='word_1_581' title='bbox 3291 1287 3357 1342; x_wconf 87' lang='lat' dir='ltr'><strong>Et</strong></span> <span class='ocrx_word' id='word_1_582' title='bbox 3383 1303 3496 1357; x_wconf 70' lang='lat' dir='ltr'><strong>qua:</strong></span> <span class='ocrx_word' id='word_1_583' title='bbox 3522 1285 3619 1342; x_wconf 87' lang='lat' dir='ltr'><strong>Dei</strong></span> <span class='ocrx_word' id='word_1_584' title='bbox 3642 1297 3789 1354; x_wconf 89' lang='lat' dir='ltr'><strong>sunt,</strong></span> 
     </span>
    </p>
   </div>
   <div class='ocr_carea' id='block_1_72' title="bbox 2201 1377 3793 1451">
    <p class='ocr_par' dir='ltr' id='par_1_72' title="bbox 2201 1377 3793 1451">
     <span class='ocr_line' id='line_1_72' title="bbox 2201 1377 3793 1451; baseline 0.003 -23"><span class='ocrx_word' id='word_1_585' title='bbox 2201 1391 2346 1430; x_wconf 86' lang='lat' dir='ltr'><strong>nemo</strong></span> <span class='ocrx_word' id='word_1_586' title='bbox 2374 1378 2503 1443; x_wconf 87' lang='lat' dir='ltr'><strong>scit,</strong></span> <span class='ocrx_word' id='word_1_587' title='bbox 2546 1377 2644 1432; x_wconf 84' lang='lat' dir='ltr'><strong>nisi</strong></span> <span class='ocrx_word' id='word_1_588' title='bbox 2675 1378 2899 1448; x_wconf 79' lang='lat' dir='ltr'><strong>Spiritus</strong></span> <span class='ocrx_word' id='word_1_589' title='bbox 2925 1379 3020 1434; x_wconf 83' lang='lat' dir='ltr'><strong>Dei</strong></span> <span class='ocrx_word' id='word_1_590' title='bbox 3063 1379 3118 1451; x_wconf 93' lang='lat' dir='ltr'><strong>(l</strong></span> <span class='ocrx_word' id='word_1_591' title='bbox 3161 1379 3276 1434; x_wconf 90' lang='lat' dir='ltr'><strong>Cor.</strong></span> <span class='ocrx_word' id='word_1_592' title='bbox 3308 1395 3367 1447; x_wconf 90' lang='lat' dir='ltr'><strong>ll,</strong></span> <span class='ocrx_word' id='word_1_593' title='bbox 3400 1379 3519 1451; x_wconf 75' lang='lat' dir='ltr'><strong>ii).</strong></span> <span class='ocrx_word' id='word_1_594' title='bbox 3564 1378 3678 1434; x_wconf 82' lang='lat' dir='ltr'><strong>Hoc</strong></span> <span class='ocrx_word' id='word_1_595' title='bbox 3704 1387 3793 1435; x_wconf 87' lang='lat' dir='ltr'><strong>est</strong></span> 
     </span>
    </p>
   </div>
   <div class='ocr_carea' id='block_1_73' title="bbox 2201 1467 3792 1544">
    <p class='ocr_par' dir='ltr' id='par_1_73' title="bbox 2201 1467 3792 1544">
     <span class='ocr_line' id='line_1_73' title="bbox 2201 1467 3792 1544; baseline 0.002 -24"><span class='ocrx_word' id='word_1_596' title='bbox 2201 1467 2342 1521; x_wconf 88' lang='lat' dir='ltr'><strong>enim</strong></span> <span class='ocrx_word' id='word_1_597' title='bbox 2363 1509 2379 1535; x_wconf 93' lang='lat'><strong>,</strong></span> <span class='ocrx_word' id='word_1_598' title='bbox 2415 1467 2579 1522; x_wconf 85' lang='lat' dir='ltr'><strong>Nemo</strong></span> <span class='ocrx_word' id='word_1_599' title='bbox 2604 1470 2733 1535; x_wconf 85' lang='lat' dir='ltr'><strong>scit,</strong></span> <span class='ocrx_word' id='word_1_600' title='bbox 2766 1470 2864 1523; x_wconf 82' lang='lat' dir='ltr'><strong>nisi</strong></span> <span class='ocrx_word' id='word_1_601' title='bbox 2890 1469 3114 1540; x_wconf 80' lang='lat' dir='ltr'><strong>Spiritus</strong></span> <span class='ocrx_word' id='word_1_602' title='bbox 3138 1469 3271 1544; x_wconf 81' lang='lat' dir='ltr'><strong>Dei;</strong></span> <span class='ocrx_word' id='word_1_603' title='bbox 3310 1468 3450 1540; x_wconf 91' lang='lat' dir='ltr'><strong>quod</strong></span> <span class='ocrx_word' id='word_1_604' title='bbox 3476 1476 3595 1535; x_wconf 91' lang='lat' dir='ltr'><strong>est,</strong></span> <span class='ocrx_word' id='word_1_605' title='bbox 3625 1468 3792 1525; x_wconf 91' lang='lat' dir='ltr'><strong>Solus</strong></span> 
     </span>
    </p>
   </div>
   <div class='ocr_carea' id='block_1_74' title="bbox 2201 1561 3790 1635">
    <p class='ocr_par' dir='ltr' id='par_1_74' title="bbox 2201 1561 3790 1635">
     <span class='ocr_line' id='line_1_74' title="bbox 2201 1561 3790 1635; baseline 0 -19"><span class='ocrx_word' id='word_1_606' title='bbox 2201 1576 2264 1616; x_wconf 86' lang='lat' dir='ltr'><strong>ea</strong></span> <span class='ocrx_word' id='word_1_607' title='bbox 2293 1562 2392 1616; x_wconf 89' lang='lat' dir='ltr'><strong>scit</strong></span> <span class='ocrx_word' id='word_1_608' title='bbox 2419 1561 2646 1632; x_wconf 90' lang='lat' dir='ltr'><strong>Spiritus</strong></span> <span class='ocrx_word' id='word_1_609' title='bbox 2672 1563 2786 1620; x_wconf 89' lang='lat' dir='ltr'><strong>Dei.</strong></span> <span class='ocrx_word' id='word_1_610' title='bbox 2816 1562 2960 1619; x_wconf 79' lang='lat' dir='ltr'><strong>Sicut</strong></span> <span class='ocrx_word' id='word_1_611' title='bbox 2988 1579 3116 1635; x_wconf 86' lang='lat' dir='ltr'><strong>ergo</strong></span> <span class='ocrx_word' id='word_1_612' title='bbox 3135 1563 3202 1619; x_wconf 87' lang='lat' dir='ltr'><strong>ab</strong></span> <span class='ocrx_word' id='word_1_613' title='bbox 3230 1564 3330 1618; x_wconf 90' lang='lat' dir='ltr'><strong>hac</strong></span> <span class='ocrx_word' id='word_1_614' title='bbox 3353 1562 3593 1632; x_wconf 84' lang='lat' dir='ltr'><strong>scientia,</strong></span> <span class='ocrx_word' id='word_1_615' title='bbox 3623 1577 3790 1634; x_wconf 83' lang='lat' dir='ltr'><strong>quam</strong></span> 
     </span>
    </p>
   </div>
   <div class='ocr_carea' id='block_1_75' title="bbox 2202 1651 3790 1726">
    <p class='ocr_par' dir='ltr' id='par_1_75' title="bbox 2202 1651 3790 1726">
     <span class='ocr_line' id='line_1_75' title="bbox 2202 1651 3790 1726; baseline -0.001 -17"><span class='ocrx_word' id='word_1_616' title='bbox 2202 1668 2308 1709; x_wconf 92' lang='lat' dir='ltr'><strong>non</strong></span> <span class='ocrx_word' id='word_1_617' title='bbox 2340 1653 2538 1710; x_wconf 86' lang='lat' dir='ltr'><strong>habere</strong></span> <span class='ocrx_word' id='word_1_618' title='bbox 2566 1654 2666 1709; x_wconf 91' lang='lat' dir='ltr'><strong>nisi</strong></span> <span class='ocrx_word' id='word_1_619' title='bbox 2703 1653 2930 1726; x_wconf 81' lang='lat' dir='ltr'><strong>Spiritus</strong></span> <span class='ocrx_word' id='word_1_620' title='bbox 2958 1651 3056 1711; x_wconf 86' lang='lat' dir='ltr'><strong>Dei</strong></span> <span class='ocrx_word' id='word_1_621' title='bbox 3079 1655 3249 1710; x_wconf 87' lang='lat' dir='ltr'><strong>dictus</strong></span> <span class='ocrx_word' id='word_1_622' title='bbox 3278 1664 3379 1722; x_wconf 89' lang='lat' dir='ltr'><strong>est,</strong></span> <span class='ocrx_word' id='word_1_623' title='bbox 3410 1671 3515 1710; x_wconf 88' lang='lat' dir='ltr'><strong>non</strong></span> <span class='ocrx_word' id='word_1_624' title='bbox 3542 1653 3790 1722; x_wconf 77' lang='lat' dir='ltr'><strong>excludi-</strong></span> 
     </span>
    </p>
   </div>
   <div class='ocr_carea' id='block_1_76' title="bbox 2201 1744 3792 1816">
    <p class='ocr_par' dir='ltr' id='par_1_76' title="bbox 2201 1744 3792 1816">
     <span class='ocr_line' id='line_1_76' title="bbox 2201 1744 3792 1816; baseline 0.002 -19"><span class='ocrx_word' id='word_1_625' title='bbox 2201 1749 2288 1798; x_wconf 85' lang='lat' dir='ltr'><strong>tur</strong></span> <span class='ocrx_word' id='word_1_626' title='bbox 2310 1744 2582 1810; x_wconf 84' lang='lat' dir='ltr'><strong>Christus;</strong></span> <span class='ocrx_word' id='word_1_627' title='bbox 2610 1745 2687 1800; x_wconf 89' lang='lat' dir='ltr'><strong>sic</strong></span> <span class='ocrx_word' id='word_1_628' title='bbox 2711 1745 2777 1798; x_wconf 89' lang='lat' dir='ltr'><strong>ab</strong></span> <span class='ocrx_word' id='word_1_629' title='bbox 2815 1761 2878 1801; x_wconf 93' lang='lat' dir='ltr'><strong>eo</strong></span> <span class='ocrx_word' id='word_1_630' title='bbox 2903 1745 3043 1816; x_wconf 91' lang='lat' dir='ltr'><strong>quod</strong></span> <span class='ocrx_word' id='word_1_631' title='bbox 3072 1745 3230 1800; x_wconf 86' lang='lat' dir='ltr'><strong>Pater</strong></span> <span class='ocrx_word' id='word_1_632' title='bbox 3257 1754 3314 1800; x_wconf 91' lang='lat' dir='ltr'><strong>et</strong></span> <span class='ocrx_word' id='word_1_633' title='bbox 3340 1744 3582 1802; x_wconf 91' lang='lat' dir='ltr'><strong>Christus</strong></span> <span class='ocrx_word' id='word_1_634' title='bbox 3610 1744 3792 1814; x_wconf 81' lang='lat' dir='ltr'><strong>dictus</strong></span> 
     </span>
    </p>
   </div>
   <div class='ocr_carea' id='block_1_77' title="bbox 2199 1835 3788 1907">
    <p class='ocr_par' dir='ltr' id='par_1_77' title="bbox 2199 1835 3788 1907">
     <span class='ocr_line' id='line_1_77' title="bbox 2199 1835 3788 1907; baseline 0.001 -17"><span class='ocrx_word' id='word_1_635' title='bbox 2199 1845 2283 1890; x_wconf 90' lang='lat' dir='ltr'><strong>est</strong></span> <span class='ocrx_word' id='word_1_636' title='bbox 2309 1835 2454 1890; x_wconf 91' lang='lat' dir='ltr'><strong>solus</strong></span> <span class='ocrx_word' id='word_1_637' title='bbox 2473 1852 2632 1892; x_wconf 90' lang='lat' dir='ltr'><strong>verus</strong></span> <span class='ocrx_word' id='word_1_638' title='bbox 2654 1837 2814 1904; x_wconf 89' lang='lat' dir='ltr'><strong>Deus,</strong></span> <span class='ocrx_word' id='word_1_639' title='bbox 2838 1853 2943 1891; x_wconf 93' lang='lat' dir='ltr'><strong>non</strong></span> <span class='ocrx_word' id='word_1_640' title='bbox 2970 1837 3270 1893; x_wconf 79' lang='lat' dir='ltr'><strong>excluditur</strong></span> <span class='ocrx_word' id='word_1_641' title='bbox 3291 1836 3516 1907; x_wconf 88' lang='lat' dir='ltr'><strong>Spiritus</strong></span> <span class='ocrx_word' id='word_1_642' title='bbox 3541 1845 3788 1892; x_wconf 90' lang='lat' dir='ltr'><strong>sanctus.</strong></span> 
     </span>
    </p>
   </div>
   <div class='ocr_carea' id='block_1_78' title="bbox 2200 1927 3792 2010">
    <p class='ocr_par' dir='ltr' id='par_1_78' title="bbox 2200 1927 3792 2010">
     <span class='ocr_line' id='line_1_78' title="bbox 2200 1927 3792 2010; baseline 0.001 -26"><span class='ocrx_word' id='word_1_643' title='bbox 2200 1927 2292 1984; x_wconf 90' lang='lat' dir='ltr'><strong>Sic</strong></span> <span class='ocrx_word' id='word_1_644' title='bbox 2320 1937 2375 1985; x_wconf 91' lang='lat' dir='ltr'><strong>et</strong></span> <span class='ocrx_word' id='word_1_645' title='bbox 2403 1945 2595 1985; x_wconf 90' lang='lat' dir='ltr'><strong>nomen</strong></span> <span class='ocrx_word' id='word_1_646' title='bbox 2634 1930 2762 2009; x_wconf 86' lang='lat' dir='ltr'><strong>illud</strong></span> <span class='ocrx_word' id='word_1_647' title='bbox 2807 1931 2948 2000; x_wconf 88' lang='lat' dir='ltr'><strong>quod</strong></span> <span class='ocrx_word' id='word_1_648' title='bbox 2989 1931 3042 1986; x_wconf 90' lang='lat' dir='ltr'><strong>in</strong></span> <span class='ocrx_word' id='word_1_649' title='bbox 3084 1929 3404 2010; x_wconf 83' lang='lat' dir='ltr'><strong>Apocalypsi</strong></span> <span class='ocrx_word' id='word_1_650' title='bbox 3443 1943 3598 1985; x_wconf 89' lang='lat' dir='ltr'><strong>nemo</strong></span> <span class='ocrx_word' id='word_1_651' title='bbox 3625 1944 3792 1986; x_wconf 85' lang='lat' dir='ltr'><strong>nosse</strong></span> 
     </span>
    </p>
   </div>
   <div class='ocr_carea' id='block_1_79' title="bbox 2201 2020 3786 2094">
    <p class='ocr_par' dir='ltr' id='par_1_79' title="bbox 2201 2020 3786 2094">
     <span class='ocr_line' id='line_1_79' title="bbox 2201 2020 3786 2094; baseline 0.001 -19"><span class='ocrx_word' id='word_1_652' title='bbox 2201 2020 2374 2076; x_wconf 90' lang='lat' dir='ltr'><strong>dictus</strong></span> <span class='ocrx_word' id='word_1_653' title='bbox 2403 2031 2502 2087; x_wconf 89' lang='lat' dir='ltr'><strong>est,</strong></span> <span class='ocrx_word' id='word_1_654' title='bbox 2533 2021 2630 2076; x_wconf 89' lang='lat' dir='ltr'><strong>nisi</strong></span> <span class='ocrx_word' id='word_1_655' title='bbox 2660 2023 2771 2092; x_wconf 89' lang='lat' dir='ltr'><strong>ipse</strong></span> <span class='ocrx_word' id='word_1_656' title='bbox 2793 2023 2882 2094; x_wconf 89' lang='lat' dir='ltr'><strong>qui</strong></span> <span class='ocrx_word' id='word_1_657' title='bbox 2910 2022 3012 2077; x_wconf 90' lang='lat' dir='ltr'><strong>hoc</strong></span> <span class='ocrx_word' id='word_1_658' title='bbox 3043 2022 3263 2078; x_wconf 85' lang='lat' dir='ltr'><strong>habebat</strong></span> <span class='ocrx_word' id='word_1_659' title='bbox 3297 2022 3550 2094; x_wconf 89' lang='lat' dir='ltr'><strong>scriptum</strong></span> <span class='ocrx_word' id='word_1_660' title='bbox 3579 2022 3786 2094; x_wconf 81' lang='lat' dir='ltr'><strong>(Apoc.</strong></span> 
     </span>
    </p>
   </div>
   <div class='ocr_carea' id='block_1_80' title="bbox 2200 2101 3788 2185">
    <p class='ocr_par' dir='ltr' id='par_1_80' title="bbox 2200 2101 3788 2185">
     <span class='ocr_line' id='line_1_80' title="bbox 2200 2101 3788 2185; baseline 0.002 -18"><span class='ocrx_word' id='word_1_661' title='bbox 2200 2128 2292 2168; x_wconf 69' lang='grc' dir='ltr'><strong>ιιι</strong></span> <span class='ocrx_word' id='word_1_662' title='bbox 2313 2154 2329 2179; x_wconf 90' lang='grc'><em>,</em></span> <span class='ocrx_word' id='word_1_663' title='bbox 2359 2112 2457 2185; x_wconf 73' lang='grc'><strong>12)</strong></span> <span class='ocrx_word' id='word_1_664' title='bbox 2484 2155 2498 2178; x_wconf 92' lang='grc'><em>,</em></span> <span class='ocrx_word' id='word_1_665' title='bbox 2531 2113 2584 2168; x_wconf 89' lang='lat' dir='ltr'><strong>id</strong></span> <span class='ocrx_word' id='word_1_666' title='bbox 2609 2122 2690 2169; x_wconf 91' lang='lat' dir='ltr'><strong>est</strong></span> <span class='ocrx_word' id='word_1_667' title='bbox 2729 2114 2966 2169; x_wconf 85' lang='lat' dir='ltr'><strong>Christus</strong></span> <span class='ocrx_word' id='word_1_668' title='bbox 2989 2157 3005 2183; x_wconf 90' lang='lat'><strong>,</strong></span> <span class='ocrx_word' id='word_1_669' title='bbox 3038 2121 3260 2172; x_wconf 82' lang='lat' dir='ltr'><strong>noverat</strong></span> <span class='ocrx_word' id='word_1_670' title='bbox 3283 2101 3465 2184; x_wconf 83' lang='lat' dir='ltr'><strong>utique</strong></span> <span class='ocrx_word' id='word_1_671' title='bbox 3491 2123 3547 2182; x_wconf 75' lang='lat' dir='ltr'><strong>et</strong></span> <span class='ocrx_word' id='word_1_672' title='bbox 3588 2114 3788 2181; x_wconf 83' lang='lat' dir='ltr'><strong>Pater,</strong></span> 
     </span>
    </p>
   </div>
   <div class='ocr_carea' id='block_1_81' title="bbox 2201 2205 3787 2277">
    <p class='ocr_par' dir='ltr' id='par_1_81' title="bbox 2201 2205 3787 2277">
     <span class='ocr_line' id='line_1_81' title="bbox 2201 2205 3787 2277; baseline 0.002 -18"><span class='ocrx_word' id='word_1_673' title='bbox 2201 2205 2342 2276; x_wconf 89' lang='lat' dir='ltr'><strong>quod</strong></span> <span class='ocrx_word' id='word_1_674' title='bbox 2365 2221 2557 2276; x_wconf 86' lang='lat' dir='ltr'><strong>negare</strong></span> <span class='ocrx_word' id='word_1_675' title='bbox 2579 2222 2684 2277; x_wconf 82' lang='lat' dir='ltr'><strong>non</strong></span> <span class='ocrx_word' id='word_1_676' title='bbox 2706 2207 2955 2276; x_wconf 89' lang='lat' dir='ltr'><strong>potestis;</strong></span> <span class='ocrx_word' id='word_1_677' title='bbox 2986 2215 3204 2262; x_wconf 77' lang='lat' dir='ltr'><strong>noverat</strong></span> <span class='ocrx_word' id='word_1_678' title='bbox 3223 2217 3275 2262; x_wconf 89' lang='lat' dir='ltr'><strong>et</strong></span> <span class='ocrx_word' id='word_1_679' title='bbox 3295 2207 3521 2277; x_wconf 88' lang='lat' dir='ltr'><strong>Spiritus</strong></span> <span class='ocrx_word' id='word_1_680' title='bbox 3541 2217 3787 2277; x_wconf 83' lang='lat' dir='ltr'><strong>sanctus,</strong></span> 
     </span>
    </p>
   </div>
   <div class='ocr_carea' id='block_1_82' title="bbox 2201 2273 3792 2370">
    <p class='ocr_par' dir='ltr' id='par_1_82' title="bbox 2201 2273 3792 2370">
     <span class='ocr_line' id='line_1_82' title="bbox 2201 2273 3792 2370; baseline 0.001 -18"><span class='ocrx_word' id='word_1_681' title='bbox 2201 2298 2408 2352; x_wconf 90' lang='lat' dir='ltr'><strong>etiamsi</strong></span> <span class='ocrx_word' id='word_1_682' title='bbox 2438 2273 2658 2368; x_wconf 42' lang='lat' dir='ltr'><strong>negetis:</strong></span> <span class='ocrx_word' id='word_1_683' title='bbox 2689 2295 2916 2370; x_wconf 86' lang='lat' dir='ltr'><strong>Spiritus</strong></span> <span class='ocrx_word' id='word_1_684' title='bbox 2944 2298 3073 2353; x_wconf 86' lang='lat' dir='ltr'><strong>enim</strong></span> <span class='ocrx_word' id='word_1_685' title='bbox 3112 2300 3280 2352; x_wconf 83' lang='lat' dir='ltr'><strong>omnia</strong></span> <span class='ocrx_word' id='word_1_686' title='bbox 3315 2308 3601 2368; x_wconf 86' lang='lat' dir='ltr'><strong>scrutatur,</strong></span> <span class='ocrx_word' id='word_1_687' title='bbox 3632 2300 3792 2354; x_wconf 85' lang='lat' dir='ltr'><strong>etiam</strong></span> 
     </span>
    </p>
   </div>
   <div class='ocr_carea' id='block_1_83' title="bbox 2201 2385 3790 2462">
    <p class='ocr_par' dir='ltr' id='par_1_83' title="bbox 2201 2385 3790 2462">
     <span class='ocr_line' id='line_1_83' title="bbox 2201 2385 3790 2462; baseline 0.003 -20"><span class='ocrx_word' id='word_1_688' title='bbox 2201 2389 2492 2443; x_wconf 80' lang='lat' dir='ltr'><strong>altitudines</strong></span> <span class='ocrx_word' id='word_1_689' title='bbox 2517 2385 2617 2456; x_wconf 83' lang='lat' dir='ltr'><strong>Dei</strong></span> <span class='ocrx_word' id='word_1_690' title='bbox 2650 2390 2702 2462; x_wconf 91' lang='grc' dir='ltr'>(Ι</span> <span class='ocrx_word' id='word_1_691' title='bbox 2735 2389 2850 2444; x_wconf 84' lang='lat' dir='ltr'><strong>Cor.</strong></span> <span class='ocrx_word' id='word_1_692' title='bbox 2882 2404 2942 2456; x_wconf 87' lang='grc' dir='ltr'><strong>ιι,</strong></span> <span class='ocrx_word' id='word_1_693' title='bbox 2978 2389 3102 2462; x_wconf 78' lang='grc'><strong>10).</strong></span> <span class='ocrx_word' id='word_1_694' title='bbox 3127 2387 3237 2444; x_wconf 86' lang='lat' dir='ltr'><strong>Nisi</strong></span> <span class='ocrx_word' id='word_1_695' title='bbox 3265 2389 3400 2445; x_wconf 84' lang='lat' dir='ltr'><strong>forte</strong></span> <span class='ocrx_word' id='word_1_696' title='bbox 3423 2390 3545 2460; x_wconf 83' lang='lat' dir='ltr'><strong>quia</strong></span> <span class='ocrx_word' id='word_1_697' title='bbox 3575 2399 3790 2460; x_wconf 84' lang='lat' dir='ltr'><strong>scruta-</strong></span> 
     </span>
    </p>
   </div>
   <div class='ocr_carea' id='block_1_84' title="bbox 2201 2479 3834 2556">
    <p class='ocr_par' dir='ltr' id='par_1_84' title="bbox 2201 2479 3834 2556">
     <span class='ocr_line' id='line_1_84' title="bbox 2201 2479 3834 2556; baseline 0.004 -22"><span class='ocrx_word' id='word_1_698' title='bbox 2201 2486 2286 2534; x_wconf 89' lang='lat' dir='ltr'><strong>tor</strong></span> <span class='ocrx_word' id='word_1_699' title='bbox 2320 2479 2489 2535; x_wconf 90' lang='lat' dir='ltr'><strong>dictus</strong></span> <span class='ocrx_word' id='word_1_700' title='bbox 2535 2489 2616 2536; x_wconf 88' lang='lat' dir='ltr'><strong>est</strong></span> <span class='ocrx_word' id='word_1_701' title='bbox 2640 2522 2654 2547; x_wconf 93' lang='lat'><strong>,</strong></span> <span class='ocrx_word' id='word_1_702' title='bbox 2685 2490 2904 2552; x_wconf 84' lang='lat' dir='ltr'><strong>negatur</strong></span> <span class='ocrx_word' id='word_1_703' title='bbox 2929 2479 3330 2552; x_wconf 86' lang='lat' dir='ltr'><strong>apprehendere</strong></span> <span class='ocrx_word' id='word_1_704' title='bbox 3358 2498 3374 2546; x_wconf 87' lang='lat'><strong>_:</strong></span> <span class='ocrx_word' id='word_1_705' title='bbox 3408 2490 3629 2554; x_wconf 77' lang='lat' dir='ltr'><strong>negetur</strong></span> <span class='ocrx_word' id='word_1_706' title='bbox 3656 2497 3792 2556; x_wconf 85' lang='lat' dir='ltr'><strong>ergo</strong></span> <span class='ocrx_word' id='word_1_707' title='bbox 3831 2503 3834 2506; x_wconf 93' lang='grc'>·</span> 
     </span>
    </p>
   </div>
   <div class='ocr_carea' id='block_1_85' title="bbox 2201 2561 3791 2644">
    <p class='ocr_par' dir='ltr' id='par_1_85' title="bbox 2201 2561 3791 2644">
     <span class='ocr_line' id='line_1_85' title="bbox 2201 2561 3791 2644; baseline 0.003 -18"><span class='ocrx_word' id='word_1_708' title='bbox 2201 2570 2342 2627; x_wconf 88' lang='lat' dir='ltr'><strong>Deus</strong></span> <span class='ocrx_word' id='word_1_709' title='bbox 2379 2571 2776 2644; x_wconf 88' lang='lat' dir='ltr'><strong>apprehendere</strong></span> <span class='ocrx_word' id='word_1_710' title='bbox 2806 2561 2970 2627; x_wconf 78' lang='lat' dir='ltr'><strong>corda</strong></span> <span class='ocrx_word' id='word_1_711' title='bbox 3007 2581 3062 2628; x_wconf 90' lang='lat' dir='ltr'><strong>et</strong></span> <span class='ocrx_word' id='word_1_712' title='bbox 3107 2587 3262 2629; x_wconf 89' lang='lat' dir='ltr'><strong>renes</strong></span> <span class='ocrx_word' id='word_1_713' title='bbox 3302 2572 3612 2641; x_wconf 88' lang='lat' dir='ltr'><strong>hominum;</strong></span> <span class='ocrx_word' id='word_1_714' title='bbox 3644 2576 3791 2630; x_wconf 88' lang='lat' dir='ltr'><strong>scri-</strong></span> 
     </span>
    </p>
   </div>
   <div class='ocr_carea' id='block_1_86' title="bbox 2201 2663 3788 2739">
    <p class='ocr_par' dir='ltr' id='par_1_86' title="bbox 2201 2663 3788 2739">
     <span class='ocr_line' id='line_1_86' title="bbox 2201 2663 3788 2739; baseline 0.003 -21"><span class='ocrx_word' id='word_1_715' title='bbox 2201 2670 2349 2734; x_wconf 87' lang='lat' dir='ltr'><strong>ptum</strong></span> <span class='ocrx_word' id='word_1_716' title='bbox 2376 2672 2459 2719; x_wconf 89' lang='lat' dir='ltr'><strong>est</strong></span> <span class='ocrx_word' id='word_1_717' title='bbox 2497 2665 2637 2719; x_wconf 91' lang='lat' dir='ltr'><strong>enim</strong></span> <span class='ocrx_word' id='word_1_718' title='bbox 2664 2706 2678 2731; x_wconf 92' lang='lat'><strong>,</strong></span> <span class='ocrx_word' id='word_1_719' title='bbox 2707 2663 2954 2720; x_wconf 82' lang='lat' dir='ltr'><strong>Scrutans</strong></span> <span class='ocrx_word' id='word_1_720' title='bbox 2992 2664 3146 2720; x_wconf 88' lang='lat' dir='ltr'><strong>corda</strong></span> <span class='ocrx_word' id='word_1_721' title='bbox 3185 2673 3231 2719; x_wconf 91' lang='lat' dir='ltr'><strong>et</strong></span> <span class='ocrx_word' id='word_1_722' title='bbox 3269 2681 3413 2722; x_wconf 88' lang='lat' dir='ltr'><strong>renes</strong></span> <span class='ocrx_word' id='word_1_723' title='bbox 3438 2665 3575 2736; x_wconf 82' lang='lat' dir='ltr'><strong>Deus</strong></span> <span class='ocrx_word' id='word_1_724' title='bbox 3603 2665 3788 2739; x_wconf 85' lang='lat' dir='ltr'><strong>(Psal.</strong></span> 
     </span>
    </p>
   </div>
   <div class='ocr_carea' id='block_1_87' title="bbox 2199 2739 3791 2828">
    <p class='ocr_par' dir='ltr' id='par_1_87' title="bbox 2199 2739 3791 2828">
     <span class='ocr_line' id='line_1_87' title="bbox 2199 2739 3791 2828; baseline 0.003 -18"><span class='ocrx_word' id='word_1_725' title='bbox 2199 2771 2294 2822; x_wconf 88' lang='lat' dir='ltr'><strong>vu,</strong></span> <span class='ocrx_word' id='word_1_726' title='bbox 2325 2757 2390 2810; x_wconf 79' lang='grc'><strong>10</strong></span> <span class='ocrx_word' id='word_1_727' title='bbox 2407 2757 2446 2826; x_wconf 89' lang='grc'><strong>).</strong></span> <span class='ocrx_word' id='word_1_728' title='bbox 2475 2754 2548 2810; x_wconf 84' lang='lat' dir='ltr'><strong>Ita</strong></span> <span class='ocrx_word' id='word_1_729' title='bbox 2579 2771 2705 2828; x_wconf 86' lang='lat' dir='ltr'><strong>ergo</strong></span> <span class='ocrx_word' id='word_1_730' title='bbox 2727 2755 2899 2811; x_wconf 89' lang='lat' dir='ltr'><strong>dictus</strong></span> <span class='ocrx_word' id='word_1_731' title='bbox 2919 2765 3003 2812; x_wconf 90' lang='lat' dir='ltr'><strong>est</strong></span> <span class='ocrx_word' id='word_1_732' title='bbox 3026 2757 3172 2813; x_wconf 90' lang='lat' dir='ltr'><strong>solus</strong></span> <span class='ocrx_word' id='word_1_733' title='bbox 3195 2771 3354 2813; x_wconf 85' lang='lat' dir='ltr'><strong>verus</strong></span> <span class='ocrx_word' id='word_1_734' title='bbox 3381 2758 3522 2814; x_wconf 89' lang='lat' dir='ltr'><strong>Deus</strong></span> <span class='ocrx_word' id='word_1_735' title='bbox 3542 2739 3703 2820; x_wconf 80' lang='lat' dir='ltr'><strong>Pater</strong></span> <span class='ocrx_word' id='word_1_736' title='bbox 3730 2767 3791 2815; x_wconf 88' lang='lat' dir='ltr'><strong>et</strong></span> 
     </span>
    </p>
   </div>
   <div class='ocr_carea' id='block_1_88' title="bbox 2199 2845 3790 2924">
    <p class='ocr_par' dir='ltr' id='par_1_88' title="bbox 2199 2845 3790 2924">
     <span class='ocr_line' id='line_1_88' title="bbox 2199 2845 3790 2924; baseline 0.003 -23"><span class='ocrx_word' id='word_1_737' title='bbox 2199 2845 2355 2902; x_wconf 70' lang='lat' dir='ltr'><strong>iesus</strong></span> <span class='ocrx_word' id='word_1_738' title='bbox 2374 2845 2636 2910; x_wconf 82' lang='lat' dir='ltr'><strong>Christus,</strong></span> <span class='ocrx_word' id='word_1_739' title='bbox 2661 2855 2718 2901; x_wconf 91' lang='lat' dir='ltr'><strong>ut</strong></span> <span class='ocrx_word' id='word_1_740' title='bbox 2745 2847 2812 2902; x_wconf 89' lang='lat' dir='ltr'><strong>ab</strong></span> <span class='ocrx_word' id='word_1_741' title='bbox 2841 2850 2940 2902; x_wconf 86' lang='lat' dir='ltr'><strong>hac</strong></span> <span class='ocrx_word' id='word_1_742' title='bbox 2963 2848 3188 2904; x_wconf 82' lang='lat' dir='ltr'><strong>veritate</strong></span> <span class='ocrx_word' id='word_1_743' title='bbox 3216 2848 3427 2904; x_wconf 88' lang='lat' dir='ltr'><strong>deitatis</strong></span> <span class='ocrx_word' id='word_1_744' title='bbox 3449 2849 3596 2924; x_wconf 79' lang='lat' dir='ltr'><strong>nullo</strong></span> <span class='ocrx_word' id='word_1_745' title='bbox 3620 2849 3790 2922; x_wconf 81' lang='lat' dir='ltr'><strong>modo</strong></span> 
     </span>
    </p>
   </div>
   <div class='ocr_carea' id='block_1_89' title="bbox 2183 2937 3792 3014">
    <p class='ocr_par' dir='ltr' id='par_1_89' title="bbox 2183 2937 3792 3014">
     <span class='ocr_line' id='line_1_89' title="bbox 2183 2937 3792 3014; baseline 0.004 -22"><span class='ocrx_word' id='word_1_746' title='bbox 2183 2937 2523 2993; x_wconf 81' lang='lat' dir='ltr'><strong>alienaretur</strong></span> <span class='ocrx_word' id='word_1_747' title='bbox 2564 2938 2790 3009; x_wconf 89' lang='lat' dir='ltr'><strong>Spiritus</strong></span> <span class='ocrx_word' id='word_1_748' title='bbox 2841 2949 3074 2995; x_wconf 87' lang='lat' dir='ltr'><strong>sanctus.</strong></span> <span class='ocrx_word' id='word_1_749' title='bbox 3118 2939 3236 2995; x_wconf 84' lang='lat' dir='ltr'><strong>Non</strong></span> <span class='ocrx_word' id='word_1_750' title='bbox 3281 2948 3456 2996; x_wconf 90' lang='lat' dir='ltr'><strong>autem</strong></span> <span class='ocrx_word' id='word_1_751' title='bbox 3487 2941 3693 3012; x_wconf 80' lang='lat' dir='ltr'><strong>Filius,</strong></span> <span class='ocrx_word' id='word_1_752' title='bbox 3727 2953 3792 3014; x_wconf 85' lang='lat' dir='ltr'><strong>ut</strong></span> 
     </span>
    </p>
   </div>
   <div class='ocr_carea' id='block_1_90' title="bbox 2201 3031 3792 3110">
    <p class='ocr_par' dir='ltr' id='par_1_90' title="bbox 2201 3031 3792 3110">
     <span class='ocr_line' id='line_1_90' title="bbox 2201 3031 3792 3110; baseline 0.002 -24"><span class='ocrx_word' id='word_1_753' title='bbox 2201 3033 2296 3106; x_wconf 84' lang='lat' dir='ltr'><strong>tibi</strong></span> <span class='ocrx_word' id='word_1_754' title='bbox 2321 3031 2549 3097; x_wconf 88' lang='lat' dir='ltr'><strong>videtur,</strong></span> <span class='ocrx_word' id='word_1_755' title='bbox 2584 3031 2745 3087; x_wconf 87' lang='lat' dir='ltr'><strong>solum</strong></span> <span class='ocrx_word' id='word_1_756' title='bbox 2772 3040 3025 3104; x_wconf 88' lang='lat' dir='ltr'><strong>potentem</strong></span> <span class='ocrx_word' id='word_1_757' title='bbox 3047 3073 3062 3099; x_wconf 93' lang='lat'><strong>,</strong></span> <span class='ocrx_word' id='word_1_758' title='bbox 3087 3033 3250 3088; x_wconf 87' lang='lat' dir='ltr'><strong>solum</strong></span> <span class='ocrx_word' id='word_1_759' title='bbox 3274 3034 3550 3104; x_wconf 85' lang='lat' dir='ltr'><strong>sapientem</strong></span> <span class='ocrx_word' id='word_1_760' title='bbox 3570 3075 3586 3100; x_wconf 94' lang='lat'><strong>,</strong></span> <span class='ocrx_word' id='word_1_761' title='bbox 3618 3035 3792 3110; x_wconf 78' lang='lat' dir='ltr'><strong>solum</strong></span> 
     </span>
    </p>
   </div>
   <div class='ocr_carea' id='block_1_91' title="bbox 2198 3123 3792 3198">
    <p class='ocr_par' dir='ltr' id='par_1_91' title="bbox 2198 3123 3792 3198">
     <span class='ocr_line' id='line_1_91' title="bbox 2198 3123 3792 3198; baseline 0.003 -18"><span class='ocrx_word' id='word_1_762' title='bbox 2198 3123 2384 3180; x_wconf 82' lang='lat' dir='ltr'><strong>bonum</strong></span> <span class='ocrx_word' id='word_1_763' title='bbox 2411 3123 2619 3179; x_wconf 87' lang='lat' dir='ltr'><strong>Patrem</strong></span> <span class='ocrx_word' id='word_1_764' title='bbox 2658 3125 2786 3180; x_wconf 91' lang='lat' dir='ltr'><strong>dicit</strong></span> <span class='ocrx_word' id='word_1_765' title='bbox 2824 3141 2934 3180; x_wconf 84' lang='lat' dir='ltr'><strong>esse</strong></span> <span class='ocrx_word' id='word_1_766' title='bbox 2979 3123 3158 3180; x_wconf 89' lang='lat' dir='ltr'><strong>Deum.</strong></span> <span class='ocrx_word' id='word_1_767' title='bbox 3191 3125 3331 3192; x_wconf 86' lang='lat' dir='ltr'><strong>Deus</strong></span> <span class='ocrx_word' id='word_1_768' title='bbox 3358 3135 3534 3182; x_wconf 89' lang='lat' dir='ltr'><strong>autem</strong></span> <span class='ocrx_word' id='word_1_769' title='bbox 3565 3141 3699 3184; x_wconf 90' lang='lat' dir='ltr'><strong>unus</strong></span> <span class='ocrx_word' id='word_1_770' title='bbox 3730 3137 3792 3198; x_wconf 85' lang='lat' dir='ltr'><strong>et</strong></span> 
     </span>
    </p>
   </div>
   <div class='ocr_carea' id='block_1_92' title="bbox 2198 3215 3790 3290">
    <p class='ocr_par' dir='ltr' id='par_1_92' title="bbox 2198 3215 3790 3290">
     <span class='ocr_line' id='line_1_92' title="bbox 2198 3215 3790 3290; baseline 0 -17"><span class='ocrx_word' id='word_1_771' title='bbox 2198 3218 2344 3274; x_wconf 82' lang='lat' dir='ltr'><strong>solus</strong></span> <span class='ocrx_word' id='word_1_772' title='bbox 2370 3225 2452 3272; x_wconf 88' lang='lat' dir='ltr'><strong>est</strong></span> <span class='ocrx_word' id='word_1_773' title='bbox 2479 3216 2589 3286; x_wconf 84' lang='lat' dir='ltr'><strong>ipsa</strong></span> <span class='ocrx_word' id='word_1_774' title='bbox 2617 3215 2847 3271; x_wconf 82' lang='lat' dir='ltr'><strong>Trinitas</strong></span> <span class='ocrx_word' id='word_1_775' title='bbox 2868 3257 2884 3283; x_wconf 88' lang='lat'><strong>,</strong></span> <span class='ocrx_word' id='word_1_776' title='bbox 2913 3223 2972 3272; x_wconf 92' lang='lat' dir='ltr'><strong>ut</strong></span> <span class='ocrx_word' id='word_1_777' title='bbox 2995 3215 3281 3285; x_wconf 86' lang='lat' dir='ltr'><strong>ostendunt</strong></span> <span class='ocrx_word' id='word_1_778' title='bbox 3305 3231 3369 3273; x_wconf 91' lang='lat' dir='ltr'><strong>ea</strong></span> <span class='ocrx_word' id='word_1_779' title='bbox 3392 3231 3511 3289; x_wconf 76' lang='lat' dir='ltr'><strong>qua:</strong></span> <span class='ocrx_word' id='word_1_780' title='bbox 3535 3217 3790 3290; x_wconf 87' lang='lat' dir='ltr'><strong>superius</strong></span> 
     </span>
    </p>
   </div>
   <div class='ocr_carea' id='block_1_93' title="bbox 2193 3299 3416 3381">
    <p class='ocr_par' dir='ltr' id='par_1_93' title="bbox 2193 3299 3416 3381">
     <span class='ocr_line' id='line_1_93' title="bbox 2193 3299 3416 3381; baseline -0.003 -17"><span class='ocrx_word' id='word_1_781' title='bbox 2193 3313 2303 3381; x_wconf 79' lang='lat' dir='ltr'><strong>jam</strong></span> <span class='ocrx_word' id='word_1_782' title='bbox 2332 3309 2623 3378; x_wconf 62' lang='lat' dir='ltr'><strong>sepissime</strong></span> <span class='ocrx_word' id='word_1_783' title='bbox 2650 3307 2901 3362; x_wconf 81' lang='lat' dir='ltr'><strong>diximus.</strong></span> <span class='ocrx_word' id='word_1_784' title='bbox 3413 3299 3416 3304; x_wconf 78' lang='grc'><strong>’</strong></span> 
     </span>
    </p>
   </div>
   <div class='ocr_carea' id='block_1_94' title="bbox 2269 3399 3788 3476">
    <p class='ocr_par' dir='ltr' id='par_1_94' title="bbox 2269 3399 3788 3476">
     <span class='ocr_line' id='line_1_94' title="bbox 2269 3399 3788 3476; baseline -0.001 -20"><span class='ocrx_word' id='word_1_785' title='bbox 2269 3400 2321 3456; x_wconf 81' lang='grc'><strong>5.</strong></span> <span class='ocrx_word' id='word_1_786' title='bbox 2363 3400 2512 3466; x_wconf 81' lang='lat' dir='ltr'><strong>Quod</strong></span> <span class='ocrx_word' id='word_1_787' title='bbox 2555 3409 2732 3454; x_wconf 83' lang='lat' dir='ltr'><strong>autem</strong></span> <span class='ocrx_word' id='word_1_788' title='bbox 2777 3415 2878 3454; x_wconf 89' lang='lat' dir='ltr'><strong>non</strong></span> <span class='ocrx_word' id='word_1_789' title='bbox 2929 3399 3269 3470; x_wconf 79' lang='lat' dir='ltr'><strong>proﬁcientem</strong></span> <span class='ocrx_word' id='word_1_790' title='bbox 3296 3443 3314 3470; x_wconf 91' lang='lat'><strong>,</strong></span> <span class='ocrx_word' id='word_1_791' title='bbox 3358 3401 3446 3454; x_wconf 85' lang='lat' dir='ltr'><strong>sed</strong></span> <span class='ocrx_word' id='word_1_792' title='bbox 3501 3401 3788 3476; x_wconf 80' lang='lat' dir='ltr'><strong>perfectum</strong></span> 
     </span>
    </p>
   </div>
   <div class='ocr_carea' id='block_1_95' title="bbox 2198 3491 3786 3565">
    <p class='ocr_par' dir='ltr' id='par_1_95' title="bbox 2198 3491 3786 3565">
     <span class='ocr_line' id='line_1_95' title="bbox 2198 3491 3786 3565; baseline 0.001 -16"><span class='ocrx_word' id='word_1_793' title='bbox 2198 3495 2335 3551; x_wconf 82' lang='lat' dir='ltr'><strong>Deus</strong></span> <span class='ocrx_word' id='word_1_794' title='bbox 2366 3493 2520 3548; x_wconf 86' lang='lat' dir='ltr'><strong>Pater</strong></span> <span class='ocrx_word' id='word_1_795' title='bbox 2547 3494 2767 3565; x_wconf 83' lang='lat' dir='ltr'><strong>genuerit</strong></span> <span class='ocrx_word' id='word_1_796' title='bbox 2807 3491 3000 3547; x_wconf 84' lang='lat' dir='ltr'><strong>Filium</strong></span> <span class='ocrx_word' id='word_1_797' title='bbox 3043 3493 3234 3562; x_wconf 84' lang='lat' dir='ltr'><strong>Deum;</strong></span> <span class='ocrx_word' id='word_1_798' title='bbox 3263 3509 3449 3564; x_wconf 81' lang='lat' dir='ltr'><strong>verum</strong></span> <span class='ocrx_word' id='word_1_799' title='bbox 3491 3494 3645 3551; x_wconf 87' lang='lat' dir='ltr'><strong>dicis.</strong></span> <span class='ocrx_word' id='word_1_800' title='bbox 3675 3494 3786 3553; x_wconf 86' lang='lat' dir='ltr'><strong>Sed</strong></span> 
     </span>
    </p>
   </div>
   <div class='ocr_carea' id='block_1_96' title="bbox 2199 3583 3784 3659">
    <p class='ocr_par' dir='ltr' id='par_1_96' title="bbox 2199 3583 3784 3659">
     <span class='ocr_line' id='line_1_96' title="bbox 2199 3583 3784 3659; baseline -0.001 -16"><span class='ocrx_word' id='word_1_801' title='bbox 2199 3588 2338 3659; x_wconf 89' lang='lat' dir='ltr'><strong>quod</strong></span> <span class='ocrx_word' id='word_1_802' title='bbox 2361 3589 2526 3657; x_wconf 83' lang='lat' dir='ltr'><strong>ipsum</strong></span> <span class='ocrx_word' id='word_1_803' title='bbox 2553 3584 2673 3640; x_wconf 88' lang='lat' dir='ltr'><strong>Filii</strong></span> <span class='ocrx_word' id='word_1_804' title='bbox 2706 3583 3102 3656; x_wconf 83' lang='lat' dir='ltr'><strong>perfectionem,</strong></span> <span class='ocrx_word' id='word_1_805' title='bbox 3132 3585 3441 3656; x_wconf 80' lang='lat' dir='ltr'><strong>perfectioni</strong></span> <span class='ocrx_word' id='word_1_806' title='bbox 3471 3585 3643 3640; x_wconf 86' lang='lat' dir='ltr'><strong>Patris</strong></span> <span class='ocrx_word' id='word_1_807' title='bbox 3673 3602 3784 3642; x_wconf 91' lang='lat' dir='ltr'><strong>non</strong></span> 
     </span>
    </p>
   </div>
   <div class='ocr_carea' id='block_1_97' title="bbox 2199 3663 3788 3751">
    <p class='ocr_par' dir='ltr' id='par_1_97' title="bbox 2199 3663 3788 3751">
     <span class='ocr_line' id='line_1_97' title="bbox 2199 3663 3788 3751; baseline 0.001 -17"><span class='ocrx_word' id='word_1_808' title='bbox 2199 3681 2278 3736; x_wconf 89' lang='lat' dir='ltr'><strong>vis</strong></span> <span class='ocrx_word' id='word_1_809' title='bbox 2315 3695 2561 3750; x_wconf 67' lang='lat' dir='ltr'><strong>arquare;</strong></span> <span class='ocrx_word' id='word_1_810' title='bbox 2588 3679 2688 3733; x_wconf 90' lang='lat' dir='ltr'><strong>hoc</strong></span> <span class='ocrx_word' id='word_1_811' title='bbox 2728 3678 2915 3734; x_wconf 78' lang='lat' dir='ltr'><strong>falsum</strong></span> <span class='ocrx_word' id='word_1_812' title='bbox 2958 3678 3088 3734; x_wconf 90' lang='lat' dir='ltr'><strong>dicis</strong></span> <span class='ocrx_word' id='word_1_813' title='bbox 3109 3663 3200 3744; x_wconf 23' lang='lat' dir='ltr'><strong>,I‘et</strong></span> <span class='ocrx_word' id='word_1_814' title='bbox 3237 3679 3444 3734; x_wconf 85' lang='lat' dir='ltr'><strong>veritati</strong></span> <span class='ocrx_word' id='word_1_815' title='bbox 3490 3695 3590 3751; x_wconf 86' lang='lat' dir='ltr'><strong>qua</strong></span> <span class='ocrx_word' id='word_1_816' title='bbox 3622 3695 3788 3736; x_wconf 85' lang='lat' dir='ltr'><strong>verus</strong></span> 
     </span>
    </p>
   </div>
   <div class='ocr_carea' id='block_1_98' title="bbox 2184 3767 3785 3842">
    <p class='ocr_par' dir='ltr' id='par_1_98' title="bbox 2184 3767 3785 3842">
     <span class='ocr_line' id='line_1_98' title="bbox 2184 3767 3785 3842; baseline -0.002 -13"><span class='ocrx_word' id='word_1_817' title='bbox 2184 3781 2281 3832; x_wconf 75' lang='grc' dir='ltr'><strong>,ρει</strong></span> <span class='ocrx_word' id='word_1_818' title='bbox 2308 3771 2473 3826; x_wconf 83' lang='lat' dir='ltr'><strong>Filius</strong></span> <span class='ocrx_word' id='word_1_819' title='bbox 2509 3769 2848 3825; x_wconf 82' lang='lat' dir='ltr'><strong>contradicis.</strong></span> <span class='ocrx_word' id='word_1_820' title='bbox 2883 3767 3047 3838; x_wconf 80' lang='lat' dir='ltr'><strong>Homo</strong></span> <span class='ocrx_word' id='word_1_821' title='bbox 3077 3771 3207 3838; x_wconf 85' lang='lat' dir='ltr'><strong>enim</strong></span> <span class='ocrx_word' id='word_1_822' title='bbox 3245 3770 3290 3824; x_wconf 88' lang='lat' dir='ltr'><strong>si</strong></span> <span class='ocrx_word' id='word_1_823' title='bbox 3319 3779 3481 3841; x_wconf 85' lang='lat' dir='ltr'><strong>posset</strong></span> <span class='ocrx_word' id='word_1_824' title='bbox 3507 3811 3524 3836; x_wconf 92' lang='lat'><strong>,</strong></span> <span class='ocrx_word' id='word_1_825' title='bbox 3558 3770 3734 3842; x_wconf 89' lang='lat' dir='ltr'><strong>inquis</strong></span> <span class='ocrx_word' id='word_1_826' title='bbox 3763 3813 3785 3838; x_wconf 86' lang='lat'><strong>,</strong></span> 
     </span>
    </p>
   </div>
   <div class='ocr_carea' id='block_1_99' title="bbox 2200 3859 3787 3936">
    <p class='ocr_par' dir='ltr' id='par_1_99' title="bbox 2200 3859 3787 3936">
     <span class='ocr_line' id='line_1_99' title="bbox 2200 3859 3787 3936; baseline -0.001 -19"><span class='ocrx_word' id='word_1_827' title='bbox 2200 3865 2476 3936; x_wconf 78' lang='lat' dir='ltr'><strong>perfectum</strong></span> <span class='ocrx_word' id='word_1_828' title='bbox 2517 3877 2634 3916; x_wconf 76' lang='lat' dir='ltr'><strong>mox</strong></span> <span class='ocrx_word' id='word_1_829' title='bbox 2675 3876 2912 3932; x_wconf 81' lang='lat' dir='ltr'><strong>generare</strong></span> <span class='ocrx_word' id='word_1_830' title='bbox 2938 3861 3130 3930; x_wconf 83' lang='lat' dir='ltr'><strong>ﬁlium,</strong></span> <span class='ocrx_word' id='word_1_831' title='bbox 3155 3877 3253 3928; x_wconf 84' lang='lat' dir='ltr'><strong>non</strong></span> <span class='ocrx_word' id='word_1_832' title='bbox 3284 3859 3547 3932; x_wconf 79' lang='lat' dir='ltr'><strong>parvulum</strong></span> <span class='ocrx_word' id='word_1_833' title='bbox 3571 3878 3787 3932; x_wconf 80' lang='lat' dir='ltr'><strong>genera-</strong></span> 
     </span>
    </p>
   </div>
   <div class='ocr_carea' id='block_1_100' title="bbox 2197 3953 3788 4030">
    <p class='ocr_par' dir='ltr' id='par_1_100' title="bbox 2197 3953 3788 4030">
     <span class='ocr_line' id='line_1_100' title="bbox 2197 3953 3788 4030; baseline -0.002 -20"><span class='ocrx_word' id='word_1_834' title='bbox 2197 3967 2292 4024; x_wconf 84' lang='lat' dir='ltr'><strong>ret,</strong></span> <span class='ocrx_word' id='word_1_835' title='bbox 2322 3957 2405 4027; x_wconf 87' lang='lat' dir='ltr'><strong>qui</strong></span> <span class='ocrx_word' id='word_1_836' title='bbox 2434 3953 2826 4025; x_wconf 84' lang='lat' dir='ltr'><strong>coaugmentatis</strong></span> <span class='ocrx_word' id='word_1_837' title='bbox 2855 3954 3002 4007; x_wconf 87' lang='lat' dir='ltr'><strong>annis</strong></span> <span class='ocrx_word' id='word_1_838' title='bbox 3025 3954 3224 4008; x_wconf 86' lang='lat' dir='ltr'><strong>tandem</strong></span> <span class='ocrx_word' id='word_1_839' title='bbox 3247 3953 3516 4022; x_wconf 83' lang='lat' dir='ltr'><strong>aliquando</strong></span> <span class='ocrx_word' id='word_1_840' title='bbox 3542 3954 3623 4007; x_wconf 86' lang='lat' dir='ltr'><strong>sui</strong></span> <span class='ocrx_word' id='word_1_841' title='bbox 3641 3954 3788 4030; x_wconf 83' lang='lat' dir='ltr'><strong>geni-</strong></span> 
     </span>
    </p>
   </div>
   <div class='ocr_carea' id='block_1_101' title="bbox 2199 4035 3786 4117">
    <p class='ocr_par' dir='ltr' id='par_1_101' title="bbox 2199 4035 3786 4117">
     <span class='ocr_line' id='line_1_101' title="bbox 2199 4035 3786 4117; baseline 0 -16"><span class='ocrx_word' id='word_1_842' title='bbox 2199 4047 2320 4101; x_wconf 84' lang='lat' dir='ltr'><strong>toris</strong></span> <span class='ocrx_word' id='word_1_843' title='bbox 2357 4035 2570 4117; x_wconf 80' lang='lat' dir='ltr'><strong>impleat</strong></span> <span class='ocrx_word' id='word_1_844' title='bbox 2600 4044 2920 4098; x_wconf 80' lang='lat' dir='ltr'><strong>voluntatem.</strong></span> <span class='ocrx_word' id='word_1_845' title='bbox 2970 4043 3259 4100; x_wconf 78' lang='lat' dir='ltr'><strong>Verissime</strong></span> <span class='ocrx_word' id='word_1_846' title='bbox 3287 4046 3302 4076; x_wconf 84' lang='grc'>²</span> <span class='ocrx_word' id='word_1_847' title='bbox 3332 4044 3548 4100; x_wconf 89' lang='lat' dir='ltr'><strong>omnino</strong></span> <span class='ocrx_word' id='word_1_848' title='bbox 3592 4053 3786 4101; x_wconf 86' lang='lat' dir='ltr'><strong>contra</strong></span> 
     </span>
    </p>
   </div>
   <div class='ocr_carea' id='block_1_102' title="bbox 2200 4135 3784 4210">
    <p class='ocr_par' dir='ltr' id='par_1_102' title="bbox 2200 4135 3784 4210">
     <span class='ocr_line' id='line_1_102' title="bbox 2200 4135 3784 4210; baseline -0.001 -18"><span class='ocrx_word' id='word_1_849' title='bbox 2200 4146 2250 4194; x_wconf 90' lang='lat' dir='ltr'><strong>te</strong></span> <span class='ocrx_word' id='word_1_850' title='bbox 2295 4137 2545 4208; x_wconf 87' lang='lat' dir='ltr'><strong>loqueris.</strong></span> <span class='ocrx_word' id='word_1_851' title='bbox 2568 4135 2672 4192; x_wconf 88' lang='lat' dir='ltr'><strong>Sed</strong></span> <span class='ocrx_word' id='word_1_852' title='bbox 2717 4145 2772 4190; x_wconf 91' lang='lat' dir='ltr'><strong>ut</strong></span> <span class='ocrx_word' id='word_1_853' title='bbox 2801 4144 2986 4191; x_wconf 86' lang='lat' dir='ltr'><strong>contra</strong></span> <span class='ocrx_word' id='word_1_854' title='bbox 3011 4142 3064 4191; x_wconf 92' lang='lat' dir='ltr'><strong>te</strong></span> <span class='ocrx_word' id='word_1_855' title='bbox 3087 4150 3189 4190; x_wconf 92' lang='lat' dir='ltr'><strong>non</strong></span> <span class='ocrx_word' id='word_1_856' title='bbox 3230 4136 3300 4190; x_wconf 89' lang='lat' dir='ltr'><strong>sit</strong></span> <span class='ocrx_word' id='word_1_857' title='bbox 3332 4135 3470 4206; x_wconf 89' lang='lat' dir='ltr'><strong>quod</strong></span> <span class='ocrx_word' id='word_1_858' title='bbox 3501 4135 3740 4210; x_wconf 87' lang='lat' dir='ltr'><strong>loqueris</strong></span> <span class='ocrx_word' id='word_1_859' title='bbox 3763 4179 3784 4206; x_wconf 92' lang='lat'><strong>,</strong></span> 
     </span>
    </p>
   </div>
   <div class='ocr_carea' id='block_1_103' title="bbox 2199 4225 3784 4300">
    <p class='ocr_par' dir='ltr' id='par_1_103' title="bbox 2199 4225 3784 4300">
     <span class='ocr_line' id='line_1_103' title="bbox 2199 4225 3784 4300; baseline 0.001 -18"><span class='ocrx_word' id='word_1_860' title='bbox 2199 4243 2425 4300; x_wconf 81' lang='lat' dir='ltr'><strong>agnosce</strong></span> <span class='ocrx_word' id='word_1_861' title='bbox 2457 4225 2807 4297; x_wconf 81' lang='lat' dir='ltr'><strong>aequalitatem</strong></span> <span class='ocrx_word' id='word_1_862' title='bbox 2847 4226 3016 4282; x_wconf 88' lang='lat' dir='ltr'><strong>Patris</strong></span> <span class='ocrx_word' id='word_1_863' title='bbox 3042 4233 3096 4281; x_wconf 89' lang='lat' dir='ltr'><strong>et</strong></span> <span class='ocrx_word' id='word_1_864' title='bbox 3119 4225 3258 4280; x_wconf 89' lang='lat' dir='ltr'><strong>Filii.</strong></span> <span class='ocrx_word' id='word_1_865' title='bbox 3293 4225 3427 4294; x_wconf 87' lang='lat' dir='ltr'><strong>Quia</strong></span> <span class='ocrx_word' id='word_1_866' title='bbox 3463 4236 3514 4283; x_wconf 90' lang='lat' dir='ltr'><strong>et</strong></span> <span class='ocrx_word' id='word_1_867' title='bbox 3541 4228 3701 4297; x_wconf 88' lang='lat' dir='ltr'><strong>homo</strong></span> <span class='ocrx_word' id='word_1_868' title='bbox 3731 4229 3784 4284; x_wconf 88' lang='lat' dir='ltr'><strong>si</strong></span> 
     </span>
    </p>
   </div>
   <div class='ocr_carea' id='block_1_104' title="bbox 2197 4317 3778 4391">
    <p class='ocr_par' dir='ltr' id='par_1_104' title="bbox 2197 4317 3778 4391">
     <span class='ocr_line' id='line_1_104' title="bbox 2197 4317 3778 4391; baseline -0.001 -16"><span class='ocrx_word' id='word_1_869' title='bbox 2197 4327 2378 4391; x_wconf 85' lang='lat' dir='ltr'><strong>posset</strong></span> <span class='ocrx_word' id='word_1_870' title='bbox 2400 4361 2412 4384; x_wconf 91' lang='lat'><strong>,</strong></span> <span class='ocrx_word' id='word_1_871' title='bbox 2441 4319 2607 4372; x_wconf 87' lang='lat' dir='ltr'><strong>ﬁlium</strong></span> <span class='ocrx_word' id='word_1_872' title='bbox 2636 4333 2756 4372; x_wconf 82' lang='lat' dir='ltr'><strong>mox</strong></span> <span class='ocrx_word' id='word_1_873' title='bbox 2797 4326 3075 4387; x_wconf 85' lang='lat' dir='ltr'><strong>generaret</strong></span> <span class='ocrx_word' id='word_1_874' title='bbox 3119 4317 3374 4387; x_wconf 57' lang='lat' dir='ltr'><strong>aequalem</strong></span> <span class='ocrx_word' id='word_1_875' title='bbox 3400 4360 3414 4385; x_wconf 91' lang='lat'><strong>,</strong></span> <span class='ocrx_word' id='word_1_876' title='bbox 3441 4332 3535 4374; x_wconf 88' lang='lat' dir='ltr'><strong>nec</strong></span> <span class='ocrx_word' id='word_1_877' title='bbox 3576 4332 3778 4388; x_wconf 80' lang='lat' dir='ltr'><strong>exspe-</strong></span> 
     </span>
    </p>
   </div>
   <div class='ocr_carea' id='block_1_105' title="bbox 2197 4398 3788 4479">
    <p class='ocr_par' dir='ltr' id='par_1_105' title="bbox 2197 4398 3788 4479">
     <span class='ocr_line' id='line_1_105' title="bbox 2197 4398 3788 4479; baseline -0.001 -13"><span class='ocrx_word' id='word_1_878' title='bbox 2197 4418 2366 4466; x_wconf 89' lang='lat' dir='ltr'><strong>ctaret</strong></span> <span class='ocrx_word' id='word_1_879' title='bbox 2407 4423 2603 4474; x_wconf 87' lang='lat' dir='ltr'><strong>annos,</strong></span> <span class='ocrx_word' id='word_1_880' title='bbox 2634 4423 2728 4478; x_wconf 92' lang='lat' dir='ltr'><strong>per</strong></span> <span class='ocrx_word' id='word_1_881' title='bbox 2775 4398 2908 4478; x_wconf 85' lang='lat' dir='ltr'><strong>quos</strong></span> <span class='ocrx_word' id='word_1_882' title='bbox 2933 4409 2985 4462; x_wconf 91' lang='lat' dir='ltr'><strong>iu</strong></span> <span class='ocrx_word' id='word_1_883' title='bbox 3015 4408 3184 4462; x_wconf 80' lang='lat' dir='ltr'><strong>forma</strong></span> <span class='ocrx_word' id='word_1_884' title='bbox 3209 4407 3300 4462; x_wconf 81' lang='lat' dir='ltr'><strong>filii</strong></span> <span class='ocrx_word' id='word_1_885' title='bbox 3331 4416 3509 4479; x_wconf 82' lang='lat' dir='ltr'><strong>posset</strong></span> <span class='ocrx_word' id='word_1_886' title='bbox 3530 4409 3788 4465; x_wconf 83' lang='lat' dir='ltr'><strong>voluntas</strong></span> 
     </span>
    </p>
   </div>
   <div class='ocr_carea' id='block_1_106' title="bbox 2195 4501 3788 4573">
    <p class='ocr_par' dir='ltr' id='par_1_106' title="bbox 2195 4501 3788 4573">
     <span class='ocr_line' id='line_1_106' title="bbox 2195 4501 3788 4573; baseline 0.001 -15"><span class='ocrx_word' id='word_1_887' title='bbox 2195 4504 2313 4571; x_wconf 86' lang='lat' dir='ltr'><strong>eius</strong></span> <span class='ocrx_word' id='word_1_888' title='bbox 2354 4501 2581 4571; x_wconf 87' lang='lat' dir='ltr'><strong>impleri.</strong></span> <span class='ocrx_word' id='word_1_889' title='bbox 2613 4502 2749 4556; x_wconf 91' lang='lat' dir='ltr'><strong>Deus</strong></span> <span class='ocrx_word' id='word_1_890' title='bbox 2789 4515 2915 4571; x_wconf 89' lang='lat' dir='ltr'><strong>ergo</strong></span> <span class='ocrx_word' id='word_1_891' title='bbox 2943 4516 3038 4556; x_wconf 91' lang='lat' dir='ltr'><strong>cur</strong></span> <span class='ocrx_word' id='word_1_892' title='bbox 3063 4516 3166 4556; x_wconf 92' lang='lat' dir='ltr'><strong>non</strong></span> <span class='ocrx_word' id='word_1_893' title='bbox 3195 4502 3448 4572; x_wconf 81' lang='lat' dir='ltr'><strong>aequalem</strong></span> <span class='ocrx_word' id='word_1_894' title='bbox 3475 4503 3659 4573; x_wconf 78' lang='lat' dir='ltr'><strong>genuit</strong></span> <span class='ocrx_word' id='word_1_895' title='bbox 3684 4502 3788 4559; x_wconf 84' lang='lat' dir='ltr'><strong>Fi-</strong></span> 
     </span>
    </p>
   </div>
   <div class='ocr_carea' id='block_1_107' title="bbox 2197 4592 3787 4664">
    <p class='ocr_par' dir='ltr' id='par_1_107' title="bbox 2197 4592 3787 4664">
     <span class='ocr_line' id='line_1_107' title="bbox 2197 4592 3787 4664; baseline 0 -14"><span class='ocrx_word' id='word_1_896' title='bbox 2197 4595 2359 4661; x_wconf 88' lang='lat' dir='ltr'><strong>lium,</strong></span> <span class='ocrx_word' id='word_1_897' title='bbox 2388 4594 2472 4650; x_wconf 90' lang='lat' dir='ltr'><strong>cui</strong></span> <span class='ocrx_word' id='word_1_898' title='bbox 2499 4609 2597 4649; x_wconf 92' lang='lat' dir='ltr'><strong>nec</strong></span> <span class='ocrx_word' id='word_1_899' title='bbox 2619 4593 2741 4648; x_wconf 90' lang='lat' dir='ltr'><strong>anni</strong></span> <span class='ocrx_word' id='word_1_900' title='bbox 2767 4593 3051 4649; x_wconf 88' lang='lat' dir='ltr'><strong>necessarii</strong></span> <span class='ocrx_word' id='word_1_901' title='bbox 3082 4592 3291 4648; x_wconf 84' lang='lat' dir='ltr'><strong>fuerunt</strong></span> <span class='ocrx_word' id='word_1_902' title='bbox 3316 4608 3412 4664; x_wconf 90' lang='lat' dir='ltr'><strong>per</strong></span> <span class='ocrx_word' id='word_1_903' title='bbox 3433 4609 3568 4664; x_wconf 92' lang='lat' dir='ltr'><strong>quos</strong></span> <span class='ocrx_word' id='word_1_904' title='bbox 3595 4594 3648 4648; x_wconf 91' lang='lat' dir='ltr'><strong>id</strong></span> <span class='ocrx_word' id='word_1_905' title='bbox 3675 4595 3787 4650; x_wconf 90' lang='lat' dir='ltr'><strong>im-</strong></span> 
     </span>
    </p>
   </div>
   <div class='ocr_carea' id='block_1_108' title="bbox 2197 4685 3789 4760">
    <p class='ocr_par' dir='ltr' id='par_1_108' title="bbox 2197 4685 3789 4760">
     <span class='ocr_line' id='line_1_108' title="bbox 2197 4685 3789 4760; baseline 0.002 -18"><span class='ocrx_word' id='word_1_906' title='bbox 2197 4689 2432 4760; x_wconf 86' lang='lat' dir='ltr'><strong>pleretur</strong></span> <span class='ocrx_word' id='word_1_907' title='bbox 2452 4728 2467 4753; x_wconf 93' lang='lat'><strong>,</strong></span> <span class='ocrx_word' id='word_1_908' title='bbox 2496 4701 2594 4742; x_wconf 85' lang='lat' dir='ltr'><strong>nec</strong></span> <span class='ocrx_word' id='word_1_909' title='bbox 2639 4687 3017 4758; x_wconf 85' lang='lat' dir='ltr'><strong>omnipotentia</strong></span> <span class='ocrx_word' id='word_1_910' title='bbox 3054 4685 3252 4742; x_wconf 83' lang='lat' dir='ltr'><strong>defuit?</strong></span> <span class='ocrx_word' id='word_1_911' title='bbox 3279 4688 3360 4742; x_wconf 84' lang='lat' dir='ltr'><strong>An</strong></span> <span class='ocrx_word' id='word_1_912' title='bbox 3401 4687 3536 4744; x_wconf 76' lang='lat' dir='ltr'><strong>forte</strong></span> <span class='ocrx_word' id='word_1_913' title='bbox 3567 4689 3742 4744; x_wconf 88' lang='lat' dir='ltr'><strong>uoluit</strong></span> <span class='ocrx_word' id='word_1_914' title='bbox 3761 4692 3789 4745; x_wconf 72' lang='lat'><strong>7</strong></span> 
     </span>
    </p>
   </div>
   <div class='ocr_carea' id='block_1_109' title="bbox 2196 4763 3789 4854">
    <p class='ocr_par' dir='ltr' id='par_1_109' title="bbox 2196 4763 3789 4854">
     <span class='ocr_line' id='line_1_109' title="bbox 2196 4763 3789 4854; baseline 0.002 -17"><span class='ocrx_word' id='word_1_915' title='bbox 2196 4763 2336 4852; x_wconf 75' lang='lat' dir='ltr'><strong>Ergo</strong></span> <span class='ocrx_word' id='word_1_916' title='bbox 2355 4823 2368 4845; x_wconf 89' lang='lat'><strong>,</strong></span> <span class='ocrx_word' id='word_1_917' title='bbox 2397 4779 2537 4851; x_wconf 90' lang='lat' dir='ltr'><strong>quod</strong></span> <span class='ocrx_word' id='word_1_918' title='bbox 2564 4780 2731 4844; x_wconf 89' lang='lat' dir='ltr'><strong>absit,</strong></span> <span class='ocrx_word' id='word_1_919' title='bbox 2764 4780 2967 4834; x_wconf 79' lang='lat' dir='ltr'><strong>invidit.</strong></span> <span class='ocrx_word' id='word_1_920' title='bbox 2992 4780 3095 4836; x_wconf 88' lang='lat' dir='ltr'><strong>Sed</strong></span> <span class='ocrx_word' id='word_1_921' title='bbox 3124 4795 3229 4835; x_wconf 91' lang='lat' dir='ltr'><strong>non</strong></span> <span class='ocrx_word' id='word_1_922' title='bbox 3256 4781 3445 4836; x_wconf 85' lang='lat' dir='ltr'><strong>invidit</strong></span> <span class='ocrx_word' id='word_1_923' title='bbox 3473 4800 3488 4838; x_wconf 93' lang='lat'><strong>:</strong></span> <span class='ocrx_word' id='word_1_924' title='bbox 3519 4783 3789 4854; x_wconf 76' lang='lat' dir='ltr'><strong>aequalem</strong></span> 
     </span>
    </p>
   </div>
   <div class='ocr_carea' id='block_1_110' title="bbox 2195 4871 3790 4948">
    <p class='ocr_par' dir='ltr' id='par_1_110' title="bbox 2195 4871 3790 4948">
     <span class='ocr_line' id='line_1_110' title="bbox 2195 4871 3790 4948; baseline 0.002 -19"><span class='ocrx_word' id='word_1_925' title='bbox 2195 4873 2354 4945; x_wconf 79' lang='lat' dir='ltr'><strong>igitur</strong></span> <span class='ocrx_word' id='word_1_926' title='bbox 2378 4872 2577 4944; x_wconf 80' lang='lat' dir='ltr'><strong>genuit.</strong></span> <span class='ocrx_word' id='word_1_927' title='bbox 2611 4872 2688 4926; x_wconf 82' lang='lat' dir='ltr'><strong>Ac</strong></span> <span class='ocrx_word' id='word_1_928' title='bbox 2716 4887 2809 4941; x_wconf 91' lang='lat' dir='ltr'><strong>per</strong></span> <span class='ocrx_word' id='word_1_929' title='bbox 2835 4872 2934 4927; x_wconf 89' lang='lat' dir='ltr'><strong>hoc</strong></span> <span class='ocrx_word' id='word_1_930' title='bbox 2959 4871 3114 4927; x_wconf 88' lang='lat' dir='ltr'><strong>unius</strong></span> <span class='ocrx_word' id='word_1_931' title='bbox 3149 4871 3494 4946; x_wconf 82' lang='lat' dir='ltr'><strong>ejusdemque</strong></span> <span class='ocrx_word' id='word_1_932' title='bbox 3524 4875 3790 4948; x_wconf 81' lang='lat' dir='ltr'><strong>substan-</strong></span> 
     </span>
    </p>
   </div>
   <div class='ocr_carea' id='block_1_111' title="bbox 2197 4961 3790 5036">
    <p class='ocr_par' dir='ltr' id='par_1_111' title="bbox 2197 4961 3790 5036">
     <span class='ocr_line' id='line_1_111' title="bbox 2197 4961 3790 5036; baseline 0.001 -16"><span class='ocrx_word' id='word_1_933' title='bbox 2197 4966 2284 5020; x_wconf 73' lang='lat' dir='ltr'><strong>tia:</strong></span> <span class='ocrx_word' id='word_1_934' title='bbox 2318 4983 2332 5020; x_wconf 90' lang='lat'>:</span> <span class='ocrx_word' id='word_1_935' title='bbox 2362 4961 2783 5034; x_wconf 87' lang='lat' dir='ltr'><strong>quandoquidem</strong></span> <span class='ocrx_word' id='word_1_936' title='bbox 2830 4961 2991 5016; x_wconf 90' lang='lat' dir='ltr'><strong>homo</strong></span> <span class='ocrx_word' id='word_1_937' title='bbox 3013 5002 3029 5029; x_wconf 94' lang='lat'><strong>,</strong></span> <span class='ocrx_word' id='word_1_938' title='bbox 3062 4962 3149 5029; x_wconf 91' lang='lat' dir='ltr'><strong>qui</strong></span> <span class='ocrx_word' id='word_1_939' title='bbox 3190 4971 3470 5033; x_wconf 84' lang='lat' dir='ltr'><strong>prepterea</strong></span> <span class='ocrx_word' id='word_1_940' title='bbox 3515 4965 3639 5036; x_wconf 86' lang='lat' dir='ltr'><strong>quia</strong></span> <span class='ocrx_word' id='word_1_941' title='bbox 3668 4981 3790 5024; x_wconf 86' lang='lat' dir='ltr'><strong>non</strong></span> 
     </span>
    </p>
   </div>
   <div class='ocr_carea' id='block_1_112' title="bbox 2197 5039 3789 5132">
    <p class='ocr_par' dir='ltr' id='par_1_112' title="bbox 2197 5039 3789 5132">
     <span class='ocr_line' id='line_1_112' title="bbox 2197 5039 3789 5132; baseline 0.001 -18"><span class='ocrx_word' id='word_1_942' title='bbox 2197 5066 2374 5132; x_wconf 88' lang='lat' dir='ltr'><strong>potest</strong></span> <span class='ocrx_word' id='word_1_943' title='bbox 2400 5071 2502 5112; x_wconf 93' lang='lat' dir='ltr'><strong>non</strong></span> <span class='ocrx_word' id='word_1_944' title='bbox 2533 5056 2700 5128; x_wconf 80' lang='lat' dir='ltr'><strong>gignit</strong></span> <span class='ocrx_word' id='word_1_945' title='bbox 2723 5055 2978 5126; x_wconf 73' lang='lat' dir='ltr'><strong>mqualem</strong></span> <span class='ocrx_word' id='word_1_946' title='bbox 3002 5097 3017 5124; x_wconf 91' lang='lat'><strong>,</strong></span> <span class='ocrx_word' id='word_1_947' title='bbox 3046 5039 3292 5126; x_wconf 33' lang='lat' dir='ltr'><strong>ejusdem.</strong></span> <span class='ocrx_word' id='word_1_948' title='bbox 3314 5064 3490 5128; x_wconf 90' lang='lat' dir='ltr'><strong>tamen</strong></span> <span class='ocrx_word' id='word_1_949' title='bbox 3519 5057 3789 5116; x_wconf 86' lang='lat' dir='ltr'><strong>substan-</strong></span> 
     </span>
    </p>
   </div>
   <div class='ocr_carea' id='block_1_113' title="bbox 2197 5143 3789 5224">
    <p class='ocr_par' dir='ltr' id='par_1_113' title="bbox 2197 5143 3789 5224">
     <span class='ocr_line' id='line_1_113' title="bbox 2197 5143 3789 5224; baseline -0.001 -16"><span class='ocrx_word' id='word_1_950' title='bbox 2197 5143 2283 5208; x_wconf 73' lang='lat' dir='ltr'><strong>tia:</strong></span> <span class='ocrx_word' id='word_1_951' title='bbox 2305 5151 2468 5223; x_wconf 83' lang='lat' dir='ltr'><strong>gignit</strong></span> <span class='ocrx_word' id='word_1_952' title='bbox 2495 5150 2654 5205; x_wconf 84' lang='lat' dir='ltr'><strong>ﬁlium</strong></span> <span class='ocrx_word' id='word_1_953' title='bbox 2680 5191 2694 5215; x_wconf 92' lang='lat'><strong>,</strong></span> <span class='ocrx_word' id='word_1_954' title='bbox 2723 5148 2871 5224; x_wconf 82' lang='lat' dir='ltr'><strong>cujus</strong></span> <span class='ocrx_word' id='word_1_955' title='bbox 2901 5157 2980 5203; x_wconf 93' lang='lat' dir='ltr'><strong>est</strong></span> <span class='ocrx_word' id='word_1_956' title='bbox 3010 5147 3140 5218; x_wconf 88' lang='lat' dir='ltr'><strong>ipse.</strong></span> <span class='ocrx_word' id='word_1_957' title='bbox 3173 5147 3323 5216; x_wconf 85' lang='lat' dir='ltr'><strong>Quod</strong></span> <span class='ocrx_word' id='word_1_958' title='bbox 3361 5148 3407 5212; x_wconf 85' lang='lat' dir='ltr'><strong>si</strong></span> <span class='ocrx_word' id='word_1_959' title='bbox 3449 5163 3555 5222; x_wconf 79' lang='lat' dir='ltr'><strong>non</strong></span> <span class='ocrx_word' id='word_1_960' title='bbox 3585 5159 3736 5207; x_wconf 83' lang='lat' dir='ltr'><strong>esset</strong></span> <span class='ocrx_word' id='word_1_961' title='bbox 3769 5195 3789 5222; x_wconf 88' lang='lat'><strong>,</strong></span> 
     </span>
    </p>
   </div>
   <div class='ocr_carea' id='block_1_114' title="bbox 2194 5237 3792 5318">
    <p class='ocr_par' dir='ltr' id='par_1_114' title="bbox 2194 5237 3792 5318">
     <span class='ocr_line' id='line_1_114' title="bbox 2194 5237 3792 5318; baseline 0.001 -20"><span class='ocrx_word' id='word_1_962' title='bbox 2194 5241 2430 5316; x_wconf 80' lang='lat' dir='ltr'><strong>profecto</strong></span> <span class='ocrx_word' id='word_1_963' title='bbox 2469 5255 2628 5308; x_wconf 84' lang='lat' dir='ltr'><strong>verus</strong></span> <span class='ocrx_word' id='word_1_964' title='bbox 2665 5237 2800 5294; x_wconf 73' lang='lat' dir='ltr'><strong>illius</strong></span> <span class='ocrx_word' id='word_1_965' title='bbox 2833 5254 2953 5294; x_wconf 89' lang='lat' dir='ltr'><strong>esse</strong></span> <span class='ocrx_word' id='word_1_966' title='bbox 3002 5252 3107 5294; x_wconf 88' lang='lat' dir='ltr'><strong>non</strong></span> <span class='ocrx_word' id='word_1_967' title='bbox 3151 5247 3345 5310; x_wconf 89' lang='lat' dir='ltr'><strong>posset.</strong></span> <span class='ocrx_word' id='word_1_968' title='bbox 3369 5238 3505 5318; x_wconf 90' lang='lat' dir='ltr'><strong>Quid</strong></span> <span class='ocrx_word' id='word_1_969' title='bbox 3538 5250 3792 5316; x_wconf 82' lang='lat' dir='ltr'><strong>estergo</strong></span> 
     </span>
    </p>
   </div>
   <div class='ocr_carea' id='block_1_115' title="bbox 2196 5327 3792 5405">
    <p class='ocr_par' dir='ltr' id='par_1_115' title="bbox 2196 5327 3792 5405">
     <span class='ocr_line' id='line_1_115' title="bbox 2196 5327 3792 5405; baseline -0.001 -16"><span class='ocrx_word' id='word_1_970' title='bbox 2196 5333 2337 5405; x_wconf 86' lang='lat' dir='ltr'><strong>quod</strong></span> <span class='ocrx_word' id='word_1_971' title='bbox 2375 5332 2507 5388; x_wconf 82' lang='lat' dir='ltr'><strong>dicis</strong></span> <span class='ocrx_word' id='word_1_972' title='bbox 2538 5372 2554 5399; x_wconf 96' lang='lat'><strong>,</strong></span> <span class='ocrx_word' id='word_1_973' title='bbox 2583 5329 2740 5385; x_wconf 80' lang='lat' dir='ltr'><strong>Pater</strong></span> <span class='ocrx_word' id='word_1_974' title='bbox 2783 5330 2931 5396; x_wconf 83' lang='lat' dir='ltr'><strong>talem</strong></span> <span class='ocrx_word' id='word_1_975' title='bbox 2960 5330 3128 5399; x_wconf 88' lang='lat' dir='ltr'><strong>genuit</strong></span> <span class='ocrx_word' id='word_1_976' title='bbox 3154 5327 3347 5390; x_wconf 84' lang='lat' dir='ltr'><strong>Filium</strong></span> <span class='ocrx_word' id='word_1_977' title='bbox 3375 5332 3540 5402; x_wconf 85' lang='lat' dir='ltr'><strong>qualis</strong></span> <span class='ocrx_word' id='word_1_978' title='bbox 3566 5341 3614 5386; x_wconf 89' lang='lat' dir='ltr'><strong>et</strong></span> <span class='ocrx_word' id='word_1_979' title='bbox 3637 5349 3792 5392; x_wconf 82' lang='lat' dir='ltr'><strong>nunc</strong></span> 
     </span>
    </p>
   </div>
   <div class='ocr_carea' id='block_1_116' title="bbox 2160 5409 3791 5502">
    <p class='ocr_par' dir='ltr' id='par_1_116' title="bbox 2160 5409 3791 5502">
     <span class='ocr_line' id='line_1_116' title="bbox 2160 5409 3791 5502; baseline 0 -23"><span class='ocrx_word' id='word_1_980' title='bbox 2160 5425 2168 5431; x_wconf 87' lang='grc'><em>”</em></span> <span class='ocrx_word' id='word_1_981' title='bbox 2195 5409 2286 5490; x_wconf 78' lang='lat' dir='ltr'><strong>est,</strong></span> <span class='ocrx_word' id='word_1_982' title='bbox 2315 5424 2477 5495; x_wconf 80' lang='lat' dir='ltr'><strong>qualis</strong></span> <span class='ocrx_word' id='word_1_983' title='bbox 2506 5431 2550 5477; x_wconf 90' lang='lat' dir='ltr'><strong>et</strong></span> <span class='ocrx_word' id='word_1_984' title='bbox 2579 5430 2834 5493; x_wconf 83' lang='lat' dir='ltr'><strong>permanet</strong></span> <span class='ocrx_word' id='word_1_985' title='bbox 2859 5421 2965 5475; x_wconf 86' lang='lat' dir='ltr'><strong>sine</strong></span> <span class='ocrx_word' id='word_1_986' title='bbox 2985 5422 3122 5502; x_wconf 78' lang='lat' dir='ltr'><strong>ﬁne?</strong></span> <span class='ocrx_word' id='word_1_987' title='bbox 3149 5420 3261 5476; x_wconf 88' lang='lat' dir='ltr'><strong>Hoc</strong></span> <span class='ocrx_word' id='word_1_988' title='bbox 3283 5419 3420 5488; x_wconf 69' lang='lat' dir='ltr'><strong>bene</strong></span> <span class='ocrx_word' id='word_1_989' title='bbox 3447 5421 3656 5496; x_wconf 69' lang='lat' dir='ltr'><strong>diceres</strong></span> <span class='ocrx_word' id='word_1_990' title='bbox 3685 5465 3702 5490; x_wconf 93' lang='lat'><strong>,</strong></span> <span class='ocrx_word' id='word_1_991' title='bbox 3734 5425 3791 5496; x_wconf 76' lang='lat' dir='ltr'><strong>si</strong></span> 
     </span>
    </p>
   </div>
   <div class='ocr_carea' id='block_1_117' title="bbox 2196 5505 3792 5588">
    <p class='ocr_par' dir='ltr' id='par_1_117' title="bbox 2196 5505 3792 5588">
     <span class='ocr_line' id='line_1_117' title="bbox 2196 5505 3792 5588; baseline -0.002 -16"><span class='ocrx_word' id='word_1_992' title='bbox 2196 5516 2338 5572; x_wconf 86' lang='lat' dir='ltr'><strong>Patri</strong></span> <span class='ocrx_word' id='word_1_993' title='bbox 2367 5505 2625 5585; x_wconf 79' lang='lat' dir='ltr'><strong>aequalem</strong></span> <span class='ocrx_word' id='word_1_994' title='bbox 2653 5527 2840 5578; x_wconf 82' lang='lat' dir='ltr'><strong>verum</strong></span> <span class='ocrx_word' id='word_1_995' title='bbox 2865 5510 3054 5566; x_wconf 86' lang='lat' dir='ltr'><strong>Filium</strong></span> <span class='ocrx_word' id='word_1_996' title='bbox 3083 5527 3186 5566; x_wconf 89' lang='lat' dir='ltr'><strong>non</strong></span> <span class='ocrx_word' id='word_1_997' title='bbox 3215 5528 3455 5588; x_wconf 82' lang='lat' dir='ltr'><strong>negares.</strong></span> <span class='ocrx_word' id='word_1_998' title='bbox 3479 5512 3612 5584; x_wconf 72' lang='lat' dir='ltr'><strong>quin</strong></span> <span class='ocrx_word' id='word_1_999' title='bbox 3646 5531 3792 5576; x_wconf 77' lang='lat' dir='ltr'><strong>vero</strong></span> 
     </span>
    </p>
   </div>
   <div class='ocr_carea' id='block_1_118' title="bbox 2195 5605 3793 5690">
    <p class='ocr_par' dir='ltr' id='par_1_118' title="bbox 2195 5605 3793 5690">
     <span class='ocr_line' id='line_1_118' title="bbox 2195 5605 3793 5690; baseline 0.001 -24"><span class='ocrx_word' id='word_1_1000' title='bbox 2195 5609 2486 5682; x_wconf 83' lang='lat' dir='ltr'><strong>perfectum</strong></span> <span class='ocrx_word' id='word_1_1001' title='bbox 2528 5606 2698 5690; x_wconf 84' lang='lat' dir='ltr'><strong>dicis,</strong></span> <span class='ocrx_word' id='word_1_1002' title='bbox 2723 5615 2776 5680; x_wconf 78' lang='lat' dir='ltr'><strong>et</strong></span> <span class='ocrx_word' id='word_1_1003' title='bbox 2804 5605 3059 5676; x_wconf 75' lang='lat' dir='ltr'><strong>mqualem</strong></span> <span class='ocrx_word' id='word_1_1004' title='bbox 3095 5621 3295 5688; x_wconf 78' lang='lat' dir='ltr'><strong>negas,</strong></span> <span class='ocrx_word' id='word_1_1005' title='bbox 3323 5617 3377 5663; x_wconf 89' lang='lat' dir='ltr'><strong>et</strong></span> <span class='ocrx_word' id='word_1_1006' title='bbox 3404 5606 3561 5664; x_wconf 88' lang='lat' dir='ltr'><strong>talem</strong></span> <span class='ocrx_word' id='word_1_1007' title='bbox 3593 5609 3793 5681; x_wconf 70' lang='lat' dir='ltr'><strong>qualis</strong></span> 
     </span>
    </p>
   </div>
   <div class='ocr_carea' id='block_1_119' title="bbox 2255 5823 3786 5888">
    <p class='ocr_par' dir='ltr' id='par_1_119' title="bbox 2255 5823 3786 5888">
     <span class='ocr_line' id='line_1_119' title="bbox 2255 5823 3786 5888; baseline -0.001 -9"><span class='ocrx_word' id='word_1_1008' title='bbox 2255 5834 2272 5864; x_wconf 76' lang='grc' dir='ltr'><strong>ι</strong></span> <span class='ocrx_word' id='word_1_1009' title='bbox 2306 5829 2423 5879; x_wconf 79' lang='lat' dir='ltr'><strong>Editi</strong></span> <span class='ocrx_word' id='word_1_1010' title='bbox 2451 5841 2463 5878; x_wconf 95' lang='lat'>:</span> <span class='ocrx_word' id='word_1_1011' title='bbox 2495 5825 2750 5878; x_wconf 81' lang='lat' dir='ltr'><strong>Veritatem</strong></span> <span class='ocrx_word' id='word_1_1012' title='bbox 2771 5823 3031 5888; x_wconf 73' lang='lat' dir='ltr'><strong>verissime,</strong></span> <span class='ocrx_word' id='word_1_1013' title='bbox 3055 5832 3150 5878; x_wconf 89' lang='lat' dir='ltr'><strong>etc.</strong></span> <span class='ocrx_word' id='word_1_1014' title='bbox 3176 5832 3232 5878; x_wconf 80' lang='lat' dir='ltr'><strong>At</strong></span> <span class='ocrx_word' id='word_1_1015' title='bbox 3248 5834 3352 5878; x_wconf 74' lang='lat' dir='ltr'><strong>Mss.</strong></span> <span class='ocrx_word' id='word_1_1016' title='bbox 3378 5827 3620 5883; x_wconf 17' lang='lat' dir='ltr'><strong>omittunt.</strong></span> <span class='ocrx_word' id='word_1_1017' title='bbox 3645 5827 3786 5878; x_wconf 72' lang='lat' dir='ltr'><strong>veri-</strong></span> 
     </span>
    </p>
   </div>
   <div class='ocr_carea' id='block_1_120' title="bbox 2190 5903 2335 5949">
    <p class='ocr_par' dir='ltr' id='par_1_120' title="bbox 2190 5903 2335 5949">
     <span class='ocr_line' id='line_1_120' title="bbox 2190 5903 2335 5949; baseline -0.007 0"><span class='ocrx_word' id='word_1_1018' title='bbox 2190 5903 2335 5949; x_wconf 81' lang='lat' dir='ltr'><strong>tatem</strong></span> 
     </span>
    </p>
   </div>
   <div class='ocr_carea' id='block_1_121' title="bbox 3621 5997 3694 6023">
    <p class='ocr_par' dir='ltr' id='par_1_121' title="bbox 3621 5997 3694 6023">
     <span class='ocr_line' id='line_1_121' title="bbox 3621 5997 3694 6023; baseline -0.014 -12"><span class='ocrx_word' id='word_1_1019' title='bbox 3621 5997 3694 6023; x_wconf 47' lang='lat'><strong>-.\</strong></span> 
     </span>
    </p>
   </div>
   <div class='ocr_carea' id='block_1_122' title="bbox 3712 5989 3837 6048">
    <p class='ocr_par' dir='ltr' id='par_1_122' title="bbox 3712 5989 3837 6048">
     <span class='ocr_line' id='line_1_122' title="bbox 3712 5989 3837 6048; baseline 0 -17"><span class='ocrx_word' id='word_1_1020' title='bbox 3712 5989 3837 6048; x_wconf 68' lang='lat'><strong>._\</strong></span> 
     </span>
    </p>
   </div>
  </div>
