  <div class='ocr_page' id='page_1' title='image "/cluster/home/n/w/nwhite01/storage/ocr_20150623/42/hvd.32044015471493/396.png"; bbox 0 0 4084 6450; ppageno 0'>
   <div class='ocr_carea' id='block_1_1' title="bbox 283 389 390 467">
    <p class='ocr_par' dir='ltr' id='par_1_1' title="bbox 283 389 390 467">
     <span class='ocr_line' id='line_1_1' title="bbox 283 389 390 467; baseline 0.009 -1"><span class='ocrx_word' id='word_1_1' title='bbox 283 389 390 467; x_wconf 71' lang='grc'><strong>781</strong></span> 
     </span>
    </p>
   </div>
   <div class='ocr_carea' id='block_1_2' title="bbox 284 497 1878 582">
    <p class='ocr_par' dir='ltr' id='par_1_2' title="bbox 284 497 1878 582">
     <span class='ocr_line' id='line_1_2' title="bbox 284 497 1878 582; baseline -0.009 -14"><span class='ocrx_word' id='word_1_2' title='bbox 284 518 367 568; x_wconf 88' lang='lat' dir='ltr'><strong>est</strong></span> <span class='ocrx_word' id='word_1_3' title='bbox 394 513 552 582; x_wconf 73' lang='lat' dir='ltr'><strong>natus</strong></span> <span class='ocrx_word' id='word_1_4' title='bbox 576 505 693 564; x_wconf 86' lang='lat' dir='ltr'><strong>sine</strong></span> <span class='ocrx_word' id='word_1_5' title='bbox 716 504 822 562; x_wconf 84' lang='lat' dir='ltr'><strong>ﬁne</strong></span> <span class='ocrx_word' id='word_1_6' title='bbox 841 516 1155 578; x_wconf 81' lang='lat' dir='ltr'><strong>permanere</strong></span> <span class='ocrx_word' id='word_1_7' title='bbox 1177 514 1287 558; x_wconf 91' lang='lat' dir='ltr'><strong>non</strong></span> <span class='ocrx_word' id='word_1_8' title='bbox 1306 511 1490 581; x_wconf 80' lang='lat' dir='ltr'><strong>negas;</strong></span> <span class='ocrx_word' id='word_1_9' title='bbox 1509 499 1697 571; x_wconf 81' lang='lat' dir='ltr'><strong>procul</strong></span> <span class='ocrx_word' id='word_1_10' title='bbox 1717 497 1878 554; x_wconf 86' lang='lat' dir='ltr'><strong>dubio</strong></span> 
     </span>
    </p>
   </div>
   <div class='ocr_carea' id='block_1_3' title="bbox 280 589 1874 670">
    <p class='ocr_par' dir='ltr' id='par_1_3' title="bbox 280 589 1874 670">
     <span class='ocr_line' id='line_1_3' title="bbox 280 589 1874 670; baseline -0.008 -14"><span class='ocrx_word' id='word_1_11' title='bbox 280 601 548 657; x_wconf 78' lang='lat' dir='ltr'><strong>minorem</strong></span> <span class='ocrx_word' id='word_1_12' title='bbox 586 598 747 655; x_wconf 84' lang='lat' dir='ltr'><strong>Patre</strong></span> <span class='ocrx_word' id='word_1_13' title='bbox 794 597 960 653; x_wconf 81' lang='lat' dir='ltr'><strong>ﬁlium</strong></span> <span class='ocrx_word' id='word_1_14' title='bbox 1001 594 1117 652; x_wconf 80' lang='lat' dir='ltr'><strong>sine</strong></span> <span class='ocrx_word' id='word_1_15' title='bbox 1146 594 1253 650; x_wconf 80' lang='lat' dir='ltr'><strong>line</strong></span> <span class='ocrx_word' id='word_1_16' title='bbox 1289 607 1512 670; x_wconf 86' lang='lat' dir='ltr'><strong>manere</strong></span> <span class='ocrx_word' id='word_1_17' title='bbox 1538 589 1874 663; x_wconf 74' lang='lat' dir='ltr'><strong>pronuntias.</strong></span> 
     </span>
    </p>
   </div>
   <div class='ocr_carea' id='block_1_4' title="bbox 279 683 1879 767">
    <p class='ocr_par' dir='ltr' id='par_1_4' title="bbox 279 683 1879 767">
     <span class='ocr_line' id='line_1_4' title="bbox 279 683 1879 767; baseline -0.008 -14"><span class='ocrx_word' id='word_1_18' title='bbox 279 697 359 753; x_wconf 82' lang='lat' dir='ltr'><strong>Ac</strong></span> <span class='ocrx_word' id='word_1_19' title='bbox 405 711 502 767; x_wconf 88' lang='lat' dir='ltr'><strong>per</strong></span> <span class='ocrx_word' id='word_1_20' title='bbox 528 695 630 750; x_wconf 90' lang='lat' dir='ltr'><strong>hoc</strong></span> <span class='ocrx_word' id='word_1_21' title='bbox 673 692 908 760; x_wconf 86' lang='lat' dir='ltr'><strong>nascitur</strong></span> <span class='ocrx_word' id='word_1_22' title='bbox 951 691 1090 759; x_wconf 78' lang='lat' dir='ltr'><strong>illius</strong></span> <span class='ocrx_word' id='word_1_23' title='bbox 1118 689 1350 745; x_wconf 84' lang='lat' dir='ltr'><strong>hominis</strong></span> <span class='ocrx_word' id='word_1_24' title='bbox 1377 683 1555 742; x_wconf 84' lang='lat' dir='ltr'><strong>minor</strong></span> <span class='ocrx_word' id='word_1_25' title='bbox 1593 687 1748 741; x_wconf 91' lang='lat' dir='ltr'><strong>Patre</strong></span> <span class='ocrx_word' id='word_1_26' title='bbox 1777 701 1791 751; x_wconf 91' lang='lat'><strong>;</strong></span> <span class='ocrx_word' id='word_1_27' title='bbox 1823 692 1879 741; x_wconf 90' lang='lat' dir='ltr'><strong>et</strong></span> 
     </span>
    </p>
   </div>
   <div class='ocr_carea' id='block_1_5' title="bbox 277 777 1877 858">
    <p class='ocr_par' dir='ltr' id='par_1_5' title="bbox 277 777 1877 858">
     <span class='ocr_line' id='line_1_5' title="bbox 277 777 1877 858; baseline -0.004 -20"><span class='ocrx_word' id='word_1_28' title='bbox 277 777 775 858; x_wconf 59' lang='lat' dir='ltr'><strong>quia&#39;imperiectus</strong></span> <span class='ocrx_word' id='word_1_29' title='bbox 802 783 1038 838; x_wconf 90' lang='lat' dir='ltr'><strong>nascitur</strong></span> <span class='ocrx_word' id='word_1_30' title='bbox 1055 823 1070 848; x_wconf 93' lang='lat'><strong>,</strong></span> <span class='ocrx_word' id='word_1_31' title='bbox 1094 779 1384 852; x_wconf 76' lang='lat' dir='ltr'><strong>crescendp</strong></span> <span class='ocrx_word' id='word_1_32' title='bbox 1405 779 1471 833; x_wconf 88' lang='lat' dir='ltr'><strong>ad</strong></span> <span class='ocrx_word' id='word_1_33' title='bbox 1501 779 1721 833; x_wconf 84' lang='lat' dir='ltr'><strong>formam</strong></span> <span class='ocrx_word' id='word_1_34' title='bbox 1746 791 1877 858; x_wconf 86' lang='lat' dir='ltr'><strong>per-</strong></span> 
     </span>
    </p>
   </div>
   <div class='ocr_carea' id='block_1_6' title="bbox 275 871 1877 948">
    <p class='ocr_par' dir='ltr' id='par_1_6' title="bbox 275 871 1877 948">
     <span class='ocr_line' id='line_1_6' title="bbox 275 871 1877 948; baseline -0.004 -16"><span class='ocrx_word' id='word_1_35' title='bbox 275 879 429 933; x_wconf 91' lang='lat' dir='ltr'><strong>venit</strong></span> <span class='ocrx_word' id='word_1_36' title='bbox 468 878 634 948; x_wconf 78' lang='lat' dir='ltr'><strong>patris</strong></span> <span class='ocrx_word' id='word_1_37' title='bbox 666 894 679 931; x_wconf 90' lang='lat'><strong>:</strong></span> <span class='ocrx_word' id='word_1_38' title='bbox 711 883 868 932; x_wconf 89' lang='lat' dir='ltr'><strong>natus</strong></span> <span class='ocrx_word' id='word_1_39' title='bbox 914 883 996 932; x_wconf 89' lang='lat' dir='ltr'><strong>est</strong></span> <span class='ocrx_word' id='word_1_40' title='bbox 1043 875 1180 930; x_wconf 82' lang='lat' dir='ltr'><strong>ﬁlius</strong></span> <span class='ocrx_word' id='word_1_41' title='bbox 1228 873 1321 930; x_wconf 85' lang='lat' dir='ltr'><strong>Dei</strong></span> <span class='ocrx_word' id='word_1_42' title='bbox 1369 873 1542 927; x_wconf 91' lang='lat' dir='ltr'><strong>minor</strong></span> <span class='ocrx_word' id='word_1_43' title='bbox 1577 871 1772 942; x_wconf 82' lang='lat' dir='ltr'><strong>Patre;</strong></span> <span class='ocrx_word' id='word_1_44' title='bbox 1823 877 1877 926; x_wconf 90' lang='lat' dir='ltr'><strong>et</strong></span> 
     </span>
    </p>
   </div>
   <div class='ocr_carea' id='block_1_7' title="bbox 275 958 1874 1040">
    <p class='ocr_par' dir='ltr' id='par_1_7' title="bbox 275 958 1874 1040">
     <span class='ocr_line' id='line_1_7' title="bbox 275 958 1874 1040; baseline -0.004 -17"><span class='ocrx_word' id='word_1_45' title='bbox 275 970 402 1040; x_wconf 88' lang='lat' dir='ltr'><strong>quia</strong></span> <span class='ocrx_word' id='word_1_46' title='bbox 452 958 720 1040; x_wconf 81' lang='lat' dir='ltr'><strong>perfectus</strong></span> <span class='ocrx_word' id='word_1_47' title='bbox 744 976 903 1038; x_wconf 87' lang='lat' dir='ltr'><strong>atque</strong></span> <span class='ocrx_word' id='word_1_48' title='bbox 947 966 1316 1023; x_wconf 85' lang='lat' dir='ltr'><strong>immortaliter</strong></span> <span class='ocrx_word' id='word_1_49' title='bbox 1339 973 1493 1019; x_wconf 90' lang='lat' dir='ltr'><strong>natus</strong></span> <span class='ocrx_word' id='word_1_50' title='bbox 1521 971 1604 1019; x_wconf 89' lang='lat' dir='ltr'><strong>est</strong></span> <span class='ocrx_word' id='word_1_51' title='bbox 1631 1004 1645 1029; x_wconf 93' lang='lat'><strong>,</strong></span> <span class='ocrx_word' id='word_1_52' title='bbox 1673 962 1874 1018; x_wconf 88' lang='lat' dir='ltr'><strong>nullum</strong></span> 
     </span>
    </p>
   </div>
   <div class='ocr_carea' id='block_1_8' title="bbox 276 1045 1875 1130">
    <p class='ocr_par' dir='ltr' id='par_1_8' title="bbox 276 1045 1875 1130">
     <span class='ocr_line' id='line_1_8' title="bbox 276 1045 1875 1130; baseline -0.004 -16"><span class='ocrx_word' id='word_1_53' title='bbox 276 1060 474 1130; x_wconf 85' lang='lat' dir='ltr'><strong>accipit</strong></span> <span class='ocrx_word' id='word_1_54' title='bbox 502 1045 889 1129; x_wconf 78' lang='lat' dir='ltr'><strong>incrementum</strong></span> <span class='ocrx_word' id='word_1_55' title='bbox 919 1100 935 1127; x_wconf 95' lang='lat'><strong>,</strong></span> <span class='ocrx_word' id='word_1_56' title='bbox 962 1057 1056 1114; x_wconf 90' lang='lat' dir='ltr'><strong>sed</strong></span> <span class='ocrx_word' id='word_1_57' title='bbox 1077 1073 1199 1112; x_wconf 91' lang='lat' dir='ltr'><strong>eum</strong></span> <span class='ocrx_word' id='word_1_58' title='bbox 1226 1058 1338 1128; x_wconf 92' lang='lat' dir='ltr'><strong>ipsa</strong></span> <span class='ocrx_word' id='word_1_59' title='bbox 1368 1054 1624 1127; x_wconf 78' lang='lat' dir='ltr'><strong>perfectio</strong></span> <span class='ocrx_word' id='word_1_60' title='bbox 1648 1069 1678 1109; x_wconf 93' lang='lat' dir='ltr'><strong>a</strong></span> <span class='ocrx_word' id='word_1_61' title='bbox 1706 1053 1875 1110; x_wconf 79' lang='lat' dir='ltr'><strong>forma</strong></span> 
     </span>
    </p>
   </div>
   <div class='ocr_carea' id='block_1_9' title="bbox 275 1141 1871 1221">
    <p class='ocr_par' dir='ltr' id='par_1_9' title="bbox 275 1141 1871 1221">
     <span class='ocr_line' id='line_1_9' title="bbox 275 1141 1871 1221; baseline -0.004 -12"><span class='ocrx_word' id='word_1_62' title='bbox 275 1141 454 1209; x_wconf 82' lang='lat' dir='ltr'><strong>Patris</strong></span> <span class='ocrx_word' id='word_1_63' title='bbox 479 1154 534 1208; x_wconf 92' lang='lat' dir='ltr'><strong>in</strong></span> <span class='ocrx_word' id='word_1_64' title='bbox 564 1160 821 1209; x_wconf 75' lang='lat' dir='ltr'><strong>aeternum</strong></span> <span class='ocrx_word' id='word_1_65' title='bbox 847 1149 1011 1208; x_wconf 77' lang='lat' dir='ltr'><strong>efﬁcit</strong></span> <span class='ocrx_word' id='word_1_66' title='bbox 1033 1151 1283 1207; x_wconf 89' lang='lat' dir='ltr'><strong>alienum.</strong></span> <span class='ocrx_word' id='word_1_67' title='bbox 1311 1150 1449 1205; x_wconf 87' lang='lat' dir='ltr'><strong>Ecce</strong></span> <span class='ocrx_word' id='word_1_68' title='bbox 1473 1164 1592 1221; x_wconf 70' lang='lat' dir='ltr'><strong>qua:</strong></span> <span class='ocrx_word' id='word_1_69' title='bbox 1617 1147 1832 1204; x_wconf 86' lang='lat' dir='ltr'><strong>creditis</strong></span> <span class='ocrx_word' id='word_1_70' title='bbox 1855 1189 1871 1218; x_wconf 90' lang='lat'><strong>,</strong></span> 
     </span>
    </p>
   </div>
   <div class='ocr_carea' id='block_1_10' title="bbox 277 1240 1870 1317">
    <p class='ocr_par' dir='ltr' id='par_1_10' title="bbox 277 1240 1870 1317">
     <span class='ocr_line' id='line_1_10' title="bbox 277 1240 1870 1317; baseline -0.004 -17"><span class='ocrx_word' id='word_1_71' title='bbox 277 1258 407 1301; x_wconf 84' lang='lat' dir='ltr'><strong>ecce</strong></span> <span class='ocrx_word' id='word_1_72' title='bbox 417 1261 541 1317; x_wconf 79' lang='lat' dir='ltr'><strong>quae</strong></span> <span class='ocrx_word' id='word_1_73' title='bbox 559 1245 753 1314; x_wconf 79' lang='lat' dir='ltr'><strong>dicitis;</strong></span> <span class='ocrx_word' id='word_1_74' title='bbox 767 1259 894 1301; x_wconf 90' lang='lat' dir='ltr'><strong>ecce</strong></span> <span class='ocrx_word' id='word_1_75' title='bbox 912 1252 1053 1311; x_wconf 90' lang='lat' dir='ltr'><strong>sunt,</strong></span> <span class='ocrx_word' id='word_1_76' title='bbox 1070 1243 1210 1315; x_wconf 92' lang='lat' dir='ltr'><strong>quod</strong></span> <span class='ocrx_word' id='word_1_77' title='bbox 1229 1243 1380 1315; x_wconf 84' lang='lat' dir='ltr'><strong>pejus</strong></span> <span class='ocrx_word' id='word_1_78' title='bbox 1395 1251 1496 1309; x_wconf 84' lang='lat' dir='ltr'><strong>est,</strong></span> <span class='ocrx_word' id='word_1_79' title='bbox 1512 1257 1630 1312; x_wconf 63' lang='lat' dir='ltr'><strong>quae</strong></span> <span class='ocrx_word' id='word_1_80' title='bbox 1647 1240 1870 1297; x_wconf 85' lang='lat' dir='ltr'><strong>docetis.</strong></span> 
     </span>
    </p>
   </div>
   <div class='ocr_carea' id='block_1_11' title="bbox 275 1325 1874 1408">
    <p class='ocr_par' dir='ltr' id='par_1_11' title="bbox 275 1325 1874 1408">
     <span class='ocr_line' id='line_1_11' title="bbox 275 1325 1874 1408; baseline -0.005 -15"><span class='ocrx_word' id='word_1_81' title='bbox 275 1336 383 1394; x_wconf 87' lang='lat' dir='ltr'><strong>Sed</strong></span> <span class='ocrx_word' id='word_1_82' title='bbox 413 1335 468 1393; x_wconf 81' lang='lat' dir='ltr'><strong>in</strong></span> <span class='ocrx_word' id='word_1_83' title='bbox 487 1338 806 1404; x_wconf 80' lang='lat' dir='ltr'><strong>auditorum,</strong></span> <span class='ocrx_word' id='word_1_84' title='bbox 831 1336 1006 1408; x_wconf 86' lang='lat' dir='ltr'><strong>inquis</strong></span> <span class='ocrx_word' id='word_1_85' title='bbox 1027 1375 1046 1403; x_wconf 90' lang='lat'><strong>,</strong></span> <span class='ocrx_word' id='word_1_86' title='bbox 1074 1325 1147 1390; x_wconf 83' lang='lat' dir='ltr'><strong>est</strong></span> <span class='ocrx_word' id='word_1_87' title='bbox 1176 1335 1381 1390; x_wconf 89' lang='lat' dir='ltr'><strong>arbitrio</strong></span> <span class='ocrx_word' id='word_1_88' title='bbox 1403 1374 1419 1402; x_wconf 89' lang='lat'><strong>,</strong></span> <span class='ocrx_word' id='word_1_89' title='bbox 1451 1342 1507 1388; x_wconf 86' lang='lat' dir='ltr'><strong>ut</strong></span> <span class='ocrx_word' id='word_1_90' title='bbox 1529 1334 1719 1405; x_wconf 82' lang='lat' dir='ltr'><strong>eligant</strong></span> <span class='ocrx_word' id='word_1_91' title='bbox 1743 1332 1874 1386; x_wconf 82' lang='lat' dir='ltr'><strong>alte-</strong></span> 
     </span>
    </p>
   </div>
   <div class='ocr_carea' id='block_1_12' title="bbox 274 1417 1874 1497">
    <p class='ocr_par' dir='ltr' id='par_1_12' title="bbox 274 1417 1874 1497">
     <span class='ocr_line' id='line_1_12' title="bbox 274 1417 1874 1497; baseline -0.003 -15"><span class='ocrx_word' id='word_1_92' title='bbox 274 1444 392 1482; x_wconf 84' lang='lat' dir='ltr'><strong>rum</strong></span> <span class='ocrx_word' id='word_1_93' title='bbox 415 1428 478 1483; x_wconf 84' lang='lat' dir='ltr'><strong>de</strong></span> <span class='ocrx_word' id='word_1_94' title='bbox 498 1427 694 1483; x_wconf 75' lang='lat' dir='ltr'><strong>duobus</strong></span> <span class='ocrx_word' id='word_1_95' title='bbox 721 1436 848 1483; x_wconf 88' lang='lat' dir='ltr'><strong>:aut</strong></span> <span class='ocrx_word' id='word_1_96' title='bbox 874 1417 1185 1482; x_wconf 76' lang='lat' dir='ltr'><strong>obedientem</strong></span> <span class='ocrx_word' id='word_1_97' title='bbox 1214 1424 1363 1480; x_wconf 87' lang='lat' dir='ltr'><strong>Patri</strong></span> <span class='ocrx_word' id='word_1_98' title='bbox 1391 1424 1586 1480; x_wconf 87' lang='lat' dir='ltr'><strong>Filium</strong></span> <span class='ocrx_word' id='word_1_99' title='bbox 1615 1465 1632 1493; x_wconf 88' lang='lat'><strong>,</strong></span> <span class='ocrx_word' id='word_1_100' title='bbox 1661 1425 1750 1497; x_wconf 85' lang='lat' dir='ltr'><strong>qui</strong></span> <span class='ocrx_word' id='word_1_101' title='bbox 1778 1441 1798 1476; x_wconf 70' lang='grc' dir='ltr'><strong><em>ι</em></strong></span> <span class='ocrx_word' id='word_1_102' title='bbox 1820 1437 1874 1478; x_wconf 85' lang='lat' dir='ltr'><strong>se</strong></span> 
     </span>
    </p>
   </div>
   <div class='ocr_carea' id='block_1_13' title="bbox 150 1515 1875 1604">
    <p class='ocr_par' dir='ltr' id='par_1_13' title="bbox 150 1515 1875 1604">
     <span class='ocr_line' id='line_1_13' title="bbox 150 1515 1875 1604; baseline -0.003 -30"><span class='ocrx_word' id='word_1_103' title='bbox 150 1571 163 1585; x_wconf 80' lang='grc'><em>,</em></span> <span class='ocrx_word' id='word_1_104' title='bbox 275 1519 578 1588; x_wconf 72' lang='lat' dir='ltr'><strong>exinaniuit,</strong></span> <span class='ocrx_word' id='word_1_105' title='bbox 599 1525 817 1604; x_wconf 65' lang='lat' dir='ltr'><strong>formam</strong></span> <span class='ocrx_word' id='word_1_106' title='bbox 827 1519 954 1574; x_wconf 83' lang='lat' dir='ltr'><strong>servi</strong></span> <span class='ocrx_word' id='word_1_107' title='bbox 967 1518 1220 1589; x_wconf 84' lang='lat' dir='ltr'><strong>accipiens</strong></span> <span class='ocrx_word' id='word_1_108' title='bbox 1239 1535 1258 1570; x_wconf 85' lang='grc'><strong>›</strong></span> <span class='ocrx_word' id='word_1_109' title='bbox 1272 1559 1288 1585; x_wconf 89' lang='grc'><em>,</em></span> <span class='ocrx_word' id='word_1_110' title='bbox 1302 1517 1384 1571; x_wconf 87' lang='lat' dir='ltr'><strong>cui</strong></span> <span class='ocrx_word' id='word_1_111' title='bbox 1397 1526 1446 1572; x_wconf 86' lang='lat' dir='ltr'><strong>et</strong></span> <span class='ocrx_word' id='word_1_112' title='bbox 1460 1515 1615 1571; x_wconf 86' lang='lat' dir='ltr'><strong>Pater</strong></span> <span class='ocrx_word' id='word_1_113' title='bbox 1631 1535 1651 1570; x_wconf 85' lang='grc'><strong>‹</strong></span> <span class='ocrx_word' id='word_1_114' title='bbox 1669 1515 1875 1578; x_wconf 84' lang='lat' dir='ltr'><strong>donavit</strong></span> 
     </span>
    </p>
   </div>
   <div class='ocr_carea' id='block_1_14' title="bbox 276 1608 1868 1686">
    <p class='ocr_par' dir='ltr' id='par_1_14' title="bbox 276 1608 1868 1686">
     <span class='ocr_line' id='line_1_14' title="bbox 276 1608 1868 1686; baseline -0.001 -20"><span class='ocrx_word' id='word_1_115' title='bbox 276 1628 464 1667; x_wconf 78' lang='lat' dir='ltr'><strong>nomen</strong></span> <span class='ocrx_word' id='word_1_116' title='bbox 479 1612 615 1684; x_wconf 83' lang='lat' dir='ltr'><strong>quod</strong></span> <span class='ocrx_word' id='word_1_117' title='bbox 639 1621 711 1667; x_wconf 77' lang='lat' dir='ltr'><strong>est</strong></span> <span class='ocrx_word' id='word_1_118' title='bbox 739 1629 891 1686; x_wconf 82' lang='lat' dir='ltr'><strong>super</strong></span> <span class='ocrx_word' id='word_1_119' title='bbox 910 1628 1058 1667; x_wconf 82' lang='lat' dir='ltr'><strong>omne</strong></span> <span class='ocrx_word' id='word_1_120' title='bbox 1086 1627 1268 1668; x_wconf 80' lang='lat' dir='ltr'><strong>nomen</strong></span> <span class='ocrx_word' id='word_1_121' title='bbox 1289 1628 1309 1663; x_wconf 74' lang='grc' dir='ltr'><strong><em>ι</em></strong></span> <span class='ocrx_word' id='word_1_122' title='bbox 1340 1608 1599 1682; x_wconf 78' lang='lat' dir='ltr'><strong>(Philipp.</strong></span> <span class='ocrx_word' id='word_1_123' title='bbox 1616 1625 1653 1666; x_wconf 79' lang='grc' dir='ltr'><strong>ιι</strong></span> <span class='ocrx_word' id='word_1_124' title='bbox 1671 1650 1688 1678; x_wconf 88' lang='grc'><em>,</em></span> <span class='ocrx_word' id='word_1_125' title='bbox 1711 1610 1766 1677; x_wconf 86' lang='lat'><strong>7,</strong></span> <span class='ocrx_word' id='word_1_126' title='bbox 1780 1609 1868 1680; x_wconf 79' lang='lat'><strong>9);</strong></span> 
     </span>
    </p>
   </div>
   <div class='ocr_carea' id='block_1_15' title="bbox 277 1701 1872 1787">
    <p class='ocr_par' dir='ltr' id='par_1_15' title="bbox 277 1701 1872 1787">
     <span class='ocr_line' id='line_1_15' title="bbox 277 1701 1872 1787; baseline -0.003 -28"><span class='ocrx_word' id='word_1_127' title='bbox 277 1716 368 1760; x_wconf 88' lang='lat' dir='ltr'><strong>aut</strong></span> <span class='ocrx_word' id='word_1_128' title='bbox 409 1707 874 1777; x_wconf 81' lang='lat' dir='ltr'><strong>interpretationem</strong></span> <span class='ocrx_word' id='word_1_129' title='bbox 912 1715 1071 1760; x_wconf 88' lang='lat' dir='ltr'><strong>tuam.</strong></span> <span class='ocrx_word' id='word_1_130' title='bbox 1103 1705 1330 1772; x_wconf 79' lang='lat' dir='ltr'><strong>Prorsus</strong></span> <span class='ocrx_word' id='word_1_131' title='bbox 1373 1704 1644 1760; x_wconf 86' lang='lat' dir='ltr'><strong>auditores</strong></span> <span class='ocrx_word' id='word_1_132' title='bbox 1679 1701 1872 1787; x_wconf 76' lang='lat' dir='ltr'><strong>quibus</strong></span> 
     </span>
    </p>
   </div>
   <div class='ocr_carea' id='block_1_16' title="bbox 277 1783 1872 1868">
    <p class='ocr_par' dir='ltr' id='par_1_16' title="bbox 277 1783 1872 1868">
     <span class='ocr_line' id='line_1_16' title="bbox 277 1783 1872 1868; baseline -0.003 -14"><span class='ocrx_word' id='word_1_133' title='bbox 277 1797 444 1854; x_wconf 88' lang='lat' dir='ltr'><strong>donat</strong></span> <span class='ocrx_word' id='word_1_134' title='bbox 497 1799 754 1856; x_wconf 88' lang='lat' dir='ltr'><strong>Dominus</strong></span> <span class='ocrx_word' id='word_1_135' title='bbox 803 1799 1165 1868; x_wconf 76' lang='lat' dir='ltr'><strong>intellectum,</strong></span> <span class='ocrx_word' id='word_1_136' title='bbox 1207 1812 1317 1853; x_wconf 90' lang='lat' dir='ltr'><strong>non</strong></span> <span class='ocrx_word' id='word_1_137' title='bbox 1359 1813 1523 1859; x_wconf 85' lang='lat' dir='ltr'><strong>unum</strong></span> <span class='ocrx_word' id='word_1_138' title='bbox 1553 1795 1620 1851; x_wconf 91' lang='lat' dir='ltr'><strong>de</strong></span> <span class='ocrx_word' id='word_1_139' title='bbox 1665 1783 1872 1862; x_wconf 80' lang='lat' dir='ltr'><strong>duobus</strong></span> 
     </span>
    </p>
   </div>
   <div class='ocr_carea' id='block_1_17' title="bbox 277 1886 1870 1966">
    <p class='ocr_par' dir='ltr' id='par_1_17' title="bbox 277 1886 1870 1966">
     <span class='ocr_line' id='line_1_17' title="bbox 277 1886 1870 1966; baseline -0.002 -21"><span class='ocrx_word' id='word_1_140' title='bbox 277 1889 396 1946; x_wconf 90' lang='lat' dir='ltr'><strong>istis</strong></span> <span class='ocrx_word' id='word_1_141' title='bbox 418 1891 640 1966; x_wconf 78' lang='lat' dir='ltr'><strong>eligunt,</strong></span> <span class='ocrx_word' id='word_1_142' title='bbox 673 1890 767 1958; x_wconf 81' lang='lat' dir='ltr'><strong>sed</strong></span> <span class='ocrx_word' id='word_1_143' title='bbox 788 1899 1089 1962; x_wconf 88' lang='lat' dir='ltr'><strong>utrumque;</strong></span> <span class='ocrx_word' id='word_1_144' title='bbox 1119 1889 1172 1945; x_wconf 90' lang='lat' dir='ltr'><strong>id</strong></span> <span class='ocrx_word' id='word_1_145' title='bbox 1197 1897 1298 1957; x_wconf 87' lang='lat' dir='ltr'><strong>est,</strong></span> <span class='ocrx_word' id='word_1_146' title='bbox 1327 1897 1382 1944; x_wconf 91' lang='lat' dir='ltr'><strong>et</strong></span> <span class='ocrx_word' id='word_1_147' title='bbox 1408 1888 1744 1944; x_wconf 86' lang='lat' dir='ltr'><strong>obedientem</strong></span> <span class='ocrx_word' id='word_1_148' title='bbox 1766 1886 1870 1944; x_wconf 90' lang='lat' dir='ltr'><strong>Pa-</strong></span> 
     </span>
    </p>
   </div>
   <div class='ocr_carea' id='block_1_18' title="bbox 277 1971 1871 2053">
    <p class='ocr_par' dir='ltr' id='par_1_18' title="bbox 277 1971 1871 2053">
     <span class='ocr_line' id='line_1_18' title="bbox 277 1971 1871 2053; baseline -0.003 -17"><span class='ocrx_word' id='word_1_149' title='bbox 277 1980 343 2036; x_wconf 88' lang='lat' dir='ltr'><strong>tri</strong></span> <span class='ocrx_word' id='word_1_150' title='bbox 371 1971 566 2048; x_wconf 82' lang='lat' dir='ltr'><strong>Filium</strong></span> <span class='ocrx_word' id='word_1_151' title='bbox 588 2023 602 2049; x_wconf 89' lang='lat'><strong>,</strong></span> <span class='ocrx_word' id='word_1_152' title='bbox 630 1990 685 2038; x_wconf 89' lang='lat' dir='ltr'><strong>et</strong></span> <span class='ocrx_word' id='word_1_153' title='bbox 713 1981 1204 2053; x_wconf 87' lang='lat' dir='ltr'><strong>interpretationem</strong></span> <span class='ocrx_word' id='word_1_154' title='bbox 1225 2023 1240 2049; x_wconf 95' lang='lat'><strong>,</strong></span> <span class='ocrx_word' id='word_1_155' title='bbox 1267 1979 1350 2036; x_wconf 89' lang='lat' dir='ltr'><strong>vel</strong></span> <span class='ocrx_word' id='word_1_156' title='bbox 1379 1979 1557 2051; x_wconf 88' lang='lat' dir='ltr'><strong>potius</strong></span> <span class='ocrx_word' id='word_1_157' title='bbox 1581 1977 1871 2052; x_wconf 86' lang='lat' dir='ltr'><strong>expositio-</strong></span> 
     </span>
    </p>
   </div>
   <div class='ocr_carea' id='block_1_19' title="bbox 278 2068 1870 2144">
    <p class='ocr_par' dir='ltr' id='par_1_19' title="bbox 278 2068 1870 2144">
     <span class='ocr_line' id='line_1_19' title="bbox 278 2068 1870 2144; baseline -0.001 -17"><span class='ocrx_word' id='word_1_158' title='bbox 278 2087 401 2128; x_wconf 88' lang='lat' dir='ltr'><strong>nem</strong></span> <span class='ocrx_word' id='word_1_159' title='bbox 428 2087 626 2138; x_wconf 87' lang='lat' dir='ltr'><strong>meam,</strong></span> <span class='ocrx_word' id='word_1_160' title='bbox 653 2089 756 2144; x_wconf 85' lang='lat' dir='ltr'><strong>qua</strong></span> <span class='ocrx_word' id='word_1_161' title='bbox 777 2071 984 2128; x_wconf 88' lang='lat' dir='ltr'><strong>ostendi</strong></span> <span class='ocrx_word' id='word_1_162' title='bbox 1013 2072 1093 2128; x_wconf 93' lang='lat' dir='ltr'><strong>sic</strong></span> <span class='ocrx_word' id='word_1_163' title='bbox 1119 2070 1458 2127; x_wconf 88' lang='lat' dir='ltr'><strong>obedientem</strong></span> <span class='ocrx_word' id='word_1_164' title='bbox 1487 2069 1652 2132; x_wconf 78' lang='lat' dir='ltr'><strong>fuisse</strong></span> <span class='ocrx_word' id='word_1_165' title='bbox 1677 2070 1730 2125; x_wconf 93' lang='lat' dir='ltr'><strong>in</strong></span> <span class='ocrx_word' id='word_1_166' title='bbox 1758 2068 1870 2125; x_wconf 79' lang='lat' dir='ltr'><strong>for-</strong></span> 
     </span>
    </p>
   </div>
   <div class='ocr_carea' id='block_1_20' title="bbox 278 2160 1873 2234">
    <p class='ocr_par' dir='ltr' id='par_1_20' title="bbox 278 2160 1873 2234">
     <span class='ocr_line' id='line_1_20' title="bbox 278 2160 1873 2234; baseline -0.003 -16"><span class='ocrx_word' id='word_1_167' title='bbox 278 2179 364 2218; x_wconf 85' lang='lat' dir='ltr'><strong>ma</strong></span> <span class='ocrx_word' id='word_1_168' title='bbox 399 2163 564 2234; x_wconf 62' lang='lat' dir='ltr'><strong>servi,</strong></span> <span class='ocrx_word' id='word_1_169' title='bbox 588 2161 888 2230; x_wconf 80' lang='lat' dir='ltr'><strong>utformam</strong></span> <span class='ocrx_word' id='word_1_170' title='bbox 915 2178 1020 2218; x_wconf 91' lang='lat' dir='ltr'><strong>non</strong></span> <span class='ocrx_word' id='word_1_171' title='bbox 1050 2163 1320 2218; x_wconf 88' lang='lat' dir='ltr'><strong>amitteret</strong></span> <span class='ocrx_word' id='word_1_172' title='bbox 1344 2160 1458 2230; x_wconf 89' lang='lat' dir='ltr'><strong>Dei,</strong></span> <span class='ocrx_word' id='word_1_173' title='bbox 1485 2160 1539 2215; x_wconf 92' lang='lat' dir='ltr'><strong>in</strong></span> <span class='ocrx_word' id='word_1_174' title='bbox 1562 2174 1666 2234; x_wconf 89' lang='lat' dir='ltr'><strong>qua</strong></span> <span class='ocrx_word' id='word_1_175' title='bbox 1696 2173 1873 2231; x_wconf 83' lang='lat' dir='ltr'><strong>acqua-</strong></span> 
     </span>
    </p>
   </div>
   <div class='ocr_carea' id='block_1_21' title="bbox 277 2251 1870 2327">
    <p class='ocr_par' dir='ltr' id='par_1_21' title="bbox 277 2251 1870 2327">
     <span class='ocr_line' id='line_1_21' title="bbox 277 2251 1870 2327; baseline -0.003 -15"><span class='ocrx_word' id='word_1_176' title='bbox 277 2257 343 2313; x_wconf 80' lang='lat' dir='ltr'><strong>lis</strong></span> <span class='ocrx_word' id='word_1_177' title='bbox 381 2266 464 2313; x_wconf 89' lang='lat' dir='ltr'><strong>est</strong></span> <span class='ocrx_word' id='word_1_178' title='bbox 496 2258 659 2313; x_wconf 82' lang='lat' dir='ltr'><strong>Patri.</strong></span> <span class='ocrx_word' id='word_1_179' title='bbox 686 2257 767 2312; x_wconf 88' lang='lat' dir='ltr'><strong>Tu</strong></span> <span class='ocrx_word' id='word_1_180' title='bbox 806 2272 933 2313; x_wconf 89' lang='lat' dir='ltr'><strong>vero</strong></span> <span class='ocrx_word' id='word_1_181' title='bbox 967 2255 1090 2320; x_wconf 84' lang='lat' dir='ltr'><strong>vide</strong></span> <span class='ocrx_word' id='word_1_182' title='bbox 1125 2270 1282 2327; x_wconf 90' lang='lat' dir='ltr'><strong>quam</strong></span> <span class='ocrx_word' id='word_1_183' title='bbox 1315 2253 1700 2318; x_wconf 86' lang='lat' dir='ltr'><strong>contumeliose</strong></span> <span class='ocrx_word' id='word_1_184' title='bbox 1737 2251 1870 2308; x_wconf 86' lang='lat' dir='ltr'><strong>Filio</strong></span> 
     </span>
    </p>
   </div>
   <div class='ocr_carea' id='block_1_22' title="bbox 278 2343 1870 2418">
    <p class='ocr_par' dir='ltr' id='par_1_22' title="bbox 278 2343 1870 2418">
     <span class='ocr_line' id='line_1_22' title="bbox 278 2343 1870 2418; baseline -0.001 -16"><span class='ocrx_word' id='word_1_185' title='bbox 278 2346 373 2402; x_wconf 85' lang='lat' dir='ltr'><strong>Dei</strong></span> <span class='ocrx_word' id='word_1_186' title='bbox 414 2347 620 2403; x_wconf 87' lang='lat' dir='ltr'><strong>tribuas</strong></span> <span class='ocrx_word' id='word_1_187' title='bbox 665 2347 1024 2404; x_wconf 87' lang='lat' dir='ltr'><strong>obedientiam</strong></span> <span class='ocrx_word' id='word_1_188' title='bbox 1051 2387 1066 2414; x_wconf 97' lang='lat'><strong>,</strong></span> <span class='ocrx_word' id='word_1_189' title='bbox 1097 2346 1250 2418; x_wconf 87' lang='lat' dir='ltr'><strong>cujus</strong></span> <span class='ocrx_word' id='word_1_190' title='bbox 1280 2344 1478 2411; x_wconf 88' lang='lat' dir='ltr'><strong>minnis</strong></span> <span class='ocrx_word' id='word_1_191' title='bbox 1508 2345 1562 2412; x_wconf 83' lang='lat' dir='ltr'><strong>in</strong></span> <span class='ocrx_word' id='word_1_192' title='bbox 1595 2343 1870 2409; x_wconf 85' lang='lat' dir='ltr'><strong>divinitate</strong></span> 
     </span>
    </p>
   </div>
   <div class='ocr_carea' id='block_1_23' title="bbox 276 2423 1168 2493">
    <p class='ocr_par' dir='ltr' id='par_1_23' title="bbox 276 2423 1168 2493">
     <span class='ocr_line' id='line_1_23' title="bbox 276 2423 1168 2493; baseline 0.004 -1"><span class='ocrx_word' id='word_1_193' title='bbox 276 2446 544 2493; x_wconf 87' lang='lat' dir='ltr'><strong>naturam.</strong></span> <span class='ocrx_word' id='word_1_194' title='bbox 1163 2423 1168 2430; x_wconf 36' lang='lat'><strong>’</strong></span> 
     </span>
    </p>
   </div>
   <div class='ocr_carea' id='block_1_24' title="bbox 347 2525 1870 2600">
    <p class='ocr_par' dir='ltr' id='par_1_24' title="bbox 347 2525 1870 2600">
     <span class='ocr_line' id='line_1_24' title="bbox 347 2525 1870 2600; baseline -0.003 -14"><span class='ocrx_word' id='word_1_195' title='bbox 347 2527 578 2596; x_wconf 85' lang='lat' dir='ltr'><strong>CAPUT</strong></span> <span class='ocrx_word' id='word_1_196' title='bbox 617 2527 854 2586; x_wconf 77' lang='lat' dir='ltr'><strong>XVl.—</strong></span> <span class='ocrx_word' id='word_1_197' title='bbox 880 2528 1182 2600; x_wconf 73' lang='lat' dir='ltr'><strong>LQuando</strong></span> <span class='ocrx_word' id='word_1_198' title='bbox 1235 2536 1415 2595; x_wconf 87' lang='lat' dir='ltr'><strong>autem</strong></span> <span class='ocrx_word' id='word_1_199' title='bbox 1466 2542 1496 2582; x_wconf 90' lang='lat' dir='ltr'><strong>a</strong></span> <span class='ocrx_word' id='word_1_200' title='bbox 1547 2543 1634 2582; x_wconf 92' lang='lat' dir='ltr'><strong>me</strong></span> <span class='ocrx_word' id='word_1_201' title='bbox 1677 2525 1870 2582; x_wconf 89' lang='lat' dir='ltr'><strong>audisti</strong></span> 
     </span>
    </p>
   </div>
   <div class='ocr_carea' id='block_1_25' title="bbox 275 2618 1867 2694">
    <p class='ocr_par' dir='ltr' id='par_1_25' title="bbox 275 2618 1867 2694">
     <span class='ocr_line' id='line_1_25' title="bbox 275 2618 1867 2694; baseline -0.003 -18"><span class='ocrx_word' id='word_1_202' title='bbox 275 2631 486 2694; x_wconf 77' lang='lat' dir='ltr'><strong>propter</strong></span> <span class='ocrx_word' id='word_1_203' title='bbox 530 2619 739 2677; x_wconf 68' lang='lat' dir='ltr'><strong>Iudicas</strong></span> <span class='ocrx_word' id='word_1_204' title='bbox 768 2664 783 2690; x_wconf 98' lang='lat'><strong>,</strong></span> <span class='ocrx_word' id='word_1_205' title='bbox 834 2621 1162 2690; x_wconf 72' lang='lat' dir='ltr'><strong>humilitatis,</strong></span> <span class='ocrx_word' id='word_1_206' title='bbox 1215 2636 1318 2675; x_wconf 86' lang='lat' dir='ltr'><strong>non</strong></span> <span class='ocrx_word' id='word_1_207' title='bbox 1376 2619 1596 2673; x_wconf 85' lang='lat' dir='ltr'><strong>veritatis</strong></span> <span class='ocrx_word' id='word_1_208' title='bbox 1660 2618 1823 2690; x_wconf 83' lang='lat' dir='ltr'><strong>gratia</strong></span> <span class='ocrx_word' id='word_1_209' title='bbox 1851 2659 1867 2685; x_wconf 90' lang='lat'><strong>,</strong></span> 
     </span>
    </p>
   </div>
   <div class='ocr_carea' id='block_1_26' title="bbox 275 2709 1871 2785">
    <p class='ocr_par' dir='ltr' id='par_1_26' title="bbox 275 2709 1871 2785">
     <span class='ocr_line' id='line_1_26' title="bbox 275 2709 1871 2785; baseline -0.002 -17"><span class='ocrx_word' id='word_1_210' title='bbox 275 2713 468 2768; x_wconf 65' lang='lat' dir='ltr'><strong>dixisse</strong></span> <span class='ocrx_word' id='word_1_211' title='bbox 505 2711 702 2767; x_wconf 84' lang='lat' dir='ltr'><strong>Filium</strong></span> <span class='ocrx_word' id='word_1_212' title='bbox 746 2711 882 2785; x_wconf 85' lang='lat' dir='ltr'><strong>quod</strong></span> <span class='ocrx_word' id='word_1_213' title='bbox 907 2711 1048 2768; x_wconf 87' lang='lat' dir='ltr'><strong>Deus</strong></span> <span class='ocrx_word' id='word_1_214' title='bbox 1093 2712 1202 2783; x_wconf 84' lang='lat' dir='ltr'><strong>ejus</strong></span> <span class='ocrx_word' id='word_1_215' title='bbox 1243 2712 1306 2766; x_wconf 91' lang='lat' dir='ltr'><strong>sit</strong></span> <span class='ocrx_word' id='word_1_216' title='bbox 1337 2709 1493 2772; x_wconf 81' lang='lat' dir='ltr'><strong>Pater</strong></span> <span class='ocrx_word' id='word_1_217' title='bbox 1522 2711 1629 2784; x_wconf 86' lang='lat' dir='ltr'><strong>ejus</strong></span> <span class='ocrx_word' id='word_1_218' title='bbox 1649 2710 1675 2764; x_wconf 73' lang='grc' dir='ltr'><strong>ἒ)</strong></span> <span class='ocrx_word' id='word_1_219' title='bbox 1700 2709 1813 2766; x_wconf 84' lang='lat' dir='ltr'><strong>Hoc</strong></span> <span class='ocrx_word' id='word_1_220' title='bbox 1839 2725 1871 2765; x_wconf 88' lang='lat' dir='ltr'><strong>a</strong></span> 
     </span>
    </p>
   </div>
   <div class='ocr_carea' id='block_1_27' title="bbox 275 2800 1868 2876">
    <p class='ocr_par' dir='ltr' id='par_1_27' title="bbox 275 2800 1868 2876">
     <span class='ocr_line' id='line_1_27' title="bbox 275 2800 1868 2876; baseline -0.004 -15"><span class='ocrx_word' id='word_1_221' title='bbox 275 2817 368 2860; x_wconf 89' lang='lat' dir='ltr'><strong>me</strong></span> <span class='ocrx_word' id='word_1_222' title='bbox 396 2803 469 2860; x_wconf 85' lang='lat' dir='ltr'><strong>ita</strong></span> <span class='ocrx_word' id='word_1_223' title='bbox 498 2820 767 2875; x_wconf 87' lang='lat' dir='ltr'><strong>nunquam</strong></span> <span class='ocrx_word' id='word_1_224' title='bbox 792 2803 976 2859; x_wconf 90' lang='lat' dir='ltr'><strong>audire</strong></span> <span class='ocrx_word' id='word_1_225' title='bbox 997 2803 1236 2876; x_wconf 86' lang='lat' dir='ltr'><strong>potuisti,</strong></span> <span class='ocrx_word' id='word_1_226' title='bbox 1264 2802 1400 2858; x_wconf 87' lang='lat' dir='ltr'><strong>sicut</strong></span> <span class='ocrx_word' id='word_1_227' title='bbox 1423 2816 1692 2872; x_wconf 87' lang='lat' dir='ltr'><strong>nunquam</strong></span> <span class='ocrx_word' id='word_1_228' title='bbox 1723 2800 1828 2854; x_wconf 91' lang='lat' dir='ltr'><strong>dixi</strong></span> <span class='ocrx_word' id='word_1_229' title='bbox 1855 2817 1868 2855; x_wconf 92' lang='lat'><strong>:</strong></span> 
     </span>
    </p>
   </div>
   <div class='ocr_carea' id='block_1_28' title="bbox 276 2893 1867 2972">
    <p class='ocr_par' dir='ltr' id='par_1_28' title="bbox 276 2893 1867 2972">
     <span class='ocr_line' id='line_1_28' title="bbox 276 2893 1867 2972; baseline -0.003 -20"><span class='ocrx_word' id='word_1_230' title='bbox 276 2895 375 2952; x_wconf 85' lang='lat' dir='ltr'><strong>sed</strong></span> <span class='ocrx_word' id='word_1_231' title='bbox 419 2897 576 2967; x_wconf 88' lang='lat' dir='ltr'><strong>plane</strong></span> <span class='ocrx_word' id='word_1_232' title='bbox 612 2895 759 2963; x_wconf 84' lang='lat' dir='ltr'><strong>dixi,</strong></span> <span class='ocrx_word' id='word_1_233' title='bbox 789 2905 1010 2972; x_wconf 87' lang='lat' dir='ltr'><strong>propter</strong></span> <span class='ocrx_word' id='word_1_234' title='bbox 1033 2896 1257 2952; x_wconf 75' lang='lat' dir='ltr'><strong>formam</strong></span> <span class='ocrx_word' id='word_1_235' title='bbox 1301 2895 1441 2952; x_wconf 90' lang='lat' dir='ltr'><strong>servi</strong></span> <span class='ocrx_word' id='word_1_236' title='bbox 1479 2893 1678 2948; x_wconf 90' lang='lat' dir='ltr'><strong>dictum</strong></span> <span class='ocrx_word' id='word_1_237' title='bbox 1727 2907 1867 2948; x_wconf 90' lang='lat' dir='ltr'><strong>esse.</strong></span> 
     </span>
    </p>
   </div>
   <div class='ocr_carea' id='block_1_29' title="bbox 276 2987 1871 3064">
    <p class='ocr_par' dir='ltr' id='par_1_29' title="bbox 276 2987 1871 3064">
     <span class='ocr_line' id='line_1_29' title="bbox 276 2987 1871 3064; baseline -0.001 -19"><span class='ocrx_word' id='word_1_238' title='bbox 276 2987 428 3045; x_wconf 89' lang='lat' dir='ltr'><strong>Sicut</strong></span> <span class='ocrx_word' id='word_1_239' title='bbox 450 2998 626 3046; x_wconf 91' lang='lat' dir='ltr'><strong>autem</strong></span> <span class='ocrx_word' id='word_1_240' title='bbox 661 2990 776 3064; x_wconf 87' lang='lat' dir='ltr'><strong>ipsa</strong></span> <span class='ocrx_word' id='word_1_241' title='bbox 801 2990 966 3045; x_wconf 76' lang='lat' dir='ltr'><strong>forma</strong></span> <span class='ocrx_word' id='word_1_242' title='bbox 997 2989 1136 3045; x_wconf 86' lang='lat' dir='ltr'><strong>servi</strong></span> <span class='ocrx_word' id='word_1_243' title='bbox 1163 3003 1290 3046; x_wconf 89' lang='lat' dir='ltr'><strong>vera</strong></span> <span class='ocrx_word' id='word_1_244' title='bbox 1313 3028 1328 3055; x_wconf 91' lang='lat'><strong>,</strong></span> <span class='ocrx_word' id='word_1_245' title='bbox 1359 3003 1466 3043; x_wconf 91' lang='lat' dir='ltr'><strong>non</strong></span> <span class='ocrx_word' id='word_1_246' title='bbox 1494 2987 1627 3043; x_wconf 81' lang='lat' dir='ltr'><strong>falsa</strong></span> <span class='ocrx_word' id='word_1_247' title='bbox 1652 2994 1766 3054; x_wconf 88' lang='lat' dir='ltr'><strong>est;</strong></span> <span class='ocrx_word' id='word_1_248' title='bbox 1799 2988 1871 3044; x_wconf 87' lang='lat' dir='ltr'><strong>ita</strong></span> 
     </span>
    </p>
   </div>
   <div class='ocr_carea' id='block_1_30' title="bbox 275 3065 1868 3154">
    <p class='ocr_par' dir='ltr' id='par_1_30' title="bbox 275 3065 1868 3154">
     <span class='ocr_line' id='line_1_30' title="bbox 275 3065 1868 3154; baseline -0.003 -18"><span class='ocrx_word' id='word_1_249' title='bbox 275 3079 494 3137; x_wconf 86' lang='lat' dir='ltr'><strong>Patrem</strong></span> <span class='ocrx_word' id='word_1_250' title='bbox 529 3065 690 3137; x_wconf 83' lang='lat' dir='ltr'><strong>suum</strong></span> <span class='ocrx_word' id='word_1_251' title='bbox 712 3096 832 3138; x_wconf 88' lang='lat' dir='ltr'><strong>esse</strong></span> <span class='ocrx_word' id='word_1_252' title='bbox 861 3081 1019 3137; x_wconf 89' lang='lat' dir='ltr'><strong>etiam</strong></span> <span class='ocrx_word' id='word_1_253' title='bbox 1054 3089 1272 3154; x_wconf 85' lang='lat' dir='ltr'><strong>propter</strong></span> <span class='ocrx_word' id='word_1_254' title='bbox 1302 3080 1445 3135; x_wconf 91' lang='lat' dir='ltr'><strong>illam</strong></span> <span class='ocrx_word' id='word_1_255' title='bbox 1474 3080 1642 3135; x_wconf 89' lang='lat' dir='ltr'><strong>Deum</strong></span> <span class='ocrx_word' id='word_1_256' title='bbox 1667 3094 1822 3134; x_wconf 90' lang='lat' dir='ltr'><strong>suum</strong></span> <span class='ocrx_word' id='word_1_257' title='bbox 1851 3119 1868 3146; x_wconf 92' lang='lat'><strong>,</strong></span> 
     </span>
    </p>
   </div>
   <div class='ocr_carea' id='block_1_31' title="bbox 276 3173 1872 3246">
    <p class='ocr_par' dir='ltr' id='par_1_31' title="bbox 276 3173 1872 3246">
     <span class='ocr_line' id='line_1_31' title="bbox 276 3173 1872 3246; baseline -0.001 -19"><span class='ocrx_word' id='word_1_258' title='bbox 276 3175 540 3234; x_wconf 84' lang='lat' dir='ltr'><strong>veraciter</strong></span> <span class='ocrx_word' id='word_1_259' title='bbox 566 3174 738 3246; x_wconf 86' lang='lat' dir='ltr'><strong>dixit,</strong></span> <span class='ocrx_word' id='word_1_260' title='bbox 768 3189 876 3235; x_wconf 86' lang='lat' dir='ltr'><strong>non</strong></span> <span class='ocrx_word' id='word_1_261' title='bbox 901 3173 1172 3229; x_wconf 88' lang='lat' dir='ltr'><strong>humiliter</strong></span> <span class='ocrx_word' id='word_1_262' title='bbox 1201 3173 1374 3228; x_wconf 85' lang='lat' dir='ltr'><strong>ﬁnxit.</strong></span> <span class='ocrx_word' id='word_1_263' title='bbox 1418 3173 1549 3241; x_wconf 82' lang='lat' dir='ltr'><strong>Quis</strong></span> <span class='ocrx_word' id='word_1_264' title='bbox 1598 3173 1744 3234; x_wconf 89' lang='lat' dir='ltr'><strong>enim</strong></span> <span class='ocrx_word' id='word_1_265' title='bbox 1788 3180 1872 3240; x_wconf 84' lang='lat' dir='ltr'><strong>est</strong></span> 
     </span>
    </p>
   </div>
   <div class='ocr_carea' id='block_1_32' title="bbox 276 3264 1872 3334">
    <p class='ocr_par' dir='ltr' id='par_1_32' title="bbox 276 3264 1872 3334">
     <span class='ocr_line' id='line_1_32' title="bbox 276 3264 1872 3334; baseline -0.001 -12"><span class='ocrx_word' id='word_1_266' title='bbox 276 3264 626 3334; x_wconf 83' lang='lat' dir='ltr'><strong>humilitatis,</strong></span> <span class='ocrx_word' id='word_1_267' title='bbox 676 3266 876 3324; x_wconf 84' lang='lat' dir='ltr'><strong>fructus</strong></span> <span class='ocrx_word' id='word_1_268' title='bbox 926 3266 1015 3324; x_wconf 88' lang='lat' dir='ltr'><strong>ubi</strong></span> <span class='ocrx_word' id='word_1_269' title='bbox 1061 3265 1438 3322; x_wconf 86' lang='lat' dir='ltr'><strong>detrimentum</strong></span> <span class='ocrx_word' id='word_1_270' title='bbox 1483 3273 1566 3322; x_wconf 89' lang='lat' dir='ltr'><strong>est</strong></span> <span class='ocrx_word' id='word_1_271' title='bbox 1588 3264 1872 3322; x_wconf 79' lang='lat' dir='ltr'><strong>veritatis?</strong></span> 
     </span>
    </p>
   </div>
   <div class='ocr_carea' id='block_1_33' title="bbox 276 3355 1873 3426">
    <p class='ocr_par' dir='ltr' id='par_1_33' title="bbox 276 3355 1873 3426">
     <span class='ocr_line' id='line_1_33' title="bbox 276 3355 1873 3426; baseline -0.001 -10"><span class='ocrx_word' id='word_1_272' title='bbox 276 3359 357 3416; x_wconf 90' lang='lat' dir='ltr'><strong>Tu</strong></span> <span class='ocrx_word' id='word_1_273' title='bbox 383 3370 562 3416; x_wconf 90' lang='lat' dir='ltr'><strong>autem</strong></span> <span class='ocrx_word' id='word_1_274' title='bbox 593 3361 750 3418; x_wconf 89' lang='lat' dir='ltr'><strong>istam</strong></span> <span class='ocrx_word' id='word_1_275' title='bbox 777 3360 1130 3426; x_wconf 80' lang='lat' dir='ltr'><strong>certissimam</strong></span> <span class='ocrx_word' id='word_1_276' title='bbox 1150 3359 1428 3426; x_wconf 85' lang='lat' dir='ltr'><strong>veritatem</strong></span> <span class='ocrx_word' id='word_1_277' title='bbox 1457 3358 1528 3413; x_wconf 89' lang='lat' dir='ltr'><strong>ita</strong></span> <span class='ocrx_word' id='word_1_278' title='bbox 1560 3373 1618 3414; x_wconf 90' lang='lat' dir='ltr'><strong>es</strong></span> <span class='ocrx_word' id='word_1_279' title='bbox 1639 3355 1873 3414; x_wconf 84' lang='lat' dir='ltr'><strong>refutare</strong></span> 
     </span>
    </p>
   </div>
   <div class='ocr_carea' id='block_1_34' title="bbox 274 3448 1872 3534">
    <p class='ocr_par' dir='ltr' id='par_1_34' title="bbox 274 3448 1872 3534">
     <span class='ocr_line' id='line_1_34' title="bbox 274 3448 1872 3534; baseline -0.002 -28"><span class='ocrx_word' id='word_1_280' title='bbox 274 3461 522 3520; x_wconf 88' lang='lat' dir='ltr'><strong>conatus,</strong></span> <span class='ocrx_word' id='word_1_281' title='bbox 551 3461 611 3507; x_wconf 91' lang='lat' dir='ltr'><strong>ut</strong></span> <span class='ocrx_word' id='word_1_282' title='bbox 634 3452 841 3516; x_wconf 81' lang='lat' dir='ltr'><strong>diceres</strong></span> <span class='ocrx_word' id='word_1_283' title='bbox 868 3451 990 3508; x_wconf 90' lang='lat' dir='ltr'><strong>ideo</strong></span> <span class='ocrx_word' id='word_1_284' title='bbox 1016 3451 1177 3506; x_wconf 90' lang='lat' dir='ltr'><strong>verba</strong></span> <span class='ocrx_word' id='word_1_285' title='bbox 1207 3451 1343 3534; x_wconf 85' lang='lat' dir='ltr'><strong>ipsa,</strong></span> <span class='ocrx_word' id='word_1_286' title='bbox 1373 3449 1562 3524; x_wconf 91' lang='lat' dir='ltr'><strong>quibus</strong></span> <span class='ocrx_word' id='word_1_287' title='bbox 1589 3449 1665 3514; x_wconf 87' lang='lat' dir='ltr'><strong>ait</strong></span> <span class='ocrx_word' id='word_1_288' title='bbox 1693 3448 1872 3504; x_wconf 89' lang='lat' dir='ltr'><strong>Domi-</strong></span> 
     </span>
    </p>
   </div>
   <div class='ocr_carea' id='block_1_35' title="bbox 277 3541 1872 3612">
    <p class='ocr_par' dir='ltr' id='par_1_35' title="bbox 277 3541 1872 3612">
     <span class='ocr_line' id='line_1_35' title="bbox 277 3541 1872 3612; baseline -0.001 -12"><span class='ocrx_word' id='word_1_289' title='bbox 277 3560 381 3604; x_wconf 88' lang='lat' dir='ltr'><strong>nus</strong></span> <span class='ocrx_word' id='word_1_290' title='bbox 405 3588 421 3612; x_wconf 82' lang='lat'><strong>,</strong></span> <span class='ocrx_word' id='word_1_291' title='bbox 452 3544 617 3612; x_wconf 76' lang='lat' dir='ltr'><strong>Deum</strong></span> <span class='ocrx_word' id='word_1_292' title='bbox 645 3562 811 3600; x_wconf 87' lang='lat' dir='ltr'><strong>meum</strong></span> <span class='ocrx_word' id='word_1_293' title='bbox 835 3554 880 3599; x_wconf 86' lang='lat' dir='ltr'><strong>et</strong></span> <span class='ocrx_word' id='word_1_294' title='bbox 908 3542 1073 3612; x_wconf 80' lang='lat' dir='ltr'><strong>Deum</strong></span> <span class='ocrx_word' id='word_1_295' title='bbox 1097 3551 1348 3610; x_wconf 82' lang='lat' dir='ltr'><strong>uestrum,</strong></span> <span class='ocrx_word' id='word_1_296' title='bbox 1379 3543 1446 3597; x_wconf 90' lang='lat' dir='ltr'><strong>ad</strong></span> <span class='ocrx_word' id='word_1_297' title='bbox 1476 3542 1700 3604; x_wconf 71' lang='lat' dir='ltr'><strong>formam</strong></span> <span class='ocrx_word' id='word_1_298' title='bbox 1731 3541 1872 3608; x_wconf 85' lang='lat' dir='ltr'><strong>servi</strong></span> 
     </span>
    </p>
   </div>
   <div class='ocr_carea' id='block_1_36' title="bbox 275 3629 1868 3716">
    <p class='ocr_par' dir='ltr' id='par_1_36' title="bbox 275 3629 1868 3716">
     <span class='ocr_line' id='line_1_36' title="bbox 275 3629 1868 3716; baseline -0.003 -22"><span class='ocrx_word' id='word_1_299' title='bbox 275 3651 385 3694; x_wconf 88' lang='lat' dir='ltr'><strong>non</strong></span> <span class='ocrx_word' id='word_1_300' title='bbox 434 3637 698 3709; x_wconf 78' lang='lat' dir='ltr'><strong>pertinere</strong></span> <span class='ocrx_word' id='word_1_301' title='bbox 721 3677 735 3702; x_wconf 91' lang='lat'><strong>,</strong></span> <span class='ocrx_word' id='word_1_302' title='bbox 764 3639 885 3710; x_wconf 91' lang='lat' dir='ltr'><strong>quia</strong></span> <span class='ocrx_word' id='word_1_303' title='bbox 928 3637 1005 3692; x_wconf 92' lang='lat' dir='ltr'><strong>eis</strong></span> <span class='ocrx_word' id='word_1_304' title='bbox 1032 3629 1209 3691; x_wconf 85' lang='lat' dir='ltr'><strong>verbis</strong></span> <span class='ocrx_word' id='word_1_305' title='bbox 1248 3642 1372 3716; x_wconf 73' lang='lat' dir='ltr'><strong>post</strong></span> <span class='ocrx_word' id='word_1_306' title='bbox 1414 3634 1868 3700; x_wconf 86' lang='lat' dir='ltr'><strong>resurrectionem</strong></span> 
     </span>
    </p>
   </div>
   <div class='ocr_carea' id='block_1_37' title="bbox 276 3727 1870 3804">
    <p class='ocr_par' dir='ltr' id='par_1_37' title="bbox 276 3727 1870 3804">
     <span class='ocr_line' id='line_1_37' title="bbox 276 3727 1870 3804; baseline -0.003 -17"><span class='ocrx_word' id='word_1_307' title='bbox 276 3745 407 3800; x_wconf 82' lang='lat' dir='ltr'><strong>usus</strong></span> <span class='ocrx_word' id='word_1_308' title='bbox 436 3740 519 3799; x_wconf 89' lang='lat' dir='ltr'><strong>est</strong></span> <span class='ocrx_word' id='word_1_309' title='bbox 544 3731 830 3799; x_wconf 85' lang='lat' dir='ltr'><strong>Dominus,</strong></span> <span class='ocrx_word' id='word_1_310' title='bbox 859 3730 1010 3804; x_wconf 84' lang='lat' dir='ltr'><strong>quasi</strong></span> <span class='ocrx_word' id='word_1_311' title='bbox 1039 3729 1266 3796; x_wconf 73' lang='lat' dir='ltr'><strong>formam</strong></span> <span class='ocrx_word' id='word_1_312' title='bbox 1295 3728 1436 3786; x_wconf 88' lang='lat' dir='ltr'><strong>servi</strong></span> <span class='ocrx_word' id='word_1_313' title='bbox 1476 3727 1870 3784; x_wconf 85' lang='lat' dir='ltr'><strong>resurrectione</strong></span> 
     </span>
    </p>
   </div>
   <div class='ocr_carea' id='block_1_38' title="bbox 275 3816 1868 3893">
    <p class='ocr_par' dir='ltr' id='par_1_38' title="bbox 275 3816 1868 3893">
     <span class='ocr_line' id='line_1_38' title="bbox 275 3816 1868 3893; baseline -0.002 -15"><span class='ocrx_word' id='word_1_314' title='bbox 275 3821 688 3893; x_wconf 85' lang='lat' dir='ltr'><strong>consumpserit,</strong></span> <span class='ocrx_word' id='word_1_315' title='bbox 711 3837 774 3877; x_wconf 86' lang='lat' dir='ltr'><strong>ac</strong></span> <span class='ocrx_word' id='word_1_316' title='bbox 799 3837 904 3876; x_wconf 90' lang='lat' dir='ltr'><strong>non</strong></span> <span class='ocrx_word' id='word_1_317' title='bbox 926 3821 1102 3892; x_wconf 91' lang='lat' dir='ltr'><strong>potius</strong></span> <span class='ocrx_word' id='word_1_318' title='bbox 1132 3821 1184 3874; x_wconf 91' lang='lat' dir='ltr'><strong>in</strong></span> <span class='ocrx_word' id='word_1_319' title='bbox 1211 3821 1400 3876; x_wconf 88' lang='lat' dir='ltr'><strong>melius</strong></span> <span class='ocrx_word' id='word_1_320' title='bbox 1429 3816 1868 3888; x_wconf 83' lang='lat' dir='ltr'><strong>commutaverit:</strong></span> 
     </span>
    </p>
   </div>
   <div class='ocr_carea' id='block_1_39' title="bbox 277 3897 1868 3990">
    <p class='ocr_par' dir='ltr' id='par_1_39' title="bbox 277 3897 1868 3990">
     <span class='ocr_line' id='line_1_39' title="bbox 277 3897 1868 3990; baseline -0.002 -23"><span class='ocrx_word' id='word_1_321' title='bbox 277 3913 427 3990; x_wconf 88' lang='lat' dir='ltr'><strong>quasi</strong></span> <span class='ocrx_word' id='word_1_322' title='bbox 471 3897 579 3973; x_wconf 66' lang='lat' dir='ltr'><strong>non</strong></span> <span class='ocrx_word' id='word_1_323' title='bbox 609 3913 700 3984; x_wconf 89' lang='lat' dir='ltr'><strong>qui</strong></span> <span class='ocrx_word' id='word_1_324' title='bbox 728 3921 968 3968; x_wconf 91' lang='lat' dir='ltr'><strong>mortuus</strong></span> <span class='ocrx_word' id='word_1_325' title='bbox 997 3922 1108 3980; x_wconf 89' lang='lat' dir='ltr'><strong>est,</strong></span> <span class='ocrx_word' id='word_1_326' title='bbox 1135 3912 1249 3984; x_wconf 91' lang='lat' dir='ltr'><strong>ipse</strong></span> <span class='ocrx_word' id='word_1_327' title='bbox 1288 3911 1448 3970; x_wconf 88' lang='lat' dir='ltr'><strong>etiam</strong></span> <span class='ocrx_word' id='word_1_328' title='bbox 1479 3909 1868 3977; x_wconf 84' lang='lat' dir='ltr'><strong>resurrexerit;</strong></span> 
     </span>
    </p>
   </div>
   <div class='ocr_carea' id='block_1_40' title="bbox 277 4000 1872 4078">
    <p class='ocr_par' dir='ltr' id='par_1_40' title="bbox 277 4000 1872 4078">
     <span class='ocr_line' id='line_1_40' title="bbox 277 4000 1872 4078; baseline -0.001 -20"><span class='ocrx_word' id='word_1_329' title='bbox 277 4005 429 4075; x_wconf 82' lang='lat' dir='ltr'><strong>quasi</strong></span> <span class='ocrx_word' id='word_1_330' title='bbox 460 4020 567 4060; x_wconf 92' lang='lat' dir='ltr'><strong>non</strong></span> <span class='ocrx_word' id='word_1_331' title='bbox 600 4003 771 4060; x_wconf 85' lang='lat' dir='ltr'><strong>forma</strong></span> <span class='ocrx_word' id='word_1_332' title='bbox 797 4019 915 4078; x_wconf 66' lang='lat' dir='ltr'><strong>qua:</strong></span> <span class='ocrx_word' id='word_1_333' title='bbox 941 4004 1118 4062; x_wconf 85' lang='lat' dir='ltr'><strong>occisa</strong></span> <span class='ocrx_word' id='word_1_334' title='bbox 1144 4012 1245 4072; x_wconf 90' lang='lat' dir='ltr'><strong>est,</strong></span> <span class='ocrx_word' id='word_1_335' title='bbox 1278 4003 1392 4074; x_wconf 83' lang='lat' dir='ltr'><strong>ipsa</strong></span> <span class='ocrx_word' id='word_1_336' title='bbox 1421 4002 1693 4069; x_wconf 85' lang='lat' dir='ltr'><strong>revixerit;</strong></span> <span class='ocrx_word' id='word_1_337' title='bbox 1720 4000 1872 4072; x_wconf 89' lang='lat' dir='ltr'><strong>quasi</strong></span> 
     </span>
    </p>
   </div>
   <div class='ocr_carea' id='block_1_41' title="bbox 278 4081 1868 4168">
    <p class='ocr_par' dir='ltr' id='par_1_41' title="bbox 278 4081 1868 4168">
     <span class='ocr_line' id='line_1_41' title="bbox 278 4081 1868 4168; baseline -0.001 -17"><span class='ocrx_word' id='word_1_338' title='bbox 278 4111 387 4151; x_wconf 91' lang='lat' dir='ltr'><strong>non</strong></span> <span class='ocrx_word' id='word_1_339' title='bbox 428 4097 544 4168; x_wconf 90' lang='lat' dir='ltr'><strong>ipsa</strong></span> <span class='ocrx_word' id='word_1_340' title='bbox 571 4097 624 4151; x_wconf 91' lang='lat' dir='ltr'><strong>in</strong></span> <span class='ocrx_word' id='word_1_341' title='bbox 653 4081 846 4160; x_wconf 82' lang='lat' dir='ltr'><strong>coelum</strong></span> <span class='ocrx_word' id='word_1_342' title='bbox 875 4096 1045 4152; x_wconf 90' lang='lat' dir='ltr'><strong>levata</strong></span> <span class='ocrx_word' id='word_1_343' title='bbox 1074 4094 1182 4163; x_wconf 91' lang='lat' dir='ltr'><strong>sit,</strong></span> <span class='ocrx_word' id='word_1_344' title='bbox 1211 4095 1264 4165; x_wconf 88' lang='lat' dir='ltr'><strong>in</strong></span> <span class='ocrx_word' id='word_1_345' title='bbox 1289 4094 1403 4166; x_wconf 89' lang='lat' dir='ltr'><strong>ipsa</strong></span> <span class='ocrx_word' id='word_1_346' title='bbox 1441 4095 1536 4149; x_wconf 91' lang='lat' dir='ltr'><strong>Dei</strong></span> <span class='ocrx_word' id='word_1_347' title='bbox 1575 4093 1742 4149; x_wconf 88' lang='lat' dir='ltr'><strong>Filius</strong></span> <span class='ocrx_word' id='word_1_348' title='bbox 1779 4108 1868 4150; x_wconf 88' lang='lat' dir='ltr'><strong>se-</strong></span> 
     </span>
    </p>
   </div>
   <div class='ocr_carea' id='block_1_42' title="bbox 278 4189 1870 4261">
    <p class='ocr_par' dir='ltr' id='par_1_42' title="bbox 278 4189 1870 4261">
     <span class='ocr_line' id='line_1_42' title="bbox 278 4189 1870 4261; baseline -0.001 -15"><span class='ocrx_word' id='word_1_349' title='bbox 278 4189 404 4246; x_wconf 87' lang='lat' dir='ltr'><strong>deat</strong></span> <span class='ocrx_word' id='word_1_350' title='bbox 431 4190 500 4247; x_wconf 92' lang='lat' dir='ltr'><strong>ad</strong></span> <span class='ocrx_word' id='word_1_351' title='bbox 524 4191 800 4248; x_wconf 83' lang='lat' dir='ltr'><strong>dexteram</strong></span> <span class='ocrx_word' id='word_1_352' title='bbox 817 4191 1011 4258; x_wconf 88' lang='lat' dir='ltr'><strong>Patris,</strong></span> <span class='ocrx_word' id='word_1_353' title='bbox 1025 4190 1079 4246; x_wconf 91' lang='lat' dir='ltr'><strong>in</strong></span> <span class='ocrx_word' id='word_1_354' title='bbox 1105 4192 1219 4261; x_wconf 84' lang='lat' dir='ltr'><strong>ipsa</strong></span> <span class='ocrx_word' id='word_1_355' title='bbox 1245 4199 1502 4260; x_wconf 78' lang='lat' dir='ltr'><strong>venturus</strong></span> <span class='ocrx_word' id='word_1_356' title='bbox 1530 4190 1601 4246; x_wconf 89' lang='lat' dir='ltr'><strong>sit</strong></span> <span class='ocrx_word' id='word_1_357' title='bbox 1625 4189 1691 4245; x_wconf 92' lang='lat' dir='ltr'><strong>ad</strong></span> <span class='ocrx_word' id='word_1_358' title='bbox 1721 4190 1870 4245; x_wconf 89' lang='lat' dir='ltr'><strong>vivos</strong></span> 
     </span>
    </p>
   </div>
   <div class='ocr_carea' id='block_1_43' title="bbox 280 4283 1869 4355">
    <p class='ocr_par' dir='ltr' id='par_1_43' title="bbox 280 4283 1869 4355">
     <span class='ocr_line' id='line_1_43' title="bbox 280 4283 1869 4355; baseline 0 -17"><span class='ocrx_word' id='word_1_359' title='bbox 280 4291 337 4339; x_wconf 88' lang='lat' dir='ltr'><strong>et</strong></span> <span class='ocrx_word' id='word_1_360' title='bbox 372 4293 614 4340; x_wconf 89' lang='lat' dir='ltr'><strong>mortuos</strong></span> <span class='ocrx_word' id='word_1_361' title='bbox 639 4283 975 4355; x_wconf 84' lang='lat' dir='ltr'><strong>judicandos.</strong></span> <span class='ocrx_word' id='word_1_362' title='bbox 1004 4283 1192 4354; x_wconf 76' lang='lat' dir='ltr'><strong>Nonne</strong></span> <span class='ocrx_word' id='word_1_363' title='bbox 1217 4283 1512 4352; x_wconf 78' lang='lat' dir='ltr'><strong>clarissima</strong></span> <span class='ocrx_word' id='word_1_364' title='bbox 1550 4283 1869 4348; x_wconf 83' lang='lat' dir='ltr'><strong>contestatio</strong></span> 
     </span>
    </p>
   </div>
   <div class='ocr_carea' id='block_1_44' title="bbox 279 4375 1871 4450">
    <p class='ocr_par' dir='ltr' id='par_1_44' title="bbox 279 4375 1871 4450">
     <span class='ocr_line' id='line_1_44' title="bbox 279 4375 1871 4450; baseline -0.002 -18"><span class='ocrx_word' id='word_1_365' title='bbox 279 4384 363 4432; x_wconf 83' lang='lat' dir='ltr'><strong>est</strong></span> <span class='ocrx_word' id='word_1_366' title='bbox 390 4378 714 4450; x_wconf 71' lang='lat' dir='ltr'><strong>Angelorum</strong></span> <span class='ocrx_word' id='word_1_367' title='bbox 742 4376 1029 4441; x_wconf 83' lang='lat' dir='ltr'><strong>dicentium</strong></span> <span class='ocrx_word' id='word_1_368' title='bbox 1054 4418 1070 4446; x_wconf 89' lang='lat'><strong>,</strong></span> <span class='ocrx_word' id='word_1_369' title='bbox 1104 4375 1192 4434; x_wconf 87' lang='lat' dir='ltr'><strong>Sic</strong></span> <span class='ocrx_word' id='word_1_370' title='bbox 1233 4376 1391 4444; x_wconf 72' lang='lat' dir='ltr'><strong>veniet</strong></span> <span class='ocrx_word' id='word_1_371' title='bbox 1409 4418 1424 4448; x_wconf 82' lang='lat'><strong>,</strong></span> <span class='ocrx_word' id='word_1_372' title='bbox 1450 4375 1871 4447; x_wconf 78' lang='lat' dir='ltr'><strong>quemadmodum</strong></span> 
     </span>
    </p>
   </div>
   <div class='ocr_carea' id='block_1_45' title="bbox 278 4465 1870 4539">
    <p class='ocr_par' dir='ltr' id='par_1_45' title="bbox 278 4465 1870 4539">
     <span class='ocr_line' id='line_1_45' title="bbox 278 4465 1870 4539; baseline 0.002 -19"><span class='ocrx_word' id='word_1_373' title='bbox 278 4467 474 4534; x_wconf 78' lang='lat' dir='ltr'><strong>vidistis</strong></span> <span class='ocrx_word' id='word_1_374' title='bbox 517 4484 633 4536; x_wconf 80' lang='lat' dir='ltr'><strong>eum</strong></span> <span class='ocrx_word' id='word_1_375' title='bbox 675 4476 870 4536; x_wconf 80' lang='lat' dir='ltr'><strong>euntem</strong></span> <span class='ocrx_word' id='word_1_376' title='bbox 913 4469 967 4534; x_wconf 82' lang='lat' dir='ltr'><strong>in</strong></span> <span class='ocrx_word' id='word_1_377' title='bbox 1009 4467 1188 4534; x_wconf 70' lang='lat' dir='ltr'><strong>caelum</strong></span> <span class='ocrx_word' id='word_1_378' title='bbox 1215 4465 1349 4539; x_wconf 74' lang='lat' dir='ltr'><strong>(Aet.</strong></span> <span class='ocrx_word' id='word_1_379' title='bbox 1378 4483 1394 4524; x_wconf 75' lang='grc' dir='ltr'>ι</span> <span class='ocrx_word' id='word_1_380' title='bbox 1420 4508 1437 4534; x_wconf 90' lang='grc'><em>,</em></span> <span class='ocrx_word' id='word_1_381' title='bbox 1471 4466 1580 4538; x_wconf 80' lang='grc'><strong>11).</strong></span> <span class='ocrx_word' id='word_1_382' title='bbox 1609 4466 1715 4527; x_wconf 85' lang='lat' dir='ltr'><strong>Cur</strong></span> <span class='ocrx_word' id='word_1_383' title='bbox 1741 4482 1870 4538; x_wconf 86' lang='lat' dir='ltr'><strong>ergo</strong></span> 
     </span>
    </p>
   </div>
   <div class='ocr_carea' id='block_1_46' title="bbox 281 4558 1870 4630">
    <p class='ocr_par' dir='ltr' id='par_1_46' title="bbox 281 4558 1870 4630">
     <span class='ocr_line' id='line_1_46' title="bbox 281 4558 1870 4630; baseline 0.001 -17"><span class='ocrx_word' id='word_1_384' title='bbox 281 4568 403 4630; x_wconf 78' lang='lat' dir='ltr'><strong>post</strong></span> <span class='ocrx_word' id='word_1_385' title='bbox 431 4560 882 4626; x_wconf 75' lang='lat' dir='ltr'><strong>resurrect&#39;wnem</strong></span> <span class='ocrx_word' id='word_1_386' title='bbox 911 4573 1018 4626; x_wconf 79' lang='lat' dir='ltr'><strong>non</strong></span> <span class='ocrx_word' id='word_1_387' title='bbox 1047 4559 1281 4624; x_wconf 86' lang='lat' dir='ltr'><strong>diceret,</strong></span> <span class='ocrx_word' id='word_1_388' title='bbox 1313 4558 1542 4622; x_wconf 77' lang='lat' dir='ltr'><strong>Ascendo</strong></span> <span class='ocrx_word' id='word_1_389' title='bbox 1571 4559 1638 4612; x_wconf 84' lang='lat' dir='ltr'><strong>ad</strong></span> <span class='ocrx_word' id='word_1_390' title='bbox 1663 4558 1870 4624; x_wconf 71' lang='lat' dir='ltr'><strong>Patrem</strong></span> 
     </span>
    </p>
   </div>
   <div class='ocr_carea' id='block_1_47' title="bbox 279 4647 1872 4719">
    <p class='ocr_par' dir='ltr' id='par_1_47' title="bbox 279 4647 1872 4719">
     <span class='ocr_line' id='line_1_47' title="bbox 279 4647 1872 4719; baseline 0 -15"><span class='ocrx_word' id='word_1_391' title='bbox 279 4666 448 4718; x_wconf 75' lang='lat' dir='ltr'><strong>meum</strong></span> <span class='ocrx_word' id='word_1_392' title='bbox 485 4660 532 4718; x_wconf 77' lang='lat' dir='ltr'><strong>et</strong></span> <span class='ocrx_word' id='word_1_393' title='bbox 575 4649 786 4719; x_wconf 76' lang='lat' dir='ltr'><strong>Patrem</strong></span> <span class='ocrx_word' id='word_1_394' title='bbox 828 4660 1077 4718; x_wconf 81' lang='lat' dir='ltr'><strong>vestrum,</strong></span> <span class='ocrx_word' id='word_1_395' title='bbox 1110 4649 1274 4704; x_wconf 88' lang='lat' dir='ltr'><strong>Deum</strong></span> <span class='ocrx_word' id='word_1_396' title='bbox 1323 4665 1486 4710; x_wconf 84' lang='lat' dir='ltr'><strong>meum</strong></span> <span class='ocrx_word' id='word_1_397' title='bbox 1524 4657 1570 4705; x_wconf 88' lang='lat' dir='ltr'><strong>et</strong></span> <span class='ocrx_word' id='word_1_398' title='bbox 1599 4647 1763 4710; x_wconf 69' lang='lat' dir='ltr'><strong>Deum</strong></span> <span class='ocrx_word' id='word_1_399' title='bbox 1789 4665 1872 4704; x_wconf 80' lang='lat' dir='ltr'><strong>vc-</strong></span> 
     </span>
    </p>
   </div>
   <div class='ocr_carea' id='block_1_48' title="bbox 280 4739 1873 4818">
    <p class='ocr_par' dir='ltr' id='par_1_48' title="bbox 280 4739 1873 4818">
     <span class='ocr_line' id='line_1_48' title="bbox 280 4739 1873 4818; baseline -0.003 -12"><span class='ocrx_word' id='word_1_400' title='bbox 280 4751 440 4814; x_wconf 63' lang='grc' dir='ltr'><strong>εέτωῖι</strong></span> <span class='ocrx_word' id='word_1_401' title='bbox 482 4739 660 4815; x_wconf 69' lang='grc' dir='ltr'><strong>(Ιοαη.</strong></span> <span class='ocrx_word' id='word_1_402' title='bbox 689 4758 785 4812; x_wconf 65' lang='lat' dir='ltr'><strong>xx,</strong></span> <span class='ocrx_word' id='word_1_403' title='bbox 814 4742 938 4814; x_wconf 74' lang='lat' dir='ltr'><strong>i7);</strong></span> <span class='ocrx_word' id='word_1_404' title='bbox 967 4741 1180 4818; x_wconf 71' lang='lat' dir='ltr'><strong>quando</strong></span> <span class='ocrx_word' id='word_1_405' title='bbox 1206 4741 1258 4806; x_wconf 76' lang='lat' dir='ltr'><strong>in</strong></span> <span class='ocrx_word' id='word_1_406' title='bbox 1289 4740 1476 4808; x_wconf 73' lang='lat' dir='ltr'><strong>eadem</strong></span> <span class='ocrx_word' id='word_1_407' title='bbox 1501 4739 1671 4810; x_wconf 75' lang='lat' dir='ltr'><strong>forma</strong></span> <span class='ocrx_word' id='word_1_408' title='bbox 1700 4739 1873 4802; x_wconf 77' lang='lat' dir='ltr'><strong>fuerat</strong></span> 
     </span>
    </p>
   </div>
   <div class='ocr_carea' id='block_1_49' title="bbox 281 4831 1872 4912">
    <p class='ocr_par' dir='ltr' id='par_1_49' title="bbox 281 4831 1872 4912">
     <span class='ocr_line' id='line_1_49' title="bbox 281 4831 1872 4912; baseline -0.002 -22"><span class='ocrx_word' id='word_1_409' title='bbox 281 4848 631 4906; x_wconf 71' lang='lat' dir='ltr'><strong>ascensurus,</strong></span> <span class='ocrx_word' id='word_1_410' title='bbox 659 4843 877 4912; x_wconf 78' lang='lat' dir='ltr'><strong>propter</strong></span> <span class='ocrx_word' id='word_1_411' title='bbox 904 4848 1064 4906; x_wconf 82' lang='lat' dir='ltr'><strong>quam</strong></span> <span class='ocrx_word' id='word_1_412' title='bbox 1085 4848 1154 4902; x_wconf 65' lang='lat' dir='ltr'><strong>ex</strong></span> <span class='ocrx_word' id='word_1_413' title='bbox 1179 4840 1422 4906; x_wconf 72' lang='lat' dir='ltr'><strong>tempore</strong></span> <span class='ocrx_word' id='word_1_414' title='bbox 1449 4832 1587 4892; x_wconf 88' lang='lat' dir='ltr'><strong>Deus</strong></span> <span class='ocrx_word' id='word_1_415' title='bbox 1615 4840 1697 4898; x_wconf 81' lang='lat' dir='ltr'><strong>est</strong></span> <span class='ocrx_word' id='word_1_416' title='bbox 1719 4831 1833 4904; x_wconf 76' lang='lat' dir='ltr'><strong>ejus</strong></span> <span class='ocrx_word' id='word_1_417' title='bbox 1852 4873 1872 4901; x_wconf 79' lang='lat'><strong>,</strong></span> 
     </span>
    </p>
   </div>
   <div class='ocr_carea' id='block_1_50' title="bbox 282 4925 1873 5000">
    <p class='ocr_par' dir='ltr' id='par_1_50' title="bbox 282 4925 1873 5000">
     <span class='ocr_line' id='line_1_50' title="bbox 282 4925 1873 5000; baseline 0.001 -19"><span class='ocrx_word' id='word_1_418' title='bbox 282 4926 374 5000; x_wconf 86' lang='lat' dir='ltr'><strong>qui</strong></span> <span class='ocrx_word' id='word_1_419' title='bbox 402 4925 522 4988; x_wconf 85' lang='lat' dir='ltr'><strong>sine</strong></span> <span class='ocrx_word' id='word_1_420' title='bbox 551 4934 794 4996; x_wconf 83' lang='lat' dir='ltr'><strong>tempore</strong></span> <span class='ocrx_word' id='word_1_421' title='bbox 824 4926 981 4994; x_wconf 76' lang='lat' dir='ltr'><strong>Pater</strong></span> <span class='ocrx_word' id='word_1_422' title='bbox 1001 4934 1090 4990; x_wconf 80' lang='lat' dir='ltr'><strong>.est</strong></span> <span class='ocrx_word' id='word_1_423' title='bbox 1128 4925 1282 4996; x_wconf 74' lang='lat' dir='ltr'><strong>ejus?</strong></span> <span class='ocrx_word' id='word_1_424' title='bbox 1310 4925 1536 4998; x_wconf 84' lang='lat' dir='ltr'><strong>Propter</strong></span> <span class='ocrx_word' id='word_1_425' title='bbox 1558 4940 1717 4998; x_wconf 81' lang='lat' dir='ltr'><strong>quam</strong></span> <span class='ocrx_word' id='word_1_426' title='bbox 1765 4925 1873 4997; x_wconf 75' lang='lat' dir='ltr'><strong>for-</strong></span> 
     </span>
    </p>
   </div>
   <div class='ocr_carea' id='block_1_51' title="bbox 284 5008 1872 5088">
    <p class='ocr_par' dir='ltr' id='par_1_51' title="bbox 284 5008 1872 5088">
     <span class='ocr_line' id='line_1_51' title="bbox 284 5008 1872 5088; baseline -0.003 -15"><span class='ocrx_word' id='word_1_427' title='bbox 284 5032 428 5086; x_wconf 83' lang='lat' dir='ltr'><strong>mam</strong></span> <span class='ocrx_word' id='word_1_428' title='bbox 471 5031 582 5087; x_wconf 84' lang='lat' dir='ltr'><strong>non</strong></span> <span class='ocrx_word' id='word_1_429' title='bbox 628 5017 800 5082; x_wconf 82' lang='lat' dir='ltr'><strong>solum</strong></span> <span class='ocrx_word' id='word_1_430' title='bbox 843 5025 966 5088; x_wconf 89' lang='lat' dir='ltr'><strong>post</strong></span> <span class='ocrx_word' id='word_1_431' title='bbox 991 5008 1436 5088; x_wconf 76' lang='lat' dir='ltr'><strong>resurrectionem</strong></span> <span class='ocrx_word' id='word_1_432' title='bbox 1457 5057 1474 5085; x_wconf 91' lang='lat'><strong>,</strong></span> <span class='ocrx_word' id='word_1_433' title='bbox 1498 5030 1686 5082; x_wconf 84' lang='lat' dir='ltr'><strong>verum</strong></span> <span class='ocrx_word' id='word_1_434' title='bbox 1710 5015 1872 5076; x_wconf 87' lang='lat' dir='ltr'><strong>etiam</strong></span> 
     </span>
    </p>
   </div>
   <div class='ocr_carea' id='block_1_52' title="bbox 282 5105 1876 5184">
    <p class='ocr_par' dir='ltr' id='par_1_52' title="bbox 282 5105 1876 5184">
     <span class='ocr_line' id='line_1_52' title="bbox 282 5105 1876 5184; baseline -0.004 -16"><span class='ocrx_word' id='word_1_435' title='bbox 282 5119 406 5180; x_wconf 80' lang='lat' dir='ltr'><strong>pOSt</strong></span> <span class='ocrx_word' id='word_1_436' title='bbox 447 5108 706 5180; x_wconf 71' lang='lat' dir='ltr'><strong>judicium</strong></span> <span class='ocrx_word' id='word_1_437' title='bbox 745 5108 994 5180; x_wconf 55' lang='lat' dir='ltr'><strong>subjectus</strong></span> <span class='ocrx_word' id='word_1_438' title='bbox 1019 5107 1113 5179; x_wconf 72' lang='lat' dir='ltr'><strong>erit</strong></span> <span class='ocrx_word' id='word_1_439' title='bbox 1138 5107 1183 5176; x_wconf 80' lang='lat' dir='ltr'><strong>ei</strong></span> <span class='ocrx_word' id='word_1_440' title='bbox 1203 5147 1223 5184; x_wconf 47' lang='grc' dir='ltr'><em>θ</em></span> <span class='ocrx_word' id='word_1_441' title='bbox 1246 5106 1336 5178; x_wconf 69' lang='lat' dir='ltr'><strong>qui</strong></span> <span class='ocrx_word' id='word_1_442' title='bbox 1371 5106 1450 5160; x_wconf 82' lang='lat' dir='ltr'><strong>illi</strong></span> <span class='ocrx_word' id='word_1_443' title='bbox 1477 5105 1684 5176; x_wconf 75' lang='lat' dir='ltr'><strong>subjecit</strong></span> <span class='ocrx_word' id='word_1_444' title='bbox 1704 5106 1876 5167; x_wconf 83' lang='lat' dir='ltr'><strong>omnia</strong></span> 
     </span>
    </p>
   </div>
   <div class='ocr_carea' id='block_1_53' title="bbox 285 5197 1873 5283">
    <p class='ocr_par' dir='ltr' id='par_1_53' title="bbox 285 5197 1873 5283">
     <span class='ocr_line' id='line_1_53' title="bbox 285 5197 1873 5283; baseline -0.043 35"><span class='ocrx_word' id='word_1_445' title='bbox 285 5197 336 5272; x_wconf 57' lang='grc' dir='ltr'>α</span> <span class='ocrx_word' id='word_1_446' title='bbox 358 5199 479 5258; x_wconf 64' lang='grc'><strong>⁶⁰⁷’</strong></span> <span class='ocrx_word' id='word_1_447' title='bbox 503 5217 610 5270; x_wconf 49' lang='grc' dir='ltr'><strong>*ν’</strong></span> <span class='ocrx_word' id='word_1_448' title='bbox 635 5200 752 5273; x_wconf 67' lang='grc'><strong>²⁸)’</strong></span> <span class='ocrx_word' id='word_1_449' title='bbox 782 5199 1054 5283; x_wconf 52' lang='grc' dir='ltr'><strong>Ψοίίιιιοθ</strong></span> <span class='ocrx_word' id='word_1_450' title='bbox 1091 5213 1219 5281; x_wconf 69' lang='grc' dir='ltr'><strong>θεεο</strong></span> <span class='ocrx_word' id='word_1_451' title='bbox 1263 5197 1566 5267; x_wconf 62' lang='grc' dir='ltr'><strong>ιθειὶωοηὶει</strong></span> <span class='ocrx_word' id='word_1_452' title='bbox 1611 5197 1873 5268; x_wconf 71' lang='lat' dir='ltr'><strong>eosuisn,</strong></span> 
     </span>
    </p>
   </div>
   <div class='ocr_carea' id='block_1_54' title="bbox 286 5289 1876 5374">
    <p class='ocr_par' dir='ltr' id='par_1_54' title="bbox 286 5289 1876 5374">
     <span class='ocr_line' id='line_1_54' title="bbox 286 5289 1876 5374; baseline -0.003 -12"><span class='ocrx_word' id='word_1_453' title='bbox 286 5294 483 5374; x_wconf 74' lang='lat' dir='ltr'><strong>quibus</strong></span> <span class='ocrx_word' id='word_1_454' title='bbox 517 5294 774 5366; x_wconf 79' lang='lat' dir='ltr'><strong>probares</strong></span> <span class='ocrx_word' id='word_1_455' title='bbox 801 5293 1003 5364; x_wconf 75' lang='lat' dir='ltr'><strong>dictum</strong></span> <span class='ocrx_word' id='word_1_456' title='bbox 1032 5306 1152 5366; x_wconf 70' lang='lat' dir='ltr'><strong>esse</strong></span> <span class='ocrx_word' id='word_1_457' title='bbox 1178 5292 1348 5361; x_wconf 65' lang='lat' dir='ltr'><strong>Deum</strong></span> <span class='ocrx_word' id='word_1_458' title='bbox 1367 5289 1572 5362; x_wconf 76' lang='lat' dir='ltr'><strong>chriin</strong></span> <span class='ocrx_word' id='word_1_459' title='bbox 1591 5329 1608 5358; x_wconf 82' lang='grc'><strong><em>,</em></strong></span> <span class='ocrx_word' id='word_1_460' title='bbox 1637 5305 1759 5360; x_wconf 78' lang='lat' dir='ltr'><strong>eum</strong></span> <span class='ocrx_word' id='word_1_461' title='bbox 1783 5289 1876 5362; x_wconf 77' lang='lat' dir='ltr'><strong>qui</strong></span> 
     </span>
    </p>
   </div>
   <div class='ocr_carea' id='block_1_55' title="bbox 286 5378 1875 5456">
    <p class='ocr_par' dir='ltr' id='par_1_55' title="bbox 286 5378 1875 5456">
     <span class='ocr_line' id='line_1_55' title="bbox 286 5378 1875 5456; baseline -0.005 -14"><span class='ocrx_word' id='word_1_462' title='bbox 286 5386 447 5448; x_wconf 74' lang='lat' dir='ltr'><strong>Pater</strong></span> <span class='ocrx_word' id='word_1_463' title='bbox 473 5393 556 5450; x_wconf 87' lang='lat' dir='ltr'><strong>est</strong></span> <span class='ocrx_word' id='word_1_464' title='bbox 578 5385 801 5454; x_wconf 75' lang='lat' dir='ltr'><strong>Christi,</strong></span> <span class='ocrx_word' id='word_1_465' title='bbox 823 5383 1090 5454; x_wconf 78' lang='lat' dir='ltr'><strong>discutere</strong></span> <span class='ocrx_word' id='word_1_466' title='bbox 1112 5380 1561 5456; x_wconf 81' lang='lat' dir='ltr'><strong>quemadmodum</strong></span> <span class='ocrx_word' id='word_1_467' title='bbox 1582 5378 1727 5446; x_wconf 73' lang='lat' dir='ltr'><strong>dicta</strong></span> <span class='ocrx_word' id='word_1_468' title='bbox 1744 5379 1875 5451; x_wconf 61' lang='lat' dir='ltr'><strong>sint,</strong></span> 
     </span>
    </p>
   </div>
   <div class='ocr_carea' id='block_1_56' title="bbox 287 5474 1879 5552">
    <p class='ocr_par' dir='ltr' id='par_1_56' title="bbox 287 5474 1879 5552">
     <span class='ocr_line' id='line_1_56' title="bbox 287 5474 1879 5552; baseline -0.005 -14"><span class='ocrx_word' id='word_1_469' title='bbox 287 5478 631 5550; x_wconf 71' lang='lat' dir='ltr'><strong>superﬂuum.</strong></span> <span class='ocrx_word' id='word_1_470' title='bbox 657 5478 838 5552; x_wconf 78' lang='lat' dir='ltr'><strong>judice</strong></span> <span class='ocrx_word' id='word_1_471' title='bbox 877 5495 893 5536; x_wconf 88' lang='lat'><strong>:</strong></span> <span class='ocrx_word' id='word_1_472' title='bbox 925 5477 1024 5548; x_wconf 77' lang='lat' dir='ltr'><strong>sed</strong></span> <span class='ocrx_word' id='word_1_473' title='bbox 1060 5493 1092 5548; x_wconf 81' lang='lat' dir='ltr'><strong>a</strong></span> <span class='ocrx_word' id='word_1_474' title='bbox 1131 5483 1187 5536; x_wconf 84' lang='lat' dir='ltr'><strong>te</strong></span> <span class='ocrx_word' id='word_1_475' title='bbox 1231 5474 1428 5546; x_wconf 70' lang='lat' dir='ltr'><strong>frustra</strong></span> <span class='ocrx_word' id='word_1_476' title='bbox 1462 5484 1879 5542; x_wconf 69' lang='lat' dir='ltr'><strong>cometemorata</strong></span> 
     </span>
    </p>
   </div>
   <div class='ocr_carea' id='block_1_57' title="bbox 291 5567 1498 5655">
    <p class='ocr_par' dir='ltr' id='par_1_57' title="bbox 291 5567 1498 5655">
     <span class='ocr_line' id='line_1_57' title="bbox 291 5567 1498 5655; baseline -0.005 -28"><span class='ocrx_word' id='word_1_477' title='bbox 291 5584 412 5628; x_wconf 83' lang='lat' dir='ltr'><strong>esse</strong></span> <span class='ocrx_word' id='word_1_478' title='bbox 429 5612 450 5642; x_wconf 91' lang='lat'><strong>,</strong></span> <span class='ocrx_word' id='word_1_479' title='bbox 476 5579 606 5645; x_wconf 68' lang='lat' dir='ltr'><strong>puto</strong></span> <span class='ocrx_word' id='word_1_480' title='bbox 625 5570 780 5655; x_wconf 70' lang='lat' dir='ltr'><strong>quod</strong></span> <span class='ocrx_word' id='word_1_481' title='bbox 795 5584 898 5642; x_wconf 71' lang='lat' dir='ltr'><strong>nec</strong></span> <span class='ocrx_word' id='word_1_482' title='bbox 928 5579 986 5633; x_wconf 85' lang='lat' dir='ltr'><strong>tu</strong></span> <span class='ocrx_word' id='word_1_483' title='bbox 1010 5568 1206 5651; x_wconf 77' lang='lat' dir='ltr'><strong>debeas</strong></span> <span class='ocrx_word' id='word_1_484' title='bbox 1233 5567 1498 5638; x_wconf 80' lang='lat' dir='ltr'><strong>dubitare.</strong></span> 
     </span>
    </p>
   </div>
   <div class='ocr_carea' id='block_1_58' title="bbox 361 5677 1878 5744">
    <p class='ocr_par' dir='ltr' id='par_1_58' title="bbox 361 5677 1878 5744">
     <span class='ocr_line' id='line_1_58' title="bbox 361 5677 1878 5744; baseline -0.004 -1"><span class='ocrx_word' id='word_1_485' title='bbox 361 5685 418 5743; x_wconf 66' lang='lat'><strong>3.</strong></span> <span class='ocrx_word' id='word_1_486' title='bbox 461 5685 580 5743; x_wconf 68' lang='lat' dir='ltr'><strong>lam</strong></span> <span class='ocrx_word' id='word_1_487' title='bbox 625 5702 762 5744; x_wconf 66' lang='lat' dir='ltr'><strong>vero.</strong></span> <span class='ocrx_word' id='word_1_488' title='bbox 797 5684 936 5743; x_wconf 75' lang='lat' dir='ltr'><strong>illud</strong></span> <span class='ocrx_word' id='word_1_489' title='bbox 974 5684 1070 5742; x_wconf 78' lang='lat' dir='ltr'><strong>ubi</strong></span> <span class='ocrx_word' id='word_1_490' title='bbox 1106 5682 1361 5740; x_wconf 67' lang='lat' dir='ltr'><strong>Domitia</strong></span> <span class='ocrx_word' id='word_1_491' title='bbox 1405 5681 1462 5736; x_wconf 77' lang='lat' dir='ltr'><strong>in</strong></span> <span class='ocrx_word' id='word_1_492' title='bbox 1499 5677 1686 5737; x_wconf 77' lang='lat' dir='ltr'><strong>eadem</strong></span> <span class='ocrx_word' id='word_1_493' title='bbox 1715 5693 1878 5737; x_wconf 75' lang='lat' dir='ltr'><strong>carne</strong></span> 
     </span>
    </p>
   </div>
   <div class='ocr_carea' id='block_1_59' title="bbox 293 5773 1880 5851">
    <p class='ocr_par' dir='ltr' id='par_1_59' title="bbox 293 5773 1880 5851">
     <span class='ocr_line' id='line_1_59' title="bbox 293 5773 1880 5851; baseline -0.005 -12"><span class='ocrx_word' id='word_1_494' title='bbox 293 5781 882 5851; x_wconf 68' lang='lat' dir='ltr'><strong>qunmusitnvqrat</strong></span> <span class='ocrx_word' id='word_1_495' title='bbox 903 5773 1584 5845; x_wconf 70' lang='lat' dir='ltr'><strong>eonstilntns,eteumdem</strong></span> <span class='ocrx_word' id='word_1_496' title='bbox 1608 5773 1880 5831; x_wconf 77' lang='lat' dir='ltr'><strong>hominem</strong></span> 
     </span>
    </p>
   </div>
   <div class='ocr_carea' id='block_1_60' title="bbox 291 5865 1876 5951">
    <p class='ocr_par' dir='ltr' id='par_1_60' title="bbox 291 5865 1876 5951">
     <span class='ocr_line' id='line_1_60' title="bbox 291 5865 1876 5951; baseline -0.003 -23"><span class='ocrx_word' id='word_1_497' title='bbox 291 5884 526 5951; x_wconf 73' lang='lat' dir='ltr'><strong>gerens,</strong></span> <span class='ocrx_word' id='word_1_498' title='bbox 559 5873 632 5929; x_wconf 88' lang='lat' dir='ltr'><strong>ait</strong></span> <span class='ocrx_word' id='word_1_499' title='bbox 658 5872 726 5929; x_wconf 88' lang='lat' dir='ltr'><strong>ad</strong></span> <span class='ocrx_word' id='word_1_500' title='bbox 757 5865 1414 5946; x_wconf 39' lang='lat' dir='ltr'><strong>discimus,</strong></span> <span class='ocrx_word' id='word_1_501' title='bbox 1436 5875 1513 5938; x_wconf 65' lang='grc' dir='ltr'>ω</span> <span class='ocrx_word' id='word_1_502' title='bbox 1541 5865 1675 5941; x_wconf 56' lang='lat' dir='ltr'><strong>mihi</strong></span> <span class='ocrx_word' id='word_1_503' title='bbox 1710 5867 1876 5936; x_wconf 68' lang='lat' dir='ltr'><strong>mis</strong></span> 
     </span>
    </p>
   </div>
   <div class='ocr_carea' id='block_1_61' title="bbox 1527 376 2219 466">
    <p class='ocr_par' dir='ltr' id='par_1_61' title="bbox 1527 376 2219 466">
     <span class='ocr_line' id='line_1_61' title="bbox 1527 376 2219 466; baseline -0.006 -26"><span class='ocrx_word' id='word_1_504' title='bbox 1527 462 1532 466; x_wconf 20' lang='grc' dir='ltr'><em>α</em></span> <span class='ocrx_word' id='word_1_505' title='bbox 1603 379 1805 466; x_wconf 82' lang='lat' dir='ltr'><strong>LIBER</strong></span> <span class='ocrx_word' id='word_1_506' title='bbox 1842 376 2219 464; x_wconf 85' lang='lat' dir='ltr'><strong>SECUNDUS.</strong></span> 
     </span>
    </p>
   </div>
   <div class='ocr_carea' id='block_1_62' title="bbox 2417 389 3567 450">
    <p class='ocr_par' dir='ltr' id='par_1_62' title="bbox 2417 389 3567 450">
     <span class='ocr_line' id='line_1_62' title="bbox 2417 389 3567 450; baseline -0.003 0"><span class='ocrx_word' id='word_1_507' title='bbox 2417 447 2420 450; x_wconf 83' lang='lat'><strong>.</strong></span> <span class='ocrx_word' id='word_1_508' title='bbox 3465 389 3567 447; x_wconf 74' lang='lat'><strong>782</strong></span> 
     </span>
    </p>
   </div>
   <div class='ocr_carea' id='block_1_63' title="bbox 1989 495 3563 574">
    <p class='ocr_par' dir='ltr' id='par_1_63' title="bbox 1989 495 3563 574">
     <span class='ocr_line' id='line_1_63' title="bbox 1989 495 3563 574; baseline 0.007 -25"><span class='ocrx_word' id='word_1_509' title='bbox 1989 504 2204 565; x_wconf 78' lang='lat' dir='ltr'><strong>potestas</strong></span> <span class='ocrx_word' id='word_1_510' title='bbox 2225 496 2278 552; x_wconf 85' lang='lat' dir='ltr'><strong>in</strong></span> <span class='ocrx_word' id='word_1_511' title='bbox 2303 495 2426 554; x_wconf 72' lang='lat' dir='ltr'><strong>calo</strong></span> <span class='ocrx_word' id='word_1_512' title='bbox 2449 502 2490 554; x_wconf 72' lang='lat' dir='ltr'><strong>cl</strong></span> <span class='ocrx_word' id='word_1_513' title='bbox 2522 497 2579 554; x_wconf 75' lang='lat' dir='ltr'><strong>in</strong></span> <span class='ocrx_word' id='word_1_514' title='bbox 2607 505 2740 553; x_wconf 78' lang='lat' dir='ltr'><strong>terra</strong></span> <span class='ocrx_word' id='word_1_515' title='bbox 2757 511 2778 552; x_wconf 81' lang='lat'><strong>.&#39;</strong></span> <span class='ocrx_word' id='word_1_516' title='bbox 2797 497 2967 554; x_wconf 72' lang='lat' dir='ltr'><strong>euntes</strong></span> <span class='ocrx_word' id='word_1_517' title='bbox 2997 496 3162 555; x_wconf 78' lang='lat' dir='ltr'><strong>docete</strong></span> <span class='ocrx_word' id='word_1_518' title='bbox 3185 516 3355 555; x_wconf 85' lang='lat' dir='ltr'><strong>omnes</strong></span> <span class='ocrx_word' id='word_1_519' title='bbox 3375 515 3563 574; x_wconf 81' lang='lat' dir='ltr'><strong>gentes,</strong></span> 
     </span>
    </p>
   </div>
   <div class='ocr_carea' id='block_1_64' title="bbox 1983 575 3569 663">
    <p class='ocr_par' dir='ltr' id='par_1_64' title="bbox 1983 575 3569 663">
     <span class='ocr_line' id='line_1_64' title="bbox 1983 575 3569 663; baseline 0.008 -24"><span class='ocrx_word' id='word_1_520' title='bbox 1983 587 2292 658; x_wconf 78' lang='lat' dir='ltr'><strong>baptizantes</strong></span> <span class='ocrx_word' id='word_1_521' title='bbox 2321 606 2404 644; x_wconf 89' lang='lat' dir='ltr'><strong>eos</strong></span> <span class='ocrx_word' id='word_1_522' title='bbox 2441 591 2495 644; x_wconf 84' lang='lat' dir='ltr'><strong>in</strong></span> <span class='ocrx_word' id='word_1_523' title='bbox 2531 578 2734 646; x_wconf 78' lang='lat' dir='ltr'><strong>nomine</strong></span> <span class='ocrx_word' id='word_1_524' title='bbox 2775 587 2950 646; x_wconf 85' lang='lat' dir='ltr'><strong>Patris</strong></span> <span class='ocrx_word' id='word_1_525' title='bbox 2995 601 3043 646; x_wconf 84' lang='lat' dir='ltr'><strong>et</strong></span> <span class='ocrx_word' id='word_1_526' title='bbox 3065 578 3216 646; x_wconf 72' lang='lat' dir='ltr'><strong>Filii</strong></span> <span class='ocrx_word' id='word_1_527' title='bbox 3245 600 3296 648; x_wconf 83' lang='lat' dir='ltr'><strong>et</strong></span> <span class='ocrx_word' id='word_1_528' title='bbox 3342 575 3569 663; x_wconf 76' lang='lat' dir='ltr'><strong>spiritus</strong></span> 
     </span>
    </p>
   </div>
   <div class='ocr_carea' id='block_1_65' title="bbox 1982 678 3568 756">
    <p class='ocr_par' dir='ltr' id='par_1_65' title="bbox 1982 678 3568 756">
     <span class='ocr_line' id='line_1_65' title="bbox 1982 678 3568 756; baseline 0.008 -25"><span class='ocrx_word' id='word_1_529' title='bbox 1982 679 2165 742; x_wconf 83' lang='lat' dir='ltr'><strong>sancti;</strong></span> <span class='ocrx_word' id='word_1_530' title='bbox 2189 678 2423 736; x_wconf 75' lang='lat' dir='ltr'><strong>docentes</strong></span> <span class='ocrx_word' id='word_1_531' title='bbox 2446 697 2530 736; x_wconf 82' lang='lat' dir='ltr'><strong>eos</strong></span> <span class='ocrx_word' id='word_1_532' title='bbox 2558 697 2757 737; x_wconf 75' lang='lat' dir='ltr'><strong>seruare</strong></span> <span class='ocrx_word' id='word_1_533' title='bbox 2779 682 2948 737; x_wconf 79' lang='lat' dir='ltr'><strong>omnia</strong></span> <span class='ocrx_word' id='word_1_534' title='bbox 2975 699 3302 756; x_wconf 63' lang='lat' dir='ltr'><strong>quacumque</strong></span> <span class='ocrx_word' id='word_1_535' title='bbox 3329 685 3568 743; x_wconf 68' lang='lat' dir='ltr'><strong>mandavi</strong></span> 
     </span>
    </p>
   </div>
   <div class='ocr_carea' id='block_1_66' title="bbox 1980 773 3600 851">
    <p class='ocr_par' dir='ltr' id='par_1_66' title="bbox 1980 773 3600 851">
     <span class='ocr_line' id='line_1_66' title="bbox 1980 773 3600 851; baseline 0.006 -25"><span class='ocrx_word' id='word_1_536' title='bbox 1980 773 2116 827; x_wconf 79' lang='lat' dir='ltr'><strong>vobis</strong></span> <span class='ocrx_word' id='word_1_537' title='bbox 2142 773 2354 843; x_wconf 77' lang='lat' dir='ltr'><strong>(Matth.</strong></span> <span class='ocrx_word' id='word_1_538' title='bbox 2372 791 2562 842; x_wconf 80' lang='lat' dir='ltr'><strong>xxvm,</strong></span> <span class='ocrx_word' id='word_1_539' title='bbox 2581 777 2766 850; x_wconf 69' lang='lat'><strong>{8-20)</strong></span> <span class='ocrx_word' id='word_1_540' title='bbox 2790 795 2804 833; x_wconf 89' lang='lat'><strong>:</strong></span> <span class='ocrx_word' id='word_1_541' title='bbox 2827 780 3014 851; x_wconf 79' lang='lat' dir='ltr'><strong>utquid</strong></span> <span class='ocrx_word' id='word_1_542' title='bbox 3039 780 3563 848; x_wconf 88' lang='lat' dir='ltr'><strong>commemoraveris,</strong></span> <span class='ocrx_word' id='word_1_543' title='bbox 3587 823 3600 844; x_wconf 81' lang='lat'><strong>,</strong></span> 
     </span>
    </p>
   </div>
   <div class='ocr_carea' id='block_1_67' title="bbox 1979 857 3566 948">
    <p class='ocr_par' dir='ltr' id='par_1_67' title="bbox 1979 857 3566 948">
     <span class='ocr_line' id='line_1_67' title="bbox 1979 857 3566 948; baseline 0.007 -30"><span class='ocrx_word' id='word_1_544' title='bbox 1979 873 2034 919; x_wconf 85' lang='lat' dir='ltr'><strong>et</strong></span> <span class='ocrx_word' id='word_1_545' title='bbox 2061 864 2187 935; x_wconf 87' lang='lat' dir='ltr'><strong>quid</strong></span> <span class='ocrx_word' id='word_1_546' title='bbox 2214 867 2336 922; x_wconf 91' lang='lat' dir='ltr'><strong>inde</strong></span> <span class='ocrx_word' id='word_1_547' title='bbox 2365 869 2593 937; x_wconf 86' lang='lat' dir='ltr'><strong>probare</strong></span> <span class='ocrx_word' id='word_1_548' title='bbox 2619 870 2850 927; x_wconf 84' lang='lat' dir='ltr'><strong>volueris</strong></span> <span class='ocrx_word' id='word_1_549' title='bbox 2873 914 2890 948; x_wconf 81' lang='lat'><strong>,</strong></span> <span class='ocrx_word' id='word_1_550' title='bbox 2920 886 3139 943; x_wconf 87' lang='lat' dir='ltr'><strong>prorsus</strong></span> <span class='ocrx_word' id='word_1_551' title='bbox 3168 873 3368 930; x_wconf 89' lang='lat' dir='ltr'><strong>nescio.</strong></span> <span class='ocrx_word' id='word_1_552' title='bbox 3394 857 3566 929; x_wconf 58' lang='lat' dir='ltr'><strong>Num?-</strong></span> 
     </span>
    </p>
   </div>
   <div class='ocr_carea' id='block_1_68' title="bbox 1978 956 3573 1039">
    <p class='ocr_par' dir='ltr' id='par_1_68' title="bbox 1978 956 3573 1039">
     <span class='ocr_line' id='line_1_68' title="bbox 1978 956 3573 1039; baseline 0.008 -29"><span class='ocrx_word' id='word_1_553' title='bbox 1978 956 2104 1034; x_wconf 88' lang='lat' dir='ltr'><strong>quid</strong></span> <span class='ocrx_word' id='word_1_554' title='bbox 2151 958 2293 1014; x_wconf 92' lang='lat' dir='ltr'><strong>enim</strong></span> <span class='ocrx_word' id='word_1_555' title='bbox 2333 962 2444 1026; x_wconf 88' lang='lat' dir='ltr'><strong>ait,</strong></span> <span class='ocrx_word' id='word_1_556' title='bbox 2471 961 2603 1016; x_wconf 88' lang='lat' dir='ltr'><strong>Data</strong></span> <span class='ocrx_word' id='word_1_557' title='bbox 2645 970 2728 1028; x_wconf 85' lang='lat' dir='ltr'><strong>est</strong></span> <span class='ocrx_word' id='word_1_558' title='bbox 2764 963 2894 1019; x_wconf 85' lang='lat' dir='ltr'><strong>mihi</strong></span> <span class='ocrx_word' id='word_1_559' title='bbox 2923 980 2955 1020; x_wconf 91' lang='lat' dir='ltr'><strong>a</strong></span> <span class='ocrx_word' id='word_1_560' title='bbox 2982 965 3094 1023; x_wconf 73' lang='lat' dir='ltr'><strong>Deo</strong></span> <span class='ocrx_word' id='word_1_561' title='bbox 3128 980 3250 1022; x_wconf 89' lang='lat' dir='ltr'><strong>meo</strong></span> <span class='ocrx_word' id='word_1_562' title='bbox 3289 964 3573 1039; x_wconf 75' lang='lat' dir='ltr'><strong>potestas!</strong></span> 
     </span>
    </p>
   </div>
   <div class='ocr_carea' id='block_1_69' title="bbox 1978 1047 3565 1134">
    <p class='ocr_par' dir='ltr' id='par_1_69' title="bbox 1978 1047 3565 1134">
     <span class='ocr_line' id='line_1_69' title="bbox 1978 1047 3565 1134; baseline 0.008 -30"><span class='ocrx_word' id='word_1_563' title='bbox 1978 1047 2132 1117; x_wconf 84' lang='lat' dir='ltr'><strong>Quod</strong></span> <span class='ocrx_word' id='word_1_564' title='bbox 2168 1051 2215 1107; x_wconf 90' lang='lat' dir='ltr'><strong>si</strong></span> <span class='ocrx_word' id='word_1_565' title='bbox 2248 1051 2507 1121; x_wconf 84' lang='lat' dir='ltr'><strong>dixisset,</strong></span> <span class='ocrx_word' id='word_1_566' title='bbox 2533 1062 2752 1134; x_wconf 81' lang='lat' dir='ltr'><strong>prOpter</strong></span> <span class='ocrx_word' id='word_1_567' title='bbox 2804 1057 2973 1126; x_wconf 89' lang='lat' dir='ltr'><strong>ipsam</strong></span> <span class='ocrx_word' id='word_1_568' title='bbox 3021 1057 3306 1114; x_wconf 87' lang='lat' dir='ltr'><strong>humanam</strong></span> <span class='ocrx_word' id='word_1_569' title='bbox 3336 1059 3565 1116; x_wconf 80' lang='lat' dir='ltr'><strong>formam</strong></span> 
     </span>
    </p>
   </div>
   <div class='ocr_carea' id='block_1_70' title="bbox 1977 1139 3576 1221">
    <p class='ocr_par' dir='ltr' id='par_1_70' title="bbox 1977 1139 3576 1221">
     <span class='ocr_line' id='line_1_70' title="bbox 1977 1139 3576 1221; baseline 0.008 -25"><span class='ocrx_word' id='word_1_570' title='bbox 1977 1139 2176 1200; x_wconf 89' lang='lat' dir='ltr'><strong>dictum</strong></span> <span class='ocrx_word' id='word_1_571' title='bbox 2195 1144 2356 1202; x_wconf 83' lang='lat' dir='ltr'><strong>fuisse</strong></span> <span class='ocrx_word' id='word_1_572' title='bbox 2375 1146 2569 1219; x_wconf 80' lang='lat' dir='ltr'><strong>ambigi</strong></span> <span class='ocrx_word' id='word_1_573' title='bbox 2586 1162 2695 1202; x_wconf 92' lang='lat' dir='ltr'><strong>non</strong></span> <span class='ocrx_word' id='word_1_574' title='bbox 2719 1148 2959 1206; x_wconf 89' lang='lat' dir='ltr'><strong>deberet.</strong></span> <span class='ocrx_word' id='word_1_575' title='bbox 2982 1150 3116 1220; x_wconf 86' lang='lat' dir='ltr'><strong>Quia</strong></span> <span class='ocrx_word' id='word_1_576' title='bbox 3135 1167 3262 1207; x_wconf 92' lang='lat' dir='ltr'><strong>vero</strong></span> <span class='ocrx_word' id='word_1_577' title='bbox 3277 1166 3386 1208; x_wconf 92' lang='lat' dir='ltr'><strong>non</strong></span> <span class='ocrx_word' id='word_1_578' title='bbox 3405 1150 3576 1221; x_wconf 69' lang='lat' dir='ltr'><strong>dixit;</strong></span> 
     </span>
    </p>
   </div>
   <div class='ocr_carea' id='block_1_71' title="bbox 1978 1234 3566 1314">
    <p class='ocr_par' dir='ltr' id='par_1_71' title="bbox 1978 1234 3566 1314">
     <span class='ocr_line' id='line_1_71' title="bbox 1978 1234 3566 1314; baseline 0.008 -26"><span class='ocrx_word' id='word_1_579' title='bbox 1978 1234 2102 1304; x_wconf 90' lang='lat' dir='ltr'><strong>quid</strong></span> <span class='ocrx_word' id='word_1_580' title='bbox 2128 1235 2228 1291; x_wconf 93' lang='lat' dir='ltr'><strong>isto</strong></span> <span class='ocrx_word' id='word_1_581' title='bbox 2255 1237 2558 1294; x_wconf 88' lang='lat' dir='ltr'><strong>testimonio</strong></span> <span class='ocrx_word' id='word_1_582' title='bbox 2577 1239 2812 1308; x_wconf 87' lang='lat' dir='ltr'><strong>volueris</strong></span> <span class='ocrx_word' id='word_1_583' title='bbox 2840 1255 3022 1312; x_wconf 84' lang='lat' dir='ltr'><strong>agere,</strong></span> <span class='ocrx_word' id='word_1_584' title='bbox 3043 1257 3148 1298; x_wconf 90' lang='lat' dir='ltr'><strong>nou</strong></span> <span class='ocrx_word' id='word_1_585' title='bbox 3171 1242 3428 1314; x_wconf 76' lang='lat' dir='ltr'><strong>intelligo.</strong></span> <span class='ocrx_word' id='word_1_586' title='bbox 3450 1243 3566 1310; x_wconf 83' lang='lat' dir='ltr'><strong>lmo</strong></span> 
     </span>
    </p>
   </div>
   <div class='ocr_carea' id='block_1_72' title="bbox 1977 1327 3568 1414">
    <p class='ocr_par' dir='ltr' id='par_1_72' title="bbox 1977 1327 3568 1414">
     <span class='ocr_line' id='line_1_72' title="bbox 1977 1327 3568 1414; baseline 0.006 -32"><span class='ocrx_word' id='word_1_587' title='bbox 1977 1327 2214 1414; x_wconf 71' lang='lat' dir='ltr'><strong>intelligo</strong></span> <span class='ocrx_word' id='word_1_588' title='bbox 2260 1338 2314 1387; x_wconf 90' lang='lat' dir='ltr'><strong>te</strong></span> <span class='ocrx_word' id='word_1_589' title='bbox 2341 1331 2396 1386; x_wconf 91' lang='lat' dir='ltr'><strong>id</strong></span> <span class='ocrx_word' id='word_1_590' title='bbox 2425 1332 2598 1404; x_wconf 79' lang='lat' dir='ltr'><strong>egisse</strong></span> <span class='ocrx_word' id='word_1_591' title='bbox 2620 1373 2636 1400; x_wconf 91' lang='lat'><strong>,</strong></span> <span class='ocrx_word' id='word_1_592' title='bbox 2666 1341 2725 1388; x_wconf 91' lang='lat' dir='ltr'><strong>ut</strong></span> <span class='ocrx_word' id='word_1_593' title='bbox 2765 1333 3124 1391; x_wconf 88' lang='lat' dir='ltr'><strong>abundantius</strong></span> <span class='ocrx_word' id='word_1_594' title='bbox 3146 1335 3472 1408; x_wconf 80' lang='lat' dir='ltr'><strong>loquereris.</strong></span> <span class='ocrx_word' id='word_1_595' title='bbox 3502 1336 3568 1392; x_wconf 82' lang='lat' dir='ltr'><strong>Si</strong></span> 
     </span>
    </p>
   </div>
   <div class='ocr_carea' id='block_1_73' title="bbox 1975 1419 3565 1495">
    <p class='ocr_par' dir='ltr' id='par_1_73' title="bbox 1975 1419 3565 1495">
     <span class='ocr_line' id='line_1_73' title="bbox 1975 1419 3565 1495; baseline 0.004 -21"><span class='ocrx_word' id='word_1_596' title='bbox 1975 1419 2118 1474; x_wconf 91' lang='lat' dir='ltr'><strong>enim</strong></span> <span class='ocrx_word' id='word_1_597' title='bbox 2163 1428 2414 1491; x_wconf 87' lang='lat' dir='ltr'><strong>tanquam</strong></span> <span class='ocrx_word' id='word_1_598' title='bbox 2457 1421 2568 1478; x_wconf 88' lang='lat' dir='ltr'><strong>Deo</strong></span> <span class='ocrx_word' id='word_1_599' title='bbox 2592 1421 2715 1478; x_wconf 88' lang='lat' dir='ltr'><strong>data</strong></span> <span class='ocrx_word' id='word_1_600' title='bbox 2757 1431 2840 1479; x_wconf 92' lang='lat' dir='ltr'><strong>est</strong></span> <span class='ocrx_word' id='word_1_601' title='bbox 2875 1422 2993 1481; x_wconf 84' lang='lat' dir='ltr'><strong>haec</strong></span> <span class='ocrx_word' id='word_1_602' title='bbox 3015 1432 3252 1495; x_wconf 84' lang='lat' dir='ltr'><strong>potestas</strong></span> <span class='ocrx_word' id='word_1_603' title='bbox 3278 1466 3295 1495; x_wconf 91' lang='lat'><strong>,</strong></span> <span class='ocrx_word' id='word_1_604' title='bbox 3324 1427 3565 1482; x_wconf 87' lang='lat' dir='ltr'><strong>nascenti</strong></span> 
     </span>
    </p>
   </div>
   <div class='ocr_carea' id='block_1_74' title="bbox 1975 1511 3563 1590">
    <p class='ocr_par' dir='ltr' id='par_1_74' title="bbox 1975 1511 3563 1590">
     <span class='ocr_line' id='line_1_74' title="bbox 1975 1511 3563 1590; baseline 0.004 -24"><span class='ocrx_word' id='word_1_605' title='bbox 1975 1526 2094 1566; x_wconf 72' lang='lat' dir='ltr'><strong>eam</strong></span> <span class='ocrx_word' id='word_1_606' title='bbox 2124 1511 2283 1568; x_wconf 88' lang='lat' dir='ltr'><strong>Pater</strong></span> <span class='ocrx_word' id='word_1_607' title='bbox 2307 1512 2474 1582; x_wconf 78' lang='lat' dir='ltr'><strong>dedit,</strong></span> <span class='ocrx_word' id='word_1_608' title='bbox 2507 1529 2611 1570; x_wconf 92' lang='lat' dir='ltr'><strong>non</strong></span> <span class='ocrx_word' id='word_1_609' title='bbox 2643 1514 2920 1586; x_wconf 87' lang='lat' dir='ltr'><strong>indigenti;</strong></span> <span class='ocrx_word' id='word_1_610' title='bbox 2951 1515 3075 1586; x_wconf 89' lang='lat' dir='ltr'><strong>quia</strong></span> <span class='ocrx_word' id='word_1_611' title='bbox 3099 1516 3363 1587; x_wconf 86' lang='lat' dir='ltr'><strong>gignendo</strong></span> <span class='ocrx_word' id='word_1_612' title='bbox 3391 1515 3563 1590; x_wconf 87' lang='lat' dir='ltr'><strong>dedit,</strong></span> 
     </span>
    </p>
   </div>
   <div class='ocr_carea' id='block_1_75' title="bbox 1975 1593 3563 1678">
    <p class='ocr_par' dir='ltr' id='par_1_75' title="bbox 1975 1593 3563 1678">
     <span class='ocr_line' id='line_1_75' title="bbox 1975 1593 3563 1678; baseline 0.003 -19"><span class='ocrx_word' id='word_1_613' title='bbox 1975 1618 2083 1659; x_wconf 90' lang='lat' dir='ltr'><strong>non</strong></span> <span class='ocrx_word' id='word_1_614' title='bbox 2107 1605 2372 1675; x_wconf 84' lang='lat' dir='ltr'><strong>augendo.</strong></span> <span class='ocrx_word' id='word_1_615' title='bbox 2398 1605 2453 1662; x_wconf 90' lang='lat' dir='ltr'><strong>Si</strong></span> <span class='ocrx_word' id='word_1_616' title='bbox 2475 1621 2603 1662; x_wconf 88' lang='lat' dir='ltr'><strong>vero</strong></span> <span class='ocrx_word' id='word_1_617' title='bbox 2630 1593 2880 1678; x_wconf 86' lang='lat' dir='ltr'><strong>tanquam</strong></span> <span class='ocrx_word' id='word_1_618' title='bbox 2922 1596 3125 1663; x_wconf 85' lang='lat' dir='ltr'><strong>homini</strong></span> <span class='ocrx_word' id='word_1_619' title='bbox 3164 1607 3287 1664; x_wconf 91' lang='lat' dir='ltr'><strong>data</strong></span> <span class='ocrx_word' id='word_1_620' title='bbox 3324 1615 3407 1663; x_wconf 91' lang='lat' dir='ltr'><strong>est</strong></span> <span class='ocrx_word' id='word_1_621' title='bbox 3442 1606 3563 1676; x_wconf 71' lang='lat' dir='ltr'><strong>haee</strong></span> 
     </span>
    </p>
   </div>
   <div class='ocr_carea' id='block_1_76' title="bbox 1976 1695 3566 1778">
    <p class='ocr_par' dir='ltr' id='par_1_76' title="bbox 1976 1695 3566 1778">
     <span class='ocr_line' id='line_1_76' title="bbox 1976 1695 3566 1778; baseline 0.001 -26"><span class='ocrx_word' id='word_1_622' title='bbox 1976 1706 2212 1768; x_wconf 84' lang='lat' dir='ltr'><strong>potestas</strong></span> <span class='ocrx_word' id='word_1_623' title='bbox 2236 1738 2250 1762; x_wconf 89' lang='lat'><strong>,</strong></span> <span class='ocrx_word' id='word_1_624' title='bbox 2280 1697 2406 1778; x_wconf 85' lang='lat' dir='ltr'><strong>quid</strong></span> <span class='ocrx_word' id='word_1_625' title='bbox 2435 1695 2597 1754; x_wconf 87' lang='lat' dir='ltr'><strong>habet</strong></span> <span class='ocrx_word' id='word_1_626' title='bbox 2619 1698 2969 1770; x_wconf 61' lang='lat' dir='ltr'><strong>quiestionisi</strong></span> <span class='ocrx_word' id='word_1_627' title='bbox 2997 1701 3080 1754; x_wconf 78' lang='lat' dir='ltr'><strong>An</strong></span> <span class='ocrx_word' id='word_1_628' title='bbox 3105 1698 3242 1755; x_wconf 75' lang='lat' dir='ltr'><strong>forte</strong></span> <span class='ocrx_word' id='word_1_629' title='bbox 3264 1713 3364 1754; x_wconf 87' lang='lat' dir='ltr'><strong>nos</strong></span> <span class='ocrx_word' id='word_1_630' title='bbox 3387 1699 3566 1754; x_wconf 87' lang='lat' dir='ltr'><strong>admo-</strong></span> 
     </span>
    </p>
   </div>
   <div class='ocr_carea' id='block_1_77' title="bbox 1975 1788 3567 1863">
    <p class='ocr_par' dir='ltr' id='par_1_77' title="bbox 1975 1788 3567 1863">
     <span class='ocr_line' id='line_1_77' title="bbox 1975 1788 3567 1863; baseline 0.002 -20"><span class='ocrx_word' id='word_1_631' title='bbox 1975 1803 2106 1844; x_wconf 90' lang='lat' dir='ltr'><strong>nere</strong></span> <span class='ocrx_word' id='word_1_632' title='bbox 2136 1788 2373 1856; x_wconf 88' lang='lat' dir='ltr'><strong>voluisti,</strong></span> <span class='ocrx_word' id='word_1_633' title='bbox 2396 1791 2537 1861; x_wconf 88' lang='lat' dir='ltr'><strong>quod</strong></span> <span class='ocrx_word' id='word_1_634' title='bbox 2557 1791 2814 1863; x_wconf 84' lang='lat' dir='ltr'><strong>baptizari</strong></span> <span class='ocrx_word' id='word_1_635' title='bbox 2843 1792 3100 1848; x_wconf 90' lang='lat' dir='ltr'><strong>Dominus</strong></span> <span class='ocrx_word' id='word_1_636' title='bbox 3126 1791 3346 1862; x_wconf 89' lang='lat' dir='ltr'><strong>jusserit</strong></span> <span class='ocrx_word' id='word_1_637' title='bbox 3377 1798 3567 1862; x_wconf 80' lang='lat' dir='ltr'><strong>gentes</strong></span> 
     </span>
    </p>
   </div>
   <div class='ocr_carea' id='block_1_78' title="bbox 1975 1872 3566 1958">
    <p class='ocr_par' dir='ltr' id='par_1_78' title="bbox 1975 1872 3566 1958">
     <span class='ocr_line' id='line_1_78' title="bbox 1975 1872 3566 1958; baseline 0.001 -21"><span class='ocrx_word' id='word_1_638' title='bbox 1975 1881 2032 1938; x_wconf 92' lang='lat' dir='ltr'><strong>in</strong></span> <span class='ocrx_word' id='word_1_639' title='bbox 2059 1881 2277 1948; x_wconf 90' lang='lat' dir='ltr'><strong>nomine</strong></span> <span class='ocrx_word' id='word_1_640' title='bbox 2313 1883 2487 1951; x_wconf 86' lang='lat' dir='ltr'><strong>Patris</strong></span> <span class='ocrx_word' id='word_1_641' title='bbox 2520 1893 2573 1941; x_wconf 88' lang='lat' dir='ltr'><strong>et</strong></span> <span class='ocrx_word' id='word_1_642' title='bbox 2598 1884 2719 1941; x_wconf 89' lang='lat' dir='ltr'><strong>Filii</strong></span> <span class='ocrx_word' id='word_1_643' title='bbox 2748 1893 2804 1953; x_wconf 90' lang='lat' dir='ltr'><strong>et</strong></span> <span class='ocrx_word' id='word_1_644' title='bbox 2830 1885 3060 1958; x_wconf 88' lang='lat' dir='ltr'><strong>Spiritus</strong></span> <span class='ocrx_word' id='word_1_645' title='bbox 3099 1872 3316 1941; x_wconf 81' lang='lat' dir='ltr'><strong>sancti?</strong></span> <span class='ocrx_word' id='word_1_646' title='bbox 3338 1882 3440 1941; x_wconf 86' lang='lat' dir='ltr'><strong>Ubi</strong></span> <span class='ocrx_word' id='word_1_647' title='bbox 3466 1898 3566 1939; x_wconf 90' lang='lat' dir='ltr'><strong>au-</strong></span> 
     </span>
    </p>
   </div>
   <div class='ocr_carea' id='block_1_79' title="bbox 1975 1971 3566 2048">
    <p class='ocr_par' dir='ltr' id='par_1_79' title="bbox 1975 1971 3566 2048">
     <span class='ocr_line' id='line_1_79' title="bbox 1975 1971 3566 2048; baseline 0.003 -20"><span class='ocrx_word' id='word_1_648' title='bbox 1975 1971 2060 2028; x_wconf 91' lang='lat' dir='ltr'><strong>dis</strong></span> <span class='ocrx_word' id='word_1_649' title='bbox 2087 1989 2253 2031; x_wconf 89' lang='lat' dir='ltr'><strong>unum</strong></span> <span class='ocrx_word' id='word_1_650' title='bbox 2287 1989 2482 2039; x_wconf 90' lang='lat' dir='ltr'><strong>nomen</strong></span> <span class='ocrx_word' id='word_1_651' title='bbox 2509 2018 2526 2046; x_wconf 93' lang='lat'><strong>,</strong></span> <span class='ocrx_word' id='word_1_652' title='bbox 2553 1984 2608 2034; x_wconf 89' lang='lat' dir='ltr'><strong>et</strong></span> <span class='ocrx_word' id='word_1_653' title='bbox 2634 1991 2795 2034; x_wconf 89' lang='lat' dir='ltr'><strong>unam</strong></span> <span class='ocrx_word' id='word_1_654' title='bbox 2826 1992 2935 2042; x_wconf 91' lang='lat' dir='ltr'><strong>non</strong></span> <span class='ocrx_word' id='word_1_655' title='bbox 2957 1977 3041 2034; x_wconf 87' lang='lat' dir='ltr'><strong>vis</strong></span> <span class='ocrx_word' id='word_1_656' title='bbox 3065 1975 3365 2048; x_wconf 80' lang='lat' dir='ltr'><strong>intelligere</strong></span> <span class='ocrx_word' id='word_1_657' title='bbox 3391 1974 3566 2046; x_wconf 83' lang='lat' dir='ltr'><strong>deita-</strong></span> 
     </span>
    </p>
   </div>
   <div class='ocr_carea' id='block_1_80' title="bbox 1976 2073 2106 2123">
    <p class='ocr_par' dir='ltr' id='par_1_80' title="bbox 1976 2073 2106 2123">
     <span class='ocr_line' id='line_1_80' title="bbox 1976 2073 2106 2123; baseline -0.008 -1"><span class='ocrx_word' id='word_1_658' title='bbox 1976 2073 2106 2123; x_wconf 90' lang='lat' dir='ltr'><strong>tem.</strong></span> 
     </span>
    </p>
   </div>
   <div class='ocr_carea' id='block_1_81' title="bbox 2045 2179 3567 2262">
    <p class='ocr_par' dir='ltr' id='par_1_81' title="bbox 2045 2179 3567 2262">
     <span class='ocr_line' id='line_1_81' title="bbox 2045 2179 3567 2262; baseline 0.005 -14"><span class='ocrx_word' id='word_1_659' title='bbox 2045 2182 2099 2248; x_wconf 78' lang='lat'><strong>.3-</strong></span> <span class='ocrx_word' id='word_1_660' title='bbox 2140 2181 2294 2252; x_wconf 82' lang='lat' dir='ltr'><strong>Quod</strong></span> <span class='ocrx_word' id='word_1_661' title='bbox 2320 2189 2499 2251; x_wconf 72' lang='lat' dir='ltr'><strong>autem</strong></span> <span class='ocrx_word' id='word_1_662' title='bbox 2525 2181 2696 2262; x_wconf 66' lang='lat' dir='ltr'><strong>diciS,</strong></span> <span class='ocrx_word' id='word_1_663' title='bbox 2721 2191 2781 2252; x_wconf 68' lang='lat' dir='ltr'><strong>et</strong></span> <span class='ocrx_word' id='word_1_664' title='bbox 2800 2189 2933 2254; x_wconf 68' lang='lat' dir='ltr'><strong>ante</strong></span> <span class='ocrx_word' id='word_1_665' title='bbox 2960 2181 3383 2256; x_wconf 55' lang='lat' dir='ltr'><strong>incarnationem</strong></span> <span class='ocrx_word' id='word_1_666' title='bbox 3405 2179 3567 2250; x_wconf 52' lang='lat' dir='ltr'><strong>ﬁbri?</strong></span> 
     </span>
    </p>
   </div>
   <div class='ocr_carea' id='block_1_82' title="bbox 1975 2273 3564 2354">
    <p class='ocr_par' dir='ltr' id='par_1_82' title="bbox 1975 2273 3564 2354">
     <span class='ocr_line' id='line_1_82' title="bbox 1975 2273 3564 2354; baseline 0.003 -16"><span class='ocrx_word' id='word_1_667' title='bbox 1975 2274 2044 2338; x_wconf 77' lang='lat' dir='ltr'><strong>sti</strong></span> <span class='ocrx_word' id='word_1_668' title='bbox 2074 2315 2090 2344; x_wconf 84' lang='lat'><strong>.</strong></span> <span class='ocrx_word' id='word_1_669' title='bbox 2119 2274 2333 2342; x_wconf 78' lang='lat' dir='ltr'><strong>Patrem</strong></span> <span class='ocrx_word' id='word_1_670' title='bbox 2357 2275 2560 2343; x_wconf 62' lang='lat' dir='ltr'><strong>diem</strong></span> <span class='ocrx_word' id='word_1_671' title='bbox 2599 2290 2720 2345; x_wconf 69' lang='lat' dir='ltr'><strong>esse</strong></span> <span class='ocrx_word' id='word_1_672' title='bbox 2760 2275 2934 2344; x_wconf 62' lang='lat' dir='ltr'><strong>Deum</strong></span> <span class='ocrx_word' id='word_1_673' title='bbox 2969 2274 3088 2354; x_wconf 66' lang='lat' dir='ltr'><strong>eius</strong></span> <span class='ocrx_word' id='word_1_674' title='bbox 3108 2317 3123 2340; x_wconf 82' lang='lat'><strong>.</strong></span> <span class='ocrx_word' id='word_1_675' title='bbox 3145 2274 3396 2348; x_wconf 66' lang='lat' dir='ltr'><strong>quoniam</strong></span> <span class='ocrx_word' id='word_1_676' title='bbox 3425 2273 3564 2342; x_wconf 58' lang='lat' dir='ltr'><strong>scriv</strong></span> 
     </span>
    </p>
   </div>
   <div class='ocr_carea' id='block_1_83' title="bbox 1974 2366 3572 2442">
    <p class='ocr_par' dir='ltr' id='par_1_83' title="bbox 1974 2366 3572 2442">
     <span class='ocr_line' id='line_1_83' title="bbox 1974 2366 3572 2442; baseline 0.005 -11"><span class='ocrx_word' id='word_1_677' title='bbox 1974 2375 2121 2438; x_wconf 81' lang='lat' dir='ltr'><strong>plum</strong></span> <span class='ocrx_word' id='word_1_678' title='bbox 2149 2375 2232 2431; x_wconf 74' lang='lat' dir='ltr'><strong>est</strong></span> <span class='ocrx_word' id='word_1_679' title='bbox 2254 2408 2272 2439; x_wconf 85' lang='lat'><strong>,</strong></span> <span class='ocrx_word' id='word_1_680' title='bbox 2305 2366 2464 2432; x_wconf 59' lang='lat' dir='ltr'><strong>Uouit</strong></span> <span class='ocrx_word' id='word_1_681' title='bbox 2488 2376 2554 2442; x_wconf 79' lang='lat' dir='ltr'><strong>te,</strong></span> <span class='ocrx_word' id='word_1_682' title='bbox 2587 2366 2749 2436; x_wconf 63' lang='lat' dir='ltr'><strong>Deut.</strong></span> <span class='ocrx_word' id='word_1_683' title='bbox 2775 2366 2919 2436; x_wconf 66' lang='lat' dir='ltr'><strong>Rm</strong></span> <span class='ocrx_word' id='word_1_684' title='bbox 2941 2368 3253 2441; x_wconf 53' lang='lat' dir='ltr'><strong>M30986</strong></span> <span class='ocrx_word' id='word_1_685' title='bbox 3280 2375 3572 2438; x_wconf 63' lang='lat' dir='ltr'><strong>antequam</strong></span> 
     </span>
    </p>
   </div>
   <div class='ocr_carea' id='block_1_84' title="bbox 1973 2457 3572 2530">
    <p class='ocr_par' dir='ltr' id='par_1_84' title="bbox 1973 2457 3572 2530">
     <span class='ocr_line' id='line_1_84' title="bbox 1973 2457 3572 2530; baseline 0.004 -18"><span class='ocrx_word' id='word_1_686' title='bbox 1973 2457 2218 2528; x_wconf 73' lang='lat' dir='ltr'><strong>Christus</strong></span> <span class='ocrx_word' id='word_1_687' title='bbox 2260 2459 2496 2526; x_wconf 80' lang='lat' dir='ltr'><strong>venisset</strong></span> <span class='ocrx_word' id='word_1_688' title='bbox 2546 2459 2603 2515; x_wconf 93' lang='lat' dir='ltr'><strong>in</strong></span> <span class='ocrx_word' id='word_1_689' title='bbox 2654 2474 2816 2526; x_wconf 73' lang='lat' dir='ltr'><strong>carne</strong></span> <span class='ocrx_word' id='word_1_690' title='bbox 2842 2477 2858 2513; x_wconf 88' lang='lat'><strong>:</strong></span> <span class='ocrx_word' id='word_1_691' title='bbox 2887 2459 3032 2530; x_wconf 72' lang='lat' dir='ltr'><strong>itane</strong></span> <span class='ocrx_word' id='word_1_692' title='bbox 3069 2474 3182 2526; x_wconf 80' lang='lat' dir='ltr'><strong>non</strong></span> <span class='ocrx_word' id='word_1_693' title='bbox 3215 2459 3469 2530; x_wconf 70' lang='lat' dir='ltr'><strong>intelligis</strong></span> <span class='ocrx_word' id='word_1_694' title='bbox 3504 2459 3572 2530; x_wconf 65' lang='lat' dir='ltr'><strong>in</strong></span> 
     </span>
    </p>
   </div>
   <div class='ocr_carea' id='block_1_85' title="bbox 1975 2549 3570 2626">
    <p class='ocr_par' dir='ltr' id='par_1_85' title="bbox 1975 2549 3570 2626">
     <span class='ocr_line' id='line_1_85' title="bbox 1975 2549 3570 2626; baseline -0.001 -20"><span class='ocrx_word' id='word_1_695' title='bbox 1975 2549 2256 2620; x_wconf 83' lang='lat' dir='ltr'><strong>prophetia</strong></span> <span class='ocrx_word' id='word_1_696' title='bbox 2462 2550 2775 2620; x_wconf 65' lang='lat' dir='ltr'><strong>praedictum</strong></span> <span class='ocrx_word' id='word_1_697' title='bbox 2798 2592 2813 2618; x_wconf 91' lang='lat'><strong>,</strong></span> <span class='ocrx_word' id='word_1_698' title='bbox 2855 2558 3111 2626; x_wconf 54' lang='lat' dir='ltr'><strong>terrenam</strong></span> <span class='ocrx_word' id='word_1_699' title='bbox 3153 2550 3314 2616; x_wconf 64' lang='lat' dir='ltr'><strong>fuerit</strong></span> <span class='ocrx_word' id='word_1_700' title='bbox 3365 2549 3570 2620; x_wconf 67' lang='lat' dir='ltr'><strong>factum</strong></span> 
     </span>
    </p>
   </div>
   <div class='ocr_carea' id='block_1_86' title="bbox 1976 2641 3573 2720">
    <p class='ocr_par' dir='ltr' id='par_1_86' title="bbox 1976 2641 3573 2720">
     <span class='ocr_line' id='line_1_86' title="bbox 1976 2641 3573 2720; baseline 0.002 -23"><span class='ocrx_word' id='word_1_701' title='bbox 1976 2642 2119 2711; x_wconf 85' lang='lat' dir='ltr'><strong>quod</strong></span> <span class='ocrx_word' id='word_1_702' title='bbox 2161 2650 2278 2710; x_wconf 81' lang='lat' dir='ltr'><strong>erat</strong></span> <span class='ocrx_word' id='word_1_703' title='bbox 2305 2641 2580 2706; x_wconf 78' lang='lat' dir='ltr'><strong>futurum?</strong></span> <span class='ocrx_word' id='word_1_704' title='bbox 2605 2645 2798 2704; x_wconf 80' lang='lat' dir='ltr'><strong>Annon</strong></span> <span class='ocrx_word' id='word_1_705' title='bbox 2836 2644 2918 2708; x_wconf 78' lang='lat' dir='ltr'><strong>sie</strong></span> <span class='ocrx_word' id='word_1_706' title='bbox 2942 2645 2998 2714; x_wconf 83' lang='lat' dir='ltr'><strong>in</strong></span> <span class='ocrx_word' id='word_1_707' title='bbox 3026 2644 3309 2720; x_wconf 66' lang='lat' dir='ltr'><strong>mphetia</strong></span> <span class='ocrx_word' id='word_1_708' title='bbox 3336 2643 3412 2710; x_wconf 80' lang='lat' dir='ltr'><strong>ait</strong></span> <span class='ocrx_word' id='word_1_709' title='bbox 3447 2644 3573 2714; x_wconf 65' lang='lat' dir='ltr'><strong>ipse</strong></span> 
     </span>
    </p>
   </div>
   <div class='ocr_carea' id='block_1_87' title="bbox 1975 2732 3564 2810">
    <p class='ocr_par' dir='ltr' id='par_1_87' title="bbox 1975 2732 3564 2810">
     <span class='ocr_line' id='line_1_87' title="bbox 1975 2732 3564 2810; baseline 0.009 -24"><span class='ocrx_word' id='word_1_710' title='bbox 1975 2732 2234 2790; x_wconf 81' lang='lat' dir='ltr'><strong>Dominus</strong></span> <span class='ocrx_word' id='word_1_711' title='bbox 2256 2775 2274 2804; x_wconf 91' lang='lat'><strong>,</strong></span> <span class='ocrx_word' id='word_1_712' title='bbox 2303 2732 2571 2792; x_wconf 78' lang='lat' dir='ltr'><strong>Fodertmt</strong></span> <span class='ocrx_word' id='word_1_713' title='bbox 2597 2751 2780 2800; x_wconf 74' lang='lat' dir='ltr'><strong>mnus</strong></span> <span class='ocrx_word' id='word_1_714' title='bbox 2805 2751 2946 2804; x_wconf 60' lang='lat' dir='ltr'><strong>mea</strong></span> <span class='ocrx_word' id='word_1_715' title='bbox 2971 2744 3022 2804; x_wconf 71' lang='lat' dir='ltr'><strong>et</strong></span> <span class='ocrx_word' id='word_1_716' title='bbox 3049 2736 3200 2809; x_wconf 70' lang='lat' dir='ltr'><strong>pedes</strong></span> <span class='ocrx_word' id='word_1_717' title='bbox 3217 2734 3394 2807; x_wconf 73' lang='lat' dir='ltr'><strong>(Psal-</strong></span> <span class='ocrx_word' id='word_1_718' title='bbox 3423 2746 3564 2810; x_wconf 58' lang='lat' dir='ltr'><strong>XN.</strong></span> 
     </span>
    </p>
   </div>
   <div class='ocr_carea' id='block_1_88' title="bbox 1976 2824 3570 2900">
    <p class='ocr_par' dir='ltr' id='par_1_88' title="bbox 1976 2824 3570 2900">
     <span class='ocr_line' id='line_1_88' title="bbox 1976 2824 3570 2900; baseline 0.006 -21"><span class='ocrx_word' id='word_1_719' title='bbox 1976 2824 2069 2894; x_wconf 80' lang='grc'><strong>18)</strong></span> <span class='ocrx_word' id='word_1_720' title='bbox 2090 2841 2105 2892; x_wconf 94' lang='lat'><strong>;</strong></span> <span class='ocrx_word' id='word_1_721' title='bbox 2127 2831 2183 2882; x_wconf 90' lang='lat' dir='ltr'><strong>et</strong></span> <span class='ocrx_word' id='word_1_722' title='bbox 2208 2834 2433 2888; x_wconf 75' lang='lat' dir='ltr'><strong>castorea</strong></span> <span class='ocrx_word' id='word_1_723' title='bbox 2479 2826 2674 2898; x_wconf 80' lang='lat' dir='ltr'><strong>quibus</strong></span> <span class='ocrx_word' id='word_1_724' title='bbox 2724 2827 3028 2900; x_wconf 78' lang='lat' dir='ltr'><strong>passionem</strong></span> <span class='ocrx_word' id='word_1_725' title='bbox 3061 2842 3219 2899; x_wconf 69' lang='lat' dir='ltr'><strong>suam</strong></span> <span class='ocrx_word' id='word_1_726' title='bbox 3261 2836 3570 2898; x_wconf 63' lang='lat' dir='ltr'><strong>tantotanto</strong></span> 
     </span>
    </p>
   </div>
   <div class='ocr_carea' id='block_1_89' title="bbox 1977 2916 3571 2990">
    <p class='ocr_par' dir='ltr' id='par_1_89' title="bbox 1977 2916 3571 2990">
     <span class='ocr_line' id='line_1_89' title="bbox 1977 2916 3571 2990; baseline 0.008 -20"><span class='ocrx_word' id='word_1_727' title='bbox 1977 2916 2384 2986; x_wconf 68' lang='lat' dir='ltr'><strong>praenuntiavit,</strong></span> <span class='ocrx_word' id='word_1_728' title='bbox 2412 2924 2468 2976; x_wconf 85' lang='lat' dir='ltr'><strong>et</strong></span> <span class='ocrx_word' id='word_1_729' title='bbox 2492 2917 2636 2990; x_wconf 86' lang='lat' dir='ltr'><strong>quod</strong></span> <span class='ocrx_word' id='word_1_730' title='bbox 2663 2917 2901 2981; x_wconf 76' lang='lat' dir='ltr'><strong>futurum</strong></span> <span class='ocrx_word' id='word_1_731' title='bbox 2932 2919 3105 2987; x_wconf 56' lang='lat' dir='ltr'><strong>luerat</strong></span> <span class='ocrx_word' id='word_1_732' title='bbox 3128 2961 3145 2989; x_wconf 93' lang='lat'><strong>,</strong></span> <span class='ocrx_word' id='word_1_733' title='bbox 3177 2927 3428 2990; x_wconf 83' lang='lat' dir='ltr'><strong>tanquam</strong></span> <span class='ocrx_word' id='word_1_734' title='bbox 3451 2919 3571 2990; x_wconf 69' lang='lat' dir='ltr'><strong>iam</strong></span> 
     </span>
    </p>
   </div>
   <div class='ocr_carea' id='block_1_90' title="bbox 1975 3006 3571 3083">
    <p class='ocr_par' dir='ltr' id='par_1_90' title="bbox 1975 3006 3571 3083">
     <span class='ocr_line' id='line_1_90' title="bbox 1975 3006 3571 3083; baseline 0.008 -23"><span class='ocrx_word' id='word_1_735' title='bbox 1975 3006 2172 3070; x_wconf 79' lang='lat' dir='ltr'><strong>factum</strong></span> <span class='ocrx_word' id='word_1_736' title='bbox 2207 3014 2352 3064; x_wconf 80' lang='lat' dir='ltr'><strong>esset</strong></span> <span class='ocrx_word' id='word_1_737' title='bbox 2377 3008 2679 3081; x_wconf 82' lang='lat' dir='ltr'><strong>expressit?</strong></span> <span class='ocrx_word' id='word_1_738' title='bbox 2700 3009 2912 3077; x_wconf 79' lang='lat' dir='ltr'><strong>Dictum</strong></span> <span class='ocrx_word' id='word_1_739' title='bbox 2933 3017 3020 3080; x_wconf 75' lang='lat' dir='ltr'><strong>est</strong></span> <span class='ocrx_word' id='word_1_740' title='bbox 3047 3024 3174 3083; x_wconf 83' lang='lat' dir='ltr'><strong>ergo</strong></span> <span class='ocrx_word' id='word_1_741' title='bbox 3199 3011 3255 3067; x_wconf 90' lang='lat' dir='ltr'><strong>in</strong></span> <span class='ocrx_word' id='word_1_742' title='bbox 3281 3009 3571 3082; x_wconf 73' lang='lat' dir='ltr'><strong>prophetia</strong></span> 
     </span>
    </p>
   </div>
   <div class='ocr_carea' id='block_1_91' title="bbox 1975 3098 3566 3173">
    <p class='ocr_par' dir='ltr' id='par_1_91' title="bbox 1975 3098 3566 3173">
     <span class='ocr_line' id='line_1_91' title="bbox 1975 3098 3566 3173; baseline 0.001 -20"><span class='ocrx_word' id='word_1_743' title='bbox 1975 3113 2155 3166; x_wconf 70' lang='lat' dir='ltr'><strong>rerum</strong></span> <span class='ocrx_word' id='word_1_744' title='bbox 2178 3098 2476 3165; x_wconf 72' lang='lat' dir='ltr'><strong>futurarum</strong></span> <span class='ocrx_word' id='word_1_745' title='bbox 2499 3141 2514 3165; x_wconf 74' lang='grc' dir='ltr'><strong>ν</strong></span> <span class='ocrx_word' id='word_1_746' title='bbox 2545 3109 2798 3173; x_wconf 59' lang='lat' dir='ltr'><strong>tamtam</strong></span> <span class='ocrx_word' id='word_1_747' title='bbox 2822 3102 3093 3172; x_wconf 76' lang='lat' dir='ltr'><strong>locutione</strong></span> <span class='ocrx_word' id='word_1_748' title='bbox 3113 3116 3295 3171; x_wconf 73' lang='lat' dir='ltr'><strong>rerum</strong></span> <span class='ocrx_word' id='word_1_749' title='bbox 3322 3101 3566 3173; x_wconf 61' lang='lat' dir='ltr'><strong>praeteri-</strong></span> 
     </span>
    </p>
   </div>
   <div class='ocr_carea' id='block_1_92' title="bbox 1976 3188 3568 3268">
    <p class='ocr_par' dir='ltr' id='par_1_92' title="bbox 1976 3188 3568 3268">
     <span class='ocr_line' id='line_1_92' title="bbox 1976 3188 3568 3268; baseline 0.012 -18"><span class='ocrx_word' id='word_1_750' title='bbox 1976 3197 2170 3256; x_wconf 79' lang='lat' dir='ltr'><strong>tarum,</strong></span> <span class='ocrx_word' id='word_1_751' title='bbox 2195 3188 2355 3249; x_wconf 71' lang='lat' dir='ltr'><strong>(luxit</strong></span> <span class='ocrx_word' id='word_1_752' title='bbox 2375 3200 2442 3260; x_wconf 85' lang='lat' dir='ltr'><strong>te,</strong></span> <span class='ocrx_word' id='word_1_753' title='bbox 2463 3191 2621 3264; x_wconf 66' lang='lat' dir='ltr'><strong>Dein,</strong></span> <span class='ocrx_word' id='word_1_754' title='bbox 2637 3190 2776 3258; x_wconf 65' lang='lat' dir='ltr'><strong>Dem</strong></span> <span class='ocrx_word' id='word_1_755' title='bbox 2803 3201 2919 3258; x_wconf 68' lang='lat' dir='ltr'><strong>tuus</strong></span> <span class='ocrx_word' id='word_1_756' title='bbox 2945 3192 3057 3260; x_wconf 64' lang='lat' dir='ltr'><strong>cleo</strong></span> <span class='ocrx_word' id='word_1_757' title='bbox 3075 3191 3428 3260; x_wconf 62' lang='lat' dir='ltr'><strong>multationis</strong></span> <span class='ocrx_word' id='word_1_758' title='bbox 3456 3206 3568 3268; x_wconf 68' lang='lat' dir='ltr'><strong>aur</strong></span> 
     </span>
    </p>
   </div>
   <div class='ocr_carea' id='block_1_93' title="bbox 1977 3281 3569 3357">
    <p class='ocr_par' dir='ltr' id='par_1_93' title="bbox 1977 3281 3569 3357">
     <span class='ocr_line' id='line_1_93' title="bbox 1977 3281 3569 3357; baseline 0.004 -22"><span class='ocrx_word' id='word_1_759' title='bbox 1977 3281 2304 3353; x_wconf 83' lang='lat' dir='ltr'><strong>participibus</strong></span> <span class='ocrx_word' id='word_1_760' title='bbox 2325 3283 2425 3351; x_wconf 77' lang='lat' dir='ltr'><strong>tuis</strong></span> <span class='ocrx_word' id='word_1_761' title='bbox 2455 3299 2476 3338; x_wconf 86' lang='lat'><strong><em>:</em></strong></span> <span class='ocrx_word' id='word_1_762' title='bbox 2799 3284 2918 3354; x_wconf 82' lang='lat' dir='ltr'><strong>ejus.</strong></span> <span class='ocrx_word' id='word_1_763' title='bbox 2947 3284 3272 3356; x_wconf 71' lang='lat' dir='ltr'><strong>signiﬁcans,</strong></span> <span class='ocrx_word' id='word_1_764' title='bbox 3289 3283 3569 3357; x_wconf 60' lang='lat' dir='ltr'><strong>quitum</strong></span> 
     </span>
    </p>
   </div>
   <div class='ocr_carea' id='block_1_94' title="bbox 1975 3371 3569 3448">
    <p class='ocr_par' dir='ltr' id='par_1_94' title="bbox 1975 3371 3569 3448">
     <span class='ocr_line' id='line_1_94' title="bbox 1975 3371 3569 3448; baseline 0.006 -21"><span class='ocrx_word' id='word_1_765' title='bbox 1975 3371 2188 3430; x_wconf 76' lang='lat' dir='ltr'><strong>fuerant</strong></span> <span class='ocrx_word' id='word_1_766' title='bbox 2211 3374 2353 3437; x_wconf 86' lang='lat' dir='ltr'><strong>servi</strong></span> <span class='ocrx_word' id='word_1_767' title='bbox 2379 3373 2520 3445; x_wconf 82' lang='lat' dir='ltr'><strong>ejus,</strong></span> <span class='ocrx_word' id='word_1_768' title='bbox 2544 3374 2680 3445; x_wconf 79' lang='lat' dir='ltr'><strong>socii</strong></span> <span class='ocrx_word' id='word_1_769' title='bbox 2701 3374 2839 3444; x_wconf 71' lang='lat' dir='ltr'><strong>ejus,</strong></span> <span class='ocrx_word' id='word_1_770' title='bbox 2867 3375 3028 3444; x_wconf 70' lang='lat' dir='ltr'><strong>aspici</strong></span> <span class='ocrx_word' id='word_1_771' title='bbox 3045 3375 3180 3447; x_wconf 81' lang='lat' dir='ltr'><strong>ejus,</strong></span> <span class='ocrx_word' id='word_1_772' title='bbox 3205 3374 3397 3432; x_wconf 74' lang='lat' dir='ltr'><strong>fratres</strong></span> <span class='ocrx_word' id='word_1_773' title='bbox 3422 3375 3569 3448; x_wconf 69' lang='lat' dir='ltr'><strong>ejus,</strong></span> 
     </span>
    </p>
   </div>
   <div class='ocr_carea' id='block_1_95' title="bbox 1974 3463 3570 3540">
    <p class='ocr_par' dir='ltr' id='par_1_95' title="bbox 1974 3463 3570 3540">
     <span class='ocr_line' id='line_1_95' title="bbox 1974 3463 3570 3540; baseline 0.006 -22"><span class='ocrx_word' id='word_1_774' title='bbox 1974 3463 2214 3529; x_wconf 78' lang='lat' dir='ltr'><strong>membra</strong></span> <span class='ocrx_word' id='word_1_775' title='bbox 2238 3463 2375 3535; x_wconf 86' lang='lat' dir='ltr'><strong>ejus.</strong></span> <span class='ocrx_word' id='word_1_776' title='bbox 2401 3463 2719 3534; x_wconf 68' lang='lat' dir='ltr'><strong>Praedictum</strong></span> <span class='ocrx_word' id='word_1_777' title='bbox 2732 3474 2822 3536; x_wconf 77' lang='lat' dir='ltr'><strong>est</strong></span> <span class='ocrx_word' id='word_1_778' title='bbox 2842 3480 2971 3538; x_wconf 69' lang='lat' dir='ltr'><strong>ergo</strong></span> <span class='ocrx_word' id='word_1_779' title='bbox 2987 3465 3132 3536; x_wconf 80' lang='lat' dir='ltr'><strong>quod</strong></span> <span class='ocrx_word' id='word_1_780' title='bbox 3147 3466 3382 3528; x_wconf 62' lang='lat' dir='ltr'><strong>tutorum</strong></span> <span class='ocrx_word' id='word_1_781' title='bbox 3415 3475 3570 3540; x_wconf 66' lang='lat' dir='ltr'><strong>erat.</strong></span> 
     </span>
    </p>
   </div>
   <div class='ocr_carea' id='block_1_96' title="bbox 1977 3556 3567 3632">
    <p class='ocr_par' dir='ltr' id='par_1_96' title="bbox 1977 3556 3567 3632">
     <span class='ocr_line' id='line_1_96' title="bbox 1977 3556 3567 3632; baseline 0.004 -23"><span class='ocrx_word' id='word_1_782' title='bbox 1977 3563 2032 3610; x_wconf 92' lang='lat' dir='ltr'><strong>ut</strong></span> <span class='ocrx_word' id='word_1_783' title='bbox 2052 3563 2275 3626; x_wconf 84' lang='lat' dir='ltr'><strong>ungeret</strong></span> <span class='ocrx_word' id='word_1_784' title='bbox 2291 3557 2430 3612; x_wconf 90' lang='lat' dir='ltr'><strong>Deus</strong></span> <span class='ocrx_word' id='word_1_785' title='bbox 2446 3556 2643 3612; x_wconf 89' lang='lat' dir='ltr'><strong>Christi</strong></span> <span class='ocrx_word' id='word_1_786' title='bbox 2662 3557 2933 3613; x_wconf 89' lang='lat' dir='ltr'><strong>hominem</strong></span> <span class='ocrx_word' id='word_1_787' title='bbox 2953 3556 3222 3614; x_wconf 86' lang='lat' dir='ltr'><strong>Christum</strong></span> <span class='ocrx_word' id='word_1_788' title='bbox 3243 3559 3361 3629; x_wconf 88' lang='lat' dir='ltr'><strong>:qui</strong></span> 
     </span>
    </p>
   </div>
   <div class='ocr_carea' id='block_1_97' title="bbox 1975 3649 3563 3723">
    <p class='ocr_par' dir='ltr' id='par_1_97' title="bbox 1975 3649 3563 3723">
     <span class='ocr_line' id='line_1_97' title="bbox 1975 3649 3563 3723; baseline 0.003 -19"><span class='ocrx_word' id='word_1_789' title='bbox 1975 3649 2053 3706; x_wconf 90' lang='lat' dir='ltr'><strong>sic</strong></span> <span class='ocrx_word' id='word_1_790' title='bbox 2077 3649 2246 3706; x_wconf 79' lang='lat' dir='ltr'><strong>iactus</strong></span> <span class='ocrx_word' id='word_1_791' title='bbox 2269 3658 2352 3710; x_wconf 80' lang='lat' dir='ltr'><strong>est</strong></span> <span class='ocrx_word' id='word_1_792' title='bbox 2375 3650 2560 3719; x_wconf 79' lang='lat' dir='ltr'><strong>homo,</strong></span> <span class='ocrx_word' id='word_1_793' title='bbox 2577 3658 2636 3716; x_wconf 76' lang='lat' dir='ltr'><strong>ut</strong></span> <span class='ocrx_word' id='word_1_794' title='bbox 2657 3659 2901 3718; x_wconf 66' lang='lat' dir='ltr'><strong>maneret</strong></span> <span class='ocrx_word' id='word_1_795' title='bbox 2923 3651 3086 3720; x_wconf 75' lang='lat' dir='ltr'><strong>Deus.</strong></span> <span class='ocrx_word' id='word_1_796' title='bbox 3109 3650 3563 3723; x_wconf 70' lang='lat' dir='ltr'><strong>Ungeretautem,</strong></span> 
     </span>
    </p>
   </div>
   <div class='ocr_carea' id='block_1_98' title="bbox 1975 3741 3564 3818">
    <p class='ocr_par' dir='ltr' id='par_1_98' title="bbox 1975 3741 3564 3818">
     <span class='ocr_line' id='line_1_98' title="bbox 1975 3741 3564 3818; baseline 0.003 -22"><span class='ocrx_word' id='word_1_797' title='bbox 1975 3756 2084 3797; x_wconf 90' lang='lat' dir='ltr'><strong>non</strong></span> <span class='ocrx_word' id='word_1_798' title='bbox 2130 3741 2324 3799; x_wconf 83' lang='lat' dir='ltr'><strong>visibili</strong></span> <span class='ocrx_word' id='word_1_799' title='bbox 2373 3750 2426 3802; x_wconf 83' lang='lat' dir='ltr'><strong>et</strong></span> <span class='ocrx_word' id='word_1_800' title='bbox 2477 3742 2746 3813; x_wconf 83' lang='lat' dir='ltr'><strong>corporali</strong></span> <span class='ocrx_word' id='word_1_801' title='bbox 2787 3743 2910 3810; x_wconf 78' lang='lat' dir='ltr'><strong>oleo</strong></span> <span class='ocrx_word' id='word_1_802' title='bbox 2932 3783 2954 3812; x_wconf 87' lang='lat'><strong>,</strong></span> <span class='ocrx_word' id='word_1_803' title='bbox 2985 3743 3311 3815; x_wconf 79' lang='lat' dir='ltr'><strong>sedSpiritu</strong></span> <span class='ocrx_word' id='word_1_804' title='bbox 3347 3754 3564 3818; x_wconf 62' lang='lat' dir='ltr'><strong>sancto,</strong></span> 
     </span>
    </p>
   </div>
   <div class='ocr_carea' id='block_1_99' title="bbox 1974 3832 3567 3908">
    <p class='ocr_par' dir='ltr' id='par_1_99' title="bbox 1974 3832 3567 3908">
     <span class='ocr_line' id='line_1_99' title="bbox 1974 3832 3567 3908; baseline 0.003 -21"><span class='ocrx_word' id='word_1_805' title='bbox 1974 3847 2134 3903; x_wconf 88' lang='lat' dir='ltr'><strong>quem</strong></span> <span class='ocrx_word' id='word_1_806' title='bbox 2161 3832 2432 3903; x_wconf 76' lang='lat' dir='ltr'><strong>Scriptura</strong></span> <span class='ocrx_word' id='word_1_807' title='bbox 2452 3834 2666 3905; x_wconf 63' lang='lat' dir='ltr'><strong>nomine</strong></span> <span class='ocrx_word' id='word_1_808' title='bbox 2689 3835 2795 3900; x_wconf 68' lang='lat' dir='ltr'><strong>olei</strong></span> <span class='ocrx_word' id='word_1_809' title='bbox 2823 3835 3214 3905; x_wconf 54' lang='lat' dir='ltr'><strong>“saltationis,</strong></span> <span class='ocrx_word' id='word_1_810' title='bbox 3239 3837 3480 3908; x_wconf 65' lang='lat' dir='ltr'><strong>ﬁgurata,</strong></span> <span class='ocrx_word' id='word_1_811' title='bbox 3500 3847 3567 3908; x_wconf 63' lang='lat' dir='ltr'><strong>ut</strong></span> 
     </span>
    </p>
   </div>
   <div class='ocr_carea' id='block_1_100' title="bbox 1977 3924 3567 4002">
    <p class='ocr_par' dir='ltr' id='par_1_100' title="bbox 1977 3924 3567 4002">
     <span class='ocr_line' id='line_1_100' title="bbox 1977 3924 3567 4002; baseline 0.005 -20"><span class='ocrx_word' id='word_1_812' title='bbox 1977 3924 2154 3990; x_wconf 80' lang='lat' dir='ltr'><strong>solet,</strong></span> <span class='ocrx_word' id='word_1_813' title='bbox 2177 3924 2449 3986; x_wconf 84' lang='lat' dir='ltr'><strong>locutione</strong></span> <span class='ocrx_word' id='word_1_814' title='bbox 2491 3926 2776 4002; x_wconf 73' lang='lat' dir='ltr'><strong>signiﬁcat.</strong></span> <span class='ocrx_word' id='word_1_815' title='bbox 2805 3927 2948 3994; x_wconf 67' lang='lat' dir='ltr'><strong>Dixit</strong></span> <span class='ocrx_word' id='word_1_816' title='bbox 2975 3936 3153 3998; x_wconf 65' lang='lat' dir='ltr'><strong>autem</strong></span> <span class='ocrx_word' id='word_1_817' title='bbox 3176 3969 3192 3996; x_wconf 93' lang='lat'><strong>,</strong></span> <span class='ocrx_word' id='word_1_818' title='bbox 3225 3927 3388 3996; x_wconf 63' lang='lat' dir='ltr'><strong>Ussit</strong></span> <span class='ocrx_word' id='word_1_819' title='bbox 3404 3945 3428 3996; x_wconf 80' lang='lat'><strong>,°</strong></span> <span class='ocrx_word' id='word_1_820' title='bbox 3453 3947 3567 3999; x_wconf 73' lang='lat' dir='ltr'><strong>non</strong></span> 
     </span>
    </p>
   </div>
   <div class='ocr_carea' id='block_1_101' title="bbox 1973 4015 3569 4092">
    <p class='ocr_par' dir='ltr' id='par_1_101' title="bbox 1973 4015 3569 4092">
     <span class='ocr_line' id='line_1_101' title="bbox 1973 4015 3569 4092; baseline 0.001 -18"><span class='ocrx_word' id='word_1_821' title='bbox 1973 4015 2147 4084; x_wconf 82' lang='lat' dir='ltr'><strong>dixit,</strong></span> <span class='ocrx_word' id='word_1_822' title='bbox 2179 4015 2444 4082; x_wconf 74' lang='lat' dir='ltr'><strong>tincturus</strong></span> <span class='ocrx_word' id='word_1_823' title='bbox 2473 4025 2555 4074; x_wconf 87' lang='lat' dir='ltr'><strong>est</strong></span> <span class='ocrx_word' id='word_1_824' title='bbox 2582 4033 2596 4071; x_wconf 87' lang='lat'><strong>:</strong></span> <span class='ocrx_word' id='word_1_825' title='bbox 2625 4018 2746 4089; x_wconf 88' lang='lat' dir='ltr'><strong>quia</strong></span> <span class='ocrx_word' id='word_1_826' title='bbox 2774 4018 2831 4084; x_wconf 83' lang='lat' dir='ltr'><strong>in</strong></span> <span class='ocrx_word' id='word_1_827' title='bbox 2857 4017 3326 4088; x_wconf 45' lang='lat' dir='ltr'><strong>ﬂagitatione</strong></span> <span class='ocrx_word' id='word_1_828' title='bbox 3348 4020 3462 4092; x_wconf 73' lang='lat' dir='ltr'><strong>jam</strong></span> <span class='ocrx_word' id='word_1_829' title='bbox 3483 4021 3569 4084; x_wconf 44' lang='lat' dir='ltr'><strong>ia,</strong></span> 
     </span>
    </p>
   </div>
   <div class='ocr_carea' id='block_1_102' title="bbox 1974 4110 3583 4190">
    <p class='ocr_par' dir='ltr' id='par_1_102' title="bbox 1974 4110 3583 4190">
     <span class='ocr_line' id='line_1_102' title="bbox 1974 4110 3583 4190; baseline 0.004 -23"><span class='ocrx_word' id='word_1_830' title='bbox 1974 4118 2117 4168; x_wconf 79' lang='lat' dir='ltr'><strong>etum</strong></span> <span class='ocrx_word' id='word_1_831' title='bbox 2159 4120 2313 4178; x_wconf 80' lang='lat' dir='ltr'><strong>erat,</strong></span> <span class='ocrx_word' id='word_1_832' title='bbox 2339 4110 2484 4181; x_wconf 67' lang='lat' dir='ltr'><strong>quod</strong></span> <span class='ocrx_word' id='word_1_833' title='bbox 2509 4124 2611 4166; x_wconf 86' lang='lat' dir='ltr'><strong>suo</strong></span> <span class='ocrx_word' id='word_1_834' title='bbox 2650 4119 2898 4190; x_wconf 74' lang='lat' dir='ltr'><strong>tempore</strong></span> <span class='ocrx_word' id='word_1_835' title='bbox 2930 4111 3167 4176; x_wconf 64' lang='lat' dir='ltr'><strong>fumum</strong></span> <span class='ocrx_word' id='word_1_836' title='bbox 3205 4121 3345 4170; x_wconf 85' lang='lat' dir='ltr'><strong>erat.</strong></span> <span class='ocrx_word' id='word_1_837' title='bbox 3375 4114 3479 4172; x_wconf 76' lang='lat' dir='ltr'><strong>libi</strong></span> <span class='ocrx_word' id='word_1_838' title='bbox 3505 4121 3583 4186; x_wconf 64' lang='grc' dir='ltr'><strong>ω</strong></span> 
     </span>
    </p>
   </div>
   <div class='ocr_carea' id='block_1_103' title="bbox 1975 4202 3562 4284">
    <p class='ocr_par' dir='ltr' id='par_1_103' title="bbox 1975 4202 3562 4284">
     <span class='ocr_line' id='line_1_103' title="bbox 1975 4202 3562 4284; baseline 0.004 -26"><span class='ocrx_word' id='word_1_839' title='bbox 1975 4203 2168 4258; x_wconf 90' lang='lat' dir='ltr'><strong>timens</strong></span> <span class='ocrx_word' id='word_1_840' title='bbox 2193 4217 2260 4258; x_wconf 84' lang='lat' dir='ltr'><strong>ne</strong></span> <span class='ocrx_word' id='word_1_841' title='bbox 2296 4202 2525 4273; x_wconf 85' lang='lat' dir='ltr'><strong>Spiritus</strong></span> <span class='ocrx_word' id='word_1_842' title='bbox 2547 4211 2794 4272; x_wconf 83' lang='lat' dir='ltr'><strong>sanctus,</strong></span> <span class='ocrx_word' id='word_1_843' title='bbox 2817 4219 2923 4275; x_wconf 70' lang='lat' dir='ltr'><strong>quo</strong></span> <span class='ocrx_word' id='word_1_844' title='bbox 2949 4212 3142 4265; x_wconf 79' lang='lat' dir='ltr'><strong>unctus</strong></span> <span class='ocrx_word' id='word_1_845' title='bbox 3165 4214 3249 4272; x_wconf 89' lang='lat' dir='ltr'><strong>est</strong></span> <span class='ocrx_word' id='word_1_846' title='bbox 3275 4205 3522 4274; x_wconf 73' lang='lat' dir='ltr'><strong>Christus</strong></span> <span class='ocrx_word' id='word_1_847' title='bbox 3542 4249 3562 4284; x_wconf 79' lang='lat'><strong>,</strong></span> 
     </span>
    </p>
   </div>
   <div class='ocr_carea' id='block_1_104' title="bbox 1974 4292 3564 4368">
    <p class='ocr_par' dir='ltr' id='par_1_104' title="bbox 1974 4292 3564 4368">
     <span class='ocr_line' id='line_1_104' title="bbox 1974 4292 3564 4368; baseline 0.007 -20"><span class='ocrx_word' id='word_1_848' title='bbox 1974 4292 2148 4365; x_wconf 88' lang='lat' dir='ltr'><strong>major</strong></span> <span class='ocrx_word' id='word_1_849' title='bbox 2169 4292 2416 4353; x_wconf 87' lang='lat' dir='ltr'><strong>videatur</strong></span> <span class='ocrx_word' id='word_1_850' title='bbox 2440 4309 2560 4352; x_wconf 89' lang='lat' dir='ltr'><strong>esse</strong></span> <span class='ocrx_word' id='word_1_851' title='bbox 2582 4309 2742 4365; x_wconf 87' lang='lat' dir='ltr'><strong>quam</strong></span> <span class='ocrx_word' id='word_1_852' title='bbox 2779 4292 3052 4362; x_wconf 59' lang='lat' dir='ltr'><strong>Christus,</strong></span> <span class='ocrx_word' id='word_1_853' title='bbox 3073 4295 3200 4368; x_wconf 61' lang='lat' dir='ltr'><strong>quia</strong></span> <span class='ocrx_word' id='word_1_854' title='bbox 3228 4313 3416 4356; x_wconf 82' lang='lat' dir='ltr'><strong>revera</strong></span> <span class='ocrx_word' id='word_1_855' title='bbox 3443 4315 3564 4358; x_wconf 79' lang='lat' dir='ltr'><strong>ma-</strong></span> 
     </span>
    </p>
   </div>
   <div class='ocr_carea' id='block_1_105' title="bbox 1970 4384 3566 4462">
    <p class='ocr_par' dir='ltr' id='par_1_105' title="bbox 1970 4384 3566 4462">
     <span class='ocr_line' id='line_1_105' title="bbox 1970 4384 3566 4462; baseline 0.001 -20"><span class='ocrx_word' id='word_1_856' title='bbox 1970 4384 2058 4456; x_wconf 85' lang='lat' dir='ltr'><strong>jor</strong></span> <span class='ocrx_word' id='word_1_857' title='bbox 2078 4393 2162 4441; x_wconf 91' lang='lat' dir='ltr'><strong>est</strong></span> <span class='ocrx_word' id='word_1_858' title='bbox 2189 4385 2405 4441; x_wconf 89' lang='lat' dir='ltr'><strong>homine</strong></span> <span class='ocrx_word' id='word_1_859' title='bbox 2432 4386 2674 4453; x_wconf 86' lang='lat' dir='ltr'><strong>Christo;</strong></span> <span class='ocrx_word' id='word_1_860' title='bbox 2699 4386 2791 4456; x_wconf 89' lang='lat' dir='ltr'><strong>qui</strong></span> <span class='ocrx_word' id='word_1_861' title='bbox 2827 4387 2968 4456; x_wconf 79' lang='lat' dir='ltr'><strong>enim</strong></span> <span class='ocrx_word' id='word_1_862' title='bbox 3013 4387 3312 4458; x_wconf 67' lang='lat' dir='ltr'><strong>sanctiﬁcat</strong></span> <span class='ocrx_word' id='word_1_863' title='bbox 3338 4430 3353 4455; x_wconf 90' lang='lat'><strong>,</strong></span> <span class='ocrx_word' id='word_1_864' title='bbox 3379 4404 3445 4454; x_wconf 87' lang='lat' dir='ltr'><strong>eo</strong></span> <span class='ocrx_word' id='word_1_865' title='bbox 3471 4390 3566 4462; x_wconf 77' lang='lat' dir='ltr'><strong>qui</strong></span> 
     </span>
    </p>
   </div>
   <div class='ocr_carea' id='block_1_106' title="bbox 1975 4476 3566 4549">
    <p class='ocr_par' dir='ltr' id='par_1_106' title="bbox 1975 4476 3566 4549">
     <span class='ocr_line' id='line_1_106' title="bbox 1975 4476 3566 4549; baseline 0.002 -15"><span class='ocrx_word' id='word_1_866' title='bbox 1975 4476 2334 4534; x_wconf 85' lang='lat' dir='ltr'><strong>sanctiﬁcatur</strong></span> <span class='ocrx_word' id='word_1_867' title='bbox 2357 4485 2440 4533; x_wconf 90' lang='lat' dir='ltr'><strong>est</strong></span> <span class='ocrx_word' id='word_1_868' title='bbox 2466 4477 2638 4547; x_wconf 88' lang='lat' dir='ltr'><strong>major</strong></span> <span class='ocrx_word' id='word_1_869' title='bbox 2659 4495 2676 4532; x_wconf 88' lang='lat'><strong>:</strong></span> <span class='ocrx_word' id='word_1_870' title='bbox 2700 4477 2802 4534; x_wconf 89' lang='lat' dir='ltr'><strong>hoc</strong></span> <span class='ocrx_word' id='word_1_871' title='bbox 2819 4492 2950 4549; x_wconf 81' lang='lat' dir='ltr'><strong>ergo</strong></span> <span class='ocrx_word' id='word_1_872' title='bbox 2969 4479 3183 4548; x_wconf 80' lang='lat' dir='ltr'><strong>timens,</strong></span> <span class='ocrx_word' id='word_1_873' title='bbox 3208 4479 3423 4536; x_wconf 89' lang='lat' dir='ltr'><strong>voluisti</strong></span> <span class='ocrx_word' id='word_1_874' title='bbox 3442 4483 3566 4546; x_wconf 71' lang='lat' dir='ltr'><strong>olei)</strong></span> 
     </span>
    </p>
   </div>
   <div class='ocr_carea' id='block_1_107' title="bbox 1975 4569 3566 4646">
    <p class='ocr_par' dir='ltr' id='par_1_107' title="bbox 1975 4569 3566 4646">
     <span class='ocr_line' id='line_1_107' title="bbox 1975 4569 3566 4646; baseline 0.006 -22"><span class='ocrx_word' id='word_1_875' title='bbox 1975 4569 2344 4628; x_wconf 81' lang='lat' dir='ltr'><strong>exsultationis</strong></span> <span class='ocrx_word' id='word_1_876' title='bbox 2387 4584 2507 4625; x_wconf 89' lang='lat' dir='ltr'><strong>eam</strong></span> <span class='ocrx_word' id='word_1_877' title='bbox 2553 4569 2790 4628; x_wconf 63' lang='lat' dir='ltr'><strong>laatitiam</strong></span> <span class='ocrx_word' id='word_1_878' title='bbox 2837 4569 3187 4642; x_wconf 64' lang='lat' dir='ltr'><strong>signiﬁcatam</strong></span> <span class='ocrx_word' id='word_1_879' title='bbox 3229 4573 3435 4640; x_wconf 77' lang='lat' dir='ltr'><strong>videri,</strong></span> <span class='ocrx_word' id='word_1_880' title='bbox 3460 4590 3566 4646; x_wconf 78' lang='lat' dir='ltr'><strong>qua</strong></span> 
     </span>
    </p>
   </div>
   <div class='ocr_carea' id='block_1_108' title="bbox 1975 4661 3565 4733">
    <p class='ocr_par' dir='ltr' id='par_1_108' title="bbox 1975 4661 3565 4733">
     <span class='ocr_line' id='line_1_108' title="bbox 1975 4661 3565 4733; baseline 0.001 -15"><span class='ocrx_word' id='word_1_881' title='bbox 1975 4661 2142 4722; x_wconf 88' lang='lat' dir='ltr'><strong>Filius</strong></span> <span class='ocrx_word' id='word_1_882' title='bbox 2170 4661 2452 4718; x_wconf 86' lang='lat' dir='ltr'><strong>exsultavit</strong></span> <span class='ocrx_word' id='word_1_883' title='bbox 2478 4675 2600 4718; x_wconf 91' lang='lat' dir='ltr'><strong>cum</strong></span> <span class='ocrx_word' id='word_1_884' title='bbox 2628 4662 2806 4730; x_wconf 81' lang='lat' dir='ltr'><strong>Patre,</strong></span> <span class='ocrx_word' id='word_1_885' title='bbox 2828 4663 3044 4733; x_wconf 72' lang='lat' dir='ltr'><strong>quando</strong></span> <span class='ocrx_word' id='word_1_886' title='bbox 3062 4672 3147 4720; x_wconf 85' lang='lat' dir='ltr'><strong>est</strong></span> <span class='ocrx_word' id='word_1_887' title='bbox 3168 4663 3382 4728; x_wconf 79' lang='lat' dir='ltr'><strong>condita</strong></span> <span class='ocrx_word' id='word_1_888' title='bbox 3408 4679 3565 4722; x_wconf 86' lang='lat' dir='ltr'><strong>crea-</strong></span> 
     </span>
    </p>
   </div>
   <div class='ocr_carea' id='block_1_109' title="bbox 1978 4754 3566 4824">
    <p class='ocr_par' dir='ltr' id='par_1_109' title="bbox 1978 4754 3566 4824">
     <span class='ocr_line' id='line_1_109' title="bbox 1978 4754 3566 4824; baseline 0 -10"><span class='ocrx_word' id='word_1_889' title='bbox 1978 4762 2116 4814; x_wconf 77' lang='lat' dir='ltr'><strong>tura.</strong></span> <span class='ocrx_word' id='word_1_890' title='bbox 2149 4754 2217 4810; x_wconf 88' lang='lat' dir='ltr'><strong>Et</strong></span> <span class='ocrx_word' id='word_1_891' title='bbox 2258 4754 2690 4822; x_wconf 65' lang='lat' dir='ltr'><strong>commemoranti</strong></span> <span class='ocrx_word' id='word_1_892' title='bbox 2714 4795 2731 4822; x_wconf 91' lang='lat'><strong>,</strong></span> <span class='ocrx_word' id='word_1_893' title='bbox 2761 4763 2822 4824; x_wconf 75' lang='lat' dir='ltr'><strong>ut</strong></span> <span class='ocrx_word' id='word_1_894' title='bbox 2842 4755 2988 4818; x_wconf 71' lang='lat' dir='ltr'><strong>soles</strong></span> <span class='ocrx_word' id='word_1_895' title='bbox 3007 4793 3025 4823; x_wconf 90' lang='lat'><strong>,</strong></span> <span class='ocrx_word' id='word_1_896' title='bbox 3051 4756 3360 4821; x_wconf 71' lang='lat' dir='ltr'><strong>testimonii</strong></span> <span class='ocrx_word' id='word_1_897' title='bbox 3385 4770 3566 4814; x_wconf 68' lang='lat' dir='ltr'><strong>causa</strong></span> 
     </span>
    </p>
   </div>
   <div class='ocr_carea' id='block_1_110' title="bbox 1980 4847 3566 4916">
    <p class='ocr_par' dir='ltr' id='par_1_110' title="bbox 1980 4847 3566 4916">
     <span class='ocr_line' id='line_1_110' title="bbox 1980 4847 3566 4916; baseline 0.001 -14"><span class='ocrx_word' id='word_1_898' title='bbox 1980 4856 2083 4910; x_wconf 70' lang='lat' dir='ltr'><strong>tuae</strong></span> <span class='ocrx_word' id='word_1_899' title='bbox 2125 4862 2234 4910; x_wconf 82' lang='lat' dir='ltr'><strong>non</strong></span> <span class='ocrx_word' id='word_1_900' title='bbox 2273 4848 2617 4916; x_wconf 85' lang='lat' dir='ltr'><strong>necessaria,</strong></span> <span class='ocrx_word' id='word_1_901' title='bbox 2643 4847 2714 4909; x_wconf 83' lang='lat' dir='ltr'><strong>de</strong></span> <span class='ocrx_word' id='word_1_902' title='bbox 2761 4847 2942 4912; x_wconf 71' lang='lat' dir='ltr'><strong>laetitia</strong></span> <span class='ocrx_word' id='word_1_903' title='bbox 2985 4847 3158 4911; x_wconf 74' lang='lat' dir='ltr'><strong>Patris</strong></span> <span class='ocrx_word' id='word_1_904' title='bbox 3205 4856 3261 4904; x_wconf 89' lang='lat' dir='ltr'><strong>et</strong></span> <span class='ocrx_word' id='word_1_905' title='bbox 3287 4848 3430 4908; x_wconf 77' lang='lat' dir='ltr'><strong>Filii.</strong></span> <span class='ocrx_word' id='word_1_906' title='bbox 3457 4847 3566 4913; x_wconf 79' lang='lat' dir='ltr'><strong>Sed</strong></span> 
     </span>
    </p>
   </div>
   <div class='ocr_carea' id='block_1_111' title="bbox 1977 4935 3570 5010">
    <p class='ocr_par' dir='ltr' id='par_1_111' title="bbox 1977 4935 3570 5010">
     <span class='ocr_line' id='line_1_111' title="bbox 1977 4935 3570 5010; baseline -0.001 -10"><span class='ocrx_word' id='word_1_907' title='bbox 1977 4939 2104 5009; x_wconf 82' lang='lat' dir='ltr'><strong>quid</strong></span> <span class='ocrx_word' id='word_1_908' title='bbox 2144 4937 2384 4998; x_wconf 76' lang='lat' dir='ltr'><strong>tacturus</strong></span> <span class='ocrx_word' id='word_1_909' title='bbox 2429 4938 2526 4994; x_wconf 76' lang='lat' dir='ltr'><strong>es?</strong></span> <span class='ocrx_word' id='word_1_910' title='bbox 2549 4952 2658 5008; x_wconf 80' lang='lat' dir='ltr'><strong>quo</strong></span> <span class='ocrx_word' id='word_1_911' title='bbox 2679 4938 2850 5002; x_wconf 67' lang='lat' dir='ltr'><strong>imitus</strong></span> <span class='ocrx_word' id='word_1_912' title='bbox 2878 4938 2903 4994; x_wconf 69' lang='grc' dir='ltr'><strong><em>ἲ</em></strong></span> <span class='ocrx_word' id='word_1_913' title='bbox 2927 4935 3206 5007; x_wconf 69' lang='lat' dir='ltr'><strong>Quomodo</strong></span> <span class='ocrx_word' id='word_1_914' title='bbox 3231 4938 3287 4995; x_wconf 84' lang='lat' dir='ltr'><strong>id</strong></span> <span class='ocrx_word' id='word_1_915' title='bbox 3313 4940 3458 5010; x_wconf 83' lang='lat' dir='ltr'><strong>quod</strong></span> <span class='ocrx_word' id='word_1_916' title='bbox 3483 4950 3570 5006; x_wconf 79' lang='lat' dir='ltr'><strong>est</strong></span> 
     </span>
    </p>
   </div>
   <div class='ocr_carea' id='block_1_112' title="bbox 1978 5029 3570 5104">
    <p class='ocr_par' dir='ltr' id='par_1_112' title="bbox 1978 5029 3570 5104">
     <span class='ocr_line' id='line_1_112' title="bbox 1978 5029 3570 5104; baseline 0 -10"><span class='ocrx_word' id='word_1_917' title='bbox 1978 5029 2098 5096; x_wconf 76' lang='lat' dir='ltr'><strong>luce</strong></span> <span class='ocrx_word' id='word_1_918' title='bbox 2117 5029 2340 5098; x_wconf 58' lang='lat' dir='ltr'><strong>sbrius.</strong></span> <span class='ocrx_word' id='word_1_919' title='bbox 2370 5037 2464 5094; x_wconf 69' lang='lat' dir='ltr'><strong>aut</strong></span> <span class='ocrx_word' id='word_1_920' title='bbox 2484 5038 2796 5102; x_wconf 64' lang='lat' dir='ltr'><strong>negaturus.</strong></span> <span class='ocrx_word' id='word_1_921' title='bbox 2821 5037 2917 5094; x_wconf 69' lang='lat' dir='ltr'><strong>aut</strong></span> <span class='ocrx_word' id='word_1_922' title='bbox 2940 5030 2995 5092; x_wconf 87' lang='lat' dir='ltr'><strong>in</strong></span> <span class='ocrx_word' id='word_1_923' title='bbox 3021 5030 3164 5094; x_wconf 55' lang='lat' dir='ltr'><strong>aliud</strong></span> <span class='ocrx_word' id='word_1_924' title='bbox 3193 5029 3570 5104; x_wconf 73' lang='lat' dir='ltr'><strong>quodcumque</strong></span> 
     </span>
    </p>
   </div>
   <div class='ocr_carea' id='block_1_113' title="bbox 1978 5122 3570 5193">
    <p class='ocr_par' dir='ltr' id='par_1_113' title="bbox 1978 5122 3570 5193">
     <span class='ocr_line' id='line_1_113' title="bbox 1978 5122 3570 5193; baseline 0.005 -15"><span class='ocrx_word' id='word_1_925' title='bbox 1978 5135 2230 5191; x_wconf 70' lang='lat' dir='ltr'><strong>vet-eurus</strong></span> <span class='ocrx_word' id='word_1_926' title='bbox 2257 5136 2338 5189; x_wconf 86' lang='lat' dir='ltr'><strong>es,</strong></span> <span class='ocrx_word' id='word_1_927' title='bbox 2363 5137 2490 5186; x_wconf 74' lang='lat' dir='ltr'><strong>eum</strong></span> <span class='ocrx_word' id='word_1_928' title='bbox 2516 5122 2772 5183; x_wconf 70' lang='lat' dir='ltr'><strong>recitamr</strong></span> <span class='ocrx_word' id='word_1_929' title='bbox 2794 5122 3056 5193; x_wconf 68' lang='lat' dir='ltr'><strong>tibi.un</strong></span> <span class='ocrx_word' id='word_1_930' title='bbox 3080 5123 3274 5182; x_wconf 80' lang='lat' dir='ltr'><strong>beatus</strong></span> <span class='ocrx_word' id='word_1_931' title='bbox 3299 5124 3491 5184; x_wconf 71' lang='lat' dir='ltr'><strong>Petrus</strong></span> <span class='ocrx_word' id='word_1_932' title='bbox 3511 5126 3570 5186; x_wconf 80' lang='lat' dir='ltr'><strong>in</strong></span> 
     </span>
    </p>
   </div>
   <div class='ocr_carea' id='block_1_114' title="bbox 1981 5211 3564 5283">
    <p class='ocr_par' dir='ltr' id='par_1_114' title="bbox 1981 5211 3564 5283">
     <span class='ocr_line' id='line_1_114' title="bbox 1981 5211 3564 5283; baseline 0.003 -15"><span class='ocrx_word' id='word_1_933' title='bbox 1981 5211 2360 5283; x_wconf 73' lang='lat' dir='ltr'><strong>Appstpipmm</strong></span> <span class='ocrx_word' id='word_1_934' title='bbox 2405 5212 2629 5282; x_wconf 71' lang='lat' dir='ltr'><strong>Actibus</strong></span> <span class='ocrx_word' id='word_1_935' title='bbox 2893 5211 3050 5274; x_wconf 73' lang='lat' dir='ltr'><strong>Hunc</strong></span> <span class='ocrx_word' id='word_1_936' title='bbox 3088 5211 3265 5272; x_wconf 68' lang='lat' dir='ltr'><strong>locum</strong></span> <span class='ocrx_word' id='word_1_937' title='bbox 3301 5231 3337 5270; x_wconf 87' lang='lat' dir='ltr'><strong>a</strong></span> <span class='ocrx_word' id='word_1_938' title='bbox 3380 5213 3564 5277; x_wconf 67' lang='lat' dir='ltr'><strong>Nam-.-</strong></span> 
     </span>
    </p>
   </div>
   <div class='ocr_carea' id='block_1_115' title="bbox 1979 5303 3568 5379">
    <p class='ocr_par' dir='ltr' id='par_1_115' title="bbox 1979 5303 3568 5379">
     <span class='ocr_line' id='line_1_115' title="bbox 1979 5303 3568 5379; baseline 0 -17"><span class='ocrx_word' id='word_1_939' title='bbox 1979 5305 2092 5366; x_wconf 70' lang='lat' dir='ltr'><strong>retlt</strong></span> <span class='ocrx_word' id='word_1_940' title='bbox 2115 5345 2130 5373; x_wconf 89' lang='lat'><strong>,</strong></span> <span class='ocrx_word' id='word_1_941' title='bbox 2161 5320 2306 5377; x_wconf 76' lang='lat' dir='ltr'><strong>quem</strong></span> <span class='ocrx_word' id='word_1_942' title='bbox 2353 5305 2505 5362; x_wconf 62' lang='lat' dir='ltr'><strong>unxit</strong></span> <span class='ocrx_word' id='word_1_943' title='bbox 2553 5303 2694 5364; x_wconf 73' lang='lat' dir='ltr'><strong>Dm</strong></span> <span class='ocrx_word' id='word_1_944' title='bbox 2738 5304 2940 5376; x_wconf 67' lang='lat' dir='ltr'><strong>Spiritu</strong></span> <span class='ocrx_word' id='word_1_945' title='bbox 2984 5313 3158 5364; x_wconf 70' lang='lat' dir='ltr'><strong>suam</strong></span> <span class='ocrx_word' id='word_1_946' title='bbox 3201 5306 3342 5379; x_wconf 73' lang='lat' dir='ltr'><strong>(Act.</strong></span> <span class='ocrx_word' id='word_1_947' title='bbox 3363 5321 3420 5373; x_wconf 73' lang='grc' dir='ltr'><strong>ι,</strong></span> <span class='ocrx_word' id='word_1_948' title='bbox 3448 5307 3568 5378; x_wconf 63' lang='grc' dir='ltr'><strong>βε).</strong></span> 
     </span>
    </p>
   </div>
   <div class='ocr_carea' id='block_1_116' title="bbox 1981 5395 3572 5472">
    <p class='ocr_par' dir='ltr' id='par_1_116' title="bbox 1981 5395 3572 5472">
     <span class='ocr_line' id='line_1_116' title="bbox 1981 5395 3572 5472; baseline 0.001 -16"><span class='ocrx_word' id='word_1_949' title='bbox 1981 5397 2121 5456; x_wconf 85' lang='lat' dir='ltr'><strong>Ecce</strong></span> <span class='ocrx_word' id='word_1_950' title='bbox 2157 5397 2299 5467; x_wconf 86' lang='lat' dir='ltr'><strong>quod</strong></span> <span class='ocrx_word' id='word_1_951' title='bbox 2325 5395 2776 5468; x_wconf 65' lang='lat' dir='ltr'><strong>prophetam,</strong></span> <span class='ocrx_word' id='word_1_952' title='bbox 2801 5395 3018 5472; x_wconf 66' lang='lat' dir='ltr'><strong>qundo</strong></span> <span class='ocrx_word' id='word_1_953' title='bbox 3039 5397 3246 5461; x_wconf 73' lang='lat' dir='ltr'><strong>dictum</strong></span> <span class='ocrx_word' id='word_1_954' title='bbox 3269 5407 3376 5466; x_wconf 87' lang='lat' dir='ltr'><strong>est,</strong></span> <span class='ocrx_word' id='word_1_955' title='bbox 3408 5398 3572 5462; x_wconf 66' lang='lat' dir='ltr'><strong>(lusit</strong></span> 
     </span>
    </p>
   </div>
   <div class='ocr_carea' id='block_1_117' title="bbox 1983 5487 3568 5559">
    <p class='ocr_par' dir='ltr' id='par_1_117' title="bbox 1983 5487 3568 5559">
     <span class='ocr_line' id='line_1_117' title="bbox 1983 5487 3568 5559; baseline 0.001 -15"><span class='ocrx_word' id='word_1_956' title='bbox 1983 5498 2031 5544; x_wconf 87' lang='lat' dir='ltr'><strong>te</strong></span> <span class='ocrx_word' id='word_1_957' title='bbox 2051 5487 2210 5556; x_wconf 77' lang='lat' dir='ltr'><strong>Deus,</strong></span> <span class='ocrx_word' id='word_1_958' title='bbox 2240 5488 2382 5554; x_wconf 70' lang='lat' dir='ltr'><strong>Deus</strong></span> <span class='ocrx_word' id='word_1_959' title='bbox 2424 5498 2540 5552; x_wconf 73' lang='lat' dir='ltr'><strong>usus</strong></span> <span class='ocrx_word' id='word_1_960' title='bbox 2561 5487 2675 5546; x_wconf 75' lang='lat' dir='ltr'><strong>also</strong></span> <span class='ocrx_word' id='word_1_961' title='bbox 2689 5488 3060 5555; x_wconf 57' lang='lat' dir='ltr'><strong>Mauortis,</strong></span> <span class='ocrx_word' id='word_1_962' title='bbox 3084 5489 3192 5556; x_wconf 84' lang='lat' dir='ltr'><strong>vel,</strong></span> <span class='ocrx_word' id='word_1_963' title='bbox 3219 5487 3333 5547; x_wconf 73' lang='lat' dir='ltr'><strong>oleo</strong></span> <span class='ocrx_word' id='word_1_964' title='bbox 3355 5491 3568 5559; x_wconf 68' lang='lat' dir='ltr'><strong>latitire,</strong></span> 
     </span>
    </p>
   </div>
   <div class='ocr_carea' id='block_1_118' title="bbox 1984 5579 3566 5654">
    <p class='ocr_par' dir='ltr' id='par_1_118' title="bbox 1984 5579 3566 5654">
     <span class='ocr_line' id='line_1_118' title="bbox 1984 5579 3566 5654; baseline 0.001 -16"><span class='ocrx_word' id='word_1_965' title='bbox 1984 5597 2099 5653; x_wconf 64' lang='lat' dir='ltr'><strong>pne</strong></span> <span class='ocrx_word' id='word_1_966' title='bbox 2110 5580 2440 5654; x_wconf 63' lang='lat' dir='ltr'><strong>participibus</strong></span> <span class='ocrx_word' id='word_1_967' title='bbox 2460 5583 2583 5642; x_wconf 65' lang='grc' dir='ltr'><strong>ιώ.</strong></span> <span class='ocrx_word' id='word_1_968' title='bbox 2606 5580 2748 5640; x_wconf 77' lang='lat' dir='ltr'><strong>Deus</strong></span> <span class='ocrx_word' id='word_1_969' title='bbox 2769 5580 2914 5637; x_wconf 70' lang='lat' dir='ltr'><strong>enim</strong></span> <span class='ocrx_word' id='word_1_970' title='bbox 2935 5581 3022 5639; x_wconf 79' lang='lat' dir='ltr'><strong>cui</strong></span> <span class='ocrx_word' id='word_1_971' title='bbox 3047 5579 3250 5640; x_wconf 78' lang='lat' dir='ltr'><strong>dictum</strong></span> <span class='ocrx_word' id='word_1_972' title='bbox 3274 5590 3358 5642; x_wconf 77' lang='lat' dir='ltr'><strong>est</strong></span> <span class='ocrx_word' id='word_1_973' title='bbox 3387 5582 3440 5638; x_wconf 90' lang='lat' dir='ltr'><strong>in</strong></span> <span class='ocrx_word' id='word_1_974' title='bbox 3469 5597 3566 5640; x_wconf 86' lang='lat' dir='ltr'><strong>eo-</strong></span> 
     </span>
    </p>
   </div>
   <div class='ocr_carea' id='block_1_119' title="bbox 1982 5670 3575 5742">
    <p class='ocr_par' dir='ltr' id='par_1_119' title="bbox 1982 5670 3575 5742">
     <span class='ocr_line' id='line_1_119' title="bbox 1982 5670 3575 5742; baseline -0.001 -10"><span class='ocrx_word' id='word_1_975' title='bbox 1982 5674 2105 5741; x_wconf 76' lang='lat' dir='ltr'><strong>dem</strong></span> <span class='ocrx_word' id='word_1_976' title='bbox 2129 5672 2342 5740; x_wconf 71' lang='lat' dir='ltr'><strong>Pssimo</strong></span> <span class='ocrx_word' id='word_1_977' title='bbox 2365 5711 2382 5739; x_wconf 87' lang='grc'>,</span> <span class='ocrx_word' id='word_1_978' title='bbox 2402 5670 2638 5737; x_wconf 59' lang='lat' dir='ltr'><strong>Tuom</strong></span> <span class='ocrx_word' id='word_1_979' title='bbox 2661 5680 2807 5741; x_wconf 70' lang='grc' dir='ltr'><strong>ω,</strong></span> <span class='ocrx_word' id='word_1_980' title='bbox 2835 5671 2993 5741; x_wconf 73' lang='lat' dir='ltr'><strong>Deus,</strong></span> <span class='ocrx_word' id='word_1_981' title='bbox 3021 5672 3575 5742; x_wconf 58' lang='lat' dir='ltr'><strong>incontaminati;</strong></span> 
     </span>
    </p>
   </div>
   <div class='ocr_carea' id='block_1_120' title="bbox 1982 5763 3577 5841">
    <p class='ocr_par' dir='ltr' id='par_1_120' title="bbox 1982 5763 3577 5841">
     <span class='ocr_line' id='line_1_120' title="bbox 1982 5763 3577 5841; baseline -0.002 -17"><span class='ocrx_word' id='word_1_982' title='bbox 1982 5767 2126 5838; x_wconf 80' lang='lat' dir='ltr'><strong>uirga</strong></span> <span class='ocrx_word' id='word_1_983' title='bbox 2155 5763 2440 5819; x_wconf 81' lang='lat' dir='ltr'><strong>directionis</strong></span> <span class='ocrx_word' id='word_1_984' title='bbox 2461 5804 2478 5833; x_wconf 96' lang='lat'><strong>,</strong></span> <span class='ocrx_word' id='word_1_985' title='bbox 2499 5763 2640 5840; x_wconf 71' lang='lat' dir='ltr'><strong>uirga</strong></span> <span class='ocrx_word' id='word_1_986' title='bbox 2665 5763 2808 5840; x_wconf 68' lang='lat' dir='ltr'><strong>regni</strong></span> <span class='ocrx_word' id='word_1_987' title='bbox 2837 5764 2913 5820; x_wconf 86' lang='lat' dir='ltr'><strong>tui</strong></span> <span class='ocrx_word' id='word_1_988' title='bbox 2941 5781 2961 5820; x_wconf 83' lang='lat'><strong>.°</strong></span> <span class='ocrx_word' id='word_1_989' title='bbox 2985 5764 3206 5841; x_wconf 60' lang='lat' dir='ltr'><strong>dilexisti</strong></span> <span class='ocrx_word' id='word_1_990' title='bbox 3220 5763 3496 5838; x_wconf 79' lang='lat' dir='ltr'><strong>justitiam,</strong></span> <span class='ocrx_word' id='word_1_991' title='bbox 3522 5770 3577 5821; x_wconf 74' lang='lat' dir='ltr'><strong>et</strong></span> 
     </span>
    </p>
   </div>
   <div class='ocr_carea' id='block_1_121' title="bbox 1987 5851 3573 5931">
    <p class='ocr_par' dir='ltr' id='par_1_121' title="bbox 1987 5851 3573 5931">
     <span class='ocr_line' id='line_1_121' title="bbox 1987 5851 3573 5931; baseline -0.001 -11"><span class='ocrx_word' id='word_1_992' title='bbox 1987 5861 2105 5921; x_wconf 83' lang='lat' dir='ltr'><strong>odio</strong></span> <span class='ocrx_word' id='word_1_993' title='bbox 2133 5856 2350 5916; x_wconf 78' lang='lat' dir='ltr'><strong>habuisti</strong></span> <span class='ocrx_word' id='word_1_994' title='bbox 2367 5856 2703 5928; x_wconf 67' lang='lat' dir='ltr'><strong>iniquitatem;</strong></span> <span class='ocrx_word' id='word_1_995' title='bbox 2727 5851 2996 5931; x_wconf 58' lang='lat' dir='ltr'><strong>ivi-opm</strong></span> <span class='ocrx_word' id='word_1_996' title='bbox 3007 5856 3165 5930; x_wconf 65' lang='lat' dir='ltr'><strong>sunt.</strong></span> <span class='ocrx_word' id='word_1_997' title='bbox 3179 5865 3232 5925; x_wconf 72' lang='lat' dir='ltr'><strong>si</strong></span> <span class='ocrx_word' id='word_1_998' title='bbox 3249 5854 3410 5930; x_wconf 66' lang='grc' dir='ltr'><strong>ιλαι.</strong></span> <span class='ocrx_word' id='word_1_999' title='bbox 3425 5852 3573 5930; x_wconf 58' lang='lat' dir='ltr'><strong>nam</strong></span> 
     </span>
    </p>
   </div>
  </div>
