4042 6474
460 448 563 508 783

460 572 577 619 tuus
605 558 772 635 (Psat.
795 578 937 630 xmv,
960 564 1013 631 7,
1042 565 1100 634 8)
1130 580 1194 619 :a
1224 566 1335 619 Deo
1356 564 1513 619 Patre
1539 571 1728 618 unctus
1750 570 1831 616 est.
1855 560 2037 622 Filius,

457 658 548 728 qui
576 658 653 712 sic
679 658 838 711 homo
859 657 1026 712 factus
1052 665 1205 712 estut
1230 665 1471 711 maneret
1495 658 1653 720 Deus,
1671 670 1774 725 qua
1794 654 2042 709 unctione

459 749 647 816 plenus
676 758 791 803 erat
811 790 825 813 ,
862 748 914 802 id
938 756 1022 804 est
1041 789 1054 812 ,
1084 748 1283 817 Spiritu
1311 757 1514 803 sancto.
1548 748 1775 816 Propter
1799 745 1943 816 quod
1969 744 2038 799 de

459 840 549 895 illo
578 841 830 910 scriptum
870 847 952 894 est
988 856 1002 893 :
1029 838 1183 893 Iesus
1210 848 1375 893 autem
1404 840 1581 911 plenus
1608 838 1803 909 Spiritu
1829 843 2002 890 sancto
2020 876 2035 902 ,

456 945 679 984 reversus
705 937 776 981 est
804 946 835 980 a
860 927 1087 982 Jordanc
1117 927 1261 999 (Luc.
1286 944 1357 992 tv,
1383 930 1461 1000 1).

526 1018 751 1076 CAPUT
788 1018 1098 1073 XVll.—i.
1119 1018 1261 1073 Dicis
1280 1019 1332 1073 in
1356 1033 1582 1089 persona
1613 1017 1840 1087 Spiritus
1870 1016 2037 1071 sancti

454 1123 561 1164 non
592 1121 749 1177 posse
792 1108 991 1175 suscipi
1037 1109 1179 1177 quod
1206 1108 1272 1163 de
1298 1108 1431 1162 Filio
1461 1108 1659 1162 dictum
1701 1116 1821 1172 est,
1856 1106 2039 1160 Omnia

455 1215 545 1269 per
594 1198 760 1268 ipsum
797 1198 933 1269 facta
980 1208 1144 1265 sunt,
1171 1208 1215 1253 et
1263 1201 1371 1253 sine
1402 1200 1511 1269 ipso
1556 1204 1746 1269 factum
1802 1210 1873 1252 est
1913 1197 2042 1250 nihil

456 1290 636 1361 (Joan.
662 1308 714 1358 ι,
743 1294 821 1363 5).
851 1294 915 1348 Et
958 1294 1059 1347 hoc
1111 1293 1229 1347 ideo
1272 1293 1439 1356 dicis,
1463 1303 1521 1346 ut
1554 1292 1746 1362 quibus
1802 1292 2038 1360 potueris

455 1385 810 1453 persuadeas,
844 1386 983 1455 quod
1016 1386 1163 1441 vobis
1192 1387 1329 1440 male
1356 1400 1667 1455 persuasum
1706 1392 1787 1439 est
1817 1425 1830 1447 ,
1870 1382 2042 1452 Spiri-

457 1483 568 1529 tum
622 1486 861 1531 sanctum
916 1493 1020 1531 non
1066 1493 1187 1532 esse
1233 1488 1530 1531 creatorem
1561 1478 1748 1545 :quasi
1801 1476 1992 1545 legeris
2020 1515 2035 1539 ,

455 1564 644 1620 Omnia
674 1583 766 1635 per
793 1568 965 1636 ipsum
990 1567 1125 1622 facta
1155 1574 1279 1621 sunt
1309 1568 1425 1621 sine
1450 1567 1651 1636 Spiritu
1672 1576 1895 1629 saneto;
1924 1574 2035 1631 aut,

454 1654 644 1711 Omnia
671 1672 763 1726 per
789 1658 1053 1712 neminem
1072 1656 1209 1712 facta
1235 1666 1377 1721 sunt,
1403 1657 1502 1711 nisi
1529 1672 1623 1725 per
1645 1658 1838 1727 ipsum.
1862 1656 2041 1724 Quan-

454 1763 614 1818 quam
644 1750 689 1802 si
719 1761 767 1803 et
790 1750 893 1803 tale
921 1749 1119 1820 aliquid
1151 1750 1376 1820 legeres,
1399 1750 1476 1803 sic
1502 1749 1754 1819 Spiritum
1797 1756 2037 1803 sanctum

454 1838 524 1893 ab
554 1839 653 1892 hac
680 1841 987 1908 operatione
1016 1881 1031 1906 ,
1064 1856 1166 1909 qua
1196 1840 1479 1894 constituta
1507 1848 1589 1895 est
1610 1850 1851 1894 creatura
1875 1882 1891 1907 ,
1919 1854 2039 1893 cre-

457 1929 587 1984 dere
638 1946 742 1984 non
794 1932 1107 1986 deberemus
1160 1932 1468 1997 exclusum;
1525 1932 1660 1986 sicut
1715 1933 1877 1986 Filius
1930 1948 2038 1987 non

454 2021 753 2075 excluditur
797 2022 863 2075 ab
907 2037 967 2078 ea
1013 2024 1231 2077 scientia
1278 2023 1345 2077 de
1384 2039 1485 2092 qua
1528 2023 1725 2077 dictum
1753 2031 1834 2078 est
1860 2066 1874 2090 ,
1913 2025 2040 2091 Qua:

453 2108 554 2163 Dei
580 2120 728 2176 sunt,
760 2128 903 2165 nemo
929 2113 1046 2179 scit,
1076 2113 1175 2166 nisi
1222 2111 1448 2182 Spiritus
1490 2112 1583 2165 Dei
1613 2112 1658 2183 (l
1685 2112 1802 2166 Cor.
1834 2129 1892 2178 ιι,
1921 2112 2034 2184 ii).

453 2200 510 2257 Si
538 2211 717 2257 autem
760 2204 880 2272 quia
915 2220 1024 2258 non
1075 2213 1157 2259 est
1199 2205 1502 2259 nominatus
1529 2245 1545 2270 ,
1578 2204 1719 2273 quod
1754 2205 1911 2258 etiam
1943 2219 2039 2273 per

453 2293 599 2347 illum
648 2293 783 2348 facta
836 2296 906 2349 sit
959 2302 1241 2360 creatura,
1285 2294 1498 2364 quando
1539 2293 1607 2348 de
1650 2291 1785 2347 Filio
1838 2294 2036 2348 dictum

453 2392 537 2439 est
568 2426 583 2448 ,
617 2384 801 2439 Omnia
848 2402 938 2454 per
979 2386 1146 2456 ipsum
1198 2386 1332 2455 facta
1382 2382 1694 2448 sunt;ideo
1742 2393 1897 2453 putas
1946 2386 2036 2440 Dei

454 2474 710 2545 Spiritum
762 2492 868 2531 non
922 2490 1041 2531 esse
1094 2485 1388 2531 creatorem
1421 2495 1434 2530 :
1466 2475 1651 2545 procul
1703 2474 1866 2530 dubio
1897 2516 1912 2542 ,
1942 2492 2038 2531 nec

452 2569 509 2621 in
556 2568 671 2637 ejus
716 2568 931 2622 nomine
983 2568 1183 2635 poteris
1237 2568 1529 2636 baptizatos
1577 2568 1756 2623 dicere
1784 2608 1799 2631 ,
1847 2568 2037 2635 quibus

452 2659 528 2712 ait
584 2658 773 2713 Petrus
801 2700 816 2724 ,
864 2657 1009 2728 Agite
1068 2659 1494 2728 paenitentiam,“
1544 2658 1824 2727 baptizetur
1872 2675 2033 2711 unus-

451 2752 660 2820 quisque
695 2760 908 2804 vestrum
948 2751 1001 2803 in
1042 2751 1241 2803 nomine
1270 2749 1470 2803 Domini
1513 2749 1635 2803 Jesu
1667 2750 1852 2803 Christi
1880 2750 2032 2821 (Act.

450 2857 490 2896 ιι
523 2882 538 2905 ,
571 2840 677 2910 '58)
712 2858 726 2904 ;
758 2842 879 2909 quia
923 2856 1029 2894 non
1077 2841 1188 2904 ait,
1220 2840 1286 2893 Et
1327 2840 1554 2906 Spiritus
1602 2842 1767 2895 sancti
1800 2860 1810 2894 :
1844 2856 1941 2895 nec
1983 2843 2032 2894 in

452 2932 627 2989 Patris
675 2932 928 2995 nomine,
978 2931 1099 3001 quia
1145 2944 1245 2983 nec
1302 2931 1412 2998 ipse
1464 2931 1534 2984 ibi
1579 2940 1662 2985 est
1707 2933 2030 2986 nominatus.

453 3022 511 3076 Si
562 3032 737 3076 autem
790 3023 947 3076 etiam
1018 3036 1127 3074 non
1180 3021 1466 3075 nominatis
1522 3021 1677 3077 Patre
1739 3033 1791 3076 et
1838 3022 2032 3091 Spiritu

452 3122 638 3167 sancto
671 3153 686 3179 ,
738 3114 789 3165 in
845 3112 1058 3165 nomine
1125 3111 1253 3165 Jesu
1317 3110 1515 3165 Christi
1579 3113 1713 3182 jussi
1766 3123 1888 3167 sunt
1937 3114 2033 3168 ba-

455 3204 644 3274 ptizari
677 3221 691 3268 ;
720 3212 773 3256 et
799 3212 970 3256 tamen
1002 3202 1372 3270 intelliguntur
1398 3217 1501 3256 non
1550 3202 1800 3272 baptizati
1836 3205 1934 3259 nisi
1980 3206 2032 3260 in

454 3293 671 3348 nomine
696 3292 867 3347 Patris
890 3301 943 3346 et
968 3291 1087 3346 Filii
1109 3301 1162 3346 et
1204 3292 1433 3361 Spiritus
1457 3294 1621 3347 sancti
1656 3311 1670 3347 :
1700 3310 1795 3349 cur
1825 3312 1927 3349 non
1959 3296 2036 3351 sic

453 3384 607 3439 audis
653 3382 721 3438 de
763 3383 899 3438 Filio
931 3382 1065 3450 Dei,
1093 3382 1279 3437 Omnia
1323 3400 1411 3453 per
1447 3384 1614 3455 ipsum
1640 3389 1774 3456 facta
1799 3397 1951 3453 sunt;
1982 3396 2035 3442 ut

452 3486 509 3533 et
549 3491 655 3532 non
686 3477 1015 3530 nominatum
1046 3475 1307 3545 intelligas
1336 3475 1413 3529 ibi
1445 3476 1605 3530 etiam
1630 3476 1883 3547 Spiritum
1914 3494 2034 3533 san-

454 3580 598 3624 ctum
619 3571 642 3621 ?

525 3662 581 3715 2.
612 3660 743 3715 Nam
778 3659 902 3729 quid
937 3659 1283 3714 excellentius
1306 3659 1358 3713 in
1400 3660 1658 3713 creaturis
1687 3674 1845 3729 quam
1869 3660 2035 3714 virtu-

457 3764 541 3809 tes
585 3753 886 3809 ctelorum?
928 3751 1195 3820 Scriptum
1237 3760 1321 3805 est
1363 3759 1539 3806 autem
1573 3770 1585 3805 :
1625 3750 1786 3806 Verbo
1822 3751 2031 3806 Domini

456 3846 569 3900 coeti
593 3845 782 3913 ﬁrmati
809 3852 925 3897 sunt
947 3859 966 3908 ;
995 3852 1041 3896 et
1072 3841 1272 3910 Spiritu
1299 3843 1401 3895 oris
1428 3844 1536 3912 ejus
1556 3882 1570 3905 ,
1599 3844 1759 3897 omnis
1781 3845 1933 3897 virtus
1953 3860 2036 3897 ea-

456 3954 574 3991 rum
592 3935 761 4005 (Psal.
787 3949 952 4000 χχιιι,
976 3932 1056 4003 6).
1084 3933 1309 3987 Dixeras
1330 3947 1522 4002 nempe
1543 3949 1647 3987 non
1679 3950 1764 3988 me
1799 3936 1918 3989 talia
1945 3951 2034 3990 re-

456 4027 634 4099 perire
654 4026 707 4078 in
735 4024 1024 4093 Scripturis
1044 4024 1257 4087 divinis,
1292 4025 1483 4092 quibus
1521 4025 1772 4094 Spiritum
1797 4036 2033 4083 sanctum

460 4118 721 4189 aequalem
745 4129 979 4169 asseram
1005 4113 1161 4167 Filio.
1190 4115 1324 4167 Ecce
1352 4115 1527 4184 reperi
1570 4116 1658 4169 ubi
1680 4118 1839 4171 etiam
1868 4120 2036 4189 major

458 4208 633 4281 possit
657 4207 849 4272 videri,
877 4205 978 4258 nisi
1005 4212 1223 4259 revocet
1242 4204 1435 4271 pietas,
1459 4220 1579 4274 quae
1600 4206 1747 4261 illum
1774 4212 2037 4266 veraciter

461 4302 746 4358 conﬁtetur
772 4296 1052 4366 aequalem.
1080 4295 1210 4349 Nam
1246 4295 1427 4364 utique
1464 4297 1637 4366 majus
1686 4300 1879 4369 aliquid
1916 4313 2040 4359 sunt

460 4401 684 4453 virtutes
705 4396 964 4451 caelorum
984 4435 998 4459 ,
1029 4410 1147 4463 qum
1188 4396 1409 4451 ﬁrmat-.13
1433 4407 1556 4453 sunt
1581 4398 1779 4469 Spiritu
1807 4403 1913 4457 oris
1937 4403 2039 4457 Do-

462 4491 627 4551 mini,
659 4488 709 4541 id
748 4495 831 4542 est
856 4485 1058 4555 Spiritu
1088 4497 1293 4555 sancto,
1327 4502 1481 4558 quam
1515 4492 1633 4545 coeli
1657 4534 1669 4555 ,
1717 4494 1807 4563 qui
1847 4495 2037 4551 ﬁrmati

462 4588 588 4634 sunt
612 4575 790 4631 Verbo
820 4576 1053 4642 Domini,
1078 4577 1183 4633 hoc
1217 4588 1315 4642 est,
1354 4584 1623 4650 unigcntio
1652 4583 1805 4638 Filio.
1854 4585 1957 4641 Sed
1993 4588 2037 4640 si

462 4666 711 4725 consulas
749 4667 1029 4721 veritatem
1056 4708 1070 4732 ,
1103 4682 1190 4721 res
1232 4677 1454 4739 utraque
1483 4672 1550 4725 ab
1582 4683 1804 4743 utroque
1833 4676 2038 4733 ﬁrmata

462 4768 577 4826 est;
611 4766 665 4815 et
684 4758 737 4813 Μ
758 4756 897 4828 quod
924 4757 991 4811 de
1018 4772 1125 4812 uno
1149 4757 1340 4813 dicitur
1359 4770 1413 4816 et
1440 4762 1506 4817 de
1528 4764 1693 4818 altero
1722 4774 1944 4833 tacetur,
1970 4769 2039 4827 de

460 4859 687 4918 utroque
714 4847 1045 4918 intelligitur.
1067 4847 1205 4913 Quid
1232 4858 1314 4903 est
1338 4860 1519 4905 autem
1557 4852 2000 4914 inconsideratius
2018 4902 2034 4927 ,

462 4954 624 5011 quam
655 4953 854 5009 negare
873 4953 994 4994 esse
1028 4947 1326 4994 creatorem
1354 4940 1608 5009 Spiritum
1639 4943 1753 5007 Dei,
1785 4961 1906 5001 cum
1939 4950 2041 5005 Do-

460 5031 612 5085 mino
637 5029 843 5083 dicatur
871 5047 885 5083 :
908 5028 1120 5099 Auferes
1162 5029 1396 5097 spiritum
1421 5046 1611 5099 eorum,
1643 5043 1689 5087 et
1719 5035 1967 5105 deficient,
1995 5049 2042 5095 et

460 5124 515 5177 in
556 5122 809 5192 pulverem
857 5136 1004 5175 suum
1050 5128 1400 5174 convertentur
1442 5138 1460 5175 :
1509 5125 1705 5179 emittes
1730 5128 1748 5159 ¹
1785 5128 2039 5200 Spiritum

466 5223 632 5278 tuum,
657 5219 703 5266 et
724 5211 1062 5275 creabantur;
1114 5220 1161 5264 et
1202 5209 1463 5266 innovabis
1488 5215 1665 5283 faciem
1692 5225 1836 5273 terra:
1865 5219 2037 5290 (Psal.

463 5318 577 5371 Cur,
604 5303 696 5368 29,
727 5300 839 5374 '50).
863 5300 974 5356 Nisi
1011 5300 1148 5357 forte
1191 5302 1371 5358 minus
1415 5303 1636 5360 idoneus
1664 5318 1779 5363 erat
1810 5310 2040 5381 Spiritus

464 5405 681 5452 sanctus
711 5395 957 5450 creandis
986 5396 1151 5451 rebus
1175 5411 1292 5466 qua:
1313 5395 1529 5451 fuerant
1558 5397 1848 5456 defecturas
1873 5445 1886 5469 ,
1916 5420 2037 5460 cum

461 5491 533 5543 sit
577 5488 799 5541 idoneus
822 5486 1065 5541 creandis
1111 5501 1230 5557 qua:
1278 5496 1402 5541 sunt
1455 5488 1573 5544 sine
1620 5489 1724 5545 ﬁne
1752 5507 2038 5551 mansurae.

466 5581 629 5635 Paulo
659 5586 785 5632 ante
820 5577 928 5631 dixi
959 5596 971 5630 :
1004 5577 1144 5644 Quid
1181 5586 1263 5632 est
1289 5580 1636 5637 excellentius
1686 5582 1739 5637 in
1780 5589 2036 5642 creaturis

462 5687 622 5742 quam
644 5671 867 5724 virtutes
886 5670 1143 5725 caelorum
1166 5677 1186 5721 ἰ
1216 5670 1354 5738 Quid
1386 5671 1563 5728 dicam
1589 5674 1657 5730 de
1685 5690 1847 5732 carne
1869 5678 2032 5735 Crea-

527 5808 547 5838 ι
581 5805 715 5875 aditi,
738 5803 913 5875 Mtte.
940 5811 997 5855 At
1017 5812 1144 5875 Ms§._,
1159 5805 1356 5858 emittes.
1383 5814 1436 5860 Et
1458 5810 1528 5860 sic
1546 5814 1852 5875 Augustinus,
1877 5818 2036 5868 Enarr.

461 5867 515 5924 in
540 5867 763 5917 eumdem
788 5865 1019 5929 psalmum
1048 5868 1150 5920 105.
1347 5880 1377 5886 "
1560 5907 1564 5910 ρ

1042 451 1313 511 CONTRA
1351 448 1741 508 MAXIMINUM
1779 445 2180 504 ARIANORUM
2217 447 2616 517 EPISCOPUM,
2655 450 2709 508 Β.
2752 448 3120 509 AUGUSTINI

3616 448 3727 513 785

2151 560 2323 615 toris?
2358 562 2797 634 Quandoquidem
2829 565 3052 622 Greater
3083 566 3198 636 ipse
3242 581 3340 637 per
3371 581 3530 637 quem
3581 568 3729 625 facta

2146 660 2268 706 sunt
2292 654 2489 717 omnia,
2524 654 2700 719 Panis,
2729 656 2920 726 inquit,
2943 673 3089 725 quem
3107 673 3199 726 ego
3222 657 3426 723 dedero,
3453 674 3573 713 caro
3613 675 3731 715 mea

2145 752 2218 796 est
2246 760 2337 813 pro
2365 745 2541 798 mundi
2578 746 2678 798 vita
2694 745 2867 817 (Joan.
2896 761 2971 811 vr,
3005 746 3120 818 52).
3147 746 3284 814 Quid
3312 749 3473 818 ergo?
3497 749 3732 807 Mundus

2144 849 2239 904 per
2266 834 2455 890 Filium
2483 836 2652 892 factus
2672 832 2776 906 est,
2810 847 2865 893 et
2884 849 3093 894 creator
3116 848 3199 894 est
3226 838 3430 895 Filius:
3458 855 3582 897 caro
3606 842 3731 912 ejus

2145 941 2261 995 qum
2285 926 2405 982 data
2450 937 2532 983 est
2561 944 2656 998 pro
2678 930 2859 999 mundi
2889 932 2993 985 vita
3024 971 3037 995 ,
3083 946 3179 1001 per
3204 931 3456 1002 Spiritum
3482 944 3732 990 sanctum

2145 1017 2280 1073 facta
2308 1028 2409 1085 est,
2438 1030 2492 1075 et
2541 1036 2647 1076 non
2699 1032 2780 1078 est
2825 1034 3035 1079 creator
3061 1025 3289 1093 Spiritus
3310 1026 3563 1081 sanctus?
3590 1027 3730 1084 Cum

2144 1110 2286 1163 enim
2314 1110 2464 1181 virgo
2480 1111 2641 1165 Maria
2660 1113 2880 1169 dixisset
2904 1115 3093 1184 angelo
3116 1116 3441 1185 promittenti
3466 1116 3514 1171 ei
3534 1116 3728 1182 ﬁlium,

2148 1199 2413 1266 Quomodo
2442 1203 2528 1269 ﬁet
2549 1203 2703 1268 istud,
2727 1206 2964 1271 quoniam
2993 1207 3155 1260 virum
3181 1225 3282 1262 non
3319 1224 3562 1279 cognosco
3582 1209 3610 1264 .’
3634 1226 3731 1265 re-

2144 1290 2357 1359 spondit
2395 1291 2632 1359 angelus,
2658 1292 2882 1362 Spiritus
2916 1305 3117 1350 sanctus
3147 1300 3457 1367 superueniet
3478 1301 3531 1353 in
3552 1310 3598 1355 te
3622 1341 3635 1365 ,
3675 1307 3732 1354 et

2143 1382 2297 1434 virtus
2324 1383 2567 1437 Altissimi
2592 1384 2898 1440 obumbrabit
2929 1387 3057 1455 tibi;
3096 1398 3361 1461 propterea
3397 1393 3533 1462 quod
3556 1409 3733 1448 nasce-

2144 1482 2226 1526 tur
2245 1489 2306 1528 ex
2325 1482 2370 1529 te
2393 1488 2641 1542 sanctum,
2674 1481 2928 1536 vocabitur
2946 1482 3115 1538 Filius
3139 1485 3237 1539 Dei
3259 1485 3411 1557 (Luc.
3435 1504 3470 1554 ι,
3494 1490 3585 1557 34,
3610 1491 3729 1562 55).

2144 1563 2239 1618 Hic
2258 1574 2333 1630 tu,
2347 1566 2487 1637 quad
2510 1569 2561 1623 in
2582 1574 3031 1641 consequentibus
3044 1576 3274 1645 quodam
3290 1578 3405 1632 loco
3418 1585 3523 1633 tum
3535 1594 3733 1649 prose-

2142 1656 2366 1710 cutionis
2388 1658 2611 1725 adverti,
2640 1676 2884 1718 asserere
2909 1666 3187 1722 conabaris
3202 1667 3453 1737 Spiritum
3482 1680 3734 1728 sanctum

2149 1749 2512 1816 praecessisse,
2565 1760 2625 1804 ut
2654 1754 2937 1809 mundaret
2961 1765 3013 1810 et
3058 1759 3420 1815 sanctiﬁcaret
3465 1762 3734 1833 virginem

2142 1836 2387 1903 Mariam;
2428 1855 2491 1895 ac
2518 1842 2711 1899 deinde
2740 1846 2944 1901 veniret
2972 1847 3153 1903 Virtus
3179 1851 3459 1918 Altissimi,
3510 1854 3612 1911 hoc
3639 1865 3731 1911 est

2142 1926 2407 1998 Sapientia
2459 1932 2574 1997 Dei,
2615 1934 2756 2004 quod
2808 1946 2892 1991 est
2919 1937 3161 1994 Christus
3193 1938 3382 2011 (lCor.
3425 1959 3462 2010 ι,
3502 1941 3623 2015 Ξι);
3669 1953 3735 2002 ει

2142 2020 2297 2089 ipsa,
2353 2023 2490 2078 sicut
2527 2026 2783 2096 scriptum
2843 2038 2965 2096 est,
3021 2032 3308 2088 mdiﬁcaret
3376 2034 3476 2090 sibi
3525 2035 3733 2094 domun

2143 2109 2323 2178 (Prov.
2356 2129 2434 2180 rx,
2466 2115 2543 2185 1),
2575 2115 2678 2171 hoc
2709 2128 2813 2185 est,
2844 2121 2955 2189 ipsa
2986 2122 3086 2176 sibi
3116 2134 3322 2180 crearet
3346 2140 3584 2194 carnem,
3614 2144 3730 2185 non

2139 2201 2364 2270 Spiritus
2375 2215 2607 2262 sanctus.
2631 2208 2767 2276 Quid
2786 2220 3004 2283 estergo
3028 2215 3167 2284 quod
3190 2218 3263 2271 ait
3284 2229 3525 2274 sanctum
3545 2220 3731 2275 Evan-

2140 2293 2354 2361 gelium,
2387 2297 2599 2354 Inventa
2622 2312 2694 2355 est
2730 2303 2783 2356 in
2809 2313 2947 2358 utero
2971 2307 3155 2362 habens
3199 2311 3262 2363 de
3304 2311 3502 2381 Spiritu
3547 2322 3730 2371 sancto

2141 2384 2353 2453 (Matth.
2386 2404 2423 2452 ι,
2457 2390 2592 2460 i8)?
2615 2392 2817 2463 Nempe
2844 2396 3174 2452 obstructum
3194 2409 3277 2455 est
3302 2416 3362 2456 os
3392 2402 3727 2473 loquentium

2140 2475 2316 2547 iniqua
2345 2477 2364 2548 (
2388 2479 2534 2534 Psal.
2558 2498 2691 2549 an,
2721 2485 2788 2539 12
2818 2484 2860 2557 ).
2894 2486 2951 2542 Si
2982 2503 3108 2559 ergo
3137 2492 3341 2561 cogitas
3369 2508 3431 2547 os
3458 2498 3729 2553 veraciter

2139 2569 2365 2637 aperire,
2397 2587 2504 2627 non
2550 2575 2719 2629 solum
2772 2577 2964 2633 Filium
2987 2620 3003 2645 ,
3065 2595 3247 2636 verum
3277 2584 3436 2639 etiam
3463 2586 3727 2657 Spiritum

2140 2670 2385 2715 sanctum
2412 2672 2709 2720 creatorem
2735 2668 2911 2722 carnis
2942 2669 3062 2724 Filii
3083 2672 3360 2728 conﬁtere.

2210 2751 2262 2803 5.
2295 2753 2375 2804 An
2406 2753 2538 2808 torte
2565 2754 2802 2811 dicturus
2828 2772 2905 2824 es,
2928 2774 2990 2814 ea
3033 2760 3168 2816 facta
3198 2776 3315 2819 esse
3340 2778 3435 2834 per
3465 2765 3726 2837 Spiritum

2138 2848 2377 2894 sanctum
2400 2856 2517 2911 qua:
2538 2849 2972 2916 commemoravi,
2996 2850 3048 2904 id
3073 2860 3174 2919 est,
3192 2854 3333 2923 quod
3354 2859 3527 2910 omnis
3548 2860 3725 2916 virtus

2137 2931 2392 2986 cmlorum
2421 2949 2517 3003 per
2543 2951 2662 2989 eum
2695 2936 2900 2994 ﬁrmata
2927 2942 3015 3005 sit,
3034 2942 3174 3011 quod
3196 2959 3291 3013 per
3316 2961 3436 3000 eum
3458 2949 3727 3004 creaban-

2139 3031 2224 3077 tur
2242 3024 2484 3080 homines
2510 3027 2706 3097 denuo,
2734 3031 2827 3100 qui
2850 3033 3024 3101 primo
3051 3035 3120 3088 ita
3152 3046 3401 3092 creantur
3423 3047 3480 3093 ut
3504 3056 3728 3097 conver-

2138 3123 2321 3170 tantur
2347 3118 2398 3171 in
2429 3120 2702 3188 pulverem
2730 3137 2884 3177 suum
2911 3141 2925 3189 ;
2954 3126 3099 3195 quod
3131 3128 3244 3197 ipse
3269 3145 3485 3186 carnem
3518 3148 3720 3203 opera-

2138 3214 2223 3263 tus
2253 3217 2335 3263 est
2377 3208 2576 3265 Christi
2612 3212 2764 3283 (nam
2811 3214 2879 3270 de
2906 3216 3080 3271 anima
3111 3220 3237 3273 nolo
3263 3221 3463 3291 aliquid
3491 3223 3672 3281 dicere
3702 3265 3725 3293 ,

2138 3298 2287 3365 cujus
2316 3299 2633 3358 difﬁcillima
2660 3305 2884 3374 quaestio
2932 3308 3084 3379 est);
3116 3317 3168 3364 et
3196 3310 3241 3365 si
3287 3312 3413 3381 quid
3442 3314 3581 3369 aliud
3625 3330 3729 3385 per

2138 3387 2391 3455 Spiritum
2419 3400 2661 3447 sanctum
2691 3404 2928 3451 creatum
2957 3400 3190 3467 potuerit
3218 3401 3441 3457 inveniri
3467 3421 3482 3459 :
3505 3419 3611 3460 non
3633 3415 3726 3461 ta-

2138 3495 2257 3533 men
2314 3484 2515 3551 omnia,
2544 3486 2680 3542 sicut
2715 3503 2813 3559 per
2839 3491 3165 3562 unigenitum
3202 3493 3395 3550 Filium
3419 3536 3434 3563 ,
3491 3497 3559 3553 de
3611 3515 3727 3569 quo

2137 3570 2332 3629 dictum
2363 3586 2464 3644 est,
2498 3577 2681 3633 Omnia
2702 3597 2791 3652 per
2810 3583 2979 3653 ipsum
3005 3583 3139 3653 facta
3168 3588 3330 3641 sunt?
3353 3588 3407 3642 Si
3430 3588 3534 3644 hoc
3559 3590 3725 3661 dicis,

2138 3678 2243 3718 non
2275 3668 2429 3722 times
2459 3686 2524 3724 ne
2554 3672 2649 3727 tibi
2670 3672 2897 3741 dicatur,
2928 3691 2995 3731 eo
3019 3678 3283 3747 potiorem
3307 3694 3425 3734 esse
3447 3681 3714 3751 Spiritum

2140 3764 2375 3809 sanctum
2409 3758 2564 3823 Filio,
2598 3762 2740 3830 quod
2763 3764 2924 3834 elegit
2948 3766 3050 3821 sibi
3078 3768 3302 3823 meliora
3332 3786 3451 3839 quae
3473 3770 3674 3827 faceret
3698 3814 3719 3839 ,

2139 3860 2237 3900 nec
2264 3848 2434 3904 facere
2464 3851 2713 3908 inferiora
2742 3855 2986 3925 dignatus
3014 3862 3136 3915 est?
3159 3861 3261 3917 Sed
3291 3864 3410 3933 quis
3430 3864 3530 3919 hoc
3556 3867 3723 3936 sapit,

2140 3940 2241 3994 nisi
2264 3944 2351 4011 qui
2381 3944 2607 4014 desipit?
2636 3945 2797 4002 Facta
2827 3959 2951 4005 sunt
2996 3967 3124 4024 ergo
3148 3964 3336 4010 cuncta
3364 3971 3459 4024 per
3484 3957 3679 4013 Filium
3703 3975 3723 4025 ;

2141 4030 2297 4096 absit,
2330 4042 2387 4087 ut
2415 4033 2613 4104 Spiritu
2640 4045 2830 4094 sancto
2854 4042 2923 4094 ab
2948 4041 3049 4097 hoc
3076 4058 3241 4113 opere
3270 4057 3514 4116 separato
3538 4065 3551 4101 :
3577 4049 3726 4104 sicut

2140 4124 2207 4179 de
2233 4125 2334 4179 illis
2362 4129 2567 4197 magnis
2596 4131 2848 4199 operibus
2870 4133 3068 4190 dictum
3089 4147 3191 4203 est,
3218 4137 3401 4191 Omnia
3426 4150 3590 4194 autem
3610 4142 3726 4195 hac

2141 4228 2379 4285 aperatur
2398 4236 2529 4274 unus
2554 4232 2701 4291 atque
2720 4224 2855 4278 idem
2886 4226 3111 4296 Spiritus
3135 4228 3175 4300 (Ι
3199 4230 3317 4284 Cor.
3349 4248 3442 4296 xn,
3471 4233 3556 4302 Η)
3576 4250 3591 4297 ;
3614 4248 3725 4289 nec

2144 4314 2317 4361 tamen
2347 4309 2413 4361 ab
2434 4309 2532 4364 hac
2556 4314 2869 4381 Operatione
2888 4315 3053 4371 Filius
3079 4330 3375 4387 separatur.

2213 4397 2264 4449 4.
2295 4396 2538 4468 Magnum
2560 4413 2688 4457 sane
2716 4402 2914 4472 aliquid
2937 4406 3029 4460 tibi
3050 4406 3230 4463 dicere
3252 4410 3467 4477 videris,
3488 4411 3610 4481 quia
3637 4414 3728 4467 di-

2143 4487 2254 4539 cis:
2283 4486 2452 4542 Filius
2486 4500 2593 4544 erat
2636 4492 2690 4545 in
2716 4494 2965 4563 principio
3015 4507 3283 4569 antequam
3321 4502 3511 4571 aliquid
3553 4511 3728 4569 esset;

2144 4576 2302 4632 Pater
2338 4597 2471 4650 vero,
2500 4592 2615 4638 ante
2645 4586 2967 4658 principium.
3012 4589 3114 4645 Ubi
3138 4592 3333 4661 legisti,
3363 4603 3419 4648 ut
3465 4594 3580 4650 lucc
3604 4610 3725 4651 (ξι-εν

2144 4669 2339 4726 deres?
2371 4672 2520 4730 Unde
2551 4680 2938 4748 prtesumpsisti
2980 4689 3039 4735 ut
3070 4680 3183 4738 htec
3211 4685 3420 4741 diceres
3447 4728 3461 4750 ,
3493 4686 3585 4742 ubi
3620 4702 3729 4743 nec

2144 4762 2432 4816 auctoritas
2462 4764 2589 4829 ulla,
2645 4782 2744 4821 nec
2790 4768 2927 4824 ratio
2973 4771 3252 4837 est?Quid
3291 4783 3374 4829 est
3402 4776 3543 4830 enim
3597 4786 3731 4833 ante

2144 4851 2460 4921 principium
2488 4897 2501 4920 ,
2534 4857 2962 4927 quandoquidem
2993 4862 3249 4933 quidquid
3278 4874 3403 4921 ante
3428 4875 3592 4934 esset,
3619 4868 3731 4925 hoc

2145 4948 2289 4995 esset
2337 4943 2704 5014 principium?
2744 4947 2801 5003 Si
2842 4964 2970 5016 ergo
3014 4951 3175 5006 Pater
3202 4963 3324 5010 ante
3352 4957 3369 4987 ¹
3401 4956 3726 5026 principium

2144 5042 2246 5098 est,
2278 5042 2401 5089 ante
2444 5037 2677 5106 seipsum
2722 5048 2831 5106 est;
2856 5042 2976 5111 quia
3007 5052 3061 5099 et
3107 5045 3220 5114 ipse
3273 5047 3588 5118 principium
3616 5057 3727 5105 est.

2146 5124 2283 5192 Quid
2309 5136 2391 5181 est
2409 5136 2607 5194 autem,
2631 5128 2699 5184 In
2723 5132 2970 5202 principio
2992 5144 3099 5188 erat
3130 5134 3350 5191 Verbum
3369 5138 3546 5208 (Joan.
3572 5154 3609 5203 ι,
3638 5139 3729 5209 1);

2144 5214 2266 5278 nisi,
2291 5214 2345 5269 ln
2376 5216 2535 5272 Patre
2558 5227 2675 5274 erat
2698 5219 2907 5276 Filius?
2936 5222 3003 5277 Et
3025 5224 3138 5294 ipse
3160 5225 3325 5281 Filius
3367 5228 3734 5298 interrogatus

2144 5319 2175 5357 a
2201 5305 2397 5361 Iudaeis
2425 5309 2543 5378 quis
2575 5321 2756 5377 esset,
2788 5315 3065 5383 respondit
3095 5334 3107 5369 :
3132 5315 3480 5389 Principium,
3514 5321 3632 5388 quia
3678 5328 3733 5373 et

2146 5396 2321 5465 loquor
2337 5399 2473 5452 vobis
2502 5398 2612 5472 (Id.
2638 5418 2750 5467 vnn,
2777 5403 2894 5473 25).
2928 5406 3084 5461 Pater
3113 5421 3239 5477 ergo
3266 5409 3581 5478 principium
3613 5424 3731 5465 non

2144 5487 2212 5543 de
2260 5491 2549 5559 principio;
2579 5492 2747 5549 Filius
2797 5497 3111 5568 principium
3162 5499 3229 5553 de
3281 5501 3543 5571 principio
3581 5520 3593 5555 :
3627 5501 3731 5557 sed

2145 5586 2425 5650 utrumque
2454 5583 2634 5645 simul,
2688 5601 2794 5640 non
2830 5588 2936 5643 duo
2964 5630 2980 5657 ,
3023 5590 3116 5647 sed
3161 5606 3324 5646 unum
3354 5592 3677 5663 principium
3712 5610 3731 5659 ;

2144 5671 2282 5727 sicut
2308 5673 2464 5730 Pater
2492 5676 2635 5731 Deus
2667 5684 2721 5733 et
2744 5677 2911 5735 Filius
2945 5680 3084 5736 Deus
3104 5725 3118 5747 ,
3146 5683 3303 5739 ambo
3328 5690 3515 5739 autem
3564 5684 3733 5741 simul

2144 5778 2248 5819 non
2285 5764 2392 5820 duo
2434 5765 2527 5831 dii,
2559 5766 2651 5823 sed
2677 5783 2816 5825 unus
2841 5771 3001 5828 Deus.
3052 5772 3161 5830 Nec
3187 5774 3444 5846 Spiritum
3470 5783 3729 5833 sanetum

2208 5881 2226 5912 ι
2258 5878 3132 5949 Bicapudlov.omissume¢,ante.
