4084 6446
287 534 357 590 ab
388 541 613 602 utroque
653 524 1028 600 procedentem
1077 523 1281 594 negabo
1317 535 1438 579 esse
1489 518 1810 592 principium
1839 531 1853 566 :

289 624 387 680 sed
415 624 530 678 haec
559 621 660 675 tria
688 616 849 674 simul
874 616 1010 672 sicut
1031 628 1194 670 unum
1217 614 1408 678 Deum,
1444 611 1518 666 ita
1550 625 1620 665 un
1631 623 1722 665 um
1745 607 1866 662 dico

288 729 410 771 esse
436 711 776 783 principium.

357 801 586 860 CAPUT
623 798 789 856 XVIII
815 828 888 839 —
913 799 966 853 I.
998 795 1152 865 Quid,
1178 796 1222 850 si
1244 793 1486 859 audieris,
1517 790 1691 860 inquis
1712 829 1727 855 ,
1755 786 1865 841 Pa-

289 905 416 951 trem
445 895 706 958 dicentem,
737 909 755 943 t
791 889 976 944 Tecum
1001 887 1304 958 principium
1325 886 1377 940 in
1403 883 1488 939 die
1511 881 1708 936 uirtutis
1728 888 1828 933 tua:
1850 919 1866 946 ,

287 992 342 1042 in
367 983 720 1057 splendoribus
742 988 1049 1044 sanctorum,
1068 994 1131 1033 ea:
1153 985 1294 1032 utero
1329 983 1446 1028 ante
1484 973 1751 1042 luciferum
1776 985 1866 1040 ge-

286 1080 378 1134 nui
406 1089 454 1134 te
481 1096 500 1130 ›
536 1075 709 1150 (Psal.
732 1090 840 1141 cxx,
872 1073 927 1144 5)
946 1071 1123 1139 'lQuid
1161 1068 1426 1141 promittis
1447 1109 1462 1131 ,
1490 1065 1574 1122 vel
1615 1063 1743 1136 quid
1770 1063 1868 1117 mi-

286 1169 439 1224 naris
461 1210 478 1235 ,
506 1168 552 1223 si
577 1167 796 1221 audiero
823 1164 967 1236 quod
1006 1162 1316 1232 frequenter
1342 1157 1530 1224 audio,
1561 1165 1616 1212 et
1641 1154 1868 1210 ﬁdeliter

285 1261 490 1318 credo?
519 1259 626 1315 Sed
662 1258 783 1313 hinc
821 1265 874 1312 te
913 1255 1043 1310 nihil
1077 1253 1358 1324 adjuvari,
1387 1265 1482 1306 cur
1507 1263 1614 1304 non
1642 1246 1824 1302 videas
1846 1286 1864 1313 ,

284 1352 578 1424 plurimum
605 1350 789 1404 miror.
829 1346 953 1403 Sive
977 1347 1117 1402 enim
1143 1360 1211 1401 ex
1238 1358 1465 1415 persona
1489 1356 1588 1397 sua
1613 1341 1715 1396 hoc
1740 1352 1869 1411 pro-

283 1442 451 1513 pheta
479 1441 623 1496 dicat
643 1439 711 1494 ad
740 1435 1020 1494 Dominum
1045 1435 1224 1492 Jesum
1246 1475 1262 1502 ,
1290 1434 1402 1491 sive
1427 1449 1491 1489 ex
1522 1445 1750 1503 persona
1768 1429 1869 1485 Pa-

283 1534 386 1588 tris
411 1532 479 1587 ad
507 1531 698 1586 Filium
716 1572 731 1598 ,
761 1545 881 1586 cum
902 1543 1001 1600 ego
1029 1527 1213 1582 ambas
1248 1526 1622 1598 generationes
1645 1522 1864 1589 Christi,

285 1631 343 1679 et
363 1638 434 1678 ex
452 1623 565 1678 Deo
587 1623 746 1677 Patre
775 1620 892 1676 sine
917 1626 1178 1689 tempore,
1207 1627 1264 1674 et
1286 1633 1352 1674 ex
1377 1616 1593 1672 homine
1615 1623 1785 1671 matre
1813 1614 1868 1669 in

282 1715 622 1786 plenitudine
660 1713 916 1783 temporis
942 1711 1201 1782 accipiam
1219 1751 1235 1778 ,
1261 1724 1514 1772 venerer,
1545 1707 1866 1778 praedicem,

286 1822 399 1862 non
439 1816 522 1861 est
546 1804 647 1860 hoc
679 1804 1040 1860 testimonium
1063 1802 1345 1858 adversum
1389 1817 1497 1858 me.
1540 1801 1646 1856 Sed
1691 1815 1870 1856 moras

282 1901 560 1956 innectere
578 1899 811 1955 voluisse
836 1897 1033 1953 indicat
1060 1906 1134 1964 te,
1163 1895 1254 1952 ubi
1281 1910 1380 1967 ego
1403 1894 1580 1966 potius
1607 1893 1864 1964 intelligo,

281 2006 451 2061 quare
473 2007 538 2044 ea:
555 1999 696 2045 utero
722 1989 918 2046 dixerit
941 1987 1092 2060 genui
1115 1996 1162 2041 te
1180 2003 1202 2042 :
1229 1988 1348 2058 quia
1375 1985 1479 2041 hoc
1498 1996 1552 2042 et
1577 1995 1633 2040 tu
1661 2001 1726 2040 ex
1747 2000 1868 2056 per-

281 2097 418 2136 sona
453 2080 626 2136 Patris
654 2080 853 2150 accipis
873 2079 1096 2135 dictum.
1119 2077 1238 2134 Non
1261 2079 1403 2132 enim
1419 2076 1868 2146 quemadmodum

281 2173 528 2241 corporis
568 2171 786 2226 humani
828 2180 954 2227 sunt
979 2169 1222 2226 membra
1268 2169 1522 2238 disposita
1550 2208 1565 2233 ,
1602 2167 1680 2222 sic
1708 2165 1870 2221 habet

281 2270 498 2317 uterum
526 2261 666 2317 Deus
693 2279 707 2328 ;
737 2261 831 2318 sed
859 2261 1080 2316 verbum
1102 2260 1416 2316 translatum
1444 2267 1527 2314 est
1548 2273 1578 2312 a
1602 2255 1867 2327 corporali

282 2351 351 2406 ad
397 2352 784 2422 incorporalem
822 2351 1169 2407 substantiam
1195 2393 1210 2419 ,
1253 2358 1311 2405 ut
1348 2349 1761 2420 intelligeremus
1799 2345 1867 2400 de

286 2443 462 2499 Patris
492 2443 786 2498 substantia
811 2443 1044 2513 genitum
1072 2442 1398 2513 unigenitum
1424 2440 1614 2495 Filium
1639 2457 1652 2505 ;
1681 2453 1743 2493 ac
1770 2453 1867 2509 per

283 2533 389 2590 hoc
416 2532 543 2605 quid
581 2533 726 2589 aliud
751 2547 912 2604 quam
937 2532 1092 2588 unius
1135 2531 1480 2603 ejusdemque
1517 2529 1864 2586 substantiznt

283 2625 398 2696 Ego
427 2625 606 2696 itaque
629 2624 731 2681 hoc
751 2624 1112 2680 testimonium
1137 2621 1376 2694 proferre
1395 2629 1578 2678 contra
1599 2630 1652 2676 te
1669 2620 1827 2676 debui
1847 2637 1860 2674 :

280 2716 381 2773 sed
428 2717 623 2787 gratias
663 2731 762 2787 ago
801 2715 924 2786 quia
961 2715 1358 2771 commonuisti.
1405 2713 1696 2770 Considera
1735 2725 1863 2782 ergo

281 2818 541 2879 quantum
581 2807 705 2862 mali
734 2808 836 2873 sit,
864 2807 1012 2878 quod
1058 2806 1297 2878 ejusdem
1327 2807 1636 2862 substantiae
1669 2804 1861 2860 Filium

283 2900 508 2969 negatis,
537 2914 696 2970 quem
734 2900 970 2970 genitum
1019 2899 1348 2954 conﬁtemini
1388 2914 1455 2954 ex
1476 2906 1627 2954 utero
1654 2897 1858 2962 Patris,

282 2991 534 3062 injuriam
557 2992 924 3062 gravissimam
962 2991 1216 3047 facientes
1259 2991 1370 3046 Deo
1391 3032 1408 3060 ,
1439 2999 1684 3061 tanquam
1732 2990 1861 3046 illud

281 3083 426 3154 quod
455 3085 570 3154 ipse
596 3100 703 3139 non
729 3093 889 3152 esset,
917 3099 982 3140 ex
1005 3093 1156 3141 utero
1182 3085 1396 3155 gignere
1419 3083 1693 3154 potuisset.
1717 3082 1861 3138 Non-

284 3191 353 3231 ne
377 3177 587 3232 sentitis
624 3192 720 3232 vos
755 3177 1157 3249 generationem
1199 3177 1294 3232 Dei
1315 3175 1533 3231 credere
1575 3175 1817 3230 vitiosam
1839 3216 1857 3241 ,

283 3267 579 3336 prtedicare
603 3277 1016 3332 monstruosam,
1049 3268 1140 3338 qui
1166 3267 1349 3322 dicere
1377 3267 1584 3322 audetis
1615 3282 1680 3322 ex
1707 3275 1859 3322 utero

283 3355 376 3411 Dei
404 3357 729 3425 processisse
748 3357 1009 3414 diversam
1038 3357 1380 3413 naturam?Si
1401 3365 1579 3412 autem
1602 3357 1724 3424 hoc,
1752 3357 1859 3411 sic-

281 3455 343 3502 ut
365 3447 591 3514 debetis,
621 3447 869 3515 horretis,
901 3448 1250 3519 respuitisque
1285 3448 1582 3512 nobiscum,
1611 3447 1719 3517 jam
1744 3456 1859 3502 tau-

283 3537 406 3594 dem
445 3539 729 3594 concilium
767 3539 1040 3595 Niccenum
1086 3551 1140 3596 et
1181 3540 1506 3595 llomousion
1549 3539 1758 3596 laudate
1797 3555 1860 3595 ac

284 3639 462 3688 tenete
481 3632 779 3688 nobiscum.

353 3723 409 3776 2.
439 3723 568 3792 Quis
598 3733 773 3779 autem
804 3739 909 3779 non
936 3723 1112 3780 videat
1137 3723 1403 3780 defectum
1427 3732 1596 3790 tuum,
1623 3725 1712 3780 ubi
1738 3739 1858 3780 cum

283 3813 543 3880 audisses,
592 3829 676 3869 me
725 3822 1208 3880 commemorante,
1261 3815 1314 3868 in
1362 3815 1634 3885 prophetia
1664 3815 1860 3871 dixisse

281 3903 551 3958 Christum
578 3918 676 3959 suo
707 3903 846 3958 Patri
871 3945 887 3971 ,
918 3903 995 3958 De
1016 3914 1182 3958 ventre
1205 3907 1380 3959 matris
1400 3920 1522 3959 mete
1547 3904 1684 3959 Deus
1723 3921 1861 3960 meus

281 4004 410 4049 estu
443 3992 620 4064 (Psal.
676 4010 794 4061 xxI,
852 3996 911 4050 II
943 3995 999 4067 );
1032 4003 1088 4050 ut
1125 3996 1539 4067 intelligeremus
1598 3995 1712 4067 ejus
1764 4011 1860 4051 na.

283 4092 416 4138 tum
436 4085 586 4140 illum
607 4100 726 4142 esse
757 4087 920 4142 Deum
948 4102 1104 4157 quam
1133 4086 1300 4142 Filius
1338 4087 1504 4157 ipsius
1528 4103 1596 4142 ex
1624 4096 1862 4158 tempore

284 4174 351 4229 de
370 4184 558 4231 ventre
600 4177 783 4232 matris
817 4177 1038 4246 accepit,
1070 4177 1280 4233 Patrem
1305 4193 1434 4233 vero
1483 4187 1685 4234 naturae
1719 4178 1860 4236 illius

283 4283 445 4338 quam
471 4267 538 4323 de
558 4282 616 4322 se
636 4269 751 4338 ipse
773 4269 1079 4340 generavit:
1108 4279 1164 4324 tu
1184 4285 1293 4325 non
1313 4269 1588 4325 inveniens
1615 4269 1744 4340 quid
1772 4285 1860 4325 re-

283 4360 598 4428 sponderes,
631 4368 804 4414 tamen
843 4374 912 4416 ne
933 4369 1134 4416 laceres
1157 4361 1362 4427 dixisti,
1389 4361 1472 4417 Ea:
1497 4371 1664 4416 uentre
1687 4363 1862 4417 matris

287 4459 460 4503 natum
481 4451 735 4520 proﬁteris
765 4451 1017 4506 Christum
1038 4456 1310 4506 secundum
1343 4469 1587 4518 carnem;
1625 4463 1679 4508 et
1713 4453 1864 4508 addi-

286 4541 432 4607 disti,
477 4543 612 4613 quod
650 4559 740 4597 nec
763 4541 934 4598 Judtei
972 4544 1221 4614 diffidunt.
1264 4545 1342 4598 Ac
1377 4543 1567 4598 deinde
1603 4545 1858 4614 quaesisti,

286 4629 390 4687 Cur
413 4634 510 4686 ista
545 4633 827 4688 testimonia
863 4636 916 4688 in
958 4634 1176 4689 medium
1220 4651 1322 4688 non
1371 4639 1714 4705 proferantur,
1752 4651 1862 4704 qua

286 4723 432 4778 illam
450 4725 756 4780 natiuitatem
781 4726 1122 4782 demonstrant
1144 4726 1198 4780 in
1223 4726 1489 4798 principio,
1519 4726 1648 4780 sicut
1667 4735 1712 4780 et
1733 4742 1864 4797 pra:-

287 4817 468 4872 cedens
495 4834 605 4886 nos,
648 4818 856 4890 inquis,
886 4819 1087 4874 instruit
1119 4820 1455 4874 testimonium
1475 4820 1502 4875 2
1538 4819 1700 4886 Quasi
1764 4834 1864 4891 ego

286 4908 431 4963 illam
460 4909 785 4965 nativitatem
811 4909 1029 4976 Christi,
1062 4925 1168 4964 non
1188 4911 1554 4980 temporalem,
1583 4910 1678 4966 sed
1703 4919 1862 4966 teter-

288 5013 430 5064 nam,
455 5009 670 5069 propter
685 5015 842 5070 quam
863 4999 1060 5055 dictum
1085 5007 1186 5068 est,
1209 5000 1276 5054 In
1300 5001 1548 5072 principio
1581 5009 1688 5055 erat
1737 5000 1863 5056 Ver-

287 5087 425 5154 bum,
465 5102 574 5142 non
599 5088 834 5156 credam,
882 5104 986 5144 non
1036 5088 1338 5158 prtedicem,
1389 5105 1494 5144 non
1543 5091 1859 5161 amplectar;

285 5177 382 5233 sed
411 5186 616 5233 tantum
657 5193 722 5235 ex
761 5188 944 5234 ventre
968 5181 1152 5234 matris
1201 5188 1381 5235 natum
1428 5195 1663 5236 asseram
1708 5181 1864 5237 Chri-

285 5269 464 5322 stum?
492 5269 631 5324 Ecce
655 5284 754 5341 ego
776 5269 896 5326 dico
925 5271 1092 5325 Deum
1119 5269 1309 5325 Filium
1330 5271 1397 5326 de
1417 5271 1528 5327 Deo
1562 5272 1721 5328 Patre
1749 5273 1864 5330 sine

288 5369 529 5431 tempore
569 5361 824 5431 genitum.
867 5363 1144 5432 Quomodo
1182 5363 1250 5418 sit
1281 5371 1458 5419 autem
1505 5365 1668 5420 etiam
1723 5366 1863 5423 Deus

288 5450 406 5520 ejus
433 5451 524 5521 qui
567 5451 723 5507 Pater
759 5462 841 5508 est
866 5453 998 5524 ejus,
1051 5453 1279 5520 ostendi,
1326 5464 1540 5524 propter
1594 5455 1864 5512 hominem

288 5556 452 5611 quem
481 5543 730 5611 suscepit,
761 5553 815 5598 et
836 5544 888 5598 in
912 5560 1017 5614 quo
1048 5552 1204 5599 natus
1236 5555 1318 5599 est
1341 5544 1409 5600 de
1438 5554 1621 5601 ventre
1657 5548 1861 5614 matris,

289 5632 409 5688 sine
449 5634 735 5690 concubitu
782 5634 1011 5690 hominis
1038 5636 1220 5706 patris.
1249 5637 1330 5692 Ad
1372 5637 1510 5708 quod
1539 5638 1865 5709 probandum

293 5722 652 5777 testimonium
681 5723 836 5789 dedi,
869 5725 957 5780 ubi
980 5725 1053 5780 ait
1085 5725 1136 5779 in
1170 5726 1440 5796 prophetia
1476 5727 1620 5783 Patri
1644 5742 1761 5796 suo,
1787 5727 1867 5785 De

290 5823 457 5868 ventre
477 5815 652 5871 matris
672 5831 796 5872 mete
820 5815 957 5872 Deus
984 5833 1119 5872 meus
1144 5833 1196 5872 es
1223 5826 1293 5872 tu.
1318 5816 1396 5874 Tu
1422 5819 1513 5888 qui
1537 5817 1669 5876 dicis
1693 5835 1781 5876 me
1799 5834 1868 5882 ex

1560 401 1766 460 LIBER
1801 396 2174 456 SECUNDUS.

3448 408 3551 466 786

1977 523 2161 570 ventre
2181 519 2363 574 matris
2386 528 2568 576 natum
2593 519 2830 591 proﬁteri
2850 519 3118 577 Christum
3141 521 3312 591 ,quod
3342 534 3439 576 nec
3458 520 3550 576 Ju-

1974 603 2074 659 daei
2102 604 2361 673 difﬁdunt,
2391 612 2540 679 quasi
2563 626 2665 682 ego
2701 612 2857 667 istam
2887 611 3212 668 nativitatem
3241 612 3440 669 Christi
3465 627 3554 668 so-
3639 671 3646 680 ,

1972 695 2076 750 Iam
2107 697 2390 767 proﬁtear;
2422 700 2531 756 noli
2555 716 2649 772 per
2673 703 2848 758 inania
2875 704 3056 758 conari
3082 703 3307 760 evadere
3331 746 3347 770 ,
3379 714 3434 760 et
3465 704 3553 760 dic

1972 787 2149 857 potius
2169 803 2332 858 quare
2355 790 2483 846 mihi
2509 808 2616 847 non
2643 794 3007 864 responderis,
3037 794 3128 850 ubi
3155 793 3548 851 dicitChristus

1973 879 2138 946 Patri,
2170 880 2250 937 De
2268 893 2435 938 uentre
2452 886 2628 940 matris
2665 902 2790 940 mea:
2811 886 2948 941 Deus
2983 903 3122 941 meus
3141 903 3192 943 es
3219 896 3292 942 tu.
3334 887 3416 943 Ad
3446 887 3548 942 hoc

1970 973 2116 1029 enim
2161 977 2408 1045 quoniam
2439 975 2617 1032 vidisti
2655 993 2761 1033 non
2807 988 2858 1034 te
2888 979 3083 1035 habere
3125 979 3266 1049 quod
3319 979 3548 1044 diceres,

1972 1066 2130 1122 aliam
2169 1069 2497 1125 nativitatem
2533 1086 2652 1140 qua:
2676 1071 2771 1126 Dei
2797 1071 2865 1127 de
2897 1072 3008 1128 Deo
3055 1080 3159 1138 est,
3203 1072 3547 1141 interponen-

1973 1156 2094 1212 dam
2121 1159 2312 1228 putasti
2335 1175 2437 1230 qua
2464 1161 2690 1231 fugeres.
2736 1161 2884 1232 Rogo
2915 1171 3000 1228 te;
3051 1161 3263 1232 quando
3300 1161 3426 1232 quid
3465 1178 3553 1215 rc-

1971 1247 2236 1316 spondeas
2255 1263 2360 1303 non
2391 1249 2574 1317 habes,
2601 1259 2800 1320 quanto
2841 1251 3032 1306 melius
3061 1252 3298 1306 taceres‘!

2043 1338 2096 1394 3.
2127 1337 2191 1394 Si
2213 1349 2416 1410 propter
2441 1356 2624 1411 corpus
2641 1382 2657 1406 ,
2699 1341 2871 1412 inquis
2889 1383 2904 1407 ,
2950 1342 3003 1395 in
3029 1357 3128 1412 quo
3155 1358 3208 1397 se
3235 1342 3505 1396 exinanivit
3526 1381 3544 1408 ,

1972 1428 2243 1485 debitorem
2268 1448 2322 1486 se
2362 1433 2510 1486 sentit
2538 1449 2630 1487 suo
2653 1434 2898 1504 genitori;
2922 1432 3079 1488 multo
3105 1435 3265 1505 magis
3291 1435 3376 1505 qui
3400 1434 3548 1488 illum

1972 1530 2168 1576 tantum
2195 1540 2256 1578 ac
2291 1525 2440 1578 talem
2464 1525 2666 1595 genuit,
2713 1542 2906 1581 necesse
2931 1535 3003 1580 est
3031 1533 3084 1580 ut
3113 1542 3227 1580 eum
3257 1534 3544 1594 veneretur,

1972 1616 2113 1683 eique
2139 1613 2317 1681 offerat
2335 1632 2530 1686 semper
2551 1616 2854 1687 obsequium.
2884 1616 3166 1684 Quodlibet
3203 1616 3269 1672 de
3310 1630 3542 1672 venera-

1972 1708 2116 1764 tione
2143 1717 2198 1763 et
2217 1708 2471 1778 Obsequio
2490 1708 2610 1764 Filii
2635 1724 2758 1779 erga
2785 1709 2996 1764 Patrem
3013 1709 3296 1764 carnaliter
3323 1709 3542 1775 sentias,

1970 1799 2130 1857 Pater
2148 1801 2263 1871 ejus
2283 1843 2298 1868 ,
2329 1802 2428 1856 nisi
2454 1801 2522 1857 de
2555 1813 2740 1857 ventre
2763 1801 2950 1857 matris
2978 1801 3093 1872 ejus
3115 1843 3130 1868 ,
3168 1817 3272 1856 non
3301 1810 3383 1857 est
3407 1801 3548 1855 Deus

1971 1893 2106 1962 ejus.
2157 1893 2274 1949 Jam
2321 1895 2658 1963 quantumvis
2701 1894 3023 1964 obsequatur
3066 1893 3175 1949 Deo
3215 1892 3359 1948 Patri
3406 1892 3548 1947 Deus

1971 1982 2159 2050 Filius,
2188 1985 2437 2054 quoniam
2463 1984 2616 2040 video
2644 1993 2694 2039 te
2725 1999 2830 2038 non
2859 1983 3154 2055 intelligere
3173 1991 3368 2054 quanta
3397 1983 3468 2038 sit
3491 1982 3547 2037 in

1971 2075 2062 2131 illa
2098 2077 2439 2146 generatione
2470 2077 2630 2148 geniti
2671 2086 2726 2132 et
2764 2076 3018 2147 genitoris
3045 2076 3350 2146 aequalitas,
3386 2091 3545 2130 num-

1969 2166 2097 2236 quid
2118 2165 2236 2222 ideo
2255 2175 2339 2221 est
2355 2166 2562 2222 diversa
2591 2176 2774 2222 natura
2801 2167 2964 2236 patris
2991 2166 3219 2222 hominis
3240 2175 3294 2222 et
3313 2165 3542 2220 hominis

1969 2259 2084 2324 ﬁlii,
2117 2261 2366 2330 quoniam
2396 2260 2535 2315 ﬁlius
2561 2259 2868 2330 obsequitur
2887 2259 3060 2328 patri?
3085 2258 3196 2314 Hoc
3223 2268 3304 2314 est
3325 2258 3544 2313 omnino

1969 2351 2303 2406 intolerabile
2324 2351 2378 2404 in
2403 2341 2577 2417 vobis,
2614 2351 2736 2420 quia
2766 2350 2833 2406 de
2853 2350 3106 2420 obsequio
3133 2347 3249 2404 Filii
3277 2347 3539 2404 diversam

1967 2442 2128 2498 vultis
2176 2441 2400 2512 probare
2440 2442 2784 2498 substantiam
2826 2441 2997 2498 Patris
3037 2450 3090 2497 et
3133 2440 3272 2496 Filii.
3318 2440 3542 2494 Prorsus

1968 2533 2070 2588 alia
2095 2535 2317 2604 quaestio
2350 2543 2431 2590 est
2451 2577 2466 2602 ,
2500 2535 2687 2591 Utrum
2733 2535 2840 2590 sint
2866 2535 3020 2590 unius
3042 2534 3386 2605 ejusdemque
3410 2530 3542 2587 sub-

1966 2625 2176 2680 stantia:
2221 2626 2376 2681 Pater
2405 2636 2458 2682 et
2499 2625 2693 2693 Filius;
2721 2635 2776 2682 et
2808 2626 2909 2681 alia
2945 2625 3170 2697 quaestio
3197 2633 3309 2690 est,
3350 2621 3538 2680 Utrum

1967 2714 2109 2771 Patri
2155 2716 2320 2772 Filius
2349 2718 2688 2787 obsequatur.
2723 2717 2936 2773 Interim
2976 2732 3158 2773 verum
3200 2714 3391 2771 Filium
3432 2728 3540 2768 non

1965 2821 2242 2875 negemus,
2278 2807 2367 2877 qui
2395 2807 2541 2862 nullo
2566 2807 2726 2863 modo
2751 2817 2834 2864 est
2859 2821 3014 2863 verus
3039 2806 3227 2873 Filius,
3255 2806 3298 2860 si
3325 2819 3432 2859 non
3456 2812 3540 2859 est

1965 2898 2131 2967 ipsius
2168 2908 2222 2952 et
2258 2899 2430 2954 Patris
2466 2915 2569 2954 una
2607 2898 2901 2969 eademque
2945 2908 3153 2954 natura.
3203 2898 3370 2953 Dicite
3411 2911 3538 2966 ergo

1965 2987 2134 3042 Deum
2176 2987 2421 3056 Patrem;
2467 2997 2523 3044 et
2569 2990 2732 3045 Deum
2761 2989 2950 3045 Filium
2994 2989 3147 3044 unius
3193 2987 3538 3058 ejusdemque

1963 3093 2084 3134 esse
2131 3079 2458 3136 substantim.
2506 3081 2829 3152 Extorqueat
2868 3081 3018 3136 vobis
3061 3079 3346 3147 divinitas,
3393 3078 3536 3148 quod

1964 3169 2279 3226 humanitati
2327 3171 2541 3227 donavit
2587 3173 2700 3242 ipsa
2728 3171 2994 3229 divinitas.
3015 3170 3337 3241 Obsequitur
3377 3169 3538 3224 homo

1962 3263 2099 3332 patri
2124 3277 2242 3329 suo,
2271 3263 2336 3318 de
2360 3279 2465 3334 quo
2494 3272 2646 3318 natus
2670 3273 2750 3318 est
2776 3263 2968 3329 homo;
2990 3272 3168 3318 tamen
3197 3261 3538 3332 obsequendo

1963 3367 2082 3409 esse
2110 3369 2213 3408 non
2241 3353 2438 3410 desinit
2463 3354 2640 3410 homo.
2671 3355 2738 3410 Et
2764 3357 2828 3418 si,
2861 3371 2966 3410 non
2995 3355 3116 3409 dico
3143 3355 3340 3423 pariter
3363 3353 3534 3406 hono-

1962 3453 2130 3508 ratus,
2158 3445 2252 3500 sed
2279 3447 2589 3502 honoratior
2606 3456 2749 3502 esset
2767 3447 2926 3513 Illius,
2953 3445 3208 3516 gauderet
3233 3454 3401 3514 pater,
3427 3457 3536 3497 non

1962 3535 2572 3594 invideret:honoraret
2616 3549 2790 3594 tamen
2827 3539 2985 3594 etiam
3023 3537 3112 3593 ille
3156 3547 3392 3606 patrem,
3433 3535 3537 3592 etsi

1962 3639 2070 3681 non
2096 3628 2346 3696 parvulus
2363 3669 2378 3695 ,
2406 3643 2622 3684 accessu
2650 3628 2917 3698 augendus
2943 3629 3114 3682 anatis
3137 3668 3150 3692 ,
3183 3626 3278 3682 sed
3301 3626 3351 3682 ei
3379 3634 3535 3681 natus

1962 3725 2106 3772 esset
2127 3719 2364 3788 aequalis.
2407 3718 2688 3789 Equalem
2724 3733 2850 3774 vero
2885 3719 2928 3774 si
2967 3729 3118 3788 pater
3145 3718 3304 3773 homo
3329 3717 3534 3788 potuis-

1961 3817 2082 3878 set,
2109 3809 2258 3864 nullo
2283 3809 2557 3866 dubitante
2583 3812 2868 3881 genuisset.
2897 3810 3026 3879 Quis
3063 3825 3190 3880 ergo
3231 3809 3424 3866 audeat
3449 3809 3535 3865 di-

1961 3912 2084 3957 cere
2102 3940 2118 3966 ,
2161 3899 2270 3955 Hoc
2299 3914 2397 3955 nec
2421 3901 2764 3972 Omnipotens
2789 3902 2996 3971 potuit?
3024 3901 3176 3956 Addo
3199 3902 3382 3966 etiam,
3411 3901 3535 3972 quia

1958 3991 2008 4075 si
2065 4001 2248 4062 posset
2302 3993 2460 4049 homo
2483 4035 2498 4060 ,
2555 3995 2810 4065 majorem
2865 4011 2925 4052 se
2981 3997 3096 4074 ipso
3152 3997 3535 4066 melioremque

1963 4083 2202 4154 gigneret
2227 4085 2392 4140 ﬁlium
2419 4104 2433 4140 :
2460 4087 2553 4143 sed
2579 4088 2752 4158 majus
2775 4088 2862 4143 vel
2889 4089 3078 4143 melius
3107 4089 3218 4144 Deo
3245 4089 3532 4159 quidquam

1962 4191 2070 4231 non
2108 4185 2284 4246 potest
2325 4192 2473 4244 esse;
2521 4193 2650 4248 ergo
2691 4179 2742 4234 ei
2787 4193 2977 4234 verum
3023 4178 3215 4234 Filium
3257 4177 3536 4254 credamus

1963 4265 2241 4335 aequalem.
2271 4266 2422 4336 Quod
2463 4269 2508 4322 si
2547 4267 2766 4334 dixeris,
2806 4269 2885 4324 Eo
2925 4270 3043 4341 ipso
3069 4269 3239 4341 major
3259 4279 3345 4326 est
3377 4269 3536 4327 Pater

1963 4356 2122 4423 Filio,
2152 4359 2274 4428 quia
2301 4358 2371 4415 de
2397 4359 2541 4416 nullo
2567 4363 2797 4432 genitus,
2822 4363 3006 4433 genuit
3032 4371 3208 4418 tamen
3238 4363 3530 4434 aequalem:

1963 4449 2071 4504 cito
2095 4451 2450 4520 respondebo,
2481 4451 2590 4508 lmo
2620 4453 2741 4510 ideo
2769 4469 2876 4510 non
2902 4465 2988 4512 est
3009 4455 3179 4526 major
3197 4455 3356 4512 Pater
3375 4455 3532 4521 Filio,

1965 4541 2086 4610 quia
2129 4540 2384 4610 aequalem
2414 4541 2625 4610 genuit,
2667 4559 2771 4598 non
2812 4546 3093 4601 minorem.
3135 4545 3365 4618 Originis
3391 4547 3532 4602 enim

1964 4633 2186 4701 qumstio
2236 4641 2338 4698 est,
2383 4632 2511 4700 Quis
2552 4633 2620 4688 de
2669 4650 2776 4705 quo
2822 4637 2892 4691 sit
2924 4652 2939 4690 :
2971 4638 3285 4708 acqualitatis
3325 4649 3530 4704 autem,

1964 4721 2147 4788 Qualis
2171 4732 2262 4777 aut
2286 4733 2512 4793 quantus
2535 4725 2620 4780 sit.
2650 4725 2879 4782 Proinde
2902 4727 2950 4784 si
2969 4727 3200 4783 admittit
3229 4729 3365 4782 ratio
3389 4728 3502 4782 veri
3518 4757 3534 4766 -

1966 4811 2090 4866 tatis
2117 4821 2174 4865 ut
2215 4813 2406 4882 aequali
2435 4813 2578 4869 Patri
2606 4813 2774 4871 Filius
2801 4816 3124 4888 obsequatur
3150 4816 3398 4886 aequalis,
3427 4831 3534 4872 non

1964 4919 2218 4971 negamus
2245 4904 2556 4976 obsequium
2581 4925 2596 4961 :
2617 4908 2661 4962 si
2688 4916 2864 4964 autem
2897 4923 2993 4979 per
3018 4908 3329 4978 obsequium
3358 4908 3533 4963 mino-

1965 5009 2077 5049 rem
2105 5003 2290 5049 natura
2309 4997 2325 5028 ⁸
2359 4997 2517 5051 vultis
2540 4998 2782 5065 credere,
2806 4997 3148 5068 prohibemus
3170 4999 3348 5054 :nullo
3370 4999 3533 5055 modo

1964 5085 2107 5140 enim
2139 5085 2281 5140 Deus
2322 5087 2478 5142 Pater
2520 5097 2577 5144 ut
2618 5089 2815 5146 habere
2856 5091 2997 5146 unici
3023 5089 3141 5146 Filii
3171 5099 3350 5160 posset
3373 5089 3534 5149 Obste-

1964 5177 2169 5246 quium,
2195 5178 2358 5231 vellet
2383 5177 2650 5249 denegare
2679 5165 2948 5236 naturam.

2034 5269 2089 5323 4.
2135 5268 2448 5325 Parentibus
2496 5279 2670 5326 autem
2709 5279 2767 5324 ut
2804 5279 2948 5326 esset
2984 5270 3224 5326 subditus
3249 5270 3494 5328 Christus
3519 5315 3535 5341 ,

1965 5375 2074 5437 non
2097 5360 2288 5414 divina:
2321 5359 2612 5430 majestatis
2640 5359 2755 5427 fuit,
2781 5360 2876 5416 sed
2899 5363 3070 5416 aetatis
3108 5362 3372 5417 humanm.
3403 5362 3538 5418 Fru-

1966 5459 2072 5507 stra
2116 5453 2291 5521 itaque
2333 5451 2507 5507 dixisti
2538 5469 2551 5506 :
2590 5451 2651 5507 Si
2696 5451 2981 5522 parentibus
3017 5453 3113 5523 fuit
3153 5453 3381 5508 subditus
3413 5471 3537 5523 quos

1968 5545 2151 5597 creavit
2180 5541 2348 5615 (Luc.
2406 5560 2462 5610 ιι,
2503 5545 2565 5599 51
2599 5544 2639 5614 ),
2670 5553 2857 5616 quanto
2903 5546 3063 5616 magis
3095 5562 3186 5598 suo
3213 5545 3426 5616 genitori
3451 5547 3537 5615 qui

1969 5649 2082 5688 eum
2098 5642 2287 5687 tantum
2323 5649 2382 5687 ac
2416 5634 2567 5689 talem
2599 5634 2803 5704 genuit?
2827 5634 3199 5705 Respondetur
3222 5635 3363 5691 enim
3394 5635 3487 5690 tibi
3517 5651 3532 5688 ;

1968 5768 2189 5882 “imam.
2214 5773 2268 5820 et
2285 5773 2360 5820 nr.
2377 5801 2394 5832 ,
2416 5767 2647 5822 minorem
2667 5776 2848 5822 natum.
2867 5771 3032 5824 Plures
3051 5779 3176 5836 Mss,
3203 5785 3434 5828 nauarent
3451 5784 3539 5826 na-
