4042 6442
533 456 639 513 ’187

535 556 594 623 Si
620 568 930 640 parentibus
958 554 1056 625 fuit
1078 568 1319 625 subditus
1346 574 1566 640 propter
1593 567 1898 640 pueritiam,
1926 571 2125 636 quanto

533 664 707 735 magis
748 664 859 720 Deo
898 672 1115 734 propter
1154 664 1323 734 ipsam
1372 662 1603 719 hominis
1646 660 1913 717 formam?
1956 658 2126 726 Quam

536 756 763 812 formam
788 770 908 811 cum
936 754 1288 810 immortalem
1314 753 1520 823 fecerit,
1553 770 1659 809 non
1685 761 1856 808 morte
1882 749 2127 822 perdide-

534 848 638 915 rit;
662 846 785 919 quid
809 847 1019 901 miraris
1039 846 1083 901 si
1111 847 1268 901 etiam
1293 856 1411 917 pest
1430 846 1587 915 hujus
1608 845 1790 900 saeculi
1816 845 1974 899 linem
1996 842 2125 898 sub-

530 940 706 1009 jectus
731 938 835 994 erit
859 939 913 993 in
944 954 1007 993 ea
1035 938 1132 1003 illi,
1162 939 1250 1010 qui
1280 940 1327 994 ei
1348 939 1575 1008 subjecit
1598 938 1815 993 omnia?
1840 937 1917 991 Tu
1947 946 2124 992 autem

534 1046 643 1087 non
666 1040 880 1101 propter
899 1029 1125 1086 formam
1146 1031 1285 1085 servi
1312 1030 1444 1085 dicis
1471 1031 1663 1085 Filium
1683 1030 1826 1085 Patri
1856 1044 1974 1084 esse
1995 1028 2125 1084 sub-

531 1122 731 1194 jectum
754 1164 772 1191 ,
801 1122 895 1178 sed
922 1123 1045 1194 quia
1071 1138 1191 1178 eum
1224 1131 1428 1177 tantum
1455 1138 1518 1178 ac
1547 1123 1704 1179 talem
1729 1124 1931 1194 genuit,
1964 1123 2014 1177 id
2044 1131 2127 1178 est

531 1229 784 1284 magnum
810 1214 997 1280 Deum,
1020 1216 1261 1285 quamvis
1289 1215 1446 1270 Patre
1472 1216 1587 1284 ipso
1612 1216 1874 1271 minorem
1910 1233 1923 1270 :
1957 1215 2046 1270 ubi
2072 1224 2128 1271 et

531 1303 676 1360 Patri
695 1304 943 1377 derogas,
966 1306 1055 1377 qui
1078 1305 1269 1360 Filium
1293 1306 1392 1361 sibi
1415 1307 1650 1375 unicum,
1672 1316 1765 1361 aut
1786 1322 1893 1363 non
1915 1308 2121 1377 potuit,

532 1403 627 1449 aut
654 1395 826 1451 noluit
850 1396 1069 1467 gignere
1095 1396 1387 1467 aequalem;
1418 1404 1472 1451 et
1511 1397 1611 1467 ipsi
1653 1396 1786 1452 Filio
1816 1398 1904 1468 qui
1936 1397 2123 1453 unicus

532 1486 681 1542 Patri
708 1503 815 1542 non
844 1496 927 1545 est
945 1497 1231 1560 generatus
1256 1476 1496 1559 mquaiis,
1525 1496 1579 1543 et
1607 1488 1726 1544 ideo
1755 1488 2020 1559 perfectus
2044 1497 2126 1545 est

530 1587 712 1648 natus,
744 1595 811 1635 ne
836 1595 1067 1650 unquam
1098 1580 1182 1636 vel
1206 1579 1497 1637 crescendo
1524 1582 1696 1649 ﬁeret,
1724 1580 1866 1651 quod
1893 1597 1997 1636 non
2028 1597 2126 1652 po-

532 1672 637 1727 tuit
652 1687 774 1729 esse
802 1672 1091 1729 nascendo.

605 1764 659 1818 5.
692 1764 807 1819 Non
828 1772 1029 1833 autem,
1053 1772 1111 1820 ut
1137 1773 1310 1834 putas,
1335 1780 1527 1837 corpus
1554 1774 1757 1821 tantum
1780 1766 1918 1834 Filii,
1943 1766 1995 1823 id
2017 1776 2119 1835 est,

532 1868 729 1924 corpus
756 1854 1008 1921 hominis,
1040 1871 1223 1911 verum
1248 1857 1407 1911 etiam
1434 1856 1723 1913 humanum
1750 1859 1993 1928 spiritum
2026 1859 2125 1915 Pa-

532 1947 601 2002 tri
648 1946 875 2003 dicimus
920 1962 1039 2003 esse
1082 1948 1377 2017 subjectum
1413 1958 1511 2005 :et
1542 1938 1836 2005 secundum
1885 1952 1937 2007 id
1982 1953 2124 2024 quod

531 2039 695 2094 homo
718 2040 884 2095 factus
908 2050 989 2095 est
1012 2040 1351 2112 intelligimus
1368 2042 1587 2108 dictum,
1612 2042 1737 2098 Cum
1761 2055 1930 2099 autem
1954 2047 2124 2102 omnia

529 2131 609 2186 illi
628 2131 849 2201 subjecta
878 2133 1085 2205 fuerint,
1115 2143 1232 2188 tunc
1256 2143 1303 2187 et
1332 2134 1439 2206 ipse
1459 2133 1626 2190 Filius
1646 2137 1901 2208 subjectus
1927 2140 2019 2193 erit
2044 2139 2121 2194 illi

530 2223 617 2294 qui
643 2224 687 2278 ei
704 2223 911 2294 subjecit
937 2225 1106 2278 omnia
1126 2223 1171 2298 (ι
1191 2224 1309 2279 Cor.
1328 2241 1418 2294 xv,
1446 2224 1557 2299 28).
1575 2226 1876 2284 Secundum
1905 2230 1957 2284 id
1980 2231 2124 2301 quod

530 2313 779 2369 Christus
807 2324 888 2370 est
910 2325 1070 2386 caput
1098 2324 1152 2372 et
1187 2331 1417 2387 corpus:
1449 2327 1607 2389 caput
1629 2319 1831 2375 scilicet
1860 2322 1973 2391 ipse
2006 2322 2120 2380 Sal-

532 2413 686 2460 vator
704 2407 794 2477 qui
824 2409 1054 2463 surrexit
1072 2422 1103 2462 a
1121 2409 1363 2476 mortuis,
1382 2417 1435 2463 et
1454 2408 1606 2464 sedet
1629 2410 1695 2464 ad
1711 2410 1988 2467 dexteram
2017 2413 2122 2469 Pa-

530 2495 658 2564 tris;
686 2506 739 2552 et
762 2497 999 2554 Ecclesia
1027 2515 1147 2570 quae
1173 2509 1257 2555 est
1284 2515 1476 2569 corpus
1508 2500 1644 2571 ejus,
1674 2502 1943 2572 plenitudo
1972 2505 2118 2576 ejus,

528 2590 669 2646 sicut
704 2593 1038 2662 apertissime
1064 2593 1195 2649 dicit
1226 2594 1514 2663 Apostolus
1543 2594 1775 2668 (Coloss.
1804 2614 1842 2665 ι,
1875 2599 1942 2655 18
1962 2602 2003 2671 ).
2043 2602 2123 2659 Ae

529 2699 629 2755 per
653 2684 757 2741 hoc
781 2701 901 2741 eum
924 2687 1102 2742 omnia
1126 2687 1341 2743 Christo
1367 2687 1605 2759 subjecta
1636 2689 1855 2758 fuerint,
1879 2699 1933 2749 et
1960 2694 2121 2764 capiti

528 2786 585 2832 ct
608 2779 818 2849 corpori
838 2789 995 2835 erant
1010 2780 1129 2836 sine
1148 2780 1480 2836 dubitatione
1495 2781 1753 2852 subjecta.
1776 2783 1907 2839 Nam
1929 2800 2121 2841 secans

528 2868 658 2923 dum
696 2869 748 2924 id
774 2870 917 2940 quod
940 2871 1059 2926 sine
1091 2879 1334 2941 tempore
1362 2871 1503 2929 Deus
1532 2884 1688 2929 natus
1726 2884 1829 2943 est,
1863 2875 1992 2932 nihil
2023 2892 2123 2933 un-

528 2979 689 3036 quam
713 2965 885 3035 potult
911 2966 961 3021 ei
990 2980 1099 3021 non
1126 2980 1247 3022 esse
1268 2965 1584 3036 subjectum.

600 3058 655 3112 6.
686 3056 916 3125 Scimus,
945 3058 1087 3129 quod
1116 3072 1214 3115 nos
1240 3059 1738 3115 commemorandos
1762 3063 1977 3131 putasti,
1999 3066 2120 3135 quia

528 3147 689 3204 Pater
714 3166 815 3205 non
829 3151 1033 3221 judice!
1055 3166 1355 3224 quamquam
1374 3192 1388 3219 ,
1416 3152 1504 3206 sed
1541 3169 1688 3208 omne
1700 3154 1957 3225 judicium
1982 3158 2119 3214 dedit

527 3240 671 3297 Filio
694 3239 874 3314 (Joan.
902 3255 959 3308 v;
981 3242 1096 3313 ωδ
1128 3242 1325 3297 Vellem
1354 3252 1530 3299 tamen
1548 3243 1761 3300 diceres
1786 3247 1958 3315 nobis,
1982 3264 2117 3319 quos

528 3334 693 3389 modo
717 3334 877 3390 Pater
917 3350 1026 3391 non
1062 3334 1263 3405 judicat
1290 3342 1609 3406 queinquam
1633 3378 1649 3403 ,
1680 3352 1804 3392 eum
1834 3339 1973 3394 dicat
2004 3341 2119 3410 ipse

527 3425 819 3482 identidem
858 3425 1055 3495 Filius,
1082 3422 1195 3498 Ego
1229 3438 1333 3482 non
1368 3444 1541 3497 quem
1573 3428 1789 3499 gloriam
1818 3447 2017 3499 meam;
2047 3443 2119 3489 est

525 3519 611 3589 qui
638 3528 864 3590 quierat,
902 3529 949 3574 et
967 3520 1167 3591 judieet
1191 3518 1305 3593 (Id.
1334 3536 1445 3587 vm,
1475 3520 1566 3594 50)
1597 3541 1611 3577 :
1639 3532 1699 3577 ut
1722 3526 1860 3579 scias
1887 3526 2006 3581 ideo
2032 3528 2117 3582 die

525 3616 693 3676 ctum,
722 3608 879 3665 Pater
903 3626 1003 3664 non
1021 3610 1223 3681 iudicat
1248 3627 1570 3683 quemquam,
1596 3615 1684 3668 sed
1706 3631 1853 3670 omne
1861 3618 2116 3687 judicium

526 3700 663 3755 dedit
690 3699 866 3766 Filio;
891 3702 1143 3773 quoniam
1167 3703 1470 3773 judicandis
1512 3706 1643 3761 vivis
1669 3716 1723 3762 et
1756 3712 1981 3765 mortuis
2011 3712 2119 3766 for-

524 3802 613 3846 ma
645 3792 874 3849 hominis
898 3795 1206 3865 apparebit,
1237 3810 1396 3865 quam
1434 3812 1542 3851 non
1573 3796 1731 3853 habet
1768 3799 1966 3856 Pater:
1994 3817 2119 3873 pro-

525 3894 647 3952 pter
665 3884 808 3954 quod
836 3885 909 3939 ait
937 3886 1195 3955 propheta
1213 3926 1230 3952 ,
1262 3886 1513 3942 Videbunt
1546 3890 1598 3943 in
1626 3902 1770 3961 quem
1800 3903 2118 3963 pupugerunt

531 3972 713 4045 (Zach.
741 3992 837 4043 xu,
866 3977 978 4046 i0).
1007 3976 1115 4033 Sed
1140 3978 1479 4036 invisibiliter
1498 3981 1660 4035 etiam
1690 3983 1848 4039 Pater
1873 3987 1973 4039 erit
1993 3996 2113 4041 cum

524 4080 631 4132 eo,
660 4068 782 4137 quia
812 4068 1183 4138 inseparabilis
1217 4078 1302 4125 est
1324 4070 1392 4126 ab
1415 4087 1499 4127 eo.
1541 4072 1599 4128 Si
1633 4075 1808 4142 enim,
1844 4076 1964 4131 Non
2006 4090 2118 4133 sum

525 4161 698 4225 solus,
726 4163 967 4232 quoniam
1002 4162 1159 4218 Pater
1203 4179 1396 4217 mecum
1432 4173 1538 4232 est,
1565 4166 1639 4220 ait
1675 4167 1788 4237 ipse
1826 4172 2117 4226 moriturus

528 4251 710 4325 (locis.
741 4268 848 4321 xw,
874 4255 1003 4325 5%);
1032 4263 1231 4325 quanto
1252 4256 1421 4327 magis
1440 4264 1622 4311 secum
1646 4256 1859 4314 habebit
1880 4262 2113 4331 Patrem,

526 4345 597 4401 de
627 4346 852 4401 mortuis
888 4354 944 4401 et
969 4347 1101 4401 vivis
1134 4346 1500 4417 judicaturus?
1523 4346 1655 4403 Cum
1699 4349 1789 4405 illo
1827 4352 1929 4406 erit
1956 4353 2115 4409 etiam

528 4436 760 4509 Spiritus
778 4447 1016 4493 sanctus.
1041 4437 1318 4505 Quomodo
1338 4438 1481 4493 enim
1506 4438 1719 4495 deseret
1742 4452 1861 4495 eum
1888 4441 2116 4512 Spiritus

527 4541 743 4586 sanctus
756 4531 815 4585 in
840 4532 1004 4601 regali
1030 4531 1177 4596 sede,
1203 4548 1309 4601 quo
1335 4533 1525 4602 pientis
1544 4545 1819 4604 regressus
1847 4545 1931 4591 est
1950 4552 1979 4590 a
2000 4536 2118 4592 Jor-

529 4620 670 4675 dane
697 4620 851 4690 (Luc.
878 4636 953 4688 tv,
987 4622 1079 4693 1)?
1115 4622 1265 4688 Quod
1297 4623 1473 4693 itaque
1514 4625 1768 4694 scriptum
1794 4637 1877 4683 est
1908 4628 1975 4683 ad
2002 4629 2114 4685 Hes-

524 4709 722 4777 hraeos,
754 4710 907 4765 Nune
926 4715 1094 4765 autem
1117 4713 1326 4765 necdum
1348 4712 1573 4767 videmus
1588 4717 1763 4769 omnia
1788 4698 2009 4790 διήθει-ἴα
2035 4722 2078 4774 ei
2096 4737 2115 4775 :

526 4818 639 4856 eum
663 4808 832 4857 autem
853 4803 1048 4857 modico
1071 4804 1239 4857 minus
1260 4803 1323 4856 ab
1343 4804 1548 4875 Angelis
1564 4807 1871 4861 minoratum
1892 4810 2115 4867 videmus

523 4892 703 4949 Jesum
740 4904 945 4965 propter
976 4896 1262 4967 passionem
1284 4898 1465 4952 inertis
1492 4895 1678 4969 (Hebr.
1708 4913 1744 4953 n
1764 4939 1779 4967 ,
1816 4901 1870 4968 8,
1898 4901 1990 4971 9);
2019 4903 2116 4958 do-

524 4992 650 5043 oere
678 5003 778 5044 nos
814 4988 973 5043 debet
996 4989 1265 5058 quomodo
1293 4990 1693 5061 inteltigendum
1722 4993 1791 5048 sit
1817 4994 1957 5064 quod
1982 4996 2115 5051 scri-

524 5088 676 5151 ptum
696 5088 781 5135 est
802 5081 869 5134 ad
896 5079 1221 5147 Corinthios,
1260 5080 1386 5136 Cum
1409 5094 1575 5137 autem
1598 5084 1769 5139 omnia
1794 5086 1869 5140 illi
1894 5087 2116 5158 subjecta

524 5175 711 5244 fuerint
740 5190 760 5228 :
786 5174 909 5243 quia
937 5175 1226 5230 secundum
1261 5176 1315 5230 id
1342 5176 1544 5231 dictum
1566 5187 1647 5233 est
1674 5180 1815 5250 quod
1837 5180 2005 5237 lactus
2030 5186 2115 5238 est

523 5264 725 5333 homo,
756 5272 861 5320 noln
891 5268 1183 5323 secundum
1210 5269 1265 5323 id
1304 5269 1447 5340 quod
1473 5275 1556 5325 est
1582 5271 1742 5326 Deus.
1775 5272 1863 5329 Sic
1902 5288 2029 5345 ergo
2056 5276 2111 5332 in

526 5356 745 5413 homine
765 5374 1049 5431 apparens,
1071 5363 1125 5415 in
1147 5370 1252 5432 quo
1279 5368 1377 5433 per
1400 5364 1701 5432 passiOnem
1732 5367 1919 5422 mortis
1940 5370 2113 5425 mino-

522 5457 671 5503 rntus
709 5454 792 5504 est
816 5451 1024 5504 modum
1059 5452 1236 5505 minus
1262 5452 1330 5506 ab
1358 5454 1600 5524 Angelis,
1626 5454 1773 5510 vivos
1794 5464 1847 5510 ct
1876 5466 2111 5514 mortuos

517 5540 796 5612 indicabit,
828 5544 1038 5612 quando
1063 5543 1300 5601 dicturus
1329 5554 1411 5602 εει
1438 5564 1451 5600 :
1502 5546 1697 5616 Venite,
1721 5548 1967 5604 benedicti
1994 5549 2103 5604 Pa-

521 5637 615 5690 tris
644 5636 763 5701 Mei,
790 5636 1031 5705 percipite
1054 5643 1263 5708 regnum
1300 5640 1525 5709 (Matth.
1556 5648 1689 5711 ὴν,
1730 5636 1802 5698 Si
1825 5643 1865 5715 ).
1909 5642 2024 5713 Quo
2057 5654 2110 5701 tu

522 5728 827 5782 testimonio
876 5741 982 5780 non
1026 5726 1324 5797 hominem,
1372 5733 1464 5787 sed
1506 5734 1669 5801 Deum
1712 5735 1971 5792 minorem
2011 5751 2109 5793 suo

520 5818 679 5876 Patre
705 5820 854 5890 quasi
886 5818 1111 5889 probare
1136 5822 1349 5877 voluisti
1380 5841 1391 5875 :
1425 5825 1519 5879 sed
1548 5827 1687 5882 sicut
1711 5829 1778 5885 ab
1802 5829 1879 5888 eis
1902 5830 1991 5902 qui
2022 5829 2107 5889 in-

513 5909 757 5983 telligunt
786 5912 1122 5985 perspicitur,
1149 5928 1257 5969 non
1277 5916 1531 5986 probasti.

1132 454 1407 514 CONTRA
1446 453 1838 512 maxumum
1878 436 2286 512 ARIANORUM
2322 436 2725 519 EPISCOPUM,
2764 450 2821 507 s.
2864 430 3235 508 AUGUSTINI

2304 550 2530 619 CAPUT
2570 552 2712 619 XIX.
2740 593 2811 604 —
2834 552 2913 619 De
2952 552 3180 635 Spiritus
3203 554 3371 619 sancti
3401 566 3574 620 autem
3600 565 3826 637 gemiti-

2231 655 2351 721 bus,
2375 658 2495 727 quia
2534 672 2638 712 non
2666 657 2781 728 ipse
2798 658 2991 729 gemit,
3021 646 3115 714 sed
3142 658 3404 731 inspirans
3425 658 3579 716 nobis
3601 659 3825 720 deside-

2230 748 2367 803 rium
2413 759 2654 805 sanctum
2692 766 2789 805 nos
2835 750 2961 806 facit
2992 766 3208 821 gemere
3236 752 3484 822 quamdiu
3510 755 3825 826 peregrina-

2231 856 2351 896 mur
2376 857 2406 896 a
2436 843 2659 897 Domino
2678 884 2692 907 ,
2728 843 2838 913 jam
2869 843 2959 897 tibi
3000 841 3327 900 sufficienter
3364 832 3704 916 respondisse
3732 864 3828 906 me

2232 933 2497 988 existimo.
2539 934 2606 988 Et
2646 934 2776 987 tales
2814 933 2882 989 de
2922 934 3209 1004 Scripturis
3250 937 3447 992 sanctis
3483 937 3825 1007 locutiones,

2232 1036 2484 1098 quantum
2517 1027 2645 1080 satis
2686 1026 2962 1081 videbatur
2989 1028 3220 1095 ostendi,
3250 1030 3498 1097 quoniam
3524 1030 3601 1085 sic
3629 1031 3830 1086 dicitur

2230 1133 2444 1188 gemere
2467 1117 2691 1188 Spiritus
2721 1127 2955 1184 sanctus,
2988 1118 3110 1188 quia
3139 1134 3236 1175 nos
3264 1110 3385 1175 facit
3411 1136 3659 1191 gemere;
3682 1124 3829 1178 sicut

2232 1209 2364 1264 dixit
2388 1210 2544 1271 Deus,
2576 1208 2729 1264 Nunc
2765 1210 2972 1283 cognovi
3003 1210 3153 1281 (Gen.
3184 1216 3314 1281 xit",
3349 1213 3457 1283 12),
3483 1214 3696 1285 quando
3724 1231 3829 1271 co-

2229 1316 2487 1371 gnoscere
2516 1302 2784 1357 hominem
2818 1300 2964 1358 fecit.
3006 1303 3120 1359 Non
3159 1305 3301 1359 enim
3331 1314 3455 1361 tunc
3498 1318 3831 1379 cognoverat

2229 1392 2372 1465 quod
2407 1402 2533 1449 tunc
2569 1409 2629 1449 se
2656 1393 2863 1449 dixerat
2901 1396 3235 1466 cognovisse,
3266 1397 3355 1466 qui
3386 1400 3563 1454 omnia
3590 1400 3691 1454 scit
3720 1404 3829 1455 an-

2229 1493 2441 1557 tequam
2479 1486 2625 1541 liant.
2659 1485 2741 1541 Ad
2776 1486 2916 1557 quod
2956 1494 3009 1544 te
3046 1488 3371 1560 respondere
3411 1507 3518 1547 non
3547 1494 3829 1564 potuisse,

2227 1578 2353 1649 quid
2376 1577 2589 1647 prodest
2611 1580 2732 1649 quia
2764 1580 2949 1645 sentis,
2978 1568 3190 1649 quando
3217 1598 3323 1636 non
3346 1584 3658 1639 consentis?

2300 1670 2527 1727 CAPUT
2574 1671 2691 1726 XX.
2734 1702 2805 1713 —-
2846 1674 2897 1727 1.
2938 1672 3055 1728 Jam
3086 1675 3246 1729 etiam
3286 1676 3353 1731 de
3390 1676 3567 1731 verbis
3605 1678 3830 1733 Domini

2230 1761 2318 1816 ubi
2341 1762 2434 1829 ait,
2464 1761 2579 1834 Ego
2606 1772 2651 1817 et
2683 1762 2839 1818 Pater
2859 1780 3013 1817 unum
3033 1781 3207 1819 sumus
3237 1764 3414 1835 (Joan.
3444 1784 3500 1823 χ.
3529 1768 3656 1839 30);
3685 1768 3830 1824 nihil

2230 1863 2283 1910 te
2302 1854 2627 1931 respondere
2657 1857 2892 1926 potuisse
2922 1858 3233 1912 monstravi.
3262 1858 3366 1915 Sed
3409 1867 3467 1913 ut
3494 1860 3576 1914 hic
3606 1876 3829 1931 quoque
3854 1898 3869 1907 ο

2229 1947 2529 2013 ostendam,
2553 1948 2597 2002 si
2624 1949 2902 2017 exemplis,
2932 1958 2989 2003 ut
3008 1948 3161 2015 dicis,
3186 1950 3377 2019 quibus
3400 1966 3497 2021 ego
3522 1966 3649 2007 usus
3676 1968 3828 2019 sum,

2230 2039 2309 2094 vis
2337 2039 2561 2108 probare
2586 2039 2855 2110 quomodo
2879 2039 3079 2095 dictum
3115 2041 3207 2110 sit,
3248 2024 3360 2113 Ego
3386 2052 3435 2097 et
3476 2042 3632 2097 Pater
3661 2060 3830 2097 unum

2226 2145 2435 2195 sumus,-
2462 2138 2515 2184 et
2540 2129 2609 2183 ob
2636 2124 2738 2185 hoc
2774 2132 3170 2185 commemoras
3199 2134 3545 2202 apostolicum
3576 2136 3828 2188 testimo-

2227 2220 2397 2288 nium,
2430 2220 2570 2292 quod
2604 2237 2635 2276 a
2661 2237 2746 2277 me
2785 2222 3016 2293 positum
3052 2231 3163 2289 est,
3196 2223 3284 2278 ubi
3320 2225 3425 2289 ait,
3461 2224 3561 2289 Qui
3594 2226 3830 2281 adhaeret

2226 2311 2468 2383 Domino,
2502 2330 2633 2369 unus
2665 2314 2868 2385 spiritus
2893 2324 2965 2369 est
2992 2313 3195 2387 (lCor.
3236 2332 3310 2382 vt,
3350 2317 3447 2388 l7)
3479 2336 3491 2371 :
3532 2318 3618 2373 dic
3643 2327 3697 2373 et
3730 2328 3825 2387 tu,

2227 2406 2359 2463 Cum
2391 2406 2627 2462 adhmret
2664 2406 2806 2462 Patri
2837 2408 3031 2475 Filius,
3062 2424 3199 2464 unus
3239 2410 3376 2465 Deus
3398 2420 3497 2465 est.
3525 2410 3639 2466 Non
3670 2413 3826 2466 enim

2224 2498 2301 2554 ait
2324 2499 2633 2570 Apostolus,
2663 2498 2763 2565 Qui
2784 2500 3005 2555 adhazret
3031 2500 3271 2568 Domino,
3295 2519 3455 2556 unum
3486 2514 3646 2569 sunt;
3675 2504 3828 2558 sicut

2226 2590 2424 2647 dictum
2440 2602 2542 2657 est,
2575 2591 2687 2663 Ego
2714 2602 2760 2645 et
2801 2592 2960 2647 Pater
2986 2610 3141 2647 unum
3169 2611 3377 2648 smnus:
3417 2594 3508 2649 sed
3538 2596 3645 2659 ait,
3681 2612 3827 2649 unus

2224 2686 2434 2756 spiritus
2476 2694 2568 2740 est.
2596 2683 2730 2740 Cum
2769 2694 2947 2739 autem
2989 2693 3045 2739 tu
3085 2700 3191 2739 non
3219 2685 3383 2752 dicas,
3414 2685 3545 2740 Cum
3574 2686 3828 2743 adhaeret

2225 2777 2368 2835 Patri
2396 2777 2585 2846 Filius,
2606 2794 2740 2833 unus
2772 2778 2911 2833 Deus
2943 2787 3060 2844 est;
3093 2779 3277 2848 utquid
3304 2788 3356 2834 et
3385 2788 3441 2833 tu
3469 2779 3689 2835 adhibes
3709 2780 3827 2837 hoc

2226 2871 2466 2941 Apostoli
2504 2871 2863 2926 testimonium
2885 2910 2899 2937 ,
2930 2871 3018 2926 ubi
3048 2871 3152 2938 ait,
3183 2872 3282 2937 Qui
3305 2873 3529 2926 adium-et
3566 2872 3823 2940 Domino,

2224 2978 2357 3016 unus
2385 2962 2593 3031 spiritus
2618 2970 2689 3015 est
2711 2979 2730 3027 ;
2768 2962 2869 3017 nisi
2898 2970 2956 3016 ut
2980 2970 3034 3017 te
3062 2962 3223 3019 etiam
3254 2979 3281 3017 a
3311 2972 3362 3019 te
3389 2964 3649 3034 producto
3676 2974 3825 3021 teste

2226 3053 2578 3108 convincam?
2606 3053 2756 3108 Nunc
2775 3053 2964 3110 saltem
2989 3053 3257 3125 distingue
3281 3055 3385 3110 duo
3410 3056 3529 3123 ista,
3560 3073 3679 3127 qua:
3703 3072 3825 3114 non

2226 3144 2464 3214 potuisti,
2496 3159 2615 3198 cum
2648 3144 2807 3198 simul
2847 3159 3118 3213 essemus,
3150 3145 3200 3199 in
3228 3154 3409 3201 nostra
3453 3146 3827 3217 disputatione

2225 3236 2572 3307 distinguere.
2630 3237 2923 3308 Diligenter
2971 3239 3146 3309 itaque
3203 3239 3417 3295 attende
3468 3241 3612 3310 quod
3666 3240 3822 3298 dico.

2226 3328 2451 3398 Quando
2488 3329 2557 3385 de
2594 3330 2756 3386 rebus
2781 3330 2991 3386 duabus
3024 3340 3115 3385 aut
3143 3332 3381 3401 pluribus
3412 3333 3626 3402 dicitur,
3661 3334 3827 3393 Unus

2223 3430 2327 3489 est,
2356 3421 2459 3486 vel,
2491 3436 2594 3475 una
2621 3430 2723 3487 est,
2759 3430 2812 3475 et
2840 3422 3051 3477 additur
3073 3424 3199 3494 quid
3230 3440 3367 3481 unus
3404 3426 3489 3481 vel
3517 3425 3641 3495 quid
3669 3440 3823 3495 una;

2224 3522 2279 3569 et
2302 3513 2369 3569 de
2396 3514 2479 3568 his
2498 3529 2619 3583 quae
2645 3513 2895 3581 diversae,
2926 3524 2979 3569 et
3003 3514 3071 3569 de
3097 3515 3180 3571 his
3204 3528 3324 3587 quae
3352 3526 3475 3572 sunt
3500 3518 3657 3573 unius
3681 3519 3828 3575 sub-

2225 3605 2434 3660 stantia:
2462 3604 2566 3659 dici
2598 3612 2791 3675 potest.
2815 3605 3049 3661 Diversa:
3070 3617 3193 3662 sunt
3213 3609 3352 3663 enim
3375 3609 3684 3665 substantiae
3703 3612 3829 3681 spi~

2223 3696 2357 3751 ritus
2384 3695 2613 3751 hominis
2657 3706 2711 3751 et
2757 3696 2988 3766 Spiritus
3033 3698 3381 3756 Dominiizet
3407 3711 3584 3758 tamen
3613 3702 3825 3759 dictum

2223 3795 2326 3854 est,
2358 3787 2457 3852 Qui
2490 3786 2716 3843 adhaeret
2740 3787 2959 3843 Domino
3000 3806 3132 3844 unus
3160 3792 3367 3861 spiritus
3400 3801 3490 3847 est.
3522 3791 3692 3850 Unius
3713 3810 3825 3850 au-

2225 3892 2331 3940 tem
2357 3884 2668 3939 substantias
2691 3893 2816 3939 sunt
2837 3885 3028 3940 animas
3056 3884 3329 3941 hominum
3360 3897 3414 3941 et
3440 3887 3601 3942 corda
3632 3888 3827 3944 homi-

2224 3993 2387 4040 num;
2428 3976 2497 4032 de
2534 3977 2725 4046 quibus
2757 3977 2955 4031 dictum
2988 3986 3099 4045 est,
3135 3978 3262 4033 Erat
3294 3980 3400 4035 illis
3435 3982 3603 4034 anima
3630 3997 3739 4035 una
3769 3992 3829 4038 es

2223 4085 2310 4123 cor
2348 4086 2503 4122 unum
2532 4068 2668 4138 (Act.
2706 4084 2776 4131 tv,
2810 4069 2922 4140 '52).
2954 4069 3056 4125 Ubi
3084 4079 3261 4125 autem
3289 4071 3481 4127 dicitur
3504 4072 3575 4128 de
3600 4073 3828 4130 duobus

2223 4170 2313 4214 aut
2342 4160 2599 4230 pluribus,
2620 4160 2793 4216 Unum
2821 4171 2965 4229 sunt,
2991 4176 3087 4217 nec
3111 4162 3323 4217 additur
3346 4164 3471 4234 quid
3492 4179 3651 4219 unum
3677 4165 3824 4232 sint;

2224 4269 2330 4308 non
2360 4252 2585 4307 diversae
2612 4254 2995 4324 intelliguntur,
3028 4255 3122 4309 sed
3148 4256 3306 4310 unius
3330 4271 3449 4311 esse
3474 4257 3824 4315 substantiae:

2224 4347 2362 4403 sicut
2386 4346 2583 4400 dictum
2614 4355 2718 4409 est,
2752 4346 2851 4412 Qui
2888 4348 3083 4416 plantat
3112 4359 3159 4402 et
3196 4351 3281 4419 qui
3306 4350 3472 4420 rigat,
3509 4364 3663 4403 unum
3689 4360 3831 4406 sunt

2223 4438 2266 4509 (Ι
2294 4437 2415 4494 Cor.
2446 4453 2523 4501 Ill,
2555 4438 2643 4508 8);
2681 4446 2753 4502 et,
2786 4437 2895 4509 Ego
2921 4448 2966 4492 et
3008 4438 3165 4493 Pater
3190 4456 3348 4494 unum
3376 4452 3564 4495 annuis.
3607 4441 3688 4495 Tn
3720 4457 3831 4497 au-

2224 4538 2330 4585 tem
2358 4530 2445 4599 qui
2474 4528 2683 4584 Patrem
2711 4538 2765 4585 et
2791 4529 2982 4585 Filium
3022 4532 3259 4588 diversas
3294 4534 3375 4587 Vis
3418 4546 3536 4589 esse
3562 4533 3833 4590 substan-

2222 4623 2345 4687 tias,
2370 4622 2609 4677 invenire
2635 4636 2742 4676 non
2768 4622 3006 4690 pomi-sti,
3040 4623 3132 4678 ubi
3157 4624 3223 4679 de
3243 4625 3469 4679 diversis
3492 4626 3823 4682 substantiis

2222 4714 2421 4769 dictum
2440 4712 2622 4778 fuerit,
2646 4711 2823 4766 Unum
2845 4723 2988 4768 sunt.
3014 4715 3080 4768 Et
3102 4716 3194 4785 qui
3216 4728 3321 4769 non
3348 4716 3428 4770 vis
3446 4715 3645 4783 (ﬁcere,
3670 4715 3827 4775 Cum

2221 4806 2388 4861 Filius
2416 4805 2653 4858 adltzcret
2678 4805 2841 4869 Patri,
2874 4821 3010 4861 unus
3040 4807 3181 4861 Deus
3209 4816 3326 4873 est;
3360 4807 3646 4865 adhibuisti
3672 4818 3732 4865 et
3764 4821 3829 4865 tu

2221 4896 2571 4966 apostolicum
2608 4896 2963 4950 testimonium
3001 4897 3143 4967 quod
3178 4900 3277 4967 ego
3306 4898 3682 4966 adhibuerant;
3714 4902 3825 4958 Sed

2221 4984 2508 5041 adhibuisti
2537 4988 2721 5039 contra
2751 4994 2803 5039 te
2834 4986 3029 5056 ipsum,
3060 4988 3149 5043 ubi
3180 4990 3287 5055 ait,
3315 4989 3418 5055 Qui
3446 4992 3670 5045 adnare:
3702 4992 3832 5048 Do-

2221 5079 2377 5143 mino,
2409 5092 2539 5132 unus
2587 5079 2795 5148 spiritus
2834 5080 2924 5133 est.
2964 5078 3021 5135 Si
3051 5080 3194 5135 enim
3234 5081 3300 5136 de
3343 5083 3423 5137 liis
3464 5085 3551 5153 qui
3580 5083 3833 5141 diversa:

2221 5169 2528 5225 substantia!
2554 5178 2711 5235 sunt,
2742 5179 2886 5225 recte
2915 5170 3020 5225 dici
3060 5173 3258 5241 potuit,
3288 5186 3421 5226 unus
3461 5176 3666 5244 spiritus
3703 5188 3833 5245 est;

2220 5270 2420 5332 quanto
2465 5263 2636 5332 magis
2664 5261 2732 5316 de
2762 5261 2844 5316 his
2868 5262 2958 5331 qni
2990 5264 3147 5317 unius
3172 5264 3483 5320 substantiae
3509 5274 3633 5320 sunt
3659 5279 3835 5329 recte

2220 5352 2436 5419 dicitur,
2466 5352 2614 5407 Unus
2649 5353 2789 5407 Dem
2817 5354 2938 5408 est?
2962 5351 3021 5409 Si
3048 5354 3162 5409 haec
3197 5354 3469 5426 intelligis,
3496 5372 3606 5412 non
3644 5367 3701 5413 te
3752 5364 3833 5419 ad

2220 5459 2281 5501 ea
2308 5444 2648 5514 respondisse
2665 5444 2774 5512 jam
2803 5445 3078 5515 perspicis.
3105 5454 3161 5501 et
3178 5446 3249 5503 de
3269 5458 3534 5503 consensu
3558 5450 3836 5507 volume-

2219 5539 2286 5593 tis
2315 5545 2367 5593 te
2410 5539 2638 5592 inaniter
2684 5545 2792 5590 tam
2835 5538 2999 5593 multa
3046 5538 3245 5594 dixisse
3289 5543 3584 5610 cognoscis.
3629 5540 3833 5601 Etiam

2220 5642 2319 5684 nos
2347 5630 2541 5698 quippe
2570 5628 3038 5697 incomparabilem
3068 5644 3383 5685 consensum
3412 5632 3697 5687 voluntatis
3731 5645 3833 5691 at-

2217 5730 2320 5793 quc
2351 5722 2629 5777 individua:
2659 5722 2934 5777 charitatis
2956 5723 3126 5778 Patris
3151 5734 3201 5777 et
3223 5724 3340 5779 Filii
3358 5736 3411 5780 et
3434 5725 3662 5795 Spiritus
3681 5742 3832 5783 san-

2217 5814 2286 5870 cti
2316 5814 2653 5878 omnitemur,
2686 5821 2905 5881 propter
2943 5814 3084 5882 quod
3124 5815 3383 5882 dicimus,
3418 5817 3542 5875 lituo
3568 5818 3831 5881 Trinius

2285 5930 2302 5960 ί
2338 5926 2643 6000 antiquiores
2658 5931 2789 5990 Mss,
2811 5929 2857 5978 et
2870 5925 3071 5992 Spiritus
3090 5928 3332 5985 Dominus.
