4084 6432
283 399 402 461 789

283 531 437 574 unus
467 527 549 582 est
575 509 734 574 Dens.
767 515 872 574 Sed
903 515 1001 574 nos
1028 516 1130 573 hoc
1157 511 1337 582 etiam,
1366 513 1506 588 quod
1530 513 1624 572 vos
1651 515 1756 572 non
1795 511 1878 572 di-

285 609 440 677 citis,
471 601 715 677 dicimus,
745 620 960 682 propter
986 625 1142 664 unam
1165 609 1511 680 eamdemque
1541 617 1782 663 nataram
1805 618 1884 664 at-

284 717 400 773 que
429 697 780 758 substantiam
805 743 819 769 ,
855 701 920 756 lli“
943 711 1051 757 tres
1080 717 1240 756 unum
1274 708 1415 756 sunt.
1447 699 1571 755 Haec
1595 701 1640 756 si
1677 697 1882 755 discre-

287 793 459 866 ve'ris,
490 806 544 852 et
570 791 935 851 contentiosus
960 809 1079 850 esse
1119 793 1375 859 nolueris,
1406 791 1508 847 non
1537 801 1587 848 te
1616 791 1680 846 ad
1705 807 1768 847 ea
1798 806 1883 848 re-

284 880 578 959 spondisse
607 890 804 963 aliquid
839 891 950 961 jam
981 889 1214 957 videbis,
1247 897 1300 945 et
1342 889 1408 944 de
1452 887 1552 944 hac
1590 881 1882 959 (intestione

284 969 482 1051 procul
512 982 673 1038 dubio
694 983 803 1054 jam
834 983 1051 1039 tacebis.

363 1061 416 1132 2'.
464 1065 562 1134 Ubi
603 1086 784 1133 autem
819 1076 953 1132 dixit
981 1075 1148 1132 Filius
1176 1075 1357 1143 Patri,
1393 1073 1582 1156 Verum
1625 1091 1726 1128 non
1747 1074 1882 1144 quod

283 1184 383 1238 ego
413 1171 559 1236 volo,
605 1171 693 1226 sed
721 1170 856 1241 quod
897 1179 950 1224 tu
993 1170 1097 1236 vis;
1139 1163 1264 1240 quid
1304 1163 1357 1225 te
1382 1157 1594 1240 adjuvat
1620 1167 1761 1240 quod
1793 1171 1881 1222 tua

285 1264 457 1317 verba
482 1263 758 1335 subjungis
784 1272 837 1318 et
856 1263 1008 1330 dicis,
1031 1247 1261 1317 Ostendit
1287 1280 1398 1318 vere
1413 1262 1717 1317 voluntatem
1734 1261 1881 1317 suam'

278 1358 566 1428 subiectam
605 1372 695 1411 suo
738 1355 952 1428 genitori
980 1372 1000 1410 :
1026 1355 1177 1426 quasi
1204 1370 1304 1410 nos
1345 1369 1619 1425 negemus,
1649 1353 1880 1409 hominis

283 1433 620 1504 voluntatem
645 1429 901 1502 voluntati
932 1446 1027 1502 Dei
1048 1443 1244 1503 debere
1263 1439 1725 1516 esse’subjectam?
1744 1443 1876 1500 Nam

279 1523 356 1598 ex
387 1550 574 1596 natura
616 1525 845 1595 hominis
877 1539 979 1596 hoc
1006 1538 1206 1616 dixisse
1237 1529 1517 1622 Daminum
1557 1538 1662 1594 cito
1693 1538 1874 1605 videt,

280 1634 378 1706 qui
405 1635 582 1716 locum
613 1633 782 1703 ipsum
811 1632 979 1686 sancti
1025 1625 1298 1702 Evangelii
1330 1631 1486 1701 paulo
1513 1630 1766 1686 attentids
1792 1631 1876 1685 in-

280 1733 484 1780 tuetur.
517 1726 592 1780 lbi
619 1726 761 1780 enim
788 1723 918 1779 dixit
948 1742 960 1778 :
992 1722 1176 1802 Tristis
1207 1733 1278 1778 est
1295 1722 1466 1802 anima
1498 1741 1607 1778 mea
1627 1741 1783 1794 usque
1809 1724 1880 1777 ad

281 1825 500 1870 mortem
533 1818 551 1889 (
584 1815 770 1870 Matth.
794 1831 942 1882 xxvr,
971 1797 1062 1882 39,
1094 1801 1231 1887 38).
1281 1797 1550 1886 Numquid
1580 1831 1642 1871 ex
1688 1823 1875 1870 natura

280 1910 430 1966 unici
472 1908 630 1963 Verbi
660 1917 842 1979 posset
870 1907 970 1964 hoc
998 1908 1142 1964 dici?
1165 1906 1271 1965 Sed
1297 1907 1460 1964 homo
1483 1909 1573 1980 qui
1601 1917 1750 1979 putas
1780 1924 1876 1980 ge-

280 2020 436 2062 rnere
456 2013 698 2058 naturam
730 2002 959 2074 Spiritus
985 2002 1178 2071 sancti,
1205 2017 1301 2058 cur
1320 2017 1426 2058 non
1448 2002 1608 2058 etiam
1630 2011 1875 2060 naturam

280 2094 449 2151 Verbi
480 2095 573 2151 Dei
604 2094 860 2165 unigeniti
891 2093 1097 2150 tristem
1137 2093 1284 2149 dicas
1310 2108 1430 2149 esse
1471 2094 1739 2164 potuisse?
1779 2095 1875 2153 llle

279 2196 494 2253 tamen,
521 2203 590 2242 ne
616 2187 742 2258 quid
783 2187 1050 2244 diceretur
1078 2187 1202 2253 tale,
1230 2202 1334 2242 non
1367 2186 1460 2251 ait,
1489 2185 1680 2242 Tristis
1710 2203 1830 2243 sum
1854 2205 1870 2255 ;

280 2280 528 2349 quamvis
563 2279 771 2335 etiamsi
801 2279 902 2333 hoc
930 2278 1171 2343 dixisset,
1204 2293 1311 2333 non
1339 2278 1441 2332 nisi
1471 2294 1536 2334 ex
1564 2288 1748 2335 natura
1771 2279 1876 2335 ho-

281 2371 442 2424 minis
465 2369 792 2439 oportuisset
820 2368 1041 2438 intelligi
1071 2386 1084 2422 :
1115 2367 1209 2424 sed
1239 2367 1339 2442 ait,
1369 2366 1550 2422 Tristis
1585 2379 1657 2423 est
1699 2371 1872 2426 anima

282 2478 395 2516 mea
408 2477 428 2526 ;
474 2475 637 2531 quam
678 2461 817 2514 sicut
855 2458 1018 2514 homo
1057 2459 1238 2529 utique
1283 2458 1512 2515 habebat
1560 2459 1869 2518 humanam.

281 2552 598 2622 Quanquam
637 2560 693 2606 et
733 2551 785 2606 in
819 2551 922 2607 hoc
947 2551 1088 2622 quod
1125 2551 1235 2620 ait,
1277 2549 1401 2607 Non
1427 2553 1562 2623 quod
1605 2568 1695 2625 ego
1723 2556 1873 2624 volo;

281 2645 428 2701 aliud
457 2660 519 2701 se
544 2644 776 2700 ostendit
802 2644 1034 2700 voluisse
1060 2660 1218 2715 quam
1244 2645 1402 2702 Pater
1428 2663 1443 2702 :
1471 2646 1613 2718 quod
1639 2647 1743 2704 nisi
1770 2648 1870 2704 hu-

287 2752 451 2792 mano
479 2735 641 2792 corde
661 2752 767 2792 non
796 2738 1076 2807 potuisset,
1104 2753 1224 2794 cum
1248 2737 1609 2796 inﬁrmitatem
1632 2749 1872 2799 nostram

285 2828 340 2885 in
364 2844 552 2898 suum,
582 2844 688 2884 non
717 2829 952 2885 divinum
977 2871 992 2897 ,
1033 2830 1126 2887 sed
1151 2831 1442 2887 humanum
1471 2833 1873 2905 transﬁguraret

280 2920 554 2976 allectum.
588 2920 814 2977 nomine
851 2923 1048 2993 quippe
1076 2938 1186 2978 non
1210 2932 1503 2994 assumpto,
1537 2925 1683 2980 nullo
1710 2926 1872 2982 modo

280 3014 426 3072 Patri
469 3017 674 3074 diceret
717 3017 934 3073 unicum
974 3017 1230 3086 Verbum,
1260 3017 1383 3073 Non
1421 3020 1556 3090 quod
1603 3036 1692 3091 ego
1736 3019 1868 3075 volo.

279 3105 564 3178 Nunquam
589 3109 729 3166 enim
761 3118 942 3180 posset
982 3109 1326 3167 immutabilis
1365 3110 1453 3166 illa
1491 3118 1678 3166 natura
1715 3111 1871 3183 quid-

277 3213 440 3270 quam
467 3200 613 3256 aliud
639 3201 778 3257 velle
807 3215 966 3271 quam
1004 3201 1180 3257 Pater.
1208 3201 1334 3258 ΙΙωο
1377 3202 1423 3259 si
1451 3201 1868 3274 distingueretis,

279 3292 466 3348 Ariani
489 3292 726 3349 hairetici
751 3309 860 3348 non
887 3294 1096 3350 essetis.

349 3386 408 3440 3.
446 3385 581 3442 Nam
608 3395 663 3442 et
692 3387 820 3442 illud
846 3385 991 3457 quod
1014 3385 1215 3442 dictum
1244 3392 1362 3453 est,
1395 3385 1640 3441 Descendi
1674 3387 1737 3441 de
1768 3404 1869 3442 ca:-

281 3478 352 3546 lo,
378 3495 486 3534 non
507 3488 564 3534 ut
586 3480 769 3551 faciam
794 3479 1101 3534 voluntatem
1121 3494 1304 3546 meam;
1325 3478 1414 3532 sed
1435 3479 1742 3534 voluntatem
1763 3480 1871 3549 ejus

277 3571 366 3640 qui
410 3587 493 3625 me
537 3571 675 3625 misit
719 3570 896 3641 (Joan.
925 3585 1000 3637 vi,
1027 3569 1120 3639 38)
1168 3583 1182 3623 :
1244 3577 1422 3638 potest
1457 3569 1671 3640 quidem
1701 3568 1870 3639 accipi

279 3665 442 3718 etiam
469 3661 761 3719 secundum
792 3661 844 3717 id
871 3661 1018 3733 quod
1041 3670 1123 3717 est
1153 3661 1481 3731 unigenitum
1509 3661 1741 3718 Verbum
1765 3677 1778 3728 ;
1813 3670 1872 3718 ut

281 3752 407 3810 ideo
432 3755 758 3809 voluntatem
790 3769 895 3808 non
921 3768 1075 3809 suam
1111 3753 1306 3810 dixerit
1344 3768 1486 3822 esse,
1519 3754 1614 3810 sed
1653 3755 1826 3810 Patris
1848 3797 1865 3824 ,

282 3846 537 3916 quoniam
562 3845 629 3902 de
648 3846 806 3902 Patre
823 3856 905 3902 est
929 3846 1183 3917 quidquid
1206 3855 1290 3902 est
1312 3846 1506 3913 Filius;
1537 3863 1642 3904 non
1664 3858 1747 3905 est
1769 3865 1867 3903 au-

283 3942 392 3991 tem
415 3936 486 3992 de
509 3936 642 3992 Filio
670 3937 924 4008 quidquid
949 3945 1033 3994 est
1055 3937 1213 3994 Pater
1239 3954 1254 3992 :
1296 3938 1585 3996 secundum
1615 3940 1756 4011 quod
1783 3941 1867 3996 di-

283 4037 432 4084 ctum
452 4035 537 4086 εει
553 4037 627 4097 et,
659 4030 782 4086 Mea
806 4030 1039 4086 doctrina
1064 4046 1166 4085 non
1190 4039 1264 4086 est
1289 4047 1419 4098 mea,
1440 4031 1530 4087 sed
1557 4034 1665 4104 ejus
1684 4035 1770 4103 qui
1790 4051 1868 4088 me

282 4121 420 4174 misit
444 4119 560 4190 (1d.
599 4136 692 4185 vn,
726 4119 815 4193 t6)
839 4137 854 4187 ;
882 4121 1133 4192 quoniam
1153 4121 1336 4182 Patris
1371 4121 1615 4178 doctrina
1645 4124 1760 4195 ipse
1787 4135 1869 4182 est

280 4211 371 4281 qui
407 4209 582 4268 Patris
608 4221 693 4268 est
717 4211 950 4268 Verbum
971 4247 988 4279 ς
1017 4222 1072 4270 et
1095 4214 1278 4285 utique
1321 4230 1430 4270 non
1456 4224 1539 4271 est
1562 4231 1593 4270 a
1621 4231 1678 4272 se
1709 4217 1824 4288 ipso
1845 4261 1864 4288 ,

277 4303 374 4361 sed
400 4319 434 4360 ιι
471 4303 648 4361 Patre.
690 4305 756 4360 Et
795 4321 981 4376 rursus
1008 4321 1130 4364 cum
1168 4307 1331 4376 dicit,
1366 4293 1552 4363 Omnia
1583 4327 1696 4380 qua:
1724 4311 1868 4367 habet

276 4393 464 4464 Pater,
485 4404 598 4452 mea
619 4406 734 4474 sunt
753 4396 868 4468 (1d.
889 4398 1108 4468 “1,15)
1137 4415 1154 4466 ;
1181 4397 1324 4454 Patri
1346 4415 1406 4455 se
1431 4401 1664 4457 ostendit
1687 4417 1867 4474 aequa-

275 4485 405 4544 lem.
447 4486 564 4543 Non
603 4473 892 4545 absurdum
920 4498 1004 4546 est
1031 4497 1207 4546 tamen
1228 4531 1245 4558 ,
1276 4499 1336 4546 ut
1358 4491 1518 4547 etiam
1547 4492 1649 4548 hoc
1674 4508 1866 4568 secun-

275 4579 403 4636 dum
434 4579 488 4636 id
505 4581 650 4651 quod
672 4581 830 4637 homo
855 4581 1025 4638 factus
1051 4590 1158 4650 est,
1184 4580 1386 4640 dixisse
1409 4585 1698 4655 accipiatur
1727 4605 1740 4642 :
1764 4585 1867 4644 Dc-

277 4671 452 4727 scendi
471 4672 534 4727 de
555 4674 702 4740 celo,
724 4689 827 4728 non
847 4682 901 4729 ut
930 4673 1118 4744 faciam
1137 4674 1442 4730 voluntatem
1459 4692 1642 4744 meum,
1671 4677 1760 4732 sed
1780 4695 1866 4736 vo-

276 4763 521 4819 luntatem
540 4765 649 4836 ejus
667 4766 754 4837 qui
785 4777 865 4820 me
898 4766 1052 4821 misit.
1079 4765 1360 4823 Secundus
1385 4765 1527 4824 enim
1556 4766 1748 4836 Adam,
1773 4771 1864 4840 qui

274 4858 416 4913 tollit
456 4866 735 4930 peccatum
763 4859 986 4926 mundi,
1015 4861 1118 4917 isto
1148 4859 1308 4918 modo
1333 4875 1394 4918 se
1421 4861 1670 4919 discrevit
1693 4879 1723 4918 a
1751 4864 1861 4935 pri-

274 4940 364 5006 mo
390 4950 565 5006 Ada‘m'
587 4989 603 5018 ,
629 4961 742 5023 per
781 4965 939 5023 quem
980 4962 1254 5023 peccatum
1282 4953 1498 5011 intravit
1524 4957 1576 5010 in
1608 4956 1863 5014 mundum

276 5041 462 5115 (Rom.
491 5059 546 5110 v,
576 5042 680 5114 12)
709 5061 721 5096 :
751 5045 876 5115 quia
900 5044 1002 5100 iste
1025 5059 1130 5100 non
1169 5043 1297 5100 fecit
1329 5046 1657 5103 voluntatem
1686 5065 1858 5118 suam,

276 5134 370 5189 sed
399 5134 516 5204 ejus
541 5148 570 5189 a
591 5147 699 5206 quo
720 5135 918 5191 missus
946 5142 1059 5202 est;
1089 5150 1209 5190 cum
1241 5135 1330 5192 ille
1350 5135 1532 5193 fecerit
1559 5153 1732 5206 suam,
1754 5155 1861 5197 non

275 5228 392 5300 eius
415 5244 447 5284 a
472 5235 580 5300 quo
603 5237 816 5286 creatus
840 5238 941 5287 est.
968 5229 1077 5286 Nec
1102 5238 1312 5285 moveat
1329 5231 1598 5301 quomodo
1617 5232 1861 5292 Christus

275 5320 574 5377 secundum
613 5320 667 5376 id
702 5320 845 5392 quod
872 5319 1037 5377 homo
1073 5327 1189 5388 est,
1219 5319 1555 5378 descenderit
1579 5322 1648 5381 de
1688 5325 1858 5394 coelo,

275 5428 396 5470 etim
427 5412 496 5470 de
517 5421 691 5469 matre
711 5429 832 5486 quas
848 5415 902 5470 in
933 5422 1073 5470 terra
1104 5421 1220 5470 erat
1243 5413 1413 5470 factus
1440 5415 1510 5470 sit
1535 5415 1716 5471 homo.
1747 5419 1861 5475 lloc

274 5505 416 5562 enim
445 5513 666 5577 propter
692 5506 948 5566 unitatem
971 5520 1216 5576 personae
1241 5505 1439 5562 dictum
1462 5516 1567 5576 est,
1607 5511 1858 5581 quoniam

271 5603 375 5656 una
400 5611 632 5670 persona
653 5606 737 5654 est
759 5597 1002 5654 Christus
1025 5599 1162 5655 Deus
1182 5607 1236 5654 et
1263 5598 1441 5654 homo.
1467 5600 1689 5671 Propter
1713 5603 1854 5673 quod
1919 5666 1922 5670 ,

274 5691 434 5745 etiam
465 5705 480 5743 :
515 5688 716 5759 Nemo,
755 5690 944 5760 inquit,
973 5691 1195 5748 ascendit
1225 5691 1280 5744 in
1307 5691 1515 5759 coelum,
1548 5692 1645 5748 nisi
1678 5695 1762 5764 qui
1792 5694 1855 5749 de

272 5783 398 5837 mlo
425 5781 682 5837 descendit
703 5822 720 5848 ,
751 5779 920 5838 Filius
949 5781 1198 5848 hominis,
1230 5782 1315 5854 qui
1339 5792 1411 5837 est
1435 5783 1487 5838 in
1516 5784 1640 5840 caelo
1673 5785 1852 5856 (Joan.

268 5888 349 5946 ιιι,
372 5874 483 5945 t3).
513 5873 569 5932 Si
590 5888 717 5946 ergo
737 5872 977 5932 attendas
995 5873 1390 5937 distinctionem
1411 5873 1852 5950 substantiam,

1608 381 1812 458 Lm'nn
1851 384 2225 462 sacus‘nus’.

3471 416 3602 477 798'

1993 517 2156 574 Filius
2193 519 2287 577 Dei
2320 521 2388 578 de
2415 524 2551 580 ccelo
2579 523 2887 596 descendit,
2921 528 3086 586 Filius
3131 531 3359 588 hominis
3400 527 3576 589 cruci-

1991 609 2126 665 ﬁxus
2156 620 2238 667 est
2269 628 2284 665 :
2313 615 2358 669 si
2382 616 2638 673 unitatem
2663 623 2923 689 personte,
2955 626 3008 676 et
3035 622 3456 680 Filius-liuidinis
3482 626 3576 682 de-

1989 706 2194 761 scendit
2248 704 2313 762 de
2341 709 2506 776 cmlo,
2545 719 2610 765 et
2648 710 2812 768 Filius
2875 714 2969 770 Dei
3009 722 3092 771 est
3115 716 3417 774 cruciﬁxus.
3459 718 3576 788 Ipse

1990 804 2069 850 est
2096 798 2233 852 enim
2266 798 2520 856 nuntians
2562 801 2773 871 δῖοι-ἰώ,
2807 805 2874 861 de
2903 821 3010 876 quo
3035 807 3109 862 ait
3144 809 3434 878 Apostolus
3463 829 3476 866 :
3514 809 3578 865 Si

1989 888 2121 940 enim
2138 891 2500 959 cognovissent,
2526 895 2785 963 nunquam
2800 893 3076 951 Dominum
3096 898 3274 969 gloria
3292 901 3577 970 cruciﬁxu-

1988 985 2097 1033 sent
2124 977 2165 1049 (ι
2189 980 2306 1034 Cor.
2338 997 2393 1048 ιι,
2428 979 2505 1054 8).
2527 983 2758 1054 Propter
2780 986 2918 1042 hanc
2943 999 3072 1060 ergo
3096 991 3349 1047 unitatem
3381 1003 3573 1061 perso-

1988 1085 2099 1135 nae,
2146 1087 2253 1126 non
2283 1073 2455 1130 solum
2485 1073 2678 1131 Filium
2721 1075 2950 1134 hominis
2978 1080 3111 1135 dixit
3137 1080 3475 1138 descendisse
3503 1083 3578 1138 de

1987 1162 2146 1230 etelo,
2177 1161 2269 1218 sed
2297 1177 2415 1220 esse
2435 1163 2570 1221 dixit
2595 1167 2649 1221 iu
2674 1167 2835 1237 calo,
2855 1183 2975 1224 cum
2997 1171 3304 1242 loqueretur
3327 1173 3382 1228 in
3403 1182 3568 1228 terra.

1987 1253 2100 1308 Non
2129 1269 2258 1326 ergo
2287 1257 2612 1313 voluntatem
2641 1273 2792 1315 suam
2821 1259 2968 1330 fecit,
2995 1263 3118 1334 quia
3158 1274 3432 1335 peccatum
3464 1281 3571 1319 non

1988 1343 2112 1402 fecit
2143 1365 2154 1400 :
2188 1347 2280 1403 sed
2304 1349 2634 1406 voluntatem
2661 1349 2786 1408 fecit
2805 1353 2949 1410 illius
2973 1356 3064 1426 qui
3089 1371 3210 1412 eum
3231 1358 3395 1413 misit.
3419 1358 3572 1414 Tune

1985 1441 2126 1496 enim
2159 1442 2280 1497 facit
2314 1443 2474 1500 homo
2502 1445 2828 1503 voluntatem
2857 1448 2952 1505 Dei
2972 1491 2987 1518 ,
3027 1451 3240 1522 quando
3265 1452 3395 1510 facit
3416 1453 3574 1525 justi-

1985 1530 2110 1584 tiam
2144 1547 2260 1602 qua:
2282 1545 2348 1590 ex
2370 1531 2483 1591 Deo
2509 1537 2609 1592 est.

2054 1622 2108 1678 4.
2141 1623 2247 1679 Nec
2274 1625 2354 1681 sic
2375 1625 2699 1684 arbitremur
2725 1644 2754 1685 a
2775 1630 2934 1688 Patre
2953 1633 3175 1690 missum
3205 1647 3325 1692 esse
3348 1633 3561 1707 Filium,

1983 1707 2042 1770 ut
2076 1731 2182 1771 non
2214 1717 2283 1772 sit
2311 1718 2504 1774 missus
2532 1719 2600 1776 ab
2626 1720 2829 1793 Spiritu
2861 1727 3080 1792 sancto;
3127 1741 3248 1782 cum
3276 1742 3379 1784 vox
3405 1729 3572 1801 ipsius

1981 1806 2052 1862 sit
2081 1819 2175 1878 per
2199 1811 2533 1881 prophetam,
2569 1809 2640 1869 Et
2663 1831 2796 1870 nunc
2823 1813 3072 1874 Dominus
3091 1821 3228 1875 misit
3250 1837 3349 1890 me,
3370 1830 3418 1878 et
3446 1823 3571 1896 Spi~

1981 1901 2109 1952 ritus
2139 1901 2266 1972 ejus.
2309 1899 2421 1958 [loc
2450 1905 2591 1960 enim
2624 1904 2814 1963 Filium
2842 1909 3060 1977 dixisse,
3098 1911 3333 1970 indicant
3366 1929 3428 1970 ea
3451 1931 3570 1987 qua:

1979 2001 2106 2048 sunt
2133 1993 2271 2048 dicta
2299 1997 2563 2066 superius.
2591 1990 2722 2054 Nam
2753 2000 2830 2055 sic
2859 2001 2924 2056 ad
2955 2003 3053 2058 ista
3066 2003 3227 2060 verba
3254 2015 3569 2076 perventum

1979 2093 2060 2140 est
2090 2101 2102 2137 :
2135 2085 2316 2140 Audite
2339 2103 2435 2155 me,
2480 2088 2668 2160 inquit,
2707 2089 2887 2159 Iacob,
2926 2102 2971 2146 et
2991 2092 3158 2149 Israel
3188 2112 3335 2167 quem
3368 2111 3458 2169 ego
3483 2113 3571 2153 vo-

1979 2175 2122 2228 cabo.
2155 2171 2266 2247 Ego
2291 2194 2401 2231 sum
2423 2181 2635 2249 primus,
2673 2185 2722 2236 et
2750 2199 2840 2255 ego
2869 2195 2981 2238 sum
3005 2184 3058 2239 in
3082 2195 3323 2242 internum
3340 2205 3358 2254 ,°
3385 2195 3433 2243 et
3457 2206 3568 2244 ma-

1979 2281 2074 2320 nus
2099 2283 2208 2320 mea
2237 2269 2467 2339 fundavit
2495 2280 2699 2339 terram,
2734 2273 2940 2329 dextera
2973 2289 3084 2331 mea
3108 2278 3339 2332 solidavit
3364 2281 3566 2338 calum.

1987 2355 2186 2415 Vocabo
2218 2363 2353 2430 illos,
2393 2372 2441 2418 et
2477 2367 2710 2421 astubunt
2747 2367 2932 2435 simul;
2961 2373 3250 2426 convenient
3279 2375 3428 2428 etiam
3456 2377 3568 2430 uni-

1977 2452 2127 2519 versi,
2163 2461 2208 2507 et
2245 2449 2467 2509 audient.
2505 2445 2629 2521 (luis
2667 2459 2772 2513 illis
2802 2463 3048 2516 nuntiavit
3085 2453 3229 2518 lucc?
3261 2463 3488 2536 Diligens
3521 2476 3568 2522 te

1979 2543 2076 2614 feci
2097 2544 2402 2599 voluntatem
2428 2557 2564 2607 tuam
2594 2553 2746 2618 super
2769 2545 3071 2624 Babylonia,
3100 2565 3152 2607 ut
3171 2556 3380 2610 tollatur
3398 2574 3566 2613 semen

1977 2633 2352 2691 Chaldworum.
2400 2633 2512 2709 Ego
2561 2633 2755 2695 locutus
2793 2659 2934 2711 sum,
2987 2661 3077 2716 ego
3123 2652 3324 2714 vocavi;
3371 2649 3566 2705 adduxi

1977 2727 2141 2794 illum,
2176 2739 2223 2784 et
2246 2747 2540 2802 prosperam
2567 2734 2696 2787 viam
2723 2735 2831 2806 ejus
2855 2733 2970 2807 feci.
3014 2735 3282 2794 Conuenite
3307 2739 3374 2794 ad
3393 2757 3491 2807 me,
3517 2747 3568 2797 et

1977 2822 2146 2876 audite
2170 2823 2287 2878 ista.
2319 2821 2430 2879 Nec
2460 2826 2591 2880 enim
2615 2825 2676 2880 ab
2705 2828 2847 2882 initio
2871 2830 2924 2882 in
2953 2827 3172 2885 obscuro
3190 2830 3384 2888 locutus
3406 2848 3520 2888 sum
3545 2849 3566 2888 :

1978 2921 2091 2970 cum
2113 2915 2315 2987 ﬁebant,
2359 2919 2428 2974 ibi
2466 2919 2636 2988 erant;
2680 2931 2728 2976 et
2761 2940 2896 2977 nunc
2921 2913 3172 2980 Dominus
3212 2927 3347 2982 misit
3379 2943 3476 2994 me,
3518 2935 3568 2982 et

1980 3008 2204 3079 Spiritus
2234 3005 2342 3080 ejus
2369 3011 2520 3082 (Isai.
2548 3029 2735 3081 vani,
2760 3015 2967 3089 12-16).
2997 3017 3134 3086 Quid
3163 3017 3265 3074 hoc
3288 3021 3565 3091 apertius?

1976 3096 2086 3155 Nec
2110 3101 2186 3156 sic
2205 3117 2233 3154 a
2262 3100 2419 3157 Patre
2441 3114 2494 3157 et
2520 3103 2722 3174 Spiritu
2743 3115 2927 3160 sancto
2949 3107 3142 3164 missus
3166 3116 3269 3178 est,
3299 3118 3359 3164 ut
3375 3125 3434 3167 se
3450 3111 3565 3184 ipse

1978 3206 2086 3247 non
2124 3193 2364 3249 miserit:
2409 3194 2546 3250 sicut
2586 3207 2616 3250 a
2656 3195 2812 3253 Patre
2850 3198 3149 3255 ostenditur
3180 3201 3424 3269 traditus,
3475 3201 3565 3258 ubi

1977 3284 2190 3356 legitur,
2238 3286 2336 3351 Qui
2358 3285 2500 3342 Filio
2526 3290 2732 3361 proprio
2770 3308 2871 3345 non
2912 3293 3148 3363 pepercit,
3190 3294 3279 3349 sed
3308 3312 3398 3366 pro
3424 3293 3566 3350 nobis

1976 3375 2206 3431 omnibus
2220 3378 2425 3432 tradidit
2437 3381 2546 3434 eunt'
2565 3380 2586 3451 (
2593 3369 2742 3436 Rom.
2758 3395 2873 3451 vnt,
2893 3384 3015 3453 32);
3039 3385 3142 3440 alio
3163 3395 3340 3441 autem
3364 3387 3480 3442 loco
3497 3385 3564 3443 de

1977 3466 2093 3538 ipso
2119 3467 2253 3524 Filio
2290 3468 2500 3540 dicitur,
2529 3472 2630 3539 Qui
2668 3491 2745 3527 me
2777 3475 2972 3543 dilexit,
3020 3483 3066 3532 et
3103 3477 3313 3533 tradidit
3345 3479 3566 3552 seipsum

1977 3575 2070 3628 pro
2094 3575 2172 3612 mc
2199 3557 2395 3628 (Galat.
2421 3575 2476 3626 ιι,
2509 3559 2624 3634 20).
2661 3559 2938 3632 Quomodo
2964 3565 3139 3622 autem
3176 3579 3279 3622 non
3319 3567 3442 3624 facit
3466 3583 3562 3625 vo-

1975 3649 2234 3705 luntatem
2257 3666 2430 3720 suam,
2462 3653 2552 3723 qui
2574 3653 2727 3722 dixit,
2759 3653 2904 3712 Sicut
2928 3650 3084 3713 Pater
3109 3662 3316 3715 suscitat
3336 3669 3561 3721 mortuos

1974 3739 2020 3798 el
2050 3743 2286 3814 vivi/ient,
2313 3747 2384 3799 sic
2401 3755 2445 3801 et
2467 3745 2632 3804 Filius
2652 3765 2778 3820 quos
2799 3752 2902 3806 vult
2923 3753 3139 3821 viviﬁcat
3164 3745 3338 3826 (Joan.
3359 3773 3412 3826 v,
3430 3755 3521 3832 21)
3543 3777 3557 3813 :

1973 3846 2174 3892 etcum
2206 3838 2254 3892 ei
2285 3837 2483 3894 dictum
2520 3849 2678 3908 esset,
2728 3841 2790 3898 Si
2831 3843 2924 3912 vis,
2973 3855 3114 3916 potes
3152 3865 3232 3902 me
3284 3851 3561 3918 mundare;

1973 3929 2268 3998 respondit,
2322 3930 2469 4001 Volo,
2523 3933 2803 4000 mundare;
2853 3947 2907 3992 et
2944 3936 3010 3993 ad
3048 3933 3266 3995 verbum
3308 3944 3560 4000 continuo

1973 4009 2270 4106 factumest
2289 4007 2430 4093 quod
2455 4013 2590 4106 velle
2606 4039 2665 4081 se
2688 4025 2822 4082 dixit
2847 4025 3062 4106 (Matth.
3078 4045 3190 4098 vni,
3211 4031 3266 4100 2,
3283 4032 3381 4105 3)?
3409 4033 3560 4091 Sicut

1971 4101 2147 4192 autem
2170 4101 2334 4168 Filius
2361 4101 2826 4196 facitvoluhtatetii
2848 4105 3036 4196 Patris,
3070 4121 3146 4177 sic
3173 4131 3225 4178 et
3252 4101 3410 4182 Pater
3433 4125 3562 4184 facit

1971 4187 2293 4262 voluntatem
2317 4191 2455 4261 Filii.
2494 4199 2626 4262 Nam
2653 4205 2820 4265 Filius
2847 4205 2975 4267 dicit
3003 4187 3028 4266 ί
3057 4209 3235 4285 Pater,
3265 4216 3375 4272 volo
3396 4227 3450 4272 ut
3473 4219 3560 4274 ubi

1969 4311 2060 4367 ego
2078 4312 2212 4364 sum,
2245 4305 2297 4380 et!
2318 4298 2403 4351 isti
2425 4291 2526 4352 sini
2546 4301 2737 4353 mecum
2762 4300 2938 4374 (Joan.
2964 4317 3089 4373 xvtt,
3116 4299 3232 4378 24).
3263 4305 3379 4364 Νοιι
3401 4308 3555 4380 dixit,

1969 4377 2122 4454 Peto,
2156 4386 2261 4454 vel,
2283 4379 2466 4458 Rogo;
2514 4389 2629 4457 sed,
2670 4391 2783 4445 volo
2814 4407 2833 4446 :
2873 4402 2931 4448 ut
2967 4395 3071 4450 isto
3113 4377 3327 4455 volente
3360 4377 3558 4460 faceret

1969 4477 2079 4547 ille,
2108 4479 2242 4535 sicut
2284 4480 2375 4534 illo
2409 4475 2621 4536 valente
2649 4481 2873 4539 facibbat
2912 4485 3011 4542 iste
3040 4504 3054 4541 :
3104 4495 3285 4546 etnon
3315 4491 3415 4546 alia
3441 4495 3552 4563 ille,

1969 4565 2069 4624 alia
2097 4571 2228 4636 iste;
2280 4565 2373 4626 sed
2409 4586 2527 4650 quae
2556 4571 2664 4641 ille,
2719 4571 2833 4630 haec
2866 4578 3024 4632 etiam
3056 4569 3174 4635 istc.
3219 4581 3556 4657 Quaecumque

1947 4651 2100 4715 enim
2122 4657 2277 4715 Pater
2297 4659 2439 4732 facit,
2465 4661 2571 4718 nec
2595 4667 2641 4718 et
2661 4659 2829 4721 Filius
2843 4663 3071 4724 similiter
3089 4672 3212 4743 facit
3237 4671 3346 4746 (Id.
3364 4689 3418 4742 v,
3440 4651 3552 4747 1'9).

1969 4749 2141 4810 Verba
2171 4761 2293 4811 sunt
2320 4755 2504 4827 ipsius,
2532 4758 2695 4815 Verba
2719 4749 2957 4819 veritatis
2981 4769 3124 4835 sunt,
3153 4757 3284 4821 falsa
3306 4775 3426 4823 esse
3445 4779 3554 4823 non

1967 4857 2207 4918 possunt.

2035 4933 2261 4995 CAPUT
2289 4921 2433 4995 XXI.
2453 4970 2526 4983 -
2552 4943 2603 4998 ι.
2633 4935 2916 5022 suscipere
2942 4941 2992 5002 ιδ
3015 4947 3146 5003 dicis
3173 4949 3313 5020 quod
3333 4951 3550 5022 protuli,

1967 5015 2187 5086 Nescitis
2214 5032 2333 5102 quia
2362 5035 2602 5103 templum
2628 5019 2725 5092 Dei
2749 5015 2883 5104 estis,
2912 5045 2962 5092 et
2989 5015 3214 5109 Spiritus
3243 5015 3350 5098 Dei
3361 5015 3555 5101 habitat

1931 5119 1934 5122 ’
1963 5121 2017 5177 in
2037 5123 2172 5178 vobis
2192 5115 2234 5195 (l
2261 5119 2376 5180 Cor.
2406 5141 2482 5193 nt,
2510 5115 2640 5200 lli)?
2666 5127 2817 5194 Quod
2841 5128 3200 5201 proposuisti‘
3225 5131 3403 5200 dicere
3429 5133 3549 5194 ideo

1964 5205 2162 5270 dictum
2186 5229 2323 5281 esse,
2379 5218 2499 5287 quia
2536 5217 2589 5271 in
2623 5219 2818 5274 nemine
2850 5221 3043 5279 habitat
3065 5219 3228 5293 Deus,
3272 5242 3415 5296 quem
3448 5244 3555 5285 non

1963 5305 2078 5363 ante
2108 5307 2333 5378 Spiritus
2359 5309 2561 5365 sanclns
2595 5311 3008 5382 sanctiﬁcav'erit,
3049 5321 3199 5390 atque
3232 5321 3559 5391 purgaverit;

1963 5399 2114 5471 quasi
2145 5397 2398 5470 templum
2416 5400 2527 5457 Deo
2550 5397 2872 5471 habitaturo,
2905 5421 3010 5462 non
3033 5407 3153 5477 sibi,
3181 5411 3476 5469 sanctiﬁcet
3495 5424 3552 5471 et

1963 5491 2388 5567 purgetSpiritus
2403 5493 2616 5552 sanctus
2637 5513 2649 5549 :
2667 5499 2794 5552 "cum
2813 5499 3099 5569 Apostolus
3115 5497 3238 5561 hinc
3253 5506 3550 5564 ostenderit

1963 5587 2135 5660 ipsum
2162 5603 2280 5644 esse
2307 5585 2492 5654 Deum,
2543 5589 2692 5659 cujus
2719 5606 2817 5646 nos
2856 5592 3064 5649 dixerat
3092 5597 3344 5667 templum
3378 5617 3392 5654 :
3424 5601 3548 5670 quia

1963 5698 2068 5762 non
2101 5681 2192 5747 ait,
2231 5690 2283 5736 et
2313 5677 2542 5752 Spiritus
2572 5683 2667 5740 Dei
2693 5687 2988 5744 sanctiﬁcat
3016 5697 3069 5745 et
3112 5701 3297 5762 purgat
3320 5707 3433 5759 vos,
3485 5703 3549 5749 ut

1962 5759 2102 5829 Deus
2129 5772 2328 5828 habitet
2348 5773 2399 5827 in
2425 5775 2608 5841 vobis;
2640 5776 2732 5832 sed
2759 5777 2851 5845 an,
2895 5759 3123 5848 Spiritus
3149 5759 3248 5838 nu
3283 5782 3471 5838 habitat
3491 5785 3548 5838 in

2027 5886 2044 5920 ι
2080 5887 2151 5938 sic
2172 5883 2357 5951 aliquot
2378 5893 2486 5943 uss.
2507 5896 2566 5942 At
2583 5889 2718 5956 editi,
2753 5894 2880 5956 quod
2903 5891 3112 5958 potuisti.
