4042 6432
532 364 634 425 ’191

530 484 688 539 vobis.
719 481 912 554 Utique
942 482 1000 539 in
1027 483 1224 553 templo
1241 478 1345 537 suo
1368 482 1513 538 Deus
1539 480 1742 535 habitat
1770 496 1783 532 :
1827 493 1949 534 nam
1987 476 2114 548 quid

530 586 613 630 est
633 576 889 645 templum
913 575 1029 641 Dei,
1059 574 1161 631 nisi
1189 574 1544 643 habitaculum
1561 572 1699 629 Dei?
1726 571 1912 627 Vidisti
1935 578 2114 629 autem

529 669 693 723 etiam
721 676 779 723 tu
802 676 1188 738 consequenter
1211 680 1333 722 esse
1367 666 1536 723 Deum
1565 673 1804 722 nostrum
1845 663 1997 734 cujus
2023 677 2114 718 su-

527 775 651 815 mus
675 759 928 830 templum
962 777 975 814 :
1004 770 1059 816 et
1085 758 1299 816 noluisti
1328 758 1469 815 aliud
1498 757 1857 814 testimonium
1876 771 2113 811 comme-

528 866 743 907 morare
787 850 927 921 quod
982 850 1196 920 protuli,
1248 848 1467 905 Nescitis
1518 850 1638 920 quia
1674 865 1858 919 corpus
1898 857 2113 902 vestrum

527 944 771 1013 templum
791 943 843 996 in
862 942 996 998 vobis
1019 942 1245 1012 Spiritus
1264 942 1427 997 sancti
1442 951 1535 1009 est,
1548 957 1692 1012 quem
1710 938 1899 995 habetis
1922 958 1953 993 a
1966 936 2115 993 Deo?

530 1034 650 1089 Jam
706 1049 833 1105 ergo
882 1035 1138 1089 conﬁtere
1179 1034 1345 1089 Deum
1397 1048 1516 1088 esse
1548 1031 1801 1102 Spiritum
1847 1038 2111 1085 sanctum.

523 1124 708 1196 Neque
737 1127 898 1193 enim,
944 1126 1045 1181 nisi
1088 1134 1230 1183 esset
1264 1126 1423 1189 Deus,
1471 1122 1687 1179 haberet
1735 1120 2011 1191 templum,
2059 1130 2115 1176 et

523 1219 780 1287 templum
796 1234 902 1271 non
925 1217 1300 1281 manulactum,
1322 1214 1415 1271 sed
1436 1213 1751 1270 aediﬁcatum
1770 1212 1839 1269 de
1856 1212 2114 1268 membris

523 1309 621 1365 Dei
657 1328 668 1362 :
701 1308 929 1365 Christus
949 1309 1091 1363 enim
1112 1325 1264 1379 super
1285 1309 1457 1361 omnia
1480 1316 1551 1361 est
1583 1304 1722 1361 Deus
1749 1306 2033 1361 benedictus
2058 1307 2113 1358 in

522 1399 710 1455 secula
734 1399 912 1469 (Rom.
941 1416 1016 1467 ix,
1044 1400 1124 1469 5),
1168 1399 1320 1470 cujus
1348 1398 1587 1454 membra
1616 1406 1741 1455 sunt
1783 1408 1964 1454 nostra
1989 1412 2111 1453 cor-

522 1507 676 1561 pora.
725 1492 825 1559 Qui
867 1493 1008 1547 enim
1054 1491 1206 1555 dixit,
1257 1491 1479 1547 Nescitis
1517 1492 1637 1563 quia
1680 1507 1861 1563 corpus
1894 1500 2113 1545 vestrum

521 1583 766 1653 templum
804 1584 857 1637 in
884 1583 1021 1639 vobis
1047 1583 1274 1655 Spiritus
1314 1583 1475 1638 sancti
1513 1583 1622 1637 est?
1656 1581 1771 1652 ipse
1796 1581 1949 1647 dixit,
2000 1578 2109 1634 Ne-

520 1676 661 1730 scitis
680 1675 797 1748 quia
816 1691 1031 1756 corpora
1050 1685 1212 1729 vestra
1232 1674 1453 1728 membra
1481 1682 1599 1728 sunt
1622 1671 1809 1729 Christi
1822 1670 1867 1742 (l
1885 1670 2007 1726 Cor.
2034 1685 2109 1735 γι,

522 1764 613 1828 l9.
645 1763 774 1834 15)?
798 1765 943 1820 Itane
972 1779 1100 1821 vero
1123 1765 1210 1821 cui
1235 1764 1302 1819 de
1318 1764 1476 1836 lignis
1496 1772 1552 1820 et
1576 1763 1838 1834 lapidibus
1857 1762 2110 1819 Salomon

521 1846 803 1900 mdiﬁcavu
826 1846 1099 1914 templum,
1127 1845 1266 1899 lieus
1286 1860 1388 1908 est,
1417 1851 1471 1897 et
1486 1840 1573 1897 cui
1599 1840 1857 1909 templum
1884 1843 2113 1892 aediuca-

521 1947 609 1993 tur
645 1937 712 1992 de
758 1936 1011 1991 membris
1036 1935 1257 1999 Christi,
1310 1933 1413 1989 hoc
1441 1942 1543 1998 est,
1594 1930 1663 1987 de
1701 1930 1955 1985 membris
1996 1928 2110 1995 Dei,

519 2028 665 2083 Deus
690 2043 795 2083 non
828 2029 947 2083 est?
973 2042 1093 2082 cum
1124 2027 1353 2096 loquens
1374 2025 1440 2080 de
1462 2025 1573 2081 Deo
1600 2022 1939 2077 beatissimus
1967 2035 2111 2073 mar-

518 2128 606 2192 tyr
628 2120 929 2191 Stephanus
971 2120 1199 2175 dixerit:
1235 2118 1485 2175 Salomon
1515 2116 1783 2185 wdiﬁcavit
1808 2114 1852 2168 ei
1874 2114 2113 2177 domum;

516 2216 608 2269 sed
621 2213 862 2269 Summus
874 2230 975 2267 non
994 2214 1048 2267 in
1068 2212 1369 2283 manufactis
1392 2210 1843 2282 lemplisinhabitat
1859 2209 1993 2279 (Act.
2014 2223 2109 2271 vit,

514 2304 614 2366 47.
646 2302 759 2378 48).
788 2304 856 2360 Ει
884 2314 1059 2360 tamen
1081 2302 1279 2361 Christi
1310 2302 1573 2369 membra,
1596 2316 1823 2372 quorum
1851 2308 2007 2370 caput
2033 2309 2113 2355 est

515 2408 679 2466 super
728 2410 913 2451 omnes
954 2396 1140 2462 caelos,
1193 2393 1453 2467 templum
1499 2402 1624 2448 sunt
1649 2391 1878 2462 Spiritus
1920 2390 2106 2456 sancti,

517 2502 678 2557 quem
717 2495 927 2541 constat
951 2486 1162 2541 venisse
1201 2484 1270 2540 de
1304 2483 1464 2541 coelo.
1512 2483 1676 2540 Istum
1718 2498 1916 2553 negare
1945 2482 2110 2536 Deum

515 2578 644 2649 quid
686 2587 785 2644 est,
834 2578 937 2632 nisi
968 2594 1072 2633 non
1103 2592 1222 2633 esse
1261 2585 1316 2633 et
1344 2575 1486 2631 nolle
1513 2590 1633 2631 esse
1671 2575 1926 2644 templum
1954 2571 2111 2642 ejus?

513 2671 816 2741 Alloquitur
846 2686 943 2725 nos
972 2670 1259 2740 Apostolus
1288 2668 1474 2725 dicens
1507 2684 1521 2721 :
1555 2666 1773 2722 Obsecro
1802 2676 1971 2721 autem
2000 2681 2104 2731 vos,

465 2777 479 2793 °
514 2764 718 2834 fratres,
742 2780 829 2835 per
847 2764 1188 2819 miserationes
1212 2761 1327 2827 Dei,
1352 2773 1406 2815 ut
1424 2761 1698 2815 exhibeatis
1718 2776 1933 2831 corpora
1950 2769 2111 2812 vestra

514 2858 735 2912 hostiam
769 2859 949 2923 vivam,
977 2865 1221 2922 sanctam,
1250 2855 1359 2909 Deo
1398 2855 1678 2927 placentem
1701 2851 1875 2924 (Rom.
1904 2868 1998 2916 xu,
2032 2849 2105 2921 l).

515 2948 753 3019 Corpora
794 2949 971 3018 itaque
1025 2946 1263 3001 ﬁdelium
1317 2945 1487 3000 hostia
1515 2952 1641 2999 sunt
1683 2944 1815 3011 Deo,
1865 2941 2103 2997 membra

513 3038 734 3107 Christi,
782 3040 1035 3109 templum
1086 3038 1313 3109 Spiritus
1355 3038 1544 3104 sancti,
1596 3044 1652 3093 et
1688 3034 1829 3092 Deus
1871 3051 1975 3091 non
2014 3043 2097 3090 cst

513 3130 748 3200 Spiritus
764 3131 1011 3185 sanctus!
1039 3130 1167 3198 Quis
1195 3129 1296 3185 hoc
1316 3129 1466 3197 dicit,
1493 3129 1595 3184 nisi
1622 3129 1675 3183 in
1696 3143 1802 3199 quo
1830 3144 1935 3183 non
1958 3127 2111 3182 inha-

514 3219 687 3278 bitat?
730 3222 992 3290 Quoniam
1018 3221 1070 3276 in
1097 3236 1201 3293 quo
1230 3220 1452 3285 habitat,
1500 3220 1682 3291 utique
1711 3220 1965 3290 templum
1994 3219 2108 3288 ejus

514 3324 619 3371 est.
665 3316 905 3387 Denique
958 3331 1078 3371 eum
1117 3315 1340 3372 dixisset
1378 3316 1685 3385 Apostolus,
1735 3315 1957 3369 Nescitis
1991 3317 2110 3383 quia

516 3424 703 3480 corpus
743 3418 961 3465 vestrum
1007 3410 1249 3480 templum
1289 3409 1343 3464 in
1382 3409 1519 3464 vobis
1546 3408 1771 3479 Spiritus
1812 3410 1972 3464 sancti
2012 3419 2106 3477 est,

514 3518 664 3573 quem
706 3504 895 3558 habetis
927 3520 961 3557 a
988 3502 1118 3571 Deo,
1162 3512 1211 3558 et
1250 3519 1352 3557 non
1394 3503 1511 3557 estis
1547 3503 1693 3558 vestri
1714 3504 1740 3557 Ρ
1790 3503 1945 3572 empti
1977 3503 2109 3556 enim

513 3598 635 3650 estis
656 3595 815 3665 pretio
836 3612 1051 3667 magno;
1083 3596 1339 3652 continuo
1369 3605 1585 3651 secutus
1612 3594 1873 3665 adjunxit,
1901 3594 2112 3663 ϐίοι-ἱβ-

515 3698 626 3743 cate
668 3705 785 3760 ergo
811 3687 977 3743 Deum
1012 3690 1065 3743 in
1101 3705 1311 3758 corpore
1343 3698 1504 3743 vestro
1533 3686 1576 3761 (Ι
1618 3687 1734 3743 Cor.
1764 3702 1839 3754 γι,
1872 3687 1961 3755 19,
1990 3686 2106 3758 20).

515 3778 619 3835 Ubi
664 3779 895 3836 dilucide
929 3780 1161 3837 05tendit
1187 3780 1356 3836 Deum
1400 3795 1519 3836 esse
1559 3777 1813 3852 Spiritum
1840 3789 2107 3849 sanctum,

514 3872 919 3940 gloriﬁcandum
957 3873 1162 3929 scilicet
1190 3874 1244 3928 in
1268 3887 1497 3943 corpore
1526 3881 1734 3940 nostro,
1782 3879 2031 3947 tanquam
2055 3872 2108 3927 in

519 3962 721 4031 templo
759 3976 877 4017 suo.
926 3963 992 4017 Et
1021 3964 1163 4033 quod
1189 3964 1413 4019 Ananiae
1441 3962 1579 4019 dixit
1601 3961 1874 4034 apostolus
1895 3961 2107 4029 Petrus,

519 4055 691 4109 Ausus
738 4072 789 4108 es
834 4056 1033 4109 mentiri
1084 4055 1303 4126 Spiritui
1346 4054 1553 4109 sancto?
1618 4062 1777 4125 atque
1823 4051 2112 4109 ostendens

518 4147 690 4201 Deum
719 4160 837 4201 esse
867 4144 1124 4215 Spiritum
1153 4153 1417 4211 sanctum,
1464 4143 1588 4200 Non
1625 4161 1697 4212 es,
1725 4145 1915 4216 inquit,
1948 4144 2112 4200 homi-

520 4234 668 4289 nibus
691 4237 950 4303 mentitus,
972 4235 1061 4289 sed
1084 4234 1190 4289 Deo
1215 4234 1356 4305 (Act.
1380 4248 1432 4298 ν,
1451 4234 1506 4302 3,
1529 4234 1610 4305 4).

594 4329 648 4383 2.
677 4328 839 4385 Miror
882 4336 1062 4384 autem
1116 4342 1212 4384 cor
1261 4335 1518 4393 vestrum,
1572 4335 1826 4398 quantum
1862 4342 2111 4385 sermone

522 4421 792 4491 explicare
852 4434 961 4475 non
1007 4434 1246 4489 possum,
1273 4418 1541 4490 quomodo
1590 4432 1712 4475 cum
1758 4418 1838 4475 sic
1884 4418 2111 4476 laudetis

518 4512 780 4583 Spiritum
831 4521 1096 4578 sanctum,
1149 4520 1208 4567 ut
1254 4527 1375 4568 eum
1422 4510 1815 4568 sanctiﬁcandis
1868 4511 2112 4568 ﬁdelibus

522 4605 718 4675 ubique
758 4604 1010 4661 asseratis
1038 4618 1156 4660 esse
1184 4612 1523 4674 praesentem,
1564 4614 1742 4660 tamen
1787 4619 1983 4675 negare
2018 4620 2113 4659 au-

521 4695 692 4751 deatis
713 4695 901 4751 Deum.
949 4694 1097 4751 ltaue
1125 4694 1264 4750 Deus
1284 4709 1392 4749 non
1419 4702 1523 4764 est,
1571 4695 1660 4765 qui
1680 4694 1906 4765 replevit
1927 4695 2113 4751 orbem

522 4787 822 4843 terrarum?
855 4786 1129 4859 Scriptura
1152 4785 1294 4841 enim
1329 4784 1499 4841 dicit:
1542 4783 1770 4856 Spiritus
1802 4784 2010 4841 Domini
2034 4804 2113 4842 re-

522 4877 675 4947 plevit
704 4879 873 4933 orbem
908 4887 1156 4933 terrarum
1193 4875 1348 4949 (Sap.
1376 4892 1417 4945 ι,
1448 4876 1526 4947 7).
1564 4875 1669 4932 Sed
1710 4876 1833 4946 quid
1874 4876 2115 4934 dicamus

523 4972 666 5042 quod
710 4972 936 5043 replevit
982 4971 1186 5037 orbem,
1244 4969 1335 5041 qui
1382 4968 1607 5040 replevit
1642 4968 1786 5024 orbis
1818 4969 1979 5024 etiam
2008 4969 2116 5027 Re-

523 5064 900 5135 demptorem?
960 5062 1214 5118 Dominus
1268 5062 1411 5116 enim
1465 5059 1617 5116 Jesus
1680 5060 1857 5129 plenus
1916 5059 2117 5132 Spiritu

521 5166 697 5213 sancto
727 5173 982 5229 regressus
1008 5166 1080 5212 est
1107 5173 1141 5211 a
1162 5153 1394 5211 Iordane
1421 5152 1571 5225 (Luc.
1599 5170 1672 5221 tv,
1696 5154 1754 5226 l)
1790 5173 1803 5212 :
1834 5164 1889 5212 et
1916 5170 2116 5226 prasa-

523 5249 672 5305 mitis
714 5249 912 5316 dicere,
962 5250 1085 5319 quia
1111 5248 1225 5319 ipse
1252 5247 1506 5303 Dominus
1533 5246 1689 5303 Jesus
1716 5247 1856 5304 Deus
1882 5257 2018 5313 erat,
2062 5260 2117 5306 et

527 5340 758 5409 Spiritus
786 5350 1003 5397 sanctus
1022 5355 1129 5411 quo
1155 5341 1342 5411 plenus
1361 5348 1499 5407 erat,
1527 5354 1635 5394 non
1658 5348 1774 5394 erat
1800 5340 1973 5407 Deus;
2006 5348 2117 5397 tam

529 5432 670 5488 male
694 5434 987 5489 sentientes
1006 5432 1075 5488 de
1100 5432 1299 5505 Spiritu
1326 5442 1532 5499 sancto,
1564 5440 1623 5486 ut
1661 5447 1766 5487 non
1798 5433 1848 5487 ei
1876 5433 2119 5490 tribuatis

529 5523 718 5578 saltem
739 5522 879 5593 quod
898 5523 1150 5579 tributum
1178 5533 1262 5579 est
1286 5523 1455 5595 Moysi
1488 5522 1689 5579 famulo
1711 5524 1826 5590 Dei,
1870 5527 1958 5593 qui
2008 5540 2117 5581 non

532 5632 751 5673 munera
787 5616 1096 5685 gratiarum,
1144 5615 1238 5672 sed
1270 5616 1539 5686 plagarum
1580 5616 1817 5686 prodigia
1844 5618 1894 5670 in
1927 5618 2116 5672 eodem

533 5712 733 5781 Spiritu
754 5718 958 5775 sancto,
982 5710 1229 5781 quiaipse
1249 5718 1331 5766 est
1348 5710 1533 5781 digitus
1547 5708 1642 5763 Dei
1655 5707 1848 5780 (Exod.
1867 5724 1981 5777 vni,
1999 5709 2115 5780 l9),

536 5805 797 5881 Egyptiis
844 5804 1136 5878 ingerebat,
1187 5812 1245 5862 et
1281 5813 1458 5860 tamen
1496 5804 1760 5862 Pharaoni
1808 5803 1938 5860 deus
1978 5812 2113 5859 erat.

1133 363 1403 421 CONTRA
1444 358 1837 420 MAXIMINUM
1872 355 2280 438 AlllANQRUM
2319 359 2721 436 EPISCOPUM,
2760 365 2819 425 S.
2856 365 3227 426 AUGUSTlNl

3696 378 3805 437 792

2233 476 2351 534 Uno
2376 479 2496 536 loco
2541 490 2656 537 erat
2677 482 2747 539 ad
2781 482 3093 556 amigendos
3118 484 3416 559 Egyptios,
3445 498 3501 546 et
3541 491 3808 554 Pharaoni

2222 568 2357 626 deus
2383 572 2711 644 erat(E:cod.
2733 590 2828 643 vn,
2849 576 2928 645 l):
2944 576 3142 647 ubique
3172 577 3324 635 adest
3336 579 3567 651 Spiritus
3593 575 3813 645 sanctus

2220 660 2289 717 ad
2322 661 2566 720 homines
2599 665 2653 719 in
2680 660 2946 722 aeternam"
2966 668 3125 723 vitam
3152 672 3569 743 regenerandos,
3603 686 3661 732 et
3700 694 3812 736 non

2219 764 2303 811 est
2327 756 2407 812 eis
2426 756 2597 814 Deus!
2646 756 2761 815 lmo
2795 773 2926 814 vero
2949 769 3055 826 est,
3101 770 3156 817 et
3180 762 3321 820 Deus
3347 780 3507 822 verus
3541 778 3645 837 εει,
3686 772 3813 840 quia

2219 847 2331 903 veri
2380 847 2474 903 Dei
2511 848 2749 905 membra
2798 852 3052 923 templum
3094 852 3214 924 ejus
3247 864 3349 910 est.
3391 857 3458 913 Et
3479 859 3659 929 utique
3680 862 3813 919 sub-

2215 936 2416 1009 jectum
2445 948 2528 995 est
2558 941 2809 1011 templum
2830 941 2907 999 illi
2929 943 3081 1013 cujus
3106 952 3188 999 est
3213 947 3509 1017 templum:
3541 951 3815 1020 quomodo

2218 1044 2348 1101 ergo
2375 1031 2514 1087 Deus
2545 1048 2651 1089 non
2680 1042 2782 1101 est,
2836 1036 2922 1090 cui
2965 1045 3089 1093 sunt
3128 1039 3367 1095 membra
3398 1041 3490 1098 Dei
3529 1045 3815 1115 subjecta?

2221 1120 2299 1176 Ac
2320 1136 2415 1192 per
2441 1123 2542 1178 hoc
2566 1132 2621 1179 et
2644 1124 2902 1181 Dominus
2926 1136 3009 1183 est
3041 1130 3223 1200 templi
3242 1132 3325 1186 sui
3354 1150 3369 1187 :
3395 1134 3515 1204 quis
3532 1136 3675 1191 enim
3701 1136 3813 1194 hoc

2220 1222 2397 1286 neget,
2443 1217 2562 1287 quis
2600 1216 2672 1272 ita
2706 1218 2955 1289 desipiat,
3000 1230 3059 1276 ut
3095 1221 3237 1279 dicat
3276 1240 3384 1280 non
3420 1240 3541 1283 esse
3577 1228 3815 1299 aliquem

2218 1304 2491 1362 dominum
2516 1307 2705 1365 domus
2733 1311 2877 1365 suae?
2896 1311 3175 1379 Quomodo
3198 1329 3328 1387 ergo
3348 1316 3576 1388 Spiritus
3593 1329 3817 1377 sanctus

2220 1415 2326 1455 non
2357 1410 2439 1457 est
2468 1402 2743 1470 Dominus,
2784 1405 2878 1475 qui
2905 1405 3162 1463 Dominus
3186 1418 3269 1465 est
3294 1411 3657 1467 membrorum
3694 1413 3815 1469 Do-

2218 1492 2393 1548 mini?
2431 1491 2548 1563 lpse
2585 1504 2666 1550 est
2690 1496 2889 1567 quippe
2936 1498 3165 1569 Spiritus
3202 1501 3435 1568 Domini,
3476 1503 3546 1561 de
3569 1520 3675 1577 quo
3698 1521 3817 1563 uno

2220 1582 2515 1654 eodemque
2574 1584 2691 1640 loco
2744 1585 2945 1643 dictum
2984 1596 3110 1646 est:
3168 1590 3294 1645 Cum
3329 1603 3498 1648 autem
3541 1612 3818 1652 conversus

2220 1676 2371 1745 fuerit
2397 1676 2466 1729 ad
2494 1675 2788 1747 Dominum,
2818 1682 3079 1752 auferetur
3105 1682 3350 1740 uelamen.
3372 1684 3619 1743 Dominus
3641 1700 3819 1746 autem

2220 1764 2445 1835 Spiritus
2486 1777 2588 1833 est;
2631 1770 2735 1843 ubi,
2759 1779 2927 1825 autem
2965 1772 3191 1843 Spiritus
3226 1774 3461 1843 Domini,
3504 1778 3575 1834 ibi
3608 1780 3819 1837 libertas

2221 1844 2287 1909 (lt
2315 1844 2432 1894 (ιον.
2466 1855 2544 1907 ιιι,
2568 1844 2657 1909 Ib,
2687 1842 2800 1913 l7).

2291 1929 2343 1984 5.
2381 1928 2497 1984 Jam
2529 1942 2825 1989 creatorem
2866 1939 3114 2008 superius
3146 1939 3506 2000 demonstravi
3551 1947 3816 2017 Spiritum

2219 2032 2494 2078 sanctum:
2517 2026 2785 2094 quomodo
2805 2039 2983 2085 autem
3005 2046 3099 2088 rex
3120 2048 3227 2089 non
3247 2044 3349 2103 est,
3373 2038 3525 2108 cujus
3545 2043 3812 2112 templum

2219 2122 2302 2167 est
2320 2128 2439 2183 quae
2465 2117 2701 2171 membra
2729 2128 2854 2175 sunt
2877 2122 3055 2192 regis?
3098 2123 3377 2190 Quomodo
3402 2144 3509 2184 non
3550 2134 3818 2192 consedet

2218 2205 2364 2262 Patri
2393 2217 2446 2263 et
2472 2209 2627 2277 Filio,
2677 2212 2768 2282 qui
2793 2215 3021 2284 replevit
3045 2215 3258 2285 Filium,
3291 2220 3382 2291 qui
3418 2224 3659 2279 membra
3686 2226 3815 2283 Filii

2219 2312 2369 2353 suam
2401 2301 2637 2370 possidet
2662 2302 2917 2359 domum?
2960 2304 3071 2362 Nisi
3112 2306 3249 2364 forte
3276 2310 3488 2379 quando
3516 2310 3681 2371 Filius
3716 2332 3815 2373 re-

2217 2404 2433 2463 gressus
2454 2402 2537 2448 est
2561 2408 2591 2449 a
2629 2393 2882 2465 Jordane,
2926 2398 3115 2467 plenus
3138 2410 3253 2456 erat
3277 2400 3475 2471 Spiritu
3503 2416 3718 2474 sancto;
3758 2418 3817 2465 et

2218 2484 2431 2554 quando
2452 2486 2637 2542 sedere
2664 2489 2825 2557 erepit
2848 2488 2916 2544 ad
2936 2489 3209 2547 dexteram
3228 2491 3421 2562 Patris,
3448 2495 3670 2553 exclusit
3692 2512 3727 2553 a
3752 2515 3817 2557 se

2218 2575 2472 2647 Spiritum
2501 2582 2784 2635 sanctum?
2837 2580 3039 2638 Deinde
3073 2596 3196 2639 cum
3241 2584 3310 2641 de
3338 2584 3496 2642 Patre
3531 2588 3813 2659 procedat,

2216 2670 2486 2741 quomodo
2505 2686 2627 2727 cum
2652 2672 2809 2729 Patre
2832 2689 2938 2732 non
2964 2674 3183 2731 sedeat?
3210 2674 3342 2732 Cum
3367 2676 3478 2747 ipsa
3507 2678 3679 2735 sessio
3698 2696 3817 2739 non

2217 2760 2289 2815 sit
2337 2762 2520 2832 utique
2566 2764 2845 2834 cogitanda
2888 2766 3218 2823 carnaliter:
3263 2768 3496 2839 alioquin
3541 2772 3817 2841 opinaturi

2217 2866 2406 2907 sumus
2433 2853 2796 2912 honorabilius
2820 2856 3012 2912 Filium
3034 2858 3221 2915 sedere
3249 2876 3408 2932 quam
3435 2861 3676 2930 Patrem;
3705 2864 3817 2921 ho-

2217 2944 2509 3001 norabilius
2535 2947 2733 3017 quippe
2758 2947 2975 3004 sedetur
3008 2949 3074 3005 ad
3108 2950 3381 3007 dexteram
3414 2970 3428 3007 :
3462 2964 3516 3011 et
3539 2955 3819 3014 videbitur

2216 3050 2338 3092 esse
2351 3051 2684 3109 consequens
2701 3038 2927 3095 utPater
2936 3040 3118 3097 sedeat
3133 3041 3199 3097 ad
3218 3042 3510 3100 sinistram.
3526 3045 3817 3104 Postremo

2217 3127 2387 3197 qualis
2424 3128 2575 3183 vobis
2612 3130 2932 3199 persuaserit
2968 3132 3205 3202 spiritus,
3260 3143 3319 3189 ut
3360 3144 3545 3191 sancto
3584 3136 3817 3207 Spiritui

2216 3218 2491 3290 denegctis
2530 3221 2670 3292 quod
2719 3223 2917 3279 sanctis
2963 3225 3265 3282 hominibus
3312 3238 3493 3283 sancta
3533 3227 3815 3301 Scriptura

2217 3311 2478 3378 concedit,
2529 3327 2625 3367 vos
2675 3312 2930 3369 videritis.
2976 3316 3065 3370 Ait
3108 3318 3249 3371 enim
3298 3319 3631 3388 Apostolus:
3677 3320 3819 3377 Cum

2215 3416 2437 3457 essemus
2458 3404 2642 3457 mortui
2665 3405 2903 3475 peccatis,
2927 3407 3290 3476 conviviﬁcavit
3311 3424 3402 3462 nos
3417 3406 3633 3476 Christo,
3659 3412 3817 3482 cujus

2216 3496 2382 3566 gratia
2406 3511 2581 3550 sumus
2602 3496 2730 3551 salvi
2759 3499 2881 3568 facti
2902 3515 2921 3563 ;
2955 3508 3001 3552 et
3030 3499 3182 3553 simul
3209 3501 3461 3568 excitauit,
3483 3511 3529 3555 et
3551 3502 3702 3557 simul
3729 3522 3816 3559 se-

2216 3585 2335 3641 dere
2353 3586 2471 3657 fecit
2502 3588 2557 3641 in
2583 3587 2860 3642 caelestibus
2886 3588 2939 3642 in
2968 3588 3163 3643 Christo
3183 3588 3310 3644 Iesu
3342 3589 3705 3661 (Ephes.u,5,
3727 3594 3814 3667 6).

2215 3676 2400 3734 Sancti
2418 3693 2547 3750 ergo
2567 3694 2702 3750 quos
2729 3679 3022 3735 sanctiﬁcat
3046 3679 3275 3752 Spiritus
3302 3692 3539 3752 sanctus,
3569 3685 3818 3742 convivi-

2216 3770 2360 3828 ﬂcati
2396 3770 2635 3840 Christo,
2671 3774 2743 3828 ita
2776 3773 2932 3828 simul
2968 3774 3167 3829 sessuri
3198 3776 3554 3843 praedestinati
3574 3786 3719 3845 sunt,
3742 3789 3821 3851 ut

2211 3863 2322 3935 jam
2350 3866 2546 3921 factum
2574 3865 2714 3922 dicat
2738 3865 3041 3936 Apostolus,
3070 3865 3211 3935 quod
3249 3875 3455 3921 certum
3484 3876 3569 3924 est
3594 3868 3819 3925 adfutu-

2216 3970 2336 4012 rum
2361 3971 2374 4009 :
2396 3964 2452 4012 et
2494 3956 2596 4028 ipsi
2621 3956 2841 4027 Spiritui
2870 3966 3056 4013 sancto
3075 3956 3404 4013 subtrahitur
3423 3974 3454 4013 a
3474 3960 3625 4016 vobis
3654 3963 3818 4032 quis-

2217 4049 2336 4120 quis
2358 4058 2441 4104 est
2464 4048 2555 4104 ille
2578 4062 2884 4117 consessus,
2912 4057 3162 4120 tanquam
3191 4050 3380 4106 sedere
3401 4064 3523 4106 cum
3542 4051 3699 4108 Patre
3723 4056 3819 4109 vel

2218 4141 2355 4198 Filio
2383 4142 2453 4199 sit
2480 4142 2746 4213 indignus,
2773 4142 2864 4213 qui
2887 4141 3075 4198 eadem
3109 4140 3237 4199 sede
3262 4141 3427 4199 efﬁcit
3453 4142 3662 4215 dignos.
3707 4144 3820 4202 Cui

2219 4235 2445 4291 movetis
2468 4235 2627 4291 etiam
2648 4235 2999 4306 qumstionem
3028 4234 3171 4306 quod
3198 4250 3305 4291 non
3333 4235 3601 4304 adoretur,
3623 4247 3677 4293 et
3699 4237 3823 4297 hoc

2218 4326 2400 4397 utique
2425 4326 2692 4382 simillimo
2718 4341 2923 4396 errore,
2962 4342 3085 4383 cum
3131 4327 3341 4400 legatis,
3400 4338 3459 4385 ut
3488 4330 3595 4400 jam
3638 4346 3823 4401 supra

2218 4418 2397 4485 docui,
2423 4434 2452 4472 a
2479 4419 2678 4475 sanctis
2696 4418 2856 4475 etiam
2876 4418 3122 4475 homines
3148 4419 3418 4476 adoratos.
3447 4421 3516 4478 Et
3540 4431 3721 4478 tamen
3754 4434 3826 4480 ut

2218 4509 2475 4567 invidiam
2512 4509 2927 4581 hlasphemantis
2970 4511 3165 4577 evites;
3210 4511 3282 4567 ita
3324 4510 3511 4568 laudas
3550 4510 3823 4583 Spiritum

2220 4610 2484 4666 sanctum.
2534 4611 2592 4657 ut
2618 4603 2819 4659 tribuas
2838 4603 2886 4658 ei
2907 4601 3049 4673 quod
3078 4618 3185 4657 non
3223 4602 3382 4659 habet
3408 4603 3517 4660 ulla
3538 4615 3821 4675 creatura,

2219 4702 2275 4749 et
2296 4692 2546 4749 detrahas
2571 4692 2621 4747 ei
2647 4692 2791 4762 quod
2816 4691 3127 4762 adipiscitur
3146 4700 3199 4749 et
3228 4693 3457 4749 humana
3481 4702 3763 4751 creatura.

2290 4784 2517 4842 CAPUT
2556 4784 2720 4840 XXII.
2748 4814 2818 4825 —
2844 4786 2897 4840 l.
2924 4784 3130 4841 Dixisse
3174 4800 3263 4843 me
3306 4787 3448 4858 quod
3472 4802 3826 4848 commemo—

2222 4888 2311 4930 ras
2332 4916 2347 4939 ,
2376 4874 2546 4930 fateor
2564 4914 2579 4940 ,
2621 4883 2677 4930 et
2698 4889 2841 4931 nunc
2868 4875 2989 4931 dico
3012 4917 3029 4943 ,
3052 4875 3196 4948 quod
3220 4876 3464 4933 Salvator
3483 4888 3670 4936 noster
3700 4898 3828 4938 non

2222 4965 2442 5032 dixerit,
2469 4964 2539 5022 Ut
2567 4965 2667 5037 ipsi
2690 4973 2746 5022 et
2769 4981 2868 5022 nos
2895 4983 3090 5035 unum;
3133 4968 3250 5038 sed,
3284 4968 3352 5026 Ut
3386 4972 3486 5043 ipsi
3504 4974 3607 5027 sint
3626 4990 3827 5029 unum.

2222 5058 2291 5113 Et
2313 5056 2382 5113 de
2419 5055 2503 5112 bis
2545 5056 2869 5129 evangelicis
2905 5059 3083 5115 verbis
3119 5061 3251 5117 satis
3276 5076 3309 5116 a
3351 5078 3439 5119 me
3476 5064 3657 5119 recolo
3700 5065 3834 5135 jam

2222 5152 2386 5210 fuisse
2409 5168 2723 5226 responsum
2742 5196 2760 5223 ,
2798 5170 2920 5211 cum
2948 5156 3287 5214 ostenderem
3329 5157 3576 5215 refellere
3622 5167 3678 5216 te
3710 5176 3833 5217 non

2222 5247 2461 5316 potuisse
2486 5262 2605 5317 quae
2634 5246 2764 5303 dixi.
2792 5246 3050 5315 Quoniam
3096 5249 3313 5321 poposci
3337 5257 3397 5305 ut
3418 5248 3696 5321 proferres
3728 5251 3836 5309 ubi

2224 5338 2437 5410 legeris,
2464 5338 2635 5395 Unum
2676 5350 2814 5407 sunt,
2844 5340 3045 5397 dictum
3087 5356 3208 5398 esse
3230 5341 3299 5399 de
3345 5343 3611 5415 aliquibus
3652 5345 3837 5403 rebus

2226 5448 2343 5504 quae
2370 5448 2478 5489 non
2504 5442 2683 5489 essent
2708 5434 2862 5489 unius
2889 5433 3237 5506 ejusdemque
3260 5436 3571 5492 substantiae
3597 5456 3613 5491 :
3642 5452 3841 5509 neque

2226 5526 2509 5597 protulisti.
2558 5525 2693 5593 Quid
2739 5526 2881 5581 enim
2924 5535 2976 5581 te
3017 5526 3267 5597 adjuvat,
3324 5528 3468 5597 quod
3512 5527 3841 5586 dilectionis

2226 5618 2579 5674 consensione
2607 5616 2843 5672 afﬁrmas
2866 5618 3065 5674 dictum
3096 5633 3215 5676 esse
3241 5620 3310 5675 de
3333 5619 3499 5675 Paulo
3518 5628 3573 5675 et
3598 5621 3840 5691 Apollo,

2231 5710 2329 5775 Qui
2356 5711 2551 5779 plantat
2570 5720 2739 5765 autem
2753 5720 2798 5764 et
2813 5712 2898 5781 qui
2922 5712 3074 5782 rigat,
3103 5728 3261 5766 unum
3277 5722 3394 5767 sunt
3421 5712 3463 5782 (Ι
3490 5711 3606 5766 Cor.
3632 5727 3715 5780 nl,
3746 5714 3842 5784 8);

2229 5817 2349 5858 cum
2386 5817 2480 5858 eos
2521 5817 2627 5881 non
2682 5802 2931 5877 ostendas
2982 5802 3206 5864 diversa:
3255 5803 3421 5859 fuisse
3466 5802 3843 5861 substantiae!

3160 5964 3243 5979 ».7_-
