4084 6436
281 370 397 432 793

282 491 462 550 Ambo
485 491 683 565 quippe
705 491 952 551 homines
975 501 1147 550 erant.
1175 493 1236 552 Si
1273 493 1418 552 enim
1445 507 1554 552 non
1581 493 1868 568 diligerent

278 585 511 642 invicem
531 626 546 651 ,
569 594 759 642 natura
783 601 949 642 unum
974 594 1177 654 essent,
1208 586 1491 644 dilectione
1516 602 1622 644 non
1650 596 1865 644 essent:

276 682 329 742 si
352 689 532 736 autem
553 685 949 736 unum'natura
995 695 1100 736 non
1128 688 1342 750 essent,
1395 695 1560 736 unum
1588 680 1692 737 dici
1729 679 1868 736 dile-

278 773 462 831 ctione
511 788 618 830 non
671 781 908 843 possent.
963 773 1141 829 Poscit
1187 787 1316 845 ergo
1357 772 1525 829 Filius
1576 781 1634 828 ut
1661 772 1736 829 ita
1762 773 1869 828 sint

275 879 479 932 unum,
531 863 801 935 quomodo
844 864 959 934 ipse
982 872 1037 920 et
1064 865 1222 920 Pater
1261 880 1428 921 unum
1469 872 1632 928 sunt;
1673 864 1727 919 id
1750 873 1865 931 est,

275 970 384 1011 non
416 956 589 1011 solum
616 963 840 1023 natura,
888 954 1032 1027 quod
1077 955 1187 1026 jam
1231 965 1423 1022 erant;
1471 971 1658 1011 verum
1708 955 1867 1012 etiam

276 1047 608 1118 perfectione
631 1047 905 1104 charitatis
929 1056 1090 1119 atque
1107 1047 1356 1119 iustitiae,
1390 1062 1488 1118 pro
1516 1063 1627 1103 suae
1651 1048 1864 1118 capaci-

275 1149 388 1198 tate
415 1151 618 1198 natura:
639 1182 652 1206 ,
699 1151 951 1212 quantum
994 1141 1048 1197 in
1091 1142 1187 1198 Dei
1213 1157 1380 1214 regno
1405 1157 1527 1199 esse
1554 1142 1823 1212 potuerint
1848 1161 1863 1198 :

273 1243 336 1290 ut
359 1234 524 1289 etiam
543 1233 646 1304 ipsi
669 1247 880 1289 summe
906 1248 1073 1290 unum
1104 1235 1210 1290 sint
1230 1235 1282 1288 in
1312 1243 1500 1290 natura
1529 1247 1653 1302 sua,
1679 1249 1866 1306 quem-

272 1327 568 1384 admodum
589 1327 748 1382 Pater
772 1335 826 1382 et
851 1326 1019 1382 Filius
1038 1341 1246 1384 summe
1267 1343 1429 1384 unum
1450 1335 1590 1394 sunt,
1623 1328 1864 1398 quamvis

274 1419 326 1475 in
383 1420 772 1478 excellentiore
810 1429 969 1491 atque
996 1421 1480 1494 incomparabiliter
1517 1421 1740 1477 meliore
1769 1435 1865 1476 na-

271 1521 393 1569 tura
417 1528 537 1569 sua.
564 1514 706 1569 Dixit
732 1529 862 1586 ergo
905 1513 973 1570 ad
994 1513 1209 1570 Patrem
1232 1513 1400 1569 Filius
1428 1531 1442 1567 :
1476 1512 1633 1568 Pater
1654 1521 1825 1568 sancte
1843 1554 1858 1580 ,

270 1625 419 1663 serva
439 1624 525 1663 eos
540 1609 593 1662 in
613 1608 814 1663 nomine
836 1617 943 1674 tuo,
966 1623 1092 1678 quos
1115 1607 1297 1662 dedisti
1310 1606 1435 1662 mihi
1452 1623 1470 1674 ;
1487 1616 1541 1660 ut
1561 1607 1661 1661 sint
1681 1621 1858 1673 unum,

267 1703 402 1758 sicut
435 1712 484 1757 et
535 1719 646 1759 nos.
672 1701 787 1759 Non
841 1702 992 1769 dixit,
1049 1699 1121 1757 Ut
1175 1701 1284 1755 sint
1327 1715 1490 1755 unum
1547 1698 1860 1763 nobiscum;

268 1803 396 1861 aut,
432 1794 499 1852 Ut
541 1796 708 1850 simus
750 1809 914 1850 unum
945 1793 1046 1864 ipsi
1075 1800 1131 1848 et
1171 1805 1290 1847 nos.
1340 1791 1474 1846 Item
1506 1789 1666 1860 paulo
1692 1797 1814 1859 post
1845 1805 1858 1842 :

271 1884 399 1940 Non
428 1902 522 1955 pro
563 1887 642 1942 his
672 1894 838 1940 autem
857 1901 981 1954 rogo
1011 1891 1228 1948 tantum,
1257 1883 1345 1938 sed
1368 1891 1413 1936 et
1435 1897 1526 1952 pro
1550 1881 1620 1937 eis
1644 1881 1732 1950 qui
1755 1896 1864 1934 cre-

270 1977 430 2032 dituri
443 1988 558 2033 sunt
574 1995 662 2050 per
671 1978 874 2032 verbum
885 1978 1109 2049 ipsorum
1118 1977 1172 2030 in
1191 1992 1292 2042 me;
1309 1984 1364 2030 ut
1382 1991 1553 2030 omnes
1566 1991 1726 2031 unum
1739 1976 1859 2040 sint,

270 2070 402 2125 sicut
425 2079 480 2124 tu
501 2067 657 2124 Pater
670 2071 724 2125 in
743 2086 842 2135 me,
859 2077 907 2122 et
935 2085 1026 2140 ego
1045 2068 1100 2122 in
1120 2077 1184 2135 te,
1198 2075 1321 2122 utet
1343 2068 1441 2138 ipsi
1465 2067 1520 2121 in
1543 2065 1684 2121 nobis
1706 2082 1863 2121 unum

270 2163 392 2218 sint.
420 2160 606 2232 Neque
634 2161 722 2217 hic
746 2161 897 2226 dixit,
915 2160 985 2218 Ut
1005 2158 1104 2230 ipsi
1134 2170 1190 2216 et
1213 2173 1312 2214 nos
1329 2173 1490 2214 unum
1514 2159 1704 2225 simus,
1735 2157 1856 2224 sed,

276 2271 440 2310 unum
466 2255 567 2310 sint
591 2255 643 2308 in
665 2254 824 2309 nobis.
840 2252 1101 2320 Quoniam
1118 2250 1365 2307 homines
1383 2249 1473 2320 qui
1494 2258 1682 2304 natura
1699 2263 1862 2304 unum

272 2357 418 2413 sunt,
451 2361 659 2401 summe
691 2353 852 2416 atque
875 2343 1111 2414 perfecte
1135 2341 1431 2398 secundum
1455 2355 1610 2396 suum
1639 2339 1861 2394 modum

271 2454 439 2494 unum
468 2453 588 2493 esse
615 2453 721 2492 non
751 2444 976 2507 possunt
1008 2432 1230 2505 iustitia:
1256 2431 1586 2502 plenitudine
1609 2471 1624 2495 ,
1679 2429 1781 2484 nisi
1806 2429 1862 2485 in

272 2531 388 2585 Deo
428 2527 808 2602 perﬁciantur,
849 2537 909 2582 ut
935 2539 1098 2581 unum
1124 2524 1231 2578 sint
1256 2523 1310 2578 in
1354 2521 1512 2578 Patre
1531 2529 1586 2575 et
1609 2519 1776 2586 Filio;
1808 2517 1863 2574 id

270 2629 386 2686 est,
422 2620 475 2674 in
503 2619 634 2690 ipsis
659 2633 821 2672 unum
841 2658 857 2686 ,
895 2631 1001 2672 non
1027 2630 1148 2671 cum
1179 2613 1310 2684 ipsis
1339 2627 1524 2668 unum.
1557 2611 1746 2667 Adhuc
1771 2623 1861 2666 se-

270 2712 480 2782 quitur,
513 2720 568 2766 et
593 2709 832 2780 adjungit
858 2725 872 2763 :
907 2705 976 2765 Ut
1002 2707 1222 2762 mundus
1242 2705 1414 2759 credat
1434 2703 1554 2775 quia
1583 2711 1637 2757 tu
1662 2719 1742 2757 me
1760 2702 1868 2757 mio'

271 2805 422 2872 sisti,
453 2811 502 2859 et
521 2820 611 2874 ego
636 2803 916 2858 claritatem
942 2816 1093 2872 quam
1116 2799 1241 2854 mihi
1264 2798 1468 2865 dedisti,
1501 2797 1616 2852 dedi
1641 2797 1746 2851 illis
1765 2838 1780 2864 ,
1803 2805 1864 2850 ut

273 2896 371 2951 sint
394 2911 550 2948 unum
568 2936 584 2961 ,
623 2896 751 2950 sicut
787 2909 878 2948 nos
902 2909 1060 2947 unum
1081 2907 1254 2947 sumus
1276 2907 1296 2946 :
1325 2907 1416 2962 ego
1442 2889 1496 2944 in
1533 2890 1632 2956 eis,
1661 2898 1707 2944 et
1732 2899 1785 2942 tu
1808 2889 1864 2942 in

275 3003 385 3054 me,
416 2996 470 3040 ut
497 2985 598 3040 sint
618 2983 952 3040 consummati
971 2983 1024 3038 in
1059 2999 1236 3037 unum.
1257 2981 1445 3058 Neque
1468 2979 1555 3035 hic
1581 2979 1748 3048 dixit,
1793 2977 1865 3036 Ut

275 3079 555 3135 nobiscum
585 3078 691 3132 sint
720 3092 904 3144 unum,
933 3083 1044 3141 aut,
1067 3073 1142 3132 Ut
1161 3074 1264 3145 ipsi
1289 3083 1343 3129 ct
1363 3088 1461 3128 nos
1487 3073 1652 3128 simus
1675 3085 1858 3127 unum.

276 3172 482 3229 Deinde
511 3187 632 3228 cum
660 3169 970 3236 addidisset,
1021 3166 1091 3224 Ut
1115 3177 1386 3240 cognoscat
1423 3165 1644 3220 mundus
1671 3165 1790 3234 quia
1808 3173 1864 3218 tu

276 3281 357 3320 me
381 3264 584 3332 misisti,
620 3271 669 3318 et
693 3261 914 3316 dilexisti
932 3277 1016 3316 eos
1036 3260 1165 3314 sicut
1188 3267 1336 3314 etme
1364 3256 1623 3322 dilexisti;
1651 3263 1864 3312 secutus

276 3356 548 3426 adjunxit,
593 3353 770 3421 Pater,
815 3355 930 3407 volo
954 3360 1008 3406 ut
1031 3351 1118 3406 ubi
1138 3367 1231 3423 ego
1266 3366 1407 3416 sum,
1437 3358 1484 3404 et
1509 3349 1609 3421 ipsi
1632 3349 1734 3403 sint
1758 3363 1866 3402 me-

275 3466 390 3504 cum
408 3447 587 3518 (Joan.
619 3462 747 3514 xvn,
778 3443 994 3516 11-24).
1023 3443 1122 3501 Ubi
1145 3460 1284 3510 sum,
1303 3441 1494 3512 inquit,
1523 3456 1717 3494 mecum
1738 3440 1865 3496 sint:

279 3556 384 3595 non
406 3540 512 3605 ait,
550 3537 727 3595 Unum
745 3552 953 3592 mecum
976 3536 1084 3591 sint
1103 3535 1142 3588 ¹.
1171 3533 1285 3589 Hoc
1304 3547 1431 3603 ergo
1450 3530 1635 3598 voluit,
1657 3539 1716 3585 ut
1741 3545 1865 3585 cum

278 3631 370 3686 illo
399 3639 614 3696 essent,
649 3644 754 3684 non
779 3637 838 3684 ut
860 3628 935 3682 illi
978 3637 1032 3682 et
1057 3626 1172 3697 ipse
1197 3639 1361 3682 unum
1385 3631 1584 3678 essent.
1613 3621 1752 3690 Quid
1780 3631 1866 3678 est

278 3721 420 3794 quod
445 3721 624 3776 dicere
650 3720 894 3784 voluisti,
946 3716 1243 3772 Dilectionis
1288 3714 1404 3785 fecit
1452 3713 1789 3779 mentionem,
1820 3719 1867 3766 et

279 3831 384 3868 non
409 3811 746 3867 substantiae?
791 3808 1045 3878 Quamvis
1074 3815 1127 3862 tu
1155 3820 1260 3861 non
1291 3818 1358 3860 eo
1386 3803 1504 3858 loco
1531 3802 1632 3858 ista
1656 3801 1867 3858 Domini

279 3907 440 3962 verba
468 3905 745 3976 posueris,
779 3917 887 3974 quo
932 3902 999 3957 ab
1027 3901 1144 3971 ipso
1189 3905 1314 3953 sunt
1363 3897 1555 3968 posita.
1603 3893 1711 3952 Sed
1738 3893 1867 3965 quid

278 3998 346 4054 ad
373 4013 471 4054 nos
492 3999 515 4051 t
540 3993 969 4067 quandoquidem
1012 4007 1120 4046 non
1146 3991 1292 4061 ipsos
1319 3997 1373 4044 et
1396 4002 1456 4043 se
1477 4029 1493 4050 ,
1524 3986 1612 4042 vel
1641 3986 1786 4056 ipsos
1813 3993 1870 4042 et

279 4092 495 4150 Patrem
523 4090 655 4145 dixit
695 4095 788 4143 aut
811 4086 976 4142 voluit
1003 4098 1164 4139 unum
1190 4095 1346 4145 esse;
1391 4077 1488 4135 sed
1533 4077 1678 4148 ipsos
1702 4091 1867 4132 unum

280 4199 400 4240 esse
417 4182 620 4248 voluit,
653 4193 788 4253 quos
808 4183 1028 4233 noverat
1056 4173 1212 4230 unius
1239 4185 1358 4227 esse
1383 4167 1716 4224 substantiae.
1749 4166 1868 4222 Sic-

281 4286 337 4329 ut
363 4284 409 4329 et
435 4290 527 4328 nos
553 4314 568 4339 ,
625 4269 835 4342 inquit,
858 4282 1018 4322 unum
1043 4279 1216 4321 sumus
1243 4279 1263 4318 :
1291 4273 1427 4334 quos
1452 4257 1742 4315 identidem
1765 4269 1868 4312 no-

282 4375 430 4422 verat
451 4349 605 4420 unius
631 4376 752 4418 esse
770 4357 1101 4416 substantiae.

350 4459 409 4514 2.
434 4457 514 4513 Τιι
543 4457 589 4512 si
614 4456 695 4511 vis
720 4452 920 4526 aliquid
939 4447 1288 4520 reSpondere,
1320 4444 1546 4502 ostende
1573 4441 1868 4499 secundum

283 4550 611 4623 Scripturam
638 4555 877 4602 sanctam
907 4543 978 4598 de
1022 4537 1290 4610 aliquibus
1317 4534 1478 4592 rebus
1519 4533 1625 4589 dici
1645 4574 1660 4598 ,
1692 4531 1868 4588 Unum

284 4652 427 4712 sunt,
452 4656 675 4712 quarum
717 4647 800 4695 est
827 4637 1038 4693 diversa
1059 4629 1378 4689 substantia.
1410 4627 1524 4683 Hoc
1545 4627 1689 4682 enim
1715 4623 1870 4680 Chri-

285 4741 398 4789 stus
427 4747 536 4788 non
561 4730 714 4795 dixit,
739 4726 881 4799 quod
911 4735 1084 4781 tamen
1108 4731 1165 4777 tu
1193 4733 1353 4775 ausus
1379 4732 1438 4774 es
1458 4717 1653 4782 dicere,
1681 4713 1735 4770 id
1763 4722 1866 4782 est,

284 4823 555 4898 Apostolus
586 4838 744 4878 unum
764 4836 868 4875 esse
886 4834 1002 4873 cum
1029 4814 1188 4871 Patre
1213 4823 1258 4869 et
1294 4811 1432 4866 Filio
1453 4852 1469 4878 ,
1497 4810 1552 4864 in
1577 4824 1634 4864 eo
1662 4806 1796 4878 quod
1815 4807 1871 4860 in

285 4922 515 4976 omnibus
535 4919 604 4974 ad
627 4917 933 4973 voluntatem
964 4911 1056 4966 Dei
1085 4908 1261 4964 Patris
1293 4905 1630 4976 respicientes,
1661 4900 1731 4955 ad
1749 4899 1870 4954 imi-

286 5018 527 5070 tationem
575 5011 705 5066 Filii
744 5008 929 5064 subditi
953 5005 1044 5060 uni
1070 5002 1177 5057 Deo
1215 4999 1364 5055 Patri
1404 5007 1449 5052 et
1476 4996 1576 5067 ipsi
1611 4993 1874 5049 inueniun-

284 5119 366 5165 tur
394 5107 492 5182 (a).
525 5105 649 5160 Haec
676 5103 859 5159 dicens
877 5141 892 5167 ,
913 5099 1080 5154 Deum
1111 5103 1166 5150 et
1191 5092 1436 5147 homines
1466 5095 1684 5182 sanctos
1693 5098 1874 5182 unum

282 5177 414 5254 esse
432 5195 626 5253 fecisti.
656 5194 842 5260 Potest
866 5203 991 5259 ergo
1015 5186 1295 5257 quisquam
1323 5189 1628 5236 sanctorum
1654 5177 1832 5232 dicere
1855 5217 1872 5242 ,

283 5293 396 5358 :‘igo
437 5296 493 5344 et
523 5287 662 5342 Deus
688 5297 854 5340 unum
896 5277 1117 5336 sumus?
1159 5274 1314 5331 Absit
1359 5271 1463 5327 hoc
1490 5286 1520 5326 a
1547 5267 1798 5326 cordibus
1821 5275 1878 5322 et

288 5382 473 5435 oribus
500 5377 719 5434 sanctis.
748 5374 886 5430 Puto
906 5378 1082 5426 autem
1110 5364 1251 5439 quod
1281 5372 1334 5419 et
1358 5377 1456 5419 vos
1479 5377 1510 5416 a
1539 5373 1876 5432 quocumque

289 5469 390 5526 hoc
417 5467 650 5525 audiatis
667 5507 683 5533 ,
739 5460 1050 5518 horrescitis
1072 5501 1087 5527 ,
1113 5470 1214 5512 nec
1251 5452 1403 5508 fertis
1432 5463 1752 5522 quemquam
1779 5447 1879 5502 ho-

291 5565 489 5618 minem
511 5602 524 5626 ,
568 5557 900 5630 quantolibet
926 5565 1145 5608 munere
1176 5545 1470 5604 sanctitatis
1499 5543 1748 5617 excellat,
1799 5540 1880 5594 di-

291 5665 503 5712 centem
531 5696 546 5723 ,
589 5653 702 5724 Ego
731 5659 786 5706 et
812 5649 953 5704 Deus
981 5659 1146 5700 unum
1175 5655 1378 5698 sumus.
1409 5637 1512 5694 Sed
1541 5636 1678 5694 forte
1724 5648 1876 5690 arro-

357 5794 373 5824 ι
409 5797 521 5840 Lov.
549 5795 601 5839 et
609 5787 801 5851 quidam
937 5783 1181 5851 omittunt,
1193 5787 1294 5851 {von
1306 5779 1393 5843 ait,
1406 5790 1555 5830 unum
1570 5786 1755 5828 mecum
1764 5773 1878 5826 sint.

356 5852 436 5919 (a)
469 5852 588 5905 vide
606 5842 756 5902 s'erm.
780 5847 888 5910 140,
910 5859 962 5916 n.
981 5844 1029 5907 4,
1056 5851 1168 5901 tom.
1193 5842 1239 5898 5.

1611 366 1816 428 LIBER
1849 363 2230 433 SECUNDUS.

3457 391 3564 454 7M

1977 501 2170 568 gantiae
2197 503 2461 579 videatur,
2490 512 2538 569 si
2564 512 2669 572 hoc
2693 515 2762 574 de
2788 497 2852 576 se
2869 519 2987 590 ipso
3012 520 3204 594 aliquis
3227 522 3386 583 dicat.
3413 527 3560 588 Itane

1977 604 2104 689 vero
2123 595 2398 668 quisquam
2428 613 2663 662 vestrum
2690 609 2791 664 etsi
2817 625 2922 666 non
2943 613 3106 668 audet
3127 613 3328 682 dicere,
3359 617 3474 689 Ego
3503 630 3561 676 et

1977 683 2118 742 Deus
2145 703 2308 746 unum
2335 707 2552 764 sumus;
2585 699 2775 757 saltem
2821 703 2979 760 audet
3003 705 3214 773 dicere,
3268 683 3466 767 Paulus
3505 720 3563 770 et

1976 776 2118 835 Deus
2137 796 2301 838 unum
2330 793 2455 842 sunt
2481 804 2496 854 ;
2524 791 2660 846 sicut
2682 793 3056 853 incunctanter
3078 799 3324 866 dicimus,
3355 801 3556 858 Paulus

1975 879 2029 928 et
2055 873 2246 942 Apollo
2297 892 2460 934 unum
2507 891 2668 950 sunt;
2724 886 2866 944 Deus
2894 889 3051 946 Pater
3101 901 3156 947 et
3202 893 3342 950 Deus
3390 894 3557 952 Filius

1973 977 2137 1020 unum
2163 969 2324 1025 sunt?
2347 970 2516 1029 Porro
2537 1015 2554 1041 ,
2585 977 2631 1032 si
2660 991 2767 1034 non
2813 981 3021 1038 audetis
3049 983 3228 1040 dicere
3251 1027 3266 1051 ,
3310 986 3551 1054 Quilibet
3633 979 3636 982 ’

1971 1056 2134 1116 homo
2159 1071 2372 1119 sanctus
2390 1107 2406 1134 ,
2438 1067 2661 1137 quilibet
2689 1073 2946 1143 propheta
2970 1116 2985 1141 ,
3010 1076 3233 1146 quilibet
3255 1079 3553 1148 apostolus,

1970 1159 2026 1207 et
2052 1151 2220 1221 Deus,
2247 1170 2412 1213 unum
2440 1171 2594 1226 sunt;
2621 1154 2742 1231 quis
2769 1174 2824 1220 te
2847 1166 3102 1237 urgebat,
3131 1169 3251 1238 quis
3281 1177 3333 1226 te
3359 1171 3556 1242 impin-

1969 1242 2164 1313 gebat,
2219 1247 2337 1316 quis
2384 1256 2437 1304 te
2479 1251 2842 1321 praecipitabat
2867 1255 2910 1320 ί,
2943 1264 3006 1310 ut
3045 1256 3289 1327 diceres,
3320 1260 3557 1331 Apostoli

1969 1348 2125 1388 unum
2151 1345 2269 1391 sunt
2289 1354 2406 1395 cum
2450 1337 2610 1396 Patre
2645 1351 2693 1396 et
2719 1342 2898 1399 Filio?
2949 1344 3119 1402 Unum
3158 1359 3292 1417 sunt,
3340 1351 3552 1423 inquis,

1970 1423 2131 1478 Pater
2161 1437 2210 1482 et
2236 1425 2404 1485 Filius
2428 1472 2444 1499 ,
2488 1448 2593 1487 non
2619 1441 2788 1489 tamen
2829 1453 2961 1493 unus
2986 1454 3006 1492 :
3035 1440 3395 1513 continuoque
3423 1443 3554 1500 sub-

1963 1515 2141 1587 jungis
2159 1557 2174 1583 ,
2219 1517 2390 1576 Unum
2427 1523 2496 1576 ad
2520 1525 2842 1582 concordiam
2872 1529 3127 1599 pertinet;
3183 1531 3347 1600 Unus,
3375 1535 3442 1588 ad
3467 1551 3556 1590 nu-

1968 1623 2160 1663 merum
2197 1611 2578 1683 singutaritatis.
2620 1616 2848 1675 Volebas
2873 1629 3051 1677 autem
3094 1623 3274 1681 dicere
3295 1666 3312 1691 ,
3375 1625 3554 1684 Unum

1967 1707 2109 1766 sunt,
2134 1699 2202 1756 ad
2225 1704 2561 1761 concordiam
2588 1709 2853 1779 pertinet;
2877 1709 3025 1767 Unus
3046 1722 3148 1780 est,
3179 1714 3245 1770 ad
3270 1730 3552 1772 numerum

1966 1789 2350 1862 singularitatis
2381 1812 2395 1849 :
2428 1796 2523 1851 sed
2545 1805 2597 1854 te
2619 1813 2647 1852 a
2671 1801 3098 1859 consideratione
3123 1805 3405 1861 verborum
3433 1815 3555 1864 tuo-

1969 1897 2089 1937 rum
2138 1882 2368 1955 impetus
2392 1885 2767 1959 disputationis
2790 1892 3004 1948 avertit.
3057 1893 3190 1949 Nam
3219 1903 3273 1957 et
3299 1894 3474 1952 Unum
3498 1905 3556 1952 et

1968 1971 2115 2031 Unus
2141 1976 2325 2048 utique
2351 1979 2418 2034 ad
2468 1995 2748 2036 numerum
2797 1984 3028 2052 pertinet
3070 1984 3414 2057 singularem.
3443 1986 3554 2044 Sed

1966 2067 2110 2137 quod
2137 2083 2324 2126 verum
2347 2071 2370 2103 ³
2395 2079 2480 2127 est
2506 2089 2521 2139 ;
2552 2072 2728 2128 Unum
2755 2083 2878 2129 sunt
2900 2117 2916 2143 ,
2946 2084 3165 2146 propter
3189 2077 3244 2134 id
3267 2078 3410 2148 quod
3451 2079 3551 2135 ad-

1967 2159 2134 2218 ditum
2175 2172 2257 2218 est
2278 2204 2294 2230 ,
2329 2163 2502 2232 Sunt,
2556 2165 2818 2236 pluralem
2843 2169 3041 2224 indicat
3067 2185 3348 2226 numerum
3371 2211 3388 2239 ,
3419 2188 3553 2243 qua-

1965 2253 2087 2309 dam
2117 2255 2480 2327 singularitate
2506 2272 2804 2315 connexum
2834 2279 2849 2316 :
2881 2258 3030 2317 Unus
3051 2271 3134 2318 est
3148 2271 3324 2318 autem
3348 2304 3363 2329 ,
3387 2278 3548 2333 aper-

1967 2345 2172 2402 tissime
2197 2355 2280 2402 est
2305 2363 2558 2406 numerus
2582 2351 2882 2422 singularis.
2909 2351 3016 2408 Sed
3042 2353 3298 2424 numquid
3322 2353 3552 2424 Aposto-

1967 2435 2052 2493 lus
2076 2437 2296 2506 diceret,
2321 2439 2422 2508 Qui
2443 2450 2621 2498 autem
2646 2443 2883 2500 adhaeret
2908 2444 3156 2513 Domino,
3189 2461 3353 2502 unum
3383 2448 3549 2502 sunt?

1966 2532 2103 2601 Quid
2129 2535 2273 2591 enim
2303 2537 2446 2594 aliud
2469 2539 2708 2609 diceret,
2751 2542 2796 2598 si
2825 2541 2927 2599 hoc
2953 2542 3181 2612 diceret,
3212 2545 3314 2601 nisi
3335 2587 3351 2614 ,
3375 2544 3548 2600 Homo

1966 2634 2200 2693 sanctus,
2227 2637 2282 2684 et
2306 2628 2480 2699 Deus,
2515 2647 2679 2686 unum
2705 2634 2866 2688 sunt?
2888 2633 2992 2690 Sed
3019 2634 3178 2702 absit,
3207 2634 3346 2692 absit
3369 2635 3438 2691 ab
3457 2635 3550 2692 illa

1967 2720 2225 2788 sapientia
2276 2721 2374 2776 ista
2427 2723 2728 2779 sententia:
2760 2734 2814 2779 et
2845 2732 3022 2780 tamen
3049 2725 3217 2794 dixit,
3250 2725 3348 2794 Qui
3373 2735 3545 2782 autem

1965 2810 2188 2865 adliceret
2215 2810 2454 2879 Domino,
2485 2829 2616 2870 unus
2646 2814 2852 2884 spiritus
2879 2824 2954 2870 est
2980 2814 3027 2886 (Ι
3069 2815 3186 2871 Cor.
3217 2833 3290 2883 vi,
3343 2817 3456 2887 i7);
3485 2824 3548 2872 ut

1967 2904 2183 2959 noveris
2209 2904 2278 2960 de
2301 2904 2386 2960 his
2415 2905 2542 2974 dici,
2571 2905 2745 2962 Unum
2771 2917 2916 2972 sunt,
2941 2923 3060 2978 quae
3081 2908 3237 2964 unius
3267 2917 3392 2964 sunt
3409 2907 3555 2979 ejus-

1965 2993 2197 3065 demque
2232 2995 2542 3052 substantiae
2573 3015 2588 3052 :
2622 2997 2759 3053 sicut
2796 2997 3108 3068 quibusdam
3141 2998 3442 3054 hominibus
3465 2999 3554 3054 di-

1965 3093 2111 3142 ctum
2141 3095 2222 3141 est
2239 3128 2255 3152 ,
2289 3084 2474 3142 Omnes
2500 3087 2635 3143 enim
2681 3105 2768 3143 vos
2796 3104 2954 3144 unum
2980 3090 3098 3145 estis
3121 3091 3176 3144 in
3205 3088 3402 3144 Clu-isto
3425 3088 3553 3145 Jesu

1967 3174 2164 3250 (Galat.
2195 3193 2274 3244 ιιι,
2303 3177 2422 3248 28);
2443 3185 2496 3234 et
2520 3179 2657 3235 sicut
2691 3179 2766 3234 ait
2789 3194 2903 3250 ipse
2931 3178 3192 3247 Christus,
3220 3178 3333 3251 Ego
3357 3187 3404 3234 et
3433 3178 3546 3233 Pa-

1967 3276 2044 3323 ter
2061 3285 2220 3324 unum
2244 3285 2418 3324 sumus
2452 3269 2629 3342 (Joan.
2651 3285 2707 3334 x,
2730 3270 2844 3342 50).
2871 3270 3006 3325 Cum
3036 3281 3216 3326 autem
3243 3285 3381 3326 unus
3408 3269 3545 3325 dici-

1968 3365 2074 3425 tur,
2097 3369 2151 3414 et
2176 3359 2304 3430 quid
2328 3375 2464 3416 unus
2493 3360 2686 3417 dicitur
2710 3360 2731 3392 ⁸
2758 3379 2771 3416 :
2803 3368 2858 3416 et
2891 3359 2959 3416 de
2987 3360 3213 3416 diversis
3242 3359 3553 3416 substantiis

1967 3449 2072 3505 dici
2109 3458 2303 3520 potest,
2335 3451 2471 3506 sicut
2501 3450 2701 3506 dictum
2738 3461 2856 3519 est,
2902 3449 3004 3515 Qui
3025 3451 3247 3506 adhceret
3295 3449 3549 3519 Domino,

1969 3555 2100 3594 unus
2126 3540 2336 3610 spiritus
2359 3550 2466 3605 est;
2494 3539 2639 3596 etde
2663 3540 2825 3597 rebus
2855 3542 3009 3596 unius
3036 3541 3348 3597 substantiae
3365 3581 3383 3610 ,
3415 3541 3555 3597 sicut

1969 3631 2170 3688 dictum
2194 3641 2276 3687 est
2295 3672 2310 3697 ,
2360 3631 2488 3686 Erat
2510 3632 2581 3687 eis
2601 3633 2772 3687 anima
2796 3642 2843 3687 et
2863 3648 2952 3687 cor
2976 3649 3135 3688 unum
3163 3632 3298 3704 (Act.
3326 3648 3398 3700 ιν,
3433 3633 3549 3702 52).

1969 3721 2120 3790 Erat,
2146 3721 2314 3787 dixit;
2345 3738 2451 3778 non
2475 3723 2627 3790 dixit,
2656 3723 2823 3778 Erant
2851 3743 2865 3779 :
2893 3725 3143 3797 quoniam
3187 3724 3322 3780 dixit
3345 3733 3400 3781 et
3423 3724 3553 3794 quid

1969 3822 2115 3880 erat;
2142 3813 2196 3870 id
2224 3824 2327 3880 est,
2357 3815 2528 3868 anima
2548 3823 2593 3868 et
2611 3830 2718 3870 cor.
2747 3815 2836 3871 Sic
2862 3815 3021 3870 etiam
3046 3815 3115 3871 de
3135 3815 3294 3870 Patre
3319 3825 3374 3872 et
3392 3815 3550 3881 Filio,

1970 3913 2045 3970 et,
2076 3903 2250 3962 Unum
2273 3914 2426 3972 sunt,
2461 3905 2688 3962 dicimus
2705 3946 2720 3972 ,
2771 3906 2895 3976 quia
2922 3904 3080 3962 unius
3105 3906 3420 3962 substantia
3445 3906 3554 3962 duo

1970 4004 2095 4052 sunt
2121 4013 2134 4049 :
2163 4005 2236 4062 et,
2269 3995 2420 4052 Unus
2441 4005 2542 4065 est,
2566 3994 2812 4063 dicimus,
2843 3997 2938 4053 sed
2966 3996 3211 4054 addimus
3239 3996 3362 4068 quid
3384 4012 3522 4053 unus
3529 4015 3553 4066 ε

1970 4085 2026 4141 id
2049 4094 2153 4153 est,
2176 4100 2314 4141 unus
2329 4086 2490 4154 Deus,
2511 4101 2650 4142 unus
2674 4086 2932 4143 Dominus
2955 4129 2973 4155 ,
3013 4103 3154 4144 unus
3181 4087 3551 4158 Omnipotens,

1973 4177 2094 4233 etsi
2119 4176 2246 4247 quid
2274 4177 2600 4248 huiusmodi.
2634 4176 2776 4232 Satis
2797 4193 2883 4233 me
2913 4177 3062 4234 vobis
3083 4177 3307 4234 duarum
3333 4179 3555 4236 istarum

1971 4270 2298 4326 locutionum
2325 4271 2554 4328 arbitror
2597 4271 2894 4327 inculcasse
2935 4271 3265 4328 distantiam.
3305 4271 3556 4329 Scrutare

1973 4363 2152 4434 itaque
2195 4363 2499 4434 Scripturas
2528 4364 2816 4420 canonicas
2839 4372 3049 4419 veteres
3075 4371 3134 4419 et
3153 4376 3320 4424 novas
3337 4403 3354 4428 ,
3385 4371 3441 4420 et
3467 4363 3555 4418 in-

1972 4457 2115 4523 veni,
2146 4454 2192 4510 si
2211 4463 2378 4525 potes,
2409 4455 2499 4511 uhi
2523 4454 2664 4512 dicta
2689 4463 2820 4512 sunt
2843 4455 3040 4526 aliqua,
3065 4455 3241 4512 Unum
3257 4465 3404 4525 sunt,
3432 4471 3552 4529 qua:

1973 4555 2099 4603 sunt
2117 4547 2341 4602 diversae
2365 4557 2570 4602 naturae
2595 4556 2756 4618 atque
2783 4547 3119 4603 substantiae.

2045 4639 2098 4696 ὅ.
2128 4637 2268 4694 Sane
2315 4636 2424 4692 falli
2454 4646 2505 4694 te
2530 4639 2658 4694 nolo
2693 4639 2750 4694 in
2779 4639 3015 4710 Epistola
3042 4639 3263 4697 Joannis
3288 4642 3554 4712 apostoli~

1975 4728 2068 4785 ubi
2087 4730 2161 4784 ait
2185 4747 2198 4784 :
2221 4727 2343 4784 Tres
2368 4738 2485 4784 sunt
2512 4737 2698 4797 testes;
2727 4731 2958 4800 spiritus,
2987 4740 3036 4786 et
3059 4747 3211 4803 aqua,
3243 4741 3287 4787 et
3316 4733 3556 4804 sanguis;

1973 4828 2022 4875 et
2051 4829 2152 4878 tres
2175 4835 2334 4874 unum
2357 4828 2476 4874 sunt
2507 4819 2551 4888 (l
2569 4819 2726 4875 Joan.
2758 4837 2811 4890 v,
2843 4820 2920 4894 8).
2951 4821 3027 4877 Ne
3055 4821 3194 4877 forte
3218 4821 3365 4878 dicas
3397 4823 3558 4892 spiri-

1976 4919 2087 4966 tum
2110 4920 2166 4967 et
2185 4925 2375 4981 aquam
2393 4921 2446 4967 et
2467 4912 2783 4982 sanguinem
2809 4912 3048 4968 diversas
3067 4927 3190 4968 esse
3210 4913 3554 4982 substantias,

1975 5010 2032 5060 et
2061 5010 2238 5058 tamen
2282 5001 2479 5057 dictum
2505 5017 2626 5058 esse
2649 5045 2663 5068 ,
2696 5014 2794 5058 tres
2819 5020 2975 5058 unum
3020 5012 3137 5057 sunt
3163 5018 3183 5057 :
3214 5011 3433 5074 propter
3456 5003 3558 5060 hoc

1977 5093 2228 5152 admonui
2249 5109 2317 5150 ne
2337 5092 2560 5149 fallaris.
2594 5094 2722 5150 Haec
2747 5095 2889 5151 enim
2933 5103 3264 5150 sacramenta
3301 5104 3464 5162 sunt,
3494 5097 3549 5152 in

1978 5187 2172 5260 quibus
2198 5200 2305 5242 non
2344 5185 2472 5256 quid
2497 5186 2624 5248 sint,
2653 5185 2749 5240 sed
2775 5185 2902 5256 quid
2929 5183 3217 5241 ostendant
3241 5200 3454 5257 semper
3477 5196 3561 5242 at-

1983 5267 2217 5336 tenditur
2244 5297 2258 5335 :
2287 5279 2540 5351 quoniam
2570 5278 2719 5349 signa
2745 5285 2868 5333 sunt
2893 5292 3073 5335 rerum
3101 5317 3116 5342 ,
3161 5278 3306 5333 aliud
3327 5279 3561 5334 existen-

1982 5373 2075 5439 tia,
2099 5381 2154 5428 et
2184 5372 2328 5427 aliud
2356 5369 2731 5442 signiﬁcantia.
2760 5369 2816 5425 Si
2837 5382 2966 5439 ergo
2993 5367 3083 5422 illa
3111 5383 3230 5439 quae
3255 5367 3339 5424 bis
3361 5369 3561 5440 signiﬁ-

1983 5474 2192 5532 cantur,
2220 5464 2599 5534 intelligantur,
2623 5461 2737 5531 ipsa
2757 5459 3099 5515 inveniuntur
3117 5460 3277 5514 unius
3298 5475 3418 5514 esse
3441 5462 3553 5515 sub-

2203 5578 2233 5627 d
2265 5584 2337 5626 Er.
2376 5575 2524 5638 Lugd.
2563 5579 2614 5622 et
2648 5579 2788 5636 Ven.,
2815 5569 2922 5634 quis
2956 5576 3002 5623 te
3033 5569 3265 5637 urgebat,
3296 5569 3402 5636 quis
3434 5583 3563 5634 prce~

2048 5583 2064 5613 ί
2103 5583 2233 5690 ΑΒΜ
2265 5584 2337 5626 Er.
2376 5583 2440 5624 Lu

1984 5643 2133 5708 cipita
2165 5638 2260 5708 at_?
2382 5645 2440 5688 Ii.

2047 5709 2066 5738 ²
2101 5702 2230 5766 Apud
2253 5708 2441 5766 Lov._et
2461 5697 2692 5762 quosdam
2713 5693 3068 5766 Mss:,_uerbum.

1968 5789 1974 5794 ·
2049 5769 2070 5800 ³
2100 5754 2172 5816 sic
2192 5772 2298 5816 uss.
2325 5763 2442 5814 [aliti
2462 5754 2644 5823 autem,
2667 5765 2713 5812 et
2735 5754 2853 5826 quid
2876 5770 2998 5810 unus
3017 5760 3212 5821 natura,
3243 5762 3290 5809 et
3312 5754 3430 5823 quid
3447 5769 3568 5808 unus

1988 5828 2237 5897 adjicitur.
