4084 6434
375 557 476 615 sed
517 556 619 614 alia
659 555 958 615 testimtinia
1001 545 1177 614 divina
1220 547 1715 631 proferam,qnibus
1743 567 1795 615 te
1825 565 1880 614 ct
1907 558 1962 614 in

369 651 483 707 isro
506 654 690 708 errare
715 649 1164 708 detestabiliOrem
1193 652 1506 708 convincam
1538 640 1578 705 ί.
1604 651 1758 708 Nunc
1785 657 1963 706 autem

373 750 432 798 et
463 742 506 797 si
537 745 699 814 n‘egas
726 742 1008 798 Dominum
1050 739 1216 799 Deum
1247 747 1366 799 esse
1401 742 1652 813 Spiritum
1695 751 1960 810 sanctum,

375 839 559 890 tamen
584 841 640 888 ut
669 833 782 889 istis
813 833 907 889 Dei
943 835 1161 890 vocibus
1187 834 1484 890 centeraris
1507 875 1522 903 ,
1555 825 1685 890 satis
1714 842 1797 891 est
1820 834 1962 906 quod

370 919 648 980 Christum
681 919 964 980 Dominum
996 923 1161 981 De'ur’n
1201 921 1474 981 conﬁteris
1508 943 1520 980 :
1555 926 1643 996 qui
1669 925 1713 980 si
1742 942 1851 982 non
1880 934 1963 982 est

370 1028 500 1071 cum
523 1011 681 1072 Patre
702 1029 835 1071 unus
853 1015 1113 1072 Dominus
1138 1013 1297 1083 Deus,
1329 1017 1435 1072 duo
1463 1017 1666 1073 domini
1691 1015 1762 1072 dii
1793 1018 1963 1073 nostri

369 1111 567 1175 erum,
608 1117 662 1164 et
689 1107 834 1165 falsae
863 1109 968 1165 illae
997 1109 1093 1166 Dei
1119 1112 1278 1167 voCes
1310 1105 1464 1166 erunt
1482 1151 1498 1178 ,
1543 1107 1792 1165 Dominus
1824 1110 1963 1166 Deus

373 1199 496 1255 tuus
514 1241 529 1268 ,
577 1198 825 1257 Dominus
851 1217 982 1257 unus
1005 1211 1078 1257 est
1093 1219 1114 1269 ;
1140 1205 1220 1270 et,
1251 1189 1372 1257 Non
1394 1205 1464 1257 est
1497 1201 1629 1258 alius
1653 1194 1832 1273 prater
1860 1219 1958 1258 me.

371 1289 486 1350 Sed
509 1303 705 1365 quanto
725 1289 912 1350 melius
929 1301 1083 1351 erunt
1106 1295 1284 1352 Vestra
1305 1296 1466 1354 verba
1483 1295 1779 1365 emendata,
1803 1297 1961 1368 quam

371 1381 471 1441 Dei
498 1385 659 1442 verba
686 1387 961 1443 mendacia
981 1387 1008 1442 ?

442 1478 499 1532 2.
525 1477 732 1547 Quaeris
754 1482 786 1535 ἃ
813 1495 900 1536 me
924 1481 1098 1535 unum
1120 1522 1134 1548 ,
1163 1479 1384 1537 Judaico
1405 1481 1555 1538 modo
1577 1489 1624 1538 te
1645 1481 1815 1537 horter
1840 1498 1963 1554 pro-

372 1569 509 1643 ﬁteri
526 1589 683 1629 unum
708 1572 911 1640 Deum;
939 1576 1006 1629 an
1027 1576 1088 1630 de
1107 1569 1412 1647 subjectione
1435 1565 1562 1630 Filii
1585 1576 1751 1648 potius
1777 1593 1961 1632 secun-

371 1666 498 1720 dum
525 1659 663 1738 quod
694 1667 820 1737 ﬁdes
845 1655 992 1724 habet
1021 1667 1312 1724 Christiana
1336 1713 1352 1740 ,
1385 1671 1680 1726 ostendatur
1700 1675 1832 1725 unus
1856 1685 1962 1726 esse

368 1756 532 1826 Deus,
574 1761 717 1833 cujus
742 1756 912 1816 Filius
927 1771 1096 1817 noster
1116 1772 1187 1817 est
1208 1753 1367 1817 Deus.
1402 1753 1476 1817 Ita
1508 1762 1610 1818 hoc
1635 1761 1788 1830 dicis,
1811 1762 1962 1834 quasi

367 1847 676 1905 Iudaeorum
698 1851 769 1907 sit
787 1867 921 1922 vox,
947 1851 1085 1907 Audi
1095 1872 1115 1919 ,"
1143 1851 1341 1920 Israel;
1379 1845 1628 1910 Dominus
1658 1853 1796 1909 Deus
1822 1863 1959 1923 tuus,

370 1935 622 1996 Dominus
649 1958 780 1998 unus
800 1947 905 2009 est;
933 1951 1052 2011 aut,
1081 1933 1192 2016 Ego
1226 1961 1338 2000 sum
1376 1943 1657 2014 Dominus,
1689 1953 1737 2000 et
1762 1961 1862 2000 non
1890 1951 1963 2000 est

368 2031 508 2087 alius
549 2035 729 2104 praeter
766 2035 864 2088 me.
909 2031 1028 2105 Ipse
1062 2035 1204 2090 Deus
1251 2035 1354 2092 boc
1400 2031 1574 2092 dixit:
1601 2052 1861 2109 agnosce,
1907 2044 1962 2093 et

368 2129 532 2190 tace;
579 2124 666 2180 vel
707 2122 881 2196 petitis
921 2125 1160 2184 edissere
1206 2117 1475 2200 quomodo
1518 2145 1706 2186 verum
1744 2129 1958 2197 dixerit;

368 2215 533 2298 quem
583 2213 764 2272 nullus
815 2219 1056 2273 neslru'm
1110 2211 1269 2298 audet
1332 2217 1598 2275 afﬁrmare
1657 2221 1956 2276 mentitum.

369 2293 646 2376 Edissere,
675 2307 911 2379 inqua‘ni,
929 2293 1196 2381 quomodo
1218 2327 1404 2367 verum
1433 2301 1521 2378 sit,
1547 2297 1800 2366 Dominus
1818 2309 1960 2367 Deus

369 2401 520 2465 tuus,
565 2399 814 2455 Daminzts
839 2403 967 2456 unus
990 2409 1098 2468 est;
1145 2401 1190 2457 sl
1216 2402 1416 2458 domini
1446 2401 1518 2458 dii
1545 2403 1748 2471 nostri,
1791 2412 1849 2459 ut
1875 2404 1960 2459 di-

367 2489 526 2558 citis,
557 2479 663 2546 duo
696 2492 858 2560 sunt,
902 2491 1039 2548 unus
1066 2493 1239 2564 major
1261 2537 1276 2563 ,
1305 2494 1441 2550 alius
1471 2495 1645 2550 minor
1676 2503 1690 2550 :‘
1722 2493 1962 2551 edissere

369 2569 638 2653 quomodo
678 2585 862 2638 verum
901 2579 1008 2652 'sit,
1052 2581 1162 2656 Ego
1209 2602 1320 2640 sum
1361 2574 1644 2651 Dominus,
1689 2594 1737 2640 et
1764 2602 1865 2641 non
1889 2595 1962 2640 est

369 2673 506 2728 alius
534 2686 715 2744 praeter
740 2677 836 2730 me'.
867 2667 998 2744 Quis
1028 2665 1170 2732 enim
1194 2673 1296 2732 hoc
1324 2677 1516 2733 dixerit
1552 2693 1755 2750 quaero,
1781 2685 1961 2733 utrum

369 2755 551 2833 Pater,
579 2768 647 2820 an
678 2755 864 2822 Filius.
907 2769 964 2824 Si
1002 2765 1161 2826 Pater
1189 2769 1354 2837 dixit,
1380 2765 1491 2842 Ego
1535 2788 1646 2825 sum
1683 2767 1957 2840 Dominus,

367 2859 416 2909 tt
455 2863 556 2910 non
604 2863 675 2914 est
714 2857 844 2914 alius
885 2857 1067 2931 praeter
1098 2878 1207 2927 me;
1260 2878 1366 2916 non
1398 2878 1585 2918 verum
1623 2851 1796 2933 dixit,
1836 2857 1961 2935 quia

369 2949 454 3003 eSt
481 2949 616 3005 alitis
634 2945 891 3005 Deminus
919 2947 1103 3006 Filius.
1134 2950 1191 3008 Si
1220 2949 1383 3009 Filius
1407 2945 1508 3010 hoc
1534 2953 1693 3022 dixit;
1722 2970 1823 3011 nec
1847 2955 1962 3026 ipse

369 3042 559 3096 verum
589 3031 742 3110 dixit,
775 3043 896 3114 quia
926 3044 1008 3100 cst
1035 3044 1170 3099 alius
1197 3041 1451 3102 Dominus
1481 3040 1657 3101 Pater.
1695 3046 1752 3102 Si
1781 3056 1959 3103 autem

367 3129 474 3188 hoc
513 3124 647 3188 dixit
687 3133 956 3201 Trinitas;
1009 3133 1249 3206 profecto
1273 3141 1327 3192 et
1350 3153 1536 3192 verum
1564 3137 1740 3207 dixit,
1785 3147 1839 3194 et
1863 3153 1959 3195 vos

367 3215 560 3279 falsum“
605 3211 786 3282 dicere
833 3219 1088 3282 ostendit.
1153 3215 1387 3283 Trinitas
1428 3228 1622 3300 quippe
1667 3221 1958 3285 secundum

363 3325 573 3371 reetam
595 3309 753 3372 ﬁdem
772 3359 786 3383 ,
817 3313 871 3371 id
900 3317 981 3372 est
1002 3359 1016 3384 ,
1047 3311 1207 3374 Pater
1230 3325 1284 3375 et
1307 3317 1472 3375 Filius
1501 3329 1556 3376 et
1583 3317 1812 3392 Spiritus
1837 3337 1960 3376 san-

366 3407 488 3463 eius
507 3450 523 3475 ,
563 3403 619 3462 in
644 3407 796 3478 cujus
820 3409 1039 3464 nomine
1066 3409 1396 3481 ba’ptizamur
1414 3453 1429 3480 ,
1460 3419 1516 3468 et
1544 3429 1678 3467 unus
1703 3412 1959 3468 Dominus

367 3489 514 3554 Deus
536 3505 720 3555 neSte‘r
745 3507 828 3555 est
853 3542 868 3569 ,
897 3501 951 3555 et
976 3507 1172 3571 pr'mter
1198 3503 1369 3574 ipsum
1392 3501 1529 3558 alius
1557 3519 1662 3558 non
1694 3503 1796 3558 est.
1840 3503 1958 3574 Ipse

264 3593 288 3614 ‘
365 3591 453 3646 est
479 3591 622 3646 enim
661 3591 801 3647 Deus
850 3591 918 3647 de
963 3607 1070 3663 quo
1113 3591 1241 3649 dicit
1279 3589 1566 3664 Apostolus
1599 3613 1611 3649 :
1651 3589 1844 3650 Nullus
1882 3605 1959 3651 est

367 3672 507 3736 Dens
525 3723 540 3747 ,
568 3682 668 3737 nisi
689 3691 821 3737 unus
847 3682 889 3754 (Ι
915 3682 1032 3739 Co‘r.
1062 3700 1153 3739 vtu
1173 3727 1188 3753 ,
1215 3683 1294 3756 4).
1339 3685 1470 3739 Nam
1500 3685 1547 3742 si
1580 3685 1682 3740 hoc
1711 3685 1779 3741 de
1800 3681 1958 3740 Patre

365 3772 642 3846 aeceperis
678 3765 877 3830 dictum
899 3819 914 3842 ,
967 3791 1071 3831 non
1113 3775 1206 3833 tibi
1233 3778 1334 3834 erit
1361 3777 1499 3833 Deus
1524 3776 1767 3833 Christus
1790 3819 1805 3846 ,
1834 3779 1958 3850 quia

366 3863 474 3918 non
495 3863 672 3935 potest
697 3862 828 3920 Solvi
854 3865 1125 3937 Scriptura
1147 3908 1160 3933 ,
1194 3866 1378 3923 dicens
1398 3910 1411 3934 ,
1441 3865 1635 3922 Nullus
1665 3855 1824 3935 Deus,
1857 3867 1957 3921 nisi

365 3959 499 4011 unus
528 3973 550 4014 :
576 3964 636 4012 nt
668 3955 754 4013 hic
777 3957 927 4014 vobis
959 3967 1160 4016 taceam
1196 3952 1262 4015 de
1285 3959 1486 4030 Spiritu
1526 3965 1712 4016 Sancto
1734 4003 1749 4030 ,
1797 3975 1957 4032 quem

367 4049 618 4120 superius
645 4047 930 4106 Dominum
951 4043 1123 4108 Deum
1152 4050 1482 4108 ostendimus
1503 4094 1516 4116 ,
1544 4051 1694 4109 vobis
1715 4053 1956 4125 neganti-

365 4139 487 4200 bus.
518 4137 856 4217 Quapropter
885 4147 928 4200 si
959 4141 1320 4201 Macedoniani
1351 4137 1584 4201 lucretici
1614 4147 1832 4216 essetis,
1864 4149 1955 4219 qui

366 4231 434 4292 de
457 4223 576 4292 Solo
602 4235 802 4308 Spiritu
836 4244 1021 4293 sancto
1061 4237 1335 4292 catholicte
1376 4227 1500 4293 ﬁdei
1532 4238 1837 4295 consentire
1861 4237 1956 4296 de-

363 4329 634 4392 trectant,
683 4329 892 4384 Patrem
921 4333 1048 4384 vero
1077 4325 1131 4383 et
1159 4325 1346 4384 Filium
1385 4327 1520 4385 duos
1562 4330 1777 4402 quidem
1808 4345 1951 4399 esse,

364 4415 418 4477 id
444 4421 554 4487 est,
583 4413 733 4476 illum
765 4417 977 4478 Patrem
1005 4465 1019 4490 ,
1050 4421 1193 4476 illum
1222 4421 1414 4477 Filium
1434 4465 1450 4491 ,
1482 4425 1536 4479 et
1558 4425 1791 4496 aequales
1810 4441 1951 4497 esse,

364 4514 527 4584 atque
548 4513 705 4569 unitis
732 4513 1079 4585 ejusdemque
1109 4515 1420 4572 substantiae
1440 4558 1455 4583 ,
1486 4532 1586 4573 nec
1618 4519 1793 4575 tamen
1820 4507 1954 4578 duos

364 4597 615 4663 deminos
663 4592 828 4677 deos,
885 4607 978 4663 sed
1019 4609 1207 4665 ambos
1252 4607 1410 4664 simul
1452 4626 1615 4666 unum
1669 4611 1954 4670 Dominum

364 4691 534 4754 Dedin
563 4711 682 4754 esse
710 4695 1050 4754 ‘consentitint
1074 4718 1086 4754 :
1113 4700 1156 4754 si
1185 4715 1311 4771 ergo
1339 4709 1392 4756 et
1420 4716 1514 4758 vos
1550 4702 1740 4759 saltem
1765 4702 1951 4762 hacte-

362 4803 466 4845 nus
491 4790 744 4846 erraretis
763 4832 777 4857 ,
818 4792 926 4846 itan
949 4791 1131 4862 utique
1159 4790 1241 4846 bis
1269 4789 1462 4848 divinis
1489 4791 1707 4850 vocibus
1731 4812 1952 4868 urgere-

359 4873 515 4937 mlni.
565 4877 780 4937 Patrem
809 4883 1004 4952 quippe
1033 4885 1086 4938 et
1110 4873 1304 4938 Filium
1330 4884 1642 4941 assereretis
1663 4903 1825 4942 unum
1847 4889 1952 4944 Do-

356 4974 566 5030 ittlni'lm
596 4973 762 5030 Deum
793 4961 991 5029 dinisse'
1012 5015 1027 5040 ,
1079 4966 1202 5028 Non
1235 4981 1304 5030 est
1328 4976 1457 5029 alius
1485 4981 1666 5048 praeter
1688 4995 1784 5032 me.
1834 4977 1948 5036 Uti-

358 5067 486 5120 nam
515 5068 622 5120 non
650 5073 879 5120 restaret
907 5077 1064 5136 agere
1093 5064 1384 5132 vobisdum,
1418 5067 1521 5122 nisi
1549 5071 1604 5123 'ut
1627 5069 1948 5143 adiungere-

357 5154 430 5210 tis
457 5155 712 5225 Spiritum
737 5161 1008 5222 sanctum,
1052 5161 1105 5211 et
1137 5165 1242 5211 non
1269 5156 1574 5212 dualltatem
1598 5200 1612 5226 ,
1644 5161 1739 5215 Sed
1768 5153 1948 5218 Trini-

356 5255 526 5304 tatem
563 5248 814 5305 diceretis
856 5251 1020 5304 unum
1067 5247 1350 5304 Dominum
1393 5249 1580 5306 Deum.
1631 5247 1783 5308 Nunc
1820 5270 1948 5311 vero

359 5343 482 5396 cum
505 5341 584 5397 sic
609 5342 846 5398 asseritis
869 5335 1083 5398 Patrem
1111 5339 1396 5398 Dominum
1428 5343 1596 5400 Deum
1620 5386 1634 5412 ,
1675 5355 1729 5402 et
1754 5341 1945 5405 Filium

357 5431 646 5488 Dominum
673 5427 839 5488 Deum
864 5475 879 5501 ,
928 5442 984 5488 ut
1021 5422 1180 5490 simul
1206 5423 1392 5490 ambos
1426 5451 1535 5490 non
1561 5435 1750 5494 dicatis
1780 5455 1945 5497 unum

355 5524 642 5582 Dominum
670 5525 854 5592 Deum,
884 5525 978 5581 sed
1003 5525 1156 5593 duos,
1179 5527 1436 5598 majorem
1466 5531 1650 5597 unum,
1682 5531 1945 5590 minorem

355 5615 620 5683 Ilterum;
646 5632 863 5688 prorsus
879 5615 1221 5675 conl'odimini
1237 5620 1413 5690 gladio
1433 5622 1668 5678 veritatis
1693 5623 1940 5695 dicentis,
1985 5653 1988 5658 -

354 5702 493 5764 Audi
510 5751 524 5774 ,
553 5705 749 5773 Israel;
785 5705 1035 5764 Dominus
1056 5707 1192 5765 Deus
1229 5717 1370 5779 tuus,
1415 5711 1660 5768 Dominus
1685 5732 1816 5771 unus
1835 5726 1942 5774 est:

354 5799 447 5870 Qui
468 5797 682 5866 clamat,
713 5797 823 5871 Ego
852 5815 962 5853 sum
992 5799 1241 5856 Dominus
1262 5845 1276 5868 ,
1307 5811 1353 5858 et
1383 5820 1481 5859 non
1509 5813 1581 5863 est
1601 5804 1735 5862 alius
1761 5819 1943 5879 prwter

423 5913 440 5945 ί
479 5905 551 5964 ετ.
575 5915 720 5979 Lugd.
744 5912 887 5979 γεω..
915 5915 1314 5973 detestabiliorem
1336 5919 1628 5974 convincam.
1726 5931 1782 5977 Μ.

1687 437 1892 502 LIBER
1925 425 2303 498 SECUNDUS.

2069 573 2166 613 me.
2218 555 2401 631 Neque
2440 560 2582 617 enim
2624 547 2765 620 Deus
2809 549 2968 620 Pater
3003 554 3082 620 sic
3124 563 3284 622 vellet
3328 557 3595 625 Israelitas
3620 584 3655 644 a

2069 652 2215 708 cultu
2241 651 2462 708 deorum
2489 663 2740 712 reVocare
2763 656 3052 713 multorum
3080 666 3238 728 atque
3280 657 3532 716 falsorum
3558 701 3572 728 ,
3598 666 3660 718 ut

2068 741 2148 798 eis
2175 743 2243 798 de
2267 759 2371 801 uno
2398 743 2510 800 Deo
2534 761 2596 800 ac
2623 743 2848 803 Domino
2879 749 3215 820 mentiretur,
3240 758 3295 806 et
3321 750 3524 808 diceret
3547 766 3658 809 non

2070 848 2188 890 esse
2215 845 2406 906 praeter
2434 851 2490 891 se
2522 836 2685 892 alium
2716 829 3033 909 Dominum,
3079 857 3204 898 cum
3233 843 3395 900 sciret
3417 844 3581 900 Deum
3602 851 3658 902 et

2072 925 2352 982 Dominum
2380 943 2498 984 esse
2523 943 2676 984 suum
2702 921 2915 986 Filium.
2958 919 3113 990 Absit
3129 941 3189 989 ut
3212 934 3408 990 veritas
3435 943 3490 991 et
3512 935 3659 992 veria

2071 1019 2193 1076 tatis
2219 1019 2376 1076 Pater
2414 1020 2693 1078 mendacio
2735 1023 3004 1094 deciperet
3033 1023 3287 1098 populum
3313 1042 3468 1084 suum
3501 1044 3514 1080 :
3543 1026 3658 1084 ba:—

2070 1116 2360 1171 reticorum
2395 1115 2464 1172 sit
2505 1115 2620 1173 haec
2642 1159 2658 1186 ,
2690 1133 2796 1174 non
2827 1120 3211 1178 catholicorum
3251 1130 3357 1177 tam
3387 1120 3656 1180 horrenda

2071 1217 2123 1264 et
2152 1207 2462 1264 detestanda
2485 1198 2836 1280 blaSphemia.
2865 1199 3092 1268 Prorsus
3122 1213 3263 1270 Deus
3287 1229 3475 1270 verum
3500 1214 3654 1285 dicit,

2070 1316 2190 1356 cum
2221 1291 2368 1368 dicit,
2394 1299 2551 1369 Audi,
2581 1289 2781 1367 Israel;
2815 1301 3058 1360 Dominus
3085 1292 3220 1360 Deus
3246 1315 3383 1376 tuus,
3408 1304 3658 1365 Dominus

2070 1408 2201 1446 unus
2226 1400 2336 1447 est:
2366 1393 2486 1464 quia
2509 1393 2666 1448 Pater
2694 1402 2747 1449 et
2765 1393 2931 1452 Filius
2951 1405 3004 1452 et
3029 1397 3258 1469 Spiritus
3283 1407 3522 1468 sanctus,
3547 1413 3659 1459 non

2069 1493 2180 1542 tres
2210 1485 2311 1554 dii,
2345 1485 2437 1541 sed
2462 1501 2596 1541 unus
2625 1475 2804 1554 Deus;
2851 1504 2951 1546 nec
2978 1499 3085 1546 tres
3112 1491 3354 1563 domini,
3395 1494 3488 1550 sed
3521 1507 3658 1551 unus

2071 1576 2328 1632 Dominus
2348 1586 2448 1632 est.
2474 1573 2698 1633 Prorsus
2720 1594 2904 1635 verum
2938 1581 3092 1650 dicit,
3123 1581 3234 1654 Ego
3252 1601 3363 1639 sum
3384 1584 3654 1655 Dominus,

2069 1680 2117 1727 et
2145 1686 2244 1725 non
2266 1679 2342 1725 est
2378 1669 2510 1725 alius
2541 1680 2722 1740 praeter
2745 1689 2859 1740 me;
2902 1675 3023 1745 quia
3055 1690 3161 1730 non
3197 1675 3301 1731 hoc
3341 1676 3499 1732 Pater
3535 1686 3657 1734 tau-

2068 1770 2182 1818 tum
2203 1802 2217 1830 ,
2258 1761 2355 1818 sed
2383 1765 2497 1833 ipsa
2521 1752 2755 1818 Trinitas
2781 1763 2910 1820 dicit
2944 1783 2957 1819 :
2987 1766 3077 1821 hic
3103 1774 3185 1822 est
3213 1767 3465 1824 Dominus
3495 1783 3657 1836 unus,

2068 1841 2122 1910 et
2141 1869 2248 1909 non
2273 1853 2409 1908 alius
2436 1861 2630 1924 praeter
2657 1855 2852 1924 ipsum.
2881 1855 3014 1912 Nam
3041 1857 3085 1912 si
3113 1857 3270 1914 Pater
3295 1858 3517 1926 diceret,
3543 1858 3654 1930 Ego

2066 1964 2181 2003 sunt
2206 1945 2481 2015 Dominus,
2508 1956 2555 2002 et
2577 1964 2678 2002 non
2703 1956 2778 2004 est
2803 1950 2935 2005 alius
2961 1960 3144 2022 prwter
3167 1967 3284 2017 me;
3311 1961 3531 2024 negaret
3556 1953 3660 2010 uti-

2069 2055 2172 2112 que
2213 2039 2499 2096 Dominum
2530 2056 2652 2098 esse
2688 2043 3018 2114 unigenitum
3049 2045 3262 2101 Filium.
3314 2047 3383 2102 Et
3411 2049 3530 2119 quis
3563 2064 3660 2105 no-

2067 2141 2239 2188 strum
2259 2132 2480 2188 auderet
2503 2148 2625 2189 eum
2654 2135 2936 2190 Dominum
2969 2137 3231 2206 conﬁteri,
3259 2139 3659 2198 contradicente

2066 2212 2226 2280 Patre
2241 2231 2402 2295 atque
2423 2224 2656 2294 dicente,
2681 2225 2791 2298 Ego
2807 2244 2919 2282 sum
2942 2224 3192 2284 Dominus
3210 2269 3226 2296 ,
3244 2239 3292 2284 et
3312 2247 3412 2285 non
3431 2241 3504 2287 est
3527 2232 3658 2288 alius

2068 2327 2255 2387 prwler
2279 2318 2396 2372 me?
2425 2317 2503 2374 Ac
2527 2333 2624 2390 per
2650 2319 2756 2375 hoc
2778 2319 3068 2396 secuudpm
3094 2331 3295 2379 rectam
3318 2323 3476 2380 ﬁdem
3495 2365 3510 2391 ,
3550 2339 3660 2381 non

2067 2399 2260 2476 Patris,
2275 2407 2368 2464 sed
2383 2408 2657 2466 Trinitatis
2668 2411 2784 2467 haec
2797 2428 2899 2468 vox
2911 2421 2993 2468 est
3009 2431 3021 2467 :
3037 2422 3091 2472 et
3104 2414 3277 2471 Patris
3287 2430 3436 2487 ergo,
3451 2415 3653 2482 etFilii,

2066 2509 2121 2555 et
2159 2501 2387 2572 Spiritus
2409 2504 2603 2560 sancti.
2636 2503 2975 2561 Obticescant
3003 2506 3164 2578 igitur
3191 2507 3384 2579 linguae
3409 2509 3660 2580 ignoran-

2068 2593 2199 2649 tium
2228 2595 2507 2651 veritatem
2535 2612 2550 2651 :
2583 2583 2700 2652 haec
2729 2597 2958 2653 Trinitas
2984 2597 3126 2654 Deus
3153 2615 3295 2656 unus
3322 2607 3422 2656 est.
3454 2599 3533 2655 De
3557 2600 3659 2658 hoc

2068 2700 2174 2740 uno
2210 2673 2321 2742 Deo
2348 2686 2578 2754 dicitur,
2617 2689 2786 2757 Audi,
2833 2687 3035 2756 Israel;
3072 2690 3323 2747 Dominus
3345 2691 3486 2746 Deus
3519 2701 3657 2760 tuus,

2067 2761 2318 2833 Dominus
2339 2795 2467 2833 unus
2493 2789 2585 2835 est.
2627 2780 2726 2836 Hic
2750 2781 2891 2837 Deus
2923 2797 3060 2838 unus
3088 2783 3249 2850 dicit,
3277 2782 3391 2854 Ego
3409 2797 3523 2839 sum
3551 2781 3659 2837 Do-

2067 2871 2254 2950 minus,
2276 2880 2446 2928 etnon
2469 2883 2541 2929 est
2562 2875 2695 2930 alius
2716 2886 2898 2948 prazter
2916 2893 3015 2932 me.
3043 2877 3322 2949 SubjeCtus
3342 2887 3424 2934 est
3443 2877 3659 2950 quidem

2068 2961 2214 3018 Patri
2245 2962 2386 3019 ﬁlius
2423 2965 2716 3022 secundum
2760 2967 2991 3024 formam
3030 2967 3264 3026 homin-is
3290 2986 3304 3023 :
3333 2984 3443 3026 non
3479 2977 3659 3026 tamen

2068 3063 2192 3110 sunt
2222 3055 2330 3111 duo
2357 3055 2430 3111 dii
2460 3065 2514 3112 et
2551 3056 2656 3114 duo
2690 3058 2898 3116 domini
2934 3060 3230 3118 secundum
3271 3060 3498 3118 formam
3523 3062 3655 3131 Dei;

2067 3146 2162 3202 sed
2193 3147 2353 3202 ambo
2375 3163 2497 3204 cum
2525 3147 2725 3221 Spiritu
2750 3167 2849 3208 suo
2869 3167 3006 3210 unus
3031 3161 3114 3210 est
3144 3153 3418 3210 Dominus.

2144 3225 2195 3295 3.
2246 3239 2572 3295 Tcstimonia
2611 3258 2730 3316 quae
2769 3241 2836 3299 de
2871 3243 3034 3301 Paulo
3080 3245 3327 3316 apostolo
3364 3245 3654 3317 protulisti,

2067 3341 2252 3387 contra
2281 3341 2332 3388 te
2357 3333 2642 3405 loquuntur
2662 3375 2678 3402 ,
2707 3343 2762 3390 ct
2790 3337 2986 3392 nescis.
3039 3325 3173 3394 Dicit
3201 3340 3345 3398 enim
3369 3340 3462 3397 ille
3488 3357 3501 3394 :
3528 3339 3659 3396 Gra-

2067 3425 2140 3480 tia
2173 3425 2309 3479 volu's
2338 3434 2385 3479 et
2413 3442 2517 3496 pax
2555 3442 2588 3481 a
2619 3426 2730 3482 Deo
2774 3427 2932 3484 Patre
2973 3439 3144 3486 nostra
3184 3440 3232 3486 et
3271 3431 3491 3487 Domino
3532 3432 3658 3488 Iesu

2068 3515 2266 3572 Christo
2297 3515 2471 3587 (Rom.
2504 3534 2543 3585 ι,
2572 3518 2634 3585 7;
2662 3518 2682 3574 l
2707 3516 2826 3574 Cor.
2851 3536 2889 3586 ι,
2919 3521 2988 3588 5;
3020 3521 3063 3580 ll
3090 3520 3208 3580 Cor.
3240 3539 3278 3593 ι,
3307 3523 3375 3590 2;
3410 3524 3581 3580 Galat.
3612 3541 3653 3594 ι,

2068 3608 2102 3665 3
2125 3640 2143 3676 ί
2173 3617 2217 3663 et
2248 3607 2443 3682 Ephes.
2475 3626 2522 3680 1,
2552 3610 2633 3682 2).
2677 3611 2956 3678 Quomodo
2980 3623 3063 3670 est
3090 3625 3268 3674 autem
3293 3617 3547 3674 Dominus
3567 3618 3658 3675 Jeo

2065 3717 2158 3757 sus
2182 3701 2445 3767 Christus,
2470 3703 2514 3757 si
2553 3703 2712 3759 Pater
2735 3704 2887 3772 dicit,
2917 3705 3030 3777 Ego
3049 3723 3160 3762 sum
3186 3707 3457 3778 Dominus,
3485 3720 3657 3766 etnon

2063 3801 2136 3847 est
2169 3792 2302 3847 alius
2330 3801 2512 3864 praeter
2539 3795 2657 3849 me?
2689 3793 2806 3850 Non
2834 3810 2980 3867 ergo;
2997 3797 3164 3854 sol-ius
3191 3798 3364 3857 Patris
3385 3837 3402 3868 ,
3435 3808 3494 3856 ut
3521 3801 3653 3871 dixi,

2063 3885 2161 3944 sed
2188 3886 2462 3943 Trinitatis
2488 3887 2602 3944 hazc
2622 3903 2723 3945 vox
2745 3898 2846 3945 est.
2893 3891 3134 3950 Adhibes
3161 3892 3390 3950 alterum
3418 3898 3657 3954 tesﬁmo-
3700 3932 3719 3947 .

2063 3979 2242 4054 nium,
2285 3985 2340 4035 et
2369 3979 2542 4050 ipsum
2571 3989 2754 4037 contra
2786 3991 2837 4038 te
2865 3982 3073 4054 ipsum,
3121 3985 3217 4060 ubi
3239 3986 3317 4042 ait
3342 3987 3653 4060 Apostolus,

2069 4070 2215 4127 Unus
2253 4070 2392 4126 Deus
2428 4070 2588 4128 Pater
2609 4114 2625 4141 ,
2672 4089 2739 4128 ex
2778 4091 2880 4146 quo
2907 4077 3113 4146 omnia,
3143 4088 3193 4134 et
3224 4089 3317 4135 nos
3345 4081 3400 4158 in
3435 4082 3587 4152 ipso;
3608 4093 3657 4138 st

2063 4182 2195 4221 unus
2221 4164 2473 4221 Dominus
2506 4164 2659 4222 Iesus
2705 4166 2934 4225 Christus
2957 4207 2973 4236 ,
3024 4187 3114 4241 per
3155 4187 3302 4242 quem
3345 4177 3519 4231 omnia
3539 4219 3554 4245 ,
3606 4186 3657 4235 et

2063 4276 2154 4315 nos
2179 4259 2234 4314 in
2260 4259 2392 4330 ipso,
2423 4260 2560 4315 sicut
2586 4267 2646 4315 tu
2675 4260 2881 4318 locutus
2917 4275 2976 4320 es
3012 4277 3026 4318 :
3069 4263 3360 4334 Apostolus
3381 4276 3580 4338 autem,
3603 4279 3654 4326 οι

2034 4368 2036 4371 ·
2061 4368 2156 4408 nos
2179 4369 2270 4422 per
2289 4352 2458 4421 ipsum
2484 4352 2599 4418 ait;
2633 4367 2740 4408 non
2765 4353 2860 4422 ait,
2891 4355 2945 4409 in
2977 4356 3110 4427 ipso.
3148 4357 3256 4413 Sed
3293 4358 3396 4415 hoc
3424 4361 3552 4431 quid
3583 4363 3651 4419 ad

2061 4458 2278 4502 causam
2296 4444 2319 4498 i
2347 4442 2534 4500 Solent
2554 4443 2652 4500 ista
2673 4445 2983 4516 contingere
3003 4460 3072 4503 ex
3093 4450 3351 4506 memoria
3379 4452 3653 4521 proferen-

2060 4534 2204 4606 tibus
2231 4533 2556 4600 testimonia,
2583 4549 2690 4589 non
2718 4550 2784 4592 ex
2804 4536 2990 4594 codice
3015 4537 3106 4592 illa
3135 4537 3438 4611 legentibus
3464 4560 3477 4597 :
3506 4545 3650 4614 quod

2057 4625 2129 4683 ad
2158 4639 2272 4682 rem
2302 4625 2536 4696 pertinet
2577 4627 2751 4695 potius
2789 4626 3020 4686 intuere.
3051 4630 3214 4699 Ecce,
3241 4631 3376 4689 dixit
3413 4635 3648 4705 Aposto~

2057 4715 2188 4785 lus”
2201 4715 2346 4771 Unus
2371 4714 2509 4770 Deus
2549 4713 2726 4784 Pater,
2759 4733 2822 4772 ea:
2847 4735 2947 4788 quo
2971 4722 3161 4788 omnia,
3199 4731 3248 4777 et
3285 4740 3378 4778 nos
3418 4725 3471 4779 in
3498 4727 3649 4796 ipso;

2059 4817 2109 4866 et
2151 4823 2285 4862 unus
2325 4806 2577 4863 Dominus
2615 4807 2767 4864 Jesus
2810 4807 3061 4878 Christus,
3091 4829 3181 4882 per
3207 4830 3356 4884 quem
3379 4817 3571 4885 omnia,
3600 4829 3649 4876 et

2054 4917 2151 4957 nos
2180 4917 2270 4974 per
2292 4902 2457 4972 ipsum
2547 4901 2663 4958 Cor.
2691 4918 2802 4970 VIII,
2830 4903 2907 4969 6).
2938 4904 3170 4962 Omnino
3193 4906 3327 4963 duas
3365 4924 3643 4982 personas,

2055 5011 2220 5052 unam
2247 4995 2442 5062 Patris,
2485 4995 2705 5052 alteram
2736 4996 2878 5062 Filii,
2923 4998 3041 5054 sine
3081 4999 3191 5054 ulla
3229 5001 3546 5061 confusione
3591 5012 3647 5064 et

2056 5085 2174 5142 sine
2199 5085 2309 5140 ullo
2334 5099 2521 5142 errore
2562 5085 2820 5142 distinxit.
2855 5086 3039 5158 Neque
3073 5089 3215 5148 enim
3263 5091 3370 5148 duo
3417 5102 3545 5151 sunt
3567 5097 3645 5154 dii

2055 5188 2256 5250 patres,
2288 5178 2383 5235 sed
2417 5195 2555 5237 unus
2595 5180 2736 5236 Deus
2767 5180 2924 5237 Pater
2953 5199 2968 5235 :-
2999 5197 3099 5239 nec
3143 5183 3250 5240 duo
3289 5195 3416 5242 sunt
3438 5187 3644 5248 domini
3708 5216 3718 5272 ι’

2053 5268 2179 5326 Jesu
2201 5267 2421 5341 Christi,
2466 5271 2562 5328 sed
2611 5286 2752 5328 unus
2798 5272 3056 5330 Dominus
3094 5274 3250 5333 Iesus
3285 5275 3547 5338 Christus.
3578 5282 3642 5342 In

2052 5363 2143 5422 illa
2174 5364 2372 5436 quippe
2397 5365 2654 5424 Triuitate
2681 5381 2800 5437 quae
2849 5367 2989 5426 Deus
3029 5377 3130 5438 est,
3165 5384 3301 5428 unus
3336 5384 3422 5430 est
3456 5375 3638 5452 Pater,

2054 5470 2160 5510 non
2187 5455 2293 5512 duo
2317 5456 2400 5512 vel
2428 5464 2568 5524 tres;
2596 5466 2650 5513 et
2692 5472 2832 5515 unus
2861 5457 3057 5527 Filius,
3090 5476 3197 5517 non
3225 5463 3332 5520 duo
3373 5467 3458 5523 vel
3491 5477 3636 5540 tres;

2053 5557 2108 5606 et
2131 5565 2270 5605 unus
2292 5549 2572 5606 amborum
2605 5550 2854 5622 Spiritus,
2881 5569 2989 5612 non
3013 5555 3123 5612 duo
3153 5559 3237 5614 vel
3267 5567 3375 5618 tces
3405 5581 3421 5620 :
3445 5573 3500 5620 et
3521 5566 3640 5637 ipso

2051 5657 2187 5698 unus
2213 5642 2371 5717 Pater
2400 5642 2584 5714 utique
2613 5645 2754 5702 Deus
2777 5655 2882 5716 est,
2911 5657 2967 5706 et
2991 5651 3108 5721 ipse
3129 5669 3266 5710 unus
3291 5655 3456 5712 Filius
3473 5659 3638 5716 etiam

2052 5736 2201 5792 vobis
2231 5736 2517 5793 fatentibus
2557 5738 2700 5796 Deus
2727 5747 2826 5809 cst,
2859 5751 2915 5798 et
2950 5745 3064 5814 ipse
3093 5746 3373 5804 uerborum
3408 5749 3637 5820 Spiritus

2049 5827 2210 5886 etiam
2239 5828 2389 5886 vobis
2414 5831 2728 5901 negantibus
2755 5833 2896 5892 Deus
2918 5844 3020 5894 est.
3057 5838 3148 5896 Sic
3178 5847 3234 5896 et
3266 5842 3547 5900 Dominum
3593 5850 3638 5903 si

2053 5933 2281 5990 quieras,
2341 5921 2607 5995 singultim
2648 5939 2914 5999 quemque
2963 5925 3300 6002 respondeo;
3343 5935 3438 5994 sed
3478 5937 3639 5999 simul
