4084 6434
459 409 565 465 799

461 537 651 579 omnes
679 536 785 578 non
829 530 936 579 tres
975 520 1219 577 dominos
1256 517 1405 582 deos,
1438 512 1533 571 sed
1563 526 1723 569 unum
1754 506 2039 564 Dominum

461 614 631 670 Deum
656 615 793 671 dico.
821 614 946 669 Haec
973 620 1055 669 est
1087 606 1219 667 ﬁdes
1248 618 1448 673 nostra,
1490 605 1737 675 quoniam
1767 602 1884 656 haec
1912 600 2043 655 lides

461 718 544 762 est
570 718 733 773 recta,
761 722 878 776 quae
919 705 1048 759 lides
1076 702 1234 759 etiam
1279 699 1537 756 catholica
1566 704 1920 765 nuncupatur.
1962 691 2045 746 Tu

461 806 637 853 autem
668 798 757 868 qui
787 796 910 851 huic
948 795 1069 850 ﬁdei
1110 791 1451 858 contradicis,
1492 803 1673 860 quaeso
1716 797 1787 849 te,
1835 798 2046 854 expone

461 890 638 955 nobis,
677 890 833 943 etiam
873 887 1026 943 Jesus
1063 887 1307 942 Christus
1344 883 1610 955 quomodo
1652 883 1723 938 sit
1766 880 2042 946 Dominus,

461 982 552 1051 qui
584 995 687 1034 non
715 979 1007 1045 Trinitatis,
1039 977 1135 1033 sed
1164 978 1328 1033 solius
1370 976 1541 1031 Patris
1580 989 1700 1030 esse
1731 973 1925 1028 asseris
1951 986 2047 1026 vo-

462 1086 602 1137 cem,
641 1068 753 1140 Ego
793 1086 903 1123 sum
950 1069 1220 1134 Dominus,
1265 1078 1313 1123 et
1348 1085 1449 1122 non
1474 1076 1547 1122 est
1580 1066 1713 1119 alius
1739 1072 1918 1136 praeter
1942 1079 2041 1118 me.
2072 1140 2075 1143 _

458 1162 666 1232 Nempe
692 1161 952 1228 turbaris;
977 1176 1169 1231 nempe
1187 1161 1314 1231 quid
1334 1158 1659 1229 respondeas
1684 1172 1790 1212 non
1816 1155 2044 1221 invenis,

398 1260 418 1309 ’.
461 1254 568 1308 nisi
599 1253 720 1322 quia
752 1262 947 1319 tacere,
971 1253 1184 1323 quando
1202 1252 1556 1317 convinceris,
1580 1264 1685 1305 non
1706 1248 1805 1303 vis.
1830 1248 1886 1303 Si
1907 1247 2049 1302 enim

463 1360 573 1400 non
601 1346 739 1399 Deus
769 1344 1018 1410 Trinitas,
1043 1346 1136 1399 sed
1170 1344 1327 1399 Pater
1362 1352 1563 1398 tantum
1600 1341 1749 1405 dixit,
1789 1339 1903 1410 Ego
1939 1356 2053 1394 sum

466 1434 739 1502 Dominus,
768 1443 813 1489 et
840 1452 939 1490 non
964 1446 1037 1490 est
1061 1436 1192 1490 alius
1217 1444 1398 1506 praeter
1421 1452 1499 1489 me
1526 1451 1545 1488 :
1572 1433 1755 1503 procul
1780 1432 1941 1488 dubio
1967 1446 2054 1486 ne-

466 1528 610 1597 gavit
635 1542 754 1583 esse
782 1528 1061 1584 Dominum
1089 1527 1313 1591 Filium;
1345 1526 1597 1596 quoniam
1620 1525 1666 1580 si
1692 1525 1947 1580 Dominus
1968 1532 2054 1579 est

468 1627 528 1675 et
564 1619 752 1686 Filius,
786 1619 921 1674 falso
965 1620 1164 1675 dictum
1196 1628 1298 1685 est,
1346 1617 1468 1672 Non
1518 1627 1590 1671 est
1635 1615 1767 1670 alius
1806 1615 2055 1669 Dominus

470 1719 651 1781 praeter
674 1728 773 1765 me.
800 1710 915 1765 Non
946 1712 1087 1766 enim
1128 1711 1300 1781 agitur
1336 1709 1405 1764 de
1434 1708 1679 1775 Domino,
1714 1708 1901 1778 quales
1934 1715 2058 1761 sunt

472 1800 718 1856 homines
743 1802 942 1856 domini
974 1802 1245 1856 hominum
1274 1816 1573 1865 servorum,
1607 1813 1740 1869 quos
1769 1798 2056 1868 Apostolus

471 1891 764 1947 secundum
786 1907 999 1948 carnem
1022 1893 1265 1947 dominos
1294 1906 1415 1947 esse
1444 1890 1573 1945 dicit
1594 1887 1810 1961 (Ephes.
1833 1905 1908 1957 γι,
1938 1889 1973 1945 5
1999 1887 2017 1959 )
2041 1905 2055 1941 :

473 1983 571 2038 sed
601 1985 667 2039 de
698 1985 922 2040 Domino
947 1987 1139 2056 agitur,
1171 1985 1255 2039 cui
1290 1985 1519 2039 servitus
1550 1983 1641 2037 illa
1668 1983 1908 2046 debetur,
1943 1996 2060 2051 qua:

473 2089 649 2145 grtece
686 2085 880 2146 λατρεία
921 2076 1135 2145 dicitur,
1178 2076 1471 2131 secundum
1518 2090 1675 2145 quam
1715 2074 1914 2129 dictum
1955 2081 2057 2140 est,

474 2164 749 2221 Dominum
772 2166 933 2220 Deum
963 2176 1103 2221 tuum
1128 2166 1382 2233 adorabis,
1407 2174 1453 2220 et
1472 2166 1552 2219 illi
1572 2166 1670 2219 soli
1688 2165 1867 2220 servies
1884 2163 2058 2237 (Deut.

472 2271 550 2320 vr,
584 2258 696 2326 15).
723 2257 820 2325 Qui
848 2258 1103 2312 Dominus
1130 2258 1269 2312 Deus
1299 2258 1343 2312 si
1374 2273 1478 2313 non
1507 2255 1759 2321 Trinitas,
1792 2254 1888 2309 sed
1917 2254 2063 2309 solus

474 2358 561 2404 est
601 2349 758 2403 Pater
800 2367 810 2401 :
846 2349 1187 2417 prohibemur
1233 2350 1413 2419 utique
1458 2349 1683 2402 Domino
1725 2346 1941 2403 Christo
1972 2346 2064 2402 tali

475 2443 734 2497 servitute
760 2443 981 2508 servire,
1029 2443 1080 2497 in
1120 2457 1184 2498 eo
1209 2442 1351 2513 quod
1396 2441 1660 2507 audimus,
1691 2440 1785 2494 Illi
1816 2440 1913 2494 soli
1953 2455 2063 2493 ser-

477 2533 618 2599 vies;
648 2535 694 2589 si
722 2535 792 2588 ita
824 2535 1022 2589 dictum
1051 2545 1153 2599 est,
1186 2550 1248 2590 ae
1272 2535 1319 2589 si
1350 2534 1637 2601 diceretur,
1664 2534 1772 2589 Deo
1796 2533 1941 2588 Patri
1963 2532 2066 2587 soli

476 2627 699 2682 servies.
726 2626 825 2696 Qui
857 2627 1095 2697 profecto
1135 2628 1180 2683 si
1227 2628 1390 2693 solus,
1438 2638 1492 2683 et
1534 2643 1640 2681 non
1678 2628 1791 2697 ipsa
1835 2625 2066 2681 Trinitas

479 2717 630 2783 dixit,
661 2717 771 2788 Ego
808 2734 918 2772 sum
950 2717 1215 2785 Dominus,
1256 2727 1303 2774 et
1336 2735 1436 2773 non
1470 2728 1541 2772 est
1577 2718 1707 2771 alius
1742 2726 1925 2787 praeter
1952 2732 2066 2782 me;

481 2809 691 2878 negavit
732 2823 850 2864 esse
886 2808 1078 2864 Filium
1126 2810 1408 2864 Dominum
1448 2810 1630 2875 talem,
1677 2809 1821 2879 quali
1849 2808 2068 2863 domino

480 2900 709 2953 servitus
738 2899 827 2953 illa
847 2899 1089 2967 debetur,
1126 2914 1226 2971 qua
1254 2899 1463 2953 nonnisi
1493 2899 1603 2953 Deo
1636 2914 1758 2953 cum
1784 2912 1909 2953 vera
1940 2896 2069 2953 reli-

480 2989 640 3059 gione
675 2990 922 3045 servitur.
967 2990 1082 3046 Non
1128 2992 1269 3046 enim
1311 2990 1465 3056 dixit,
1514 2991 1626 3060 Ego
1662 3005 1781 3044 sum
1813 2990 2069 3045 Dominus

482 3082 655 3151 major
680 3091 773 3137 aut
814 3083 1022 3149 melior,
1056 3092 1110 3140 et
1148 3100 1251 3139 non
1280 3094 1362 3141 est
1394 3093 1570 3139 tantus
1611 3093 1701 3138 aut
1730 3083 1848 3139 talis
1876 3093 2071 3153 praeter

483 3188 572 3227 me
604 3191 617 3226 :
647 3174 741 3229 sed
764 3175 949 3229 volens
971 3176 1071 3229 sibi
1108 3176 1208 3230 soli
1227 3191 1288 3231 ea
1317 3192 1435 3246 qua:
1466 3177 1691 3231 Domino
1712 3176 1823 3232 Deo
1847 3176 2073 3233 debetur

483 3265 739 3320 servitute
767 3268 971 3333 servlri,
1003 3266 1117 3338 Ego
1140 3284 1271 3335 sum,
1300 3268 1490 3338 inquit,
1505 3267 1772 3337 Dominus,
1801 3278 1846 3324 et
1872 3286 1973 3323 non
1998 3278 2071 3324 est

484 3356 616 3409 alius
635 3364 817 3425 pra’ter
840 3373 936 3410 me.
978 3358 1143 3414 Porro
1181 3359 1225 3414 si
1256 3373 1355 3413 vox
1397 3358 1516 3425 ista,
1560 3359 1697 3414 sicut
1723 3359 1983 3415 catholica
2012 3361 2073 3413 li-

484 3448 582 3504 des
610 3448 757 3515 dicit,
791 3450 945 3505 unius
969 3451 1065 3505 Dei
1092 3460 1193 3515 est,
1218 3451 1358 3521 quod
1386 3460 1468 3506 est
1498 3451 1611 3521 ipsa
1649 3451 1909 3518 Trinitas;
1954 3449 2071 3507 sine

486 3540 591 3595 ulla
617 3540 942 3598 dubitatione
963 3542 1086 3597 huic
1111 3544 1212 3599 soli
1237 3543 1575 3599 serviendum
1601 3550 1686 3598 est
1705 3558 1769 3599 ea
1795 3543 2068 3608 servitute,

484 3649 603 3702 qua:
632 3634 845 3690 nonnisi
890 3636 1114 3691 Domino
1157 3636 1265 3691 Deo
1293 3636 1536 3703 debetur,
1564 3636 1687 3707 quia
1721 3637 1835 3706 ipse
1860 3644 1941 3692 est
1967 3635 2073 3692 Do-

486 3726 681 3791 minus,
714 3736 767 3781 et
790 3741 895 3781 non
921 3735 1003 3782 est
1029 3727 1165 3783 alius
1195 3736 1388 3797 praeter
1415 3728 1609 3798 ipsum.

556 3817 610 3871 4.
656 3816 859 3872 Deinde
898 3833 1079 3888 quaero
1122 3817 1391 3889 quomodo
1417 3817 1646 3888 accipias
1687 3817 1829 3888 quod
1870 3816 2072 3873 dictum

485 3917 588 3974 est,
624 3908 767 3964 Unus
812 3909 953 3965 Deus
984 3909 1161 3979 Pater,
1191 3927 1256 3966 ex
1297 3928 1394 3981 quo
1436 3913 1626 3979 omnia,
1655 3920 1703 3967 et
1728 3928 1821 3965 nos
1844 3913 1897 3966 in
1923 3912 2073 3980 ipso;

485 4011 535 4054 et
562 4018 695 4054 unus
722 4000 969 4057 Dominus
992 4003 1141 4058 Iesus
1167 4001 1416 4068 Christus,
1435 4020 1522 4073 per
1543 4020 1687 4071 quem
1706 4004 1894 4071 omnia,
1917 4012 1963 4058 et
1984 4020 2074 4058 nos

487 4109 577 4163 per
624 4092 809 4161 ipsum.
850 4094 1114 4165 Numquid
1167 4110 1271 4149 non
1313 4103 1369 4149 et
1420 4108 1486 4148 ex
1531 4093 1666 4147 Filio
1703 4104 1825 4148 sunt
1849 4094 2071 4149 omnia:

486 4185 913 4255 quandoquidem
940 4187 1053 4256 ipse
1081 4186 1227 4249 dicit,
1255 4185 1592 4255 Quaecumque
1614 4184 1771 4239 Pater
1794 4186 1941 4255 facit,
1968 4185 2076 4240 hac

486 4285 534 4329 et
553 4274 601 4329 F
602 4276 720 4331 ilius
752 4276 981 4330 similiter
1005 4276 1125 4345 facit
1151 4274 1329 4347 (Joan.
1352 4290 1402 4341 v,
1432 4274 1558 4345 l9)?
1579 4274 1636 4329 Si
1658 4284 1835 4329 autem
1867 4275 1937 4329 ita
1962 4274 2075 4330 dis-

488 4368 705 4439 tinguis,
734 4378 791 4423 ut
844 4384 949 4423 non
976 4370 1081 4423 sint
1101 4384 1195 4437 per
1218 4368 1432 4423 Patrem
1453 4368 1652 4434 omnia,
1681 4367 1775 4422 sed
1801 4382 1868 4422 ex
1894 4367 2073 4433 Patre;

489 4477 589 4517 nec
616 4462 791 4516 omnia
820 4461 927 4515 sint
949 4477 1015 4516 ex
1039 4461 1195 4526 Filio,
1228 4460 1320 4516 sed
1351 4475 1448 4531 per
1487 4458 1679 4515 Filium
1705 4477 1717 4513 :
1746 4460 1865 4530 quis
1888 4474 2076 4515 eorum

488 4553 585 4607 tibi
614 4553 820 4607 videtur
849 4566 967 4606 esse
1009 4551 1097 4608 ille
1132 4552 1200 4608 de
1236 4567 1342 4621 quo
1379 4551 1519 4607 idem
1548 4551 1823 4621 apostolus
1846 4550 1993 4618 dicit,
2032 4550 2077 4605 0

488 4641 704 4696 altitudo
732 4642 1020 4697 diuitiarum
1059 4642 1319 4713 sapientia:
1346 4650 1392 4695 et
1420 4642 1640 4696 scientia:
1664 4640 1797 4695 Dei!
1819 4658 1971 4712 quam
1996 4642 2079 4696 in-

488 4738 782 4792 scrutabilia
823 4750 941 4791 sunt
962 4736 1159 4807 judicia
1188 4736 1316 4806 ejus,
1342 4745 1387 4789 et
1414 4734 1785 4806 investigabiles
1816 4742 1909 4789 vta:
1932 4735 2079 4806 ejus!

493 4830 619 4898 Quis
644 4833 776 4885 enim
807 4832 1037 4900 cognouit
1064 4846 1263 4885 sensum
1295 4829 1541 4884 Domini?
1572 4829 1673 4882 Aut
1696 4830 1808 4899 quis
1838 4829 2078 4883 consilia-

490 4926 597 4979 rius
620 4927 729 4995 ejus
754 4926 892 4996 fuit?
920 4926 1017 4979 Aut
1039 4925 1153 4995 quis
1176 4926 1314 4995 prior
1338 4924 1475 4979 dedit
1496 4924 1593 4990 illi,
1619 4935 1665 4977 et
1686 4924 1985 4978 retribuetur
2008 4924 2081 4979 ei?

493 5015 747 5083 Quoniam
778 5033 840 5070 ea:
877 5017 1007 5085 ipso,
1031 5024 1078 5069 et
1103 5031 1192 5085 per
1217 5017 1402 5084 ipsum,
1430 5022 1476 5068 et
1506 5014 1558 5068 in
1588 5014 1699 5082 ipso
1728 5024 1845 5068 sunt
1870 5015 2080 5069 omnia:

490 5110 587 5179 ipsi
609 5110 771 5179 gloria
786 5110 840 5162 in
855 5109 1041 5164 stecula
1061 5108 1378 5163 steculorum.
1398 5106 1554 5159 Amen
1577 5104 1749 5176 (Rom.
1774 5122 1852 5171 χι,
1868 5106 2077 5178 35-36).

494 5204 678 5266 Utrum
704 5204 859 5259 Pater
880 5212 964 5260 est
988 5201 1378 5273 intelligendus,
1411 5216 1477 5253 an
1507 5200 1708 5255 Filius?
1736 5201 1901 5256 Deum
1929 5217 2081 5256 nam-

490 5311 593 5364 que
624 5295 770 5363 prius
790 5294 1101 5361 nominavit,
1125 5294 1307 5349 dicens
1331 5310 1343 5346 :
1371 5290 1416 5347 0
1443 5291 1654 5346 altitudo
1684 5292 1972 5348 divitiarum
1991 5311 2079 5349 sa-

492 5387 695 5460 pientia:
716 5398 762 5442 et
781 5389 1002 5443 scicntia:
1022 5386 1153 5442 Dei!
1180 5386 1370 5442 Postea
1395 5399 1524 5440 vero
1543 5399 1663 5440 eum
1687 5384 1964 5441 Dominum
1987 5401 2080 5455 ap-

492 5479 700 5549 pellavit
713 5518 726 5542 ,
746 5477 833 5533 ubi
848 5480 920 5533 ait
938 5496 950 5532 :
972 5478 1096 5543 Quis
1112 5478 1243 5531 enim
1259 5476 1487 5547 cognovit
1501 5492 1703 5529 sensum
1715 5473 1956 5529 Domini?
1973 5476 2078 5531 Sed

490 5571 595 5626 hoc
618 5585 725 5624 non
749 5569 908 5626 habet
920 5569 1373 5625 controversiam:
1405 5577 1688 5635 utrumque
1713 5569 1853 5622 enim
1886 5583 2077 5623 nomen

490 5662 653 5716 etiam
683 5674 778 5716 vos
806 5669 859 5715 et
882 5660 1023 5715 Patri
1052 5658 1335 5729 assignatis
1362 5666 1417 5714 et
1445 5657 1600 5713 Filio.
1630 5657 1811 5727 Neque
1836 5659 1977 5713 enim
2001 5659 2079 5713 sic

434 5798 437 5799 ν
490 5753 670 5807 dicitis
699 5752 862 5807 Deum
905 5752 1137 5817 Patrem,
1171 5760 1227 5806 ut
1256 5750 1459 5820 negetis
1485 5764 1603 5805 esse
1640 5748 1805 5804 Deum
1845 5747 2076 5818 Filium;

490 5852 586 5907 aut
609 5845 687 5901 sic
714 5844 885 5903 dicitis
904 5843 1073 5901 Deum
1102 5844 1317 5913 Filium,
1346 5852 1403 5898 ut
1424 5842 1625 5913 negetis
1648 5857 1766 5899 esse
1787 5843 1951 5902 Deum
1975 5843 2074 5899 Pa-

1043 401 1315 461 CONTRA
1355 391 1746 453 MAXIMINUM
1784 380 2186 444 ARIANORUM
2214 383 2620 453 EPISCOPUM,
2660 386 2718 443 S.
2757 384 3131 444 AUGUSTINI

3624 390 3734 448 800

2148 510 2303 559 trem.
2332 506 2583 572 Quamvis
2612 506 2664 561 in
2696 506 2798 563 hoc
2825 508 3118 579 apostolico
3142 509 3442 566 testimonio
3469 510 3611 581 quod
3632 511 3736 568 ad-

2147 595 2384 664 hibuisti,
2415 598 2556 653 Deus
2584 598 2794 654 dicatur
2832 600 3009 668 Pater,
3041 601 3298 657 Dominus
3322 603 3513 668 Filius,
3545 603 3599 659 id
3628 614 3731 673 est,

2153 687 2295 743 Unus
2324 688 2460 745 Deus
2496 689 2673 758 Pater,
2702 707 2763 746 ea:
2783 708 2882 762 quo
2908 693 3112 758 omnia;
3143 702 3188 748 et
3213 711 3343 748 unus
3371 694 3616 750 Dominus
3642 695 3739 750 Je—

2148 796 2235 834 sus
2258 778 2505 849 Christus,
2532 799 2621 852 per
2644 800 2789 853 quem
2809 785 2997 839 omnia.
3025 784 3130 841 Sed
3152 785 3283 842 illud
3305 788 3519 844 attende
3543 788 3632 844 ubi
3658 789 3744 844 di-

2151 882 2293 927 ctum
2321 883 2421 929 est.
2466 873 2510 929 0
2548 875 2766 932 altitudo
2806 876 3095 932 divitiarum
3135 880 3397 949 sapientia:
3433 890 3481 936 et
3517 881 3746 937 scientiae

2151 962 2285 1018 Dei!
2311 964 2442 1019 Nam
2469 966 2583 1022 sive
2622 966 2779 1023 Pater
2804 970 2874 1024 sit
2916 969 3037 1035 iste,
3066 970 3180 1025 sive
3219 970 3408 1033 Filius,
3441 988 3504 1027 ea:
3538 973 3672 1043 ipso,
3696 982 3746 1027 et

2154 1071 2243 1125 per
2282 1055 2468 1126 ipsum,
2509 1067 2555 1111 et
2596 1058 2650 1112 in
2672 1059 2785 1129 ipso
2814 1069 2932 1114 sunt
2971 1061 3159 1115 omnia.
3186 1061 3464 1131 Quomodo
3506 1078 3635 1135 ergo
3677 1079 3746 1119 ex

2153 1146 2311 1203 Patre
2335 1149 2534 1216 omnia,
2563 1164 2669 1205 non
2697 1165 2762 1206 ex
2790 1150 2962 1218 Filio;
2990 1163 3044 1207 et
3072 1167 3169 1222 per
3193 1151 3388 1210 Filium
3408 1156 3608 1220 omnia,
3631 1170 3746 1211 non

2153 1251 2251 1307 per
2274 1237 2486 1293 Patrem
2516 1256 2529 1293 :
2570 1240 2998 1311 quandoquidem
3037 1242 3330 1314 quemlibet
3368 1259 3551 1301 eorum
3598 1248 3747 1316 Apo-

2155 1331 2325 1387 stolus
2349 1332 2574 1387 voluerit
2602 1333 2704 1389 hoc
2744 1333 2865 1390 loco
2900 1335 3145 1407 intelligi,
3178 1334 3265 1391 Ea;
3302 1338 3414 1408 ipso
3438 1379 3453 1404 ,
3485 1338 3675 1409 inquit,
3702 1347 3750 1393 et

2156 1440 2247 1494 per
2269 1423 2455 1495 ipsum,
2489 1435 2535 1479 et
2565 1426 2616 1479 in
2652 1427 2763 1497 ipso
2782 1438 2900 1481 sunt
2925 1428 3133 1483 omnia?
3165 1428 3222 1484 Si
3248 1444 3377 1500 ergo
3414 1429 3527 1486 sive
3550 1429 3618 1485 de
3645 1430 3750 1484 Pa-

2159 1526 2240 1572 tre
2267 1516 2380 1573 sive
2423 1518 2490 1573 de
2534 1518 2670 1575 Filio
2692 1561 2706 1585 ,
2751 1520 3030 1577 verissime
3059 1529 3238 1577 tamen
3266 1521 3476 1588 dicitur,
3506 1523 3649 1593 quod
3689 1540 3753 1578 ex

2158 1609 2269 1677 ipso
2294 1618 2342 1661 et
2368 1624 2457 1677 per
2498 1609 2686 1678 ipsum,
2714 1620 2761 1665 et
2796 1611 2851 1665 in
2890 1611 3003 1681 ipso
3039 1620 3158 1666 sunt
3193 1613 3400 1677 omnia;
3439 1613 3554 1669 sine
3590 1612 3754 1669 dubio

2160 1701 2334 1758 Patris
2356 1710 2412 1758 et
2440 1700 2560 1757 Filii
2586 1702 2986 1759 demonstratur
3009 1704 3303 1775 mqualitas.
3338 1704 3395 1759 Si
3418 1714 3593 1759 autem
3620 1719 3756 1774 quo-

2162 1792 2306 1847 niam
2336 1807 2441 1849 non
2479 1793 2774 1849 nominavit
2813 1794 3026 1850 Patrem
3071 1805 3123 1849 et
3168 1794 3360 1850 Filium
3408 1803 3462 1850 et
3495 1796 3751 1865 Spiritum

2163 1894 2428 1951 sanctum,
2456 1883 2551 1940 sed
2573 1884 2739 1940 Deum
2763 1893 2819 1940 et
2843 1885 3149 1953 Dominum,
3181 1885 3323 1957 quod
3352 1894 3407 1940 et
3432 1886 3544 1956 ipsa
3573 1883 3756 1940 Trini-

2164 1984 2247 2030 tas
2269 1975 2373 2031 dici
2396 1985 2591 2046 potest,
2621 1977 2830 2048 singula
2860 1977 3051 2034 horum
3076 1979 3235 2033 trium
3261 1979 3447 2034 referri
3476 1977 3546 2033 ad
3573 1981 3759 2049 singu-

2166 2069 2248 2125 los
2284 2069 2488 2125 voluit:
2518 2087 2581 2125 ea:
2632 2071 2743 2141 ipso
2803 2070 3007 2137 dicens,
3052 2079 3271 2142 propter
3296 2070 3544 2135 Patrem;
3586 2080 3632 2125 et
3671 2085 3762 2140 per

2165 2162 2358 2232 ipsum,
2387 2171 2605 2233 prepter
2628 2162 2922 2229 Filium;in
2938 2166 3069 2233 ipso,
3098 2172 3315 2234 propter
3340 2162 3594 2233 Spiritum
3634 2177 3763 2219 san-

2167 2263 2310 2309 ctum
2348 2271 2361 2308 :
2403 2268 2499 2309 cur
2545 2253 2683 2309 hanc
2726 2254 3037 2309 Trinitatem
3079 2269 3240 2309 unum
3269 2253 3550 2309 Dominum
3593 2253 3763 2309 Deum

2170 2358 2274 2398 non
2318 2345 2474 2399 vultis
2512 2348 2848 2415 agnoscere?
2895 2342 3338 2414 Quandoquidem
3382 2358 3488 2399 non
3536 2342 3631 2408 ait,
3680 2343 3765 2397 Ex

2169 2437 2319 2507 ipsis,
2347 2445 2515 2508 etper
2544 2438 2709 2507 ipsos,
2742 2447 2795 2493 et
2823 2438 2874 2492 in
2911 2439 3073 2507 ipsis;
3106 2437 3201 2492 sed
3226 2437 3319 2503 ait,
3358 2452 3420 2491 ea:
3443 2436 3574 2505 ipso,
3604 2444 3651 2489 et
3672 2450 3765 2505 per

2168 2529 2356 2599 ipsum,
2385 2529 2497 2582 etin
2522 2529 2632 2598 ipso
2650 2537 2768 2583 sunt
2788 2530 2957 2583 omnia
2981 2545 2999 2582 :
3023 2544 3123 2585 nec
3142 2530 3235 2597 ait,
3259 2528 3391 2599 lpsis
3415 2527 3618 2601 gloria;
3642 2527 3762 2596 sed,

2170 2622 2268 2693 ipsi
2293 2621 2457 2693 gloria
2483 2623 2537 2675 in
2561 2622 2750 2677 saecula
2775 2621 3095 2677 saeculorum.
3127 2621 3307 2677 Amen.

2243 2715 2297 2769 5.
2328 2713 2552 2769 Falleris
2580 2729 2729 2781 sane,
2761 2714 2851 2784 qui
2896 2724 3049 2784 putas
3095 2714 3163 2769 de
3202 2713 3363 2769 Patre
3389 2712 3504 2768 solo
3533 2726 3652 2768 esse
3676 2711 3766 2767 di-

2172 2815 2339 2873 ctum,
2372 2806 2539 2862 Nemo
2568 2809 2745 2873 bonus,
2774 2808 2872 2862 nisi
2911 2824 3041 2862 unus
3069 2806 3226 2863 Deus.
3266 2807 3321 2863 Si
3352 2806 3492 2862 enim
3520 2805 3766 2873 dixisset,

2171 2898 2342 2954 Nemo
2382 2900 2577 2965 bonus,
2615 2899 2719 2954 nisi
2748 2914 2883 2955 unus
2921 2900 3113 2966 Pater;
3143 2914 3242 2955 nec
3268 2900 3345 2954 sic
3371 2898 3648 2955 exclusum
3674 2895 3769 2953 Fi-

2173 2989 2304 3044 lium
2330 3000 2384 3045 et
2409 2990 2664 3059 Spiritum
2693 3000 2935 3046 sanctum
2959 2991 3027 3046 ab
3052 2991 3153 3046 ista
3175 2992 3375 3045 unitate
3400 2989 3652 3045 bonitatis
3670 3002 3771 3043 vo-

2175 3081 2361 3138 luisset
2395 3082 2614 3153 intelligi
2647 3100 2660 3136 :
2693 3082 2816 3153 quia
2857 3091 2914 3139 et
2942 3083 3072 3138 illud
3113 3083 3256 3153 quod
3298 3083 3458 3138 simili
3498 3082 3771 3138 locutione

2174 3172 2374 3229 dictum
2404 3182 2504 3241 est,
2538 3189 2699 3244 quam
2735 3190 2893 3244 supra
2933 3175 3371 3243 commemoravi,
3406 3174 3488 3230 Ea
3524 3190 3637 3245 quae
3671 3173 3772 3229 Dei
3846 3202 3851 3205 ι

2174 3277 2315 3333 sunt,
2345 3284 2490 3321 nemo
2516 3269 2626 3333 scit,
2659 3268 2757 3322 nisi
2786 3267 3013 3339 Spiritus
3054 3268 3157 3323 Dei
3179 3268 3221 3339 (Ι
3248 3268 3365 3324 Cor.
3406 3284 3463 3335 ιι,
3494 3269 3618 3339 il):
3661 3282 3771 3323 non

2175 3357 2409 3413 excludit
2432 3358 2499 3413 ab
2528 3358 2627 3414 hac
2651 3359 2871 3414 scientia
2899 3358 3091 3415 Filium
3133 3359 3248 3415 Dei.
3272 3358 3481 3427 Quanto
3510 3373 3639 3429 ergo
3666 3371 3771 3413 no-

2175 3448 2259 3505 bis
2290 3450 2512 3505 latitudo
2542 3450 2905 3522 intelligentiae
2934 3452 3103 3522 magis
3132 3460 3296 3521 patet,
3327 3450 3453 3520 quia
3482 3465 3589 3505 non
3613 3448 3767 3515 dixit,

2175 3541 2344 3597 Nemo
2373 3543 2563 3607 bonus,
2591 3544 2693 3598 nisi
2718 3558 2854 3599 unus
2883 3544 3075 3609 Pater;
3102 3543 3217 3611 sed,
3249 3540 3417 3597 Nemo
3459 3542 3635 3609 bonus,
3670 3541 3773 3596 nisi

2176 3652 2308 3690 unus
2330 3635 2506 3702 Deus;
2548 3637 2690 3707 quod
2721 3648 2802 3693 est
2840 3639 2953 3706 ipsa
2978 3637 3237 3692 Trinitas.
3266 3637 3553 3705 Quaerebat
3575 3637 3775 3707 quippe

2177 3727 2266 3783 ille
2294 3727 2381 3782 cui
2410 3729 2512 3783 hoc
2537 3728 3003 3800 responditJesus,
3024 3745 3127 3784 non
3147 3729 3345 3784 bonum
3365 3729 3770 3798 qualecumque,
3828 3781 3841 3785 _

2178 3817 2274 3874 sed
2299 3818 2493 3873 bonum
2523 3834 2629 3889 quo
2654 3820 2805 3875 lieret
2834 3821 3054 3887 beatus;
3080 3821 3188 3875 imo
3205 3821 3372 3891 ipsam
3390 3819 3774 3876 beatitudinem

2177 3924 2383 3977 veram,
2414 3910 2465 3964 id
2490 3920 2592 3976 est,
2621 3911 2785 3966 vitam
2821 3910 3159 3967 desiderabat
3182 3920 3437 3967 aeternam
3465 3928 3478 3965 :
3506 3919 3560 3967 et
3600 3911 3773 3968 inter-

2179 4002 2468 4073 pellaverat
2500 4012 2747 4073 tanquam
2777 4004 3045 4059 hominem
3069 4003 3360 4069 Christum,
3389 4004 3633 4060 nesciens
3647 4019 3775 4061 eum

2178 4110 2299 4151 esse
2328 4096 2487 4150 etiam
2527 4096 2717 4151 Deum.
2749 4097 2965 4152 Dixerat
2984 4097 3127 4151 enim
3161 4113 3174 4148 :
3208 4095 3457 4167 Magister
3481 4097 3622 4161 bone,
3650 4095 3775 4167 quid

2179 4187 2386 4257 faciam,
2424 4196 2478 4241 ut
2520 4189 2671 4241 vitam
2713 4198 2953 4243 aeternam
2988 4189 3305 4257 consequar?
3340 4188 3489 4243 Tunc
3523 4189 3599 4242 ait
3640 4187 3772 4243 ille:

2185 4280 2322 4347 Quid
2361 4296 2438 4345 me
2480 4280 2606 4334 dicis
2643 4280 2869 4333 bonum?
2915 4278 3078 4336 Nemo
3116 4280 3292 4344 bonus,
3325 4280 3423 4334 nisi
3453 4294 3583 4332 unus
3622 4276 3769 4333 Deus

2182 4371 2375 4440 (Marc.
2401 4388 2455 4439 x,
2490 4372 2579 4439 l7,
2612 4372 2720 4443 l8).
2748 4371 2869 4437 Vel,
2901 4373 3038 4427 sicut
3057 4372 3248 4439 legitur
3268 4371 3408 4442 apud
3431 4371 3588 4426 alium
3605 4385 3775 4425 evan-

2180 4463 2446 4533 gelistam,
2480 4463 2621 4533 quod
2653 4463 2978 4518 tantumdem
3021 4463 3188 4528 valet,
3233 4461 3401 4517 Nemo
3445 4461 3639 4525 bonus,
3677 4462 3778 4516 nisi

2182 4555 2321 4609 solus
2349 4554 2489 4609 Deus
2520 4553 2672 4625 (Luc.
2702 4570 2857 4621 xvm,
2888 4552 3000 4625 l9).
3031 4554 3303 4624 Tanquam
3329 4553 3533 4609 diceret
3565 4571 3579 4607 :
3608 4552 3777 4609 Recte

2183 4662 2270 4702 me
2318 4646 2607 4715 appellabis
2658 4646 2964 4710 bonum,si
3001 4660 3086 4700 me
3139 4644 3353 4699 noveris
3402 4644 3594 4700 Deum.
3643 4643 3779 4699 Nam

2184 4737 2395 4807 quando
2425 4753 2511 4791 me
2535 4736 2667 4791 nihil
2695 4736 2837 4792 aliud
2857 4752 3014 4807 quam
3039 4737 3309 4792 hominem
3331 4746 3508 4807 putas,
3536 4734 3663 4806 quid
3686 4751 3777 4791 me

2184 4831 2317 4886 dicis
2342 4831 2577 4887 bonum?
2602 4830 2719 4886 Non
2758 4843 2810 4885 te
2850 4830 2975 4885 facit
3011 4830 3211 4886 bonum
3250 4844 3350 4886 nec
3386 4830 3602 4885 beatum
3624 4871 3639 4897 ,
3674 4829 3780 4885 nisi

2184 4924 2381 4980 bonum
2417 4924 2748 4980 immutabile
2778 4924 2919 4995 quod
2945 4926 3089 4980 solus
3128 4934 3211 4980 est
3251 4925 3412 4981 Deus.
3444 4923 3577 4979 Nam
3605 4925 3780 4980 bonus

2185 5019 2426 5090 angelus,
2458 5017 2630 5072 bonus
2672 5016 2834 5073 homo
2856 5058 2873 5085 ,
2922 5017 3059 5073 bona
3089 5026 3280 5073 caetera
3328 5025 3571 5074 creatura
3603 5034 3618 5071 :
3664 5015 3782 5071 hmo

2186 5125 2294 5166 non
2318 5111 2389 5166 ita
2413 5110 2551 5166 bona
2590 5110 2734 5175 s'unt,
2768 5118 2827 5164 ut
2866 5124 2928 5164 ea
2955 5109 3197 5179 quisquis
3234 5108 3459 5179 adeptus
3502 5108 3677 5172 fuerit,
3711 5108 3783 5161 sit

2184 5201 2407 5266 beatus;
2445 5215 2543 5257 nec
2588 5201 2693 5256 ulla
2734 5209 2814 5255 est
2854 5200 3008 5255 beata
3039 5200 3144 5255 vita
3168 5242 3183 5266 ,
3226 5200 3273 5255 si
3311 5215 3420 5255 non
3456 5200 3526 5254 sit
3553 5210 3779 5253 aeterna.

2185 5291 2464 5359 Quomodo
2494 5304 2672 5348 autem
2712 5307 2818 5348 non
2856 5301 2938 5347 est
2967 5292 3068 5346 tale
3108 5292 3307 5348 bonum
3350 5292 3445 5348 Dei
3488 5290 3655 5345 Filius
3682 5306 3779 5345 ve-

2186 5401 2301 5454 rus,
2329 5401 2450 5441 cum
2482 5386 2551 5440 sit
2573 5402 2729 5441 verus
2759 5386 2900 5441 Deus
2936 5395 2990 5441 et
3015 5385 3120 5441 vita
3145 5396 3366 5453 aeterna,
3399 5385 3466 5440 ad
3490 5400 3648 5455 quam
3681 5398 3780 5438 cu-

2186 5478 2365 5549 piebat
2390 5479 2478 5533 ille
2498 5479 2589 5549 qui
2617 5479 3036 5549 interrogaverat
3066 5478 3385 5549 pervenire?

2259 5571 2310 5625 6.
2340 5570 2567 5625 Proinde
2588 5586 2709 5625 cum
2731 5585 2828 5640 ego
2850 5584 3105 5635 asseram,
3138 5567 3303 5623 Nemo
3328 5569 3503 5635 bonus,
3528 5568 3625 5622 nisi
3647 5585 3782 5623 unus

2186 5671 2239 5717 et
2259 5664 2397 5716 solus
2423 5660 2581 5727 Deus,
2612 5663 2679 5717 de
2710 5663 2823 5732 ipsa
2845 5662 3103 5717 Trinitate
3132 5662 3337 5717 dictum
3360 5676 3499 5725 esse,
3522 5662 3611 5729 qui
3638 5661 3782 5715 Deus

2187 5767 2326 5809 unus
2358 5763 2410 5807 et
2436 5753 2582 5807 solus
2609 5761 2721 5817 est;
2754 5762 2809 5806 tu
2846 5760 3023 5807 autem
3053 5767 3261 5807 asseras
3290 5751 3358 5806 de
3387 5752 3501 5807 solo
3530 5751 3642 5806 Deo
3678 5751 3783 5805 Pa-

2189 5853 2270 5900 tre
2292 5845 2487 5901 dictum
2509 5859 2649 5911 esse,
2673 5844 2794 5913 quia
2818 5844 2932 5916 ipse
2952 5844 3019 5900 de
3046 5844 3191 5907 nullo
3216 5844 3321 5900 alio
3344 5844 3501 5913 Deus,
3534 5841 3603 5897 de
3626 5842 3778 5899 nullo
