4084 6482
263 504 360 564 801

260 619 363 674 aﬁo
390 618 565 675 bonus
587 625 706 684 est;
736 617 906 675 Filius
931 625 1106 675 autem
1130 613 1197 675 de
1225 618 1383 674 Patre
1406 618 1568 685 Deus,
1586 618 1653 674 de
1677 615 1836 673 Patre

261 723 483 780 magnus
511 716 567 765 et
588 710 759 765 bonus
784 720 865 764 est
888 726 902 764 :
930 709 1208 779 diligenter
1227 708 1440 765 attende
1460 709 1579 778 quis
1599 716 1839 763 nostrum

260 800 397 856 bene
423 800 618 856 sentiat
656 800 724 857 de
770 800 880 856 Deo
909 801 1065 856 Patre
1106 809 1159 856 et
1199 800 1265 856 de
1307 801 1416 855 Deo
1462 799 1634 864 Filio;
1663 808 1842 854 utrum

260 906 357 962 ego
386 892 478 963 qui
522 891 660 957 dico,
695 893 835 947 Deus
874 892 1086 963 quidem
1130 892 1309 957 Pater,
1360 906 1467 946 non
1504 890 1572 946 de
1597 890 1703 945 alio
1732 891 1844 947 Deo

263 984 401 1037 Deus
429 991 531 1049 est,
564 983 705 1038 Deus
728 994 903 1039 autem
934 983 1099 1039 Filius
1132 984 1199 1039 de
1243 984 1401 1039 Patre
1427 984 1539 1039 Deo
1566 982 1709 1038 Deus
1740 990 1841 1048 est,

260 1073 353 1128 sed
379 1083 560 1128 tantus
598 1074 698 1128 iste
723 1075 790 1129 de
836 1076 947 1141 illo,
979 1084 1208 1145 quantus
1237 1074 1325 1130 ille
1355 1074 1421 1130 de
1446 1074 1631 1139 nullo;
1661 1082 1715 1128 et
1742 1073 1843 1127 bo-

260 1179 358 1218 nus
381 1164 541 1218 Pater
559 1179 663 1219 non
684 1164 752 1219 de
776 1164 881 1218 alio
921 1164 1061 1219 bono
1088 1165 1261 1221 bonus
1284 1172 1388 1231 est,
1428 1164 1595 1219 Filius
1620 1176 1749 1219 vero
1777 1163 1845 1219 de

259 1256 415 1311 Patre
445 1256 587 1312 bono
632 1256 805 1313 bonus
841 1265 938 1322 est,
987 1258 1081 1314 sed
1123 1267 1230 1313 tam
1268 1259 1439 1315 bonus
1472 1258 1561 1313 hic
1604 1258 1670 1313 de
1710 1257 1802 1312 illo
1825 1298 1841 1325 ,

258 1360 419 1414 quam
457 1346 629 1400 bonus
655 1346 743 1400 ille
764 1346 831 1400 de
855 1346 999 1401 nullo
1030 1366 1043 1403 :
1084 1363 1150 1402 an
1179 1357 1235 1403 tu
1273 1349 1361 1419 qui
1388 1357 1671 1419 propterea
1712 1347 1844 1403 dicis

259 1436 435 1491 solum
465 1451 585 1492 esse
612 1436 825 1492 Patrem
850 1436 1015 1493 Deum
1056 1438 1273 1504 bonum,
1302 1439 1425 1509 quia
1464 1453 1565 1493 nec
1590 1439 1733 1493 Deus
1762 1445 1845 1492 est

260 1526 325 1582 de
356 1528 466 1582 alio
505 1528 650 1595 Deo,
677 1543 778 1583 nec
817 1528 988 1584 bonus
1016 1527 1083 1583 de
1129 1529 1235 1583 alio
1278 1529 1453 1595 bono;
1499 1528 1691 1584 Filium
1716 1540 1846 1583 vero

261 1606 384 1676 ideo
418 1620 559 1676 Patri
589 1636 694 1675 non
737 1636 856 1677 esse
883 1621 1288 1691 coaequandum,
1330 1621 1452 1691 quia
1490 1620 1558 1676 de
1586 1620 1678 1675 illo
1708 1619 1847 1674 Deus

259 1722 363 1780 est,
397 1711 467 1768 de
492 1713 583 1769 illo
627 1712 799 1769 bonus
844 1713 960 1769 est?
1006 1713 1063 1768 ln
1110 1728 1215 1784 qua
1255 1713 1517 1769 sententia
1568 1720 1847 1781 utrumque

260 1802 637 1875 blasphemas:
665 1812 719 1860 et
746 1803 957 1861 Patrem
985 1803 1207 1872 scilicet,
1235 1804 1359 1874 quia
1387 1817 1496 1859 non
1523 1810 1728 1857 tantum
1748 1815 1847 1871 ge-

258 1896 378 1951 nuit
404 1906 633 1967 quantus
660 1897 900 1966 cstipse,
945 1910 1044 1951 nec
1082 1895 1237 1950 talem
1267 1895 1439 1966 qualis
1480 1902 1563 1949 est
1604 1893 1748 1963 ipse;
1794 1899 1848 1947 et

258 1987 481 2055 Filium,
512 1988 635 2059 quia
660 1988 778 2042 talis
801 1994 1085 2057 tantusque
1123 1986 1275 2041 nasci
1300 2001 1403 2040 non
1436 1984 1647 2051 meruit,
1679 1982 1849 2053 qualis

260 2088 601 2151 quantusque
628 2086 711 2135 est
736 2077 828 2133 ille
856 2078 944 2148 qui
970 2078 1171 2147 genuit.
1200 2076 1441 2146 Denique
1483 2076 1582 2130 ista
1608 2074 1717 2143 ipsa
1744 2073 1847 2129 duo

260 2171 328 2227 de
354 2171 551 2242 quibus
577 2172 800 2241 agimus,
828 2169 931 2224 hoc
958 2178 1061 2235 est,
1089 2170 1257 2224 deitas
1277 2177 1331 2225 et
1350 2168 1574 2233 bonitas,
1600 2166 1850 2236 quoniam

264 2264 467 2319 dictum
496 2274 596 2330 εει,
642 2262 807 2317 Nemo
834 2263 1012 2329 bonus,
1055 2261 1152 2315 nisi
1197 2277 1326 2315 unus
1363 2259 1522 2325 Deus,
1554 2260 1607 2314 in
1637 2258 1735 2314 hac
1762 2265 1850 2311 tua

264 2355 521 2425 opinione
546 2354 818 2410 deﬁciunt.
847 2354 1074 2409 Tantum
1102 2353 1243 2408 enim
1276 2360 1502 2422 quantus
1526 2357 1609 2406 est
1634 2350 1765 2420 ipse,
1795 2356 1851 2403 et

264 2447 431 2502 talem
461 2446 631 2517 qualis
660 2454 742 2501 est
766 2446 900 2515 ipse,
924 2445 968 2500 si
997 2459 1101 2499 non
1130 2443 1301 2514 potuit
1323 2443 1559 2513 gignere,
1580 2439 1849 2511 quomodo

266 2538 412 2595 Deus
438 2537 556 2593 est?
583 2538 628 2593 si
665 2537 854 2602 noluit,
881 2535 1148 2606 quomodo
1174 2534 1347 2589 bonus
1374 2532 1498 2589 est?

337 2630 394 2683 7.
439 2628 615 2694 Pater,
644 2628 839 2699 inquis,
865 2632 978 2699 fons
1001 2626 1236 2681 bonitatis
1256 2632 1348 2689 est,
1380 2625 1465 2695 qui
1493 2622 1628 2693 quod
1652 2630 1724 2677 est
1757 2621 1850 2676 bo-

267 2737 366 2777 nus
391 2738 425 2776 a
449 2722 647 2776 nemine
670 2720 879 2789 accepit.
923 2717 1186 2788 Numquid
1226 2716 1347 2771 ideo
1371 2717 1546 2771 minus
1570 2714 1743 2769 bonus
1769 2721 1853 2769 est

266 2812 461 2879 Filius,
491 2812 743 2882 quoniam
768 2809 907 2881 quod
934 2809 1104 2864 bonus
1124 2815 1227 2874 est,
1254 2807 1321 2863 ab
1344 2821 1409 2862 eo
1437 2805 1596 2861 Patre
1624 2805 1849 2874 accepit,

267 2905 359 2975 qui
396 2903 633 2958 nascenti
678 2902 811 2957 Filio
852 2910 1051 2956 tantam
1098 2899 1387 2956 bonitatem
1430 2904 1853 2967 quantacumque

268 2995 350 3050 illi
375 3003 479 3063 est,
508 2995 631 3066 quia
661 2995 803 3049 Deus
830 3000 931 3060 est,
960 2992 1088 3047 dare
1112 2991 1317 3061 potuit;
1350 2998 1400 3045 et
1429 2989 1595 3054 dedit,
1613 2988 1735 3058 quia
1759 2988 1855 3043 bo-

270 3101 375 3141 nus
426 3085 668 3143 invidere
716 3100 821 3143 non
864 3083 1072 3155 potuit?
1106 3083 1237 3138 Nam
1287 3082 1331 3137 si
1371 3082 1549 3137 minus
1579 3079 1852 3147 bonitatis,

272 3191 431 3249 quam
456 3176 599 3247 quod
624 3177 739 3246 ipse
766 3175 926 3231 habet
965 3174 1123 3229 unico
1151 3171 1319 3239 dedit,
1347 3172 1525 3226 minus
1563 3170 1735 3226 bonus
1771 3176 1856 3225 est

272 3276 325 3324 et
351 3268 468 3339 ipse
491 3282 647 3338 quam
667 3266 850 3322 debuit
879 3283 893 3321 :
925 3264 1064 3336 quod
1091 3264 1290 3320 sentire
1316 3262 1597 3318 dementiae
1617 3269 1718 3318 est.
1748 3261 1853 3317 Er-

275 3375 340 3431 go
370 3368 625 3432 quantum
655 3360 768 3429 ipse
810 3357 967 3413 habet
1016 3356 1290 3421 bonitatis,
1337 3362 1541 3409 tantum
1570 3353 1708 3409 Filio
1755 3352 1853 3408 de-

273 3454 351 3509 dit
377 3455 418 3507 ¹.
469 3454 536 3507 Et
574 3452 696 3523 quia
744 3460 931 3506 natura
979 3458 1082 3515 est,
1135 3464 1241 3504 non
1286 3447 1453 3518 gratia
1502 3446 1709 3512 Filius,
1754 3459 1854 3499 na-

274 3546 467 3612 scenti,
500 3560 606 3600 non
635 3543 887 3615 indigenti
918 3542 1099 3608 dedit;
1150 3548 1205 3597 et
1245 3539 1434 3610 plenus
1471 3538 1708 3609 plenum,
1735 3535 1857 3592 fons

273 3636 528 3692 bonitatis
572 3635 773 3691 fontem
814 3634 997 3705 genuit
1034 3632 1305 3688 bonitatis.
1349 3631 1427 3684 Ac
1475 3642 1569 3698 per
1615 3628 1714 3682 hoc
1756 3640 1857 3682 nec

275 3729 424 3785 auxit
451 3730 505 3784 in
532 3743 590 3784 se
613 3727 702 3783 hic
728 3726 869 3798 quod
895 3724 1121 3794 accepit,
1150 3737 1250 3777 nec
1275 3720 1466 3775 minuit
1493 3719 1545 3774 in
1567 3732 1627 3774 se
1654 3718 1744 3773 ille
1765 3717 1857 3787 qui

254 3821 428 3875 dedit
462 3820 525 3873 ἐ
579 3819 701 3889 quia
742 3832 849 3873 non
894 3816 1053 3871 habet
1093 3811 1494 3870 immutabilitas
1535 3810 1675 3866 unde
1720 3808 1860 3864 deﬁ-

275 3913 400 3981 cint,
458 3928 566 3969 non
616 3912 775 3967 habet
836 3908 1109 3981 plenitudo
1161 3921 1269 3977 quo
1318 3914 1541 3961 crescat.
1586 3901 1724 3971 Quid
1778 3909 1861 3957 est

275 4013 453 4059 autem
502 4004 612 4073 ipsa
666 4002 873 4057 bonitas
905 4041 920 4067 ,
969 3999 1072 4054 nisi
1124 3998 1231 4052 vita
1293 3995 1616 4051 viviﬁcans?
1666 3993 1858 4048 Proin-

274 4096 344 4150 de
369 4095 493 4166 quia
522 4093 640 4149 fons
667 4092 861 4146 fontem
885 4089 1087 4161 genuit,
1113 4089 1243 4144 sicut
1280 4086 1436 4140 Pater
1473 4084 1680 4139 suscitat
1718 4098 1857 4137 mor-

278 4196 391 4241 tuos
419 4196 465 4239 et
478 4185 722 4253 ,viviﬁcat,
763 4183 834 4236 sic
873 4190 919 4235 et
948 4180 1114 4234 Filius
1152 4194 1274 4247 quos
1299 4177 1401 4231 vult
1430 4175 1648 4244 viviﬁcat
1677 4172 1855 4245 (Joan.

277 4293 312 4330 v
338 4320 352 4344 ,
381 4277 499 4347 2i).
526 4275 640 4330 Hoc
679 4276 791 4342 ipse
820 4272 985 4326 Filius
1011 4271 1164 4335 dixit,
1208 4282 1313 4322 non
1340 4281 1457 4336 ego.
1491 4264 1641 4321 Unde
1668 4265 1861 4319 merito

278 4369 390 4423 Deo
410 4366 556 4422 Patri
583 4365 794 4429 dicitur,
822 4362 1073 4431 Quoniam
1101 4358 1239 4430 apud
1260 4368 1305 4412 te
1329 4366 1399 4411 est
1429 4361 1544 4427 fons
1581 4356 1711 4409 vitaz.
1733 4354 1861 4421 Quis

280 4470 364 4517 est
388 4468 569 4516 autem
595 4459 697 4513 iste
725 4456 842 4525 fons
864 4456 985 4510 vitae
1007 4452 1147 4523 apud
1173 4452 1400 4515 Patrem,
1434 4449 1533 4503 nisi
1560 4448 1627 4503 de
1655 4461 1761 4517 quo
1779 4446 1864 4501 di-

278 4556 441 4621 citur,
472 4553 539 4607 In
567 4552 815 4624 principio
841 4558 947 4604 erat
984 4546 1218 4612 Verbum,
1259 4555 1303 4598 et
1342 4541 1557 4597 Verbum
1594 4549 1703 4594 erat
1724 4538 1863 4609 apud

279 4647 468 4713 Deum,
502 4654 548 4700 ει
572 4645 707 4699 Deus
732 4652 837 4699 erat
864 4641 1117 4704 Verbum;
1141 4640 1234 4692 hoc
1254 4644 1357 4690 erat
1382 4634 1436 4689 in
1461 4632 1706 4704 principio
1725 4631 1864 4701 apud

282 4739 451 4795 Deum
476 4754 496 4791 :
533 4736 600 4791 de
641 4750 746 4805 quo
790 4734 948 4788 etiam
976 4730 1133 4801 paulo
1164 4735 1281 4798 post
1307 4725 1502 4780 dictum
1540 4730 1642 4789 est,
1674 4721 1741 4775 Et
1764 4722 1865 4775 vita

281 4839 389 4887 erat
418 4831 510 4884 tua:
534 4827 793 4881 hominum
819 4822 930 4891 (Id.
960 4837 999 4887 ι,
1033 4822 1084 4885 1,
1123 4818 1178 4886 2,
1208 4816 1301 4889 4)ῗ
1321 4816 1445 4872 Haec
1473 4815 1578 4868 vita
1604 4814 1719 4868 fons
1742 4812 1864 4866 vitae

281 4932 384 4989 est,
424 4928 483 4977 et
510 4920 599 4975 lux
624 4919 723 4973 ista
748 4916 840 4969 lux
862 4913 996 4969 lucis
1019 4921 1119 4967 est.
1147 4908 1301 4967 Unde
1326 4922 1446 4963 cum
1475 4905 1672 4960 dictum
1702 4910 1862 4966 esset,

283 5012 440 5086 Apud
471 5020 521 5066 te
544 5018 615 5065 est
651 5013 765 5081 fons
793 5007 939 5070 uiue;
984 5002 1236 5058 continuo
1270 4999 1606 5086 subjunctum
1650 5003 1754 5061 est,
1798 4991 1865 5047 In

284 5084 475 5161 lumine
504 5111 589 5156 tuo
607 5100 880 5155 videbimus
910 5096 1078 5152 lumen
1108 5091 1278 5165 (Psat.
1308 5105 1469 5155 xxxv,
1494 5084 1606 5160 10),
1640 5087 1737 5141 hoc
1762 5093 1862 5149 est,

284 5198 337 5251 in
366 5193 506 5251 Filio
536 5202 627 5249 tuo
654 5189 908 5260 Spiritum
929 5194 1207 5249 sanctum;
1244 5196 1404 5252 quem
1432 5189 1489 5234 tu
1512 5192 1719 5248 quoque
1748 5190 1867 5231 esse

284 5288 705 5344 illuminatorem
734 5283 791 5337 in
818 5278 1127 5337 Collationis
1151 5284 1348 5331 nostra:
1374 5273 1540 5343 prima
1564 5278 1714 5340 parte
1746 5284 1868 5340 pro-

283 5378 464 5434 fessus
484 5391 565 5432 es.
584 5375 728 5430 Fons
756 5387 885 5443 ergo
907 5370 974 5425 de
996 5368 1161 5434 fonte,
1201 5364 1366 5421 Filius
1394 5363 1461 5418 de
1500 5362 1699 5426 Patre,.
1716 5367 1771 5415 et
1797 5360 1869 5414 si-

282 5472 397 5527 mul
427 5471 587 5528 ambo
614 5469 733 5524 fons
760 5481 928 5523 unus:
951 5465 1040 5519 lux
1064 5463 1131 5520 de
1160 5462 1299 5529 luce,
1326 5459 1492 5514 Filius
1517 5457 1582 5511 de
1612 5456 1787 5521 Patre,
1814 5461 1870 5509 et

286 5565 446 5620 simul
475 5562 635 5619 ambo
661 5563 755 5621 lux
779 5557 1088 5616 una:sicut
1135 5556 1273 5610 Deus
1322 5552 1390 5607 de
1433 5551 1564 5615 Deo,
1611 5556 1664 5602 et
1711 5545 1867 5601 simul

286 5657 448 5712 ambo
477 5657 662 5726 utique
684 5653 825 5709 Deus
858 5666 1027 5707 unus:
1051 5656 1105 5703 et
1142 5646 1243 5701 hoc
1269 5651 1437 5700 totum
1471 5655 1580 5696 non
1605 5638 1721 5694 sine
1746 5637 1868 5707 Spi-

288 5749 401 5805 ritu
432 5747 733 5804 amborum.
758 5744 840 5801 Ex
877 5743 979 5798 hoc
1022 5740 1167 5796 fonte
1189 5735 1465 5805 bonitatis,
1490 5748 1558 5792 ex
1594 5731 1700 5788 hoc
1726 5729 1870 5788 fonte

356 5887 383 5985 ι
410 5885 609 6002 sae
622 5889 752 5998 at

1590 500 1794 563 LIBER
1828 498 2203 562 SECUNDUS.

2784 476 2822 491 κ
2845 466 2851 479 ί
2915 468 2919 471 ’

3417 509 3526 568 802

1945 616 2090 687 vitae,
2130 633 2195 674 ex
2241 619 2342 675 hoc
2380 612 2694 677 immutabili
2720 618 2943 691 lumine,
2970 634 3039 678 ex
3065 620 3527 682 bacindeﬁciento

1946 710 2297 781 plenitudine,
2329 711 2382 765 id
2406 720 2509 778 est,
2537 712 2715 778 Patre,
2745 721 2799 768 et
2821 713 2978 782 Filio,
3002 722 3061 770 et
3086 714 3287 785 Spiritu
3316 724 3525 785 sancto,

1947 816 2054 858 uno
2079 800 2304 857 Domino
2326 801 2439 857 Deo
2458 802 2592 868 solo,
2620 804 2909 859 secundum
2937 820 3242 861 mensuram
3272 806 3395 862 ﬁdei
3415 822 3529 862 sua:

1948 893 2265 963 quicumque
2292 894 2552 950 veraciter
2577 894 2817 963 credunt,
2845 905 3115 952 sumentes
3136 897 3259 953 boni
3280 897 3432 963 ﬁunt,
3452 898 3532 953 vi-

1946 982 2245 1049 viﬁcantur,
2276 983 2662 1053 illuminantur,
2694 986 2997 1054 implentur.
3027 986 3228 1053 Quibus
3248 996 3307 1042 tu
3337 989 3528 1058 unige-

1949 1074 2119 1128 nitum
2155 1074 2373 1142 Filium,
2403 1089 2532 1145 pace
2561 1082 2650 1131 tua
2680 1076 2927 1141 dixerim,
2956 1080 3137 1134 nescio
3165 1094 3267 1149 qua
3294 1079 3528 1135 incredi-

1948 1164 2038 1220 bili
2068 1167 2369 1222 temeritate
2408 1166 2655 1235 junxisti.
2688 1167 2799 1221 Tua
2830 1169 3027 1239 quippe
3052 1170 3149 1224 ista
3176 1177 3299 1225 sunt
3324 1170 3485 1226 verba
3511 1188 3531 1226 ;

1951 1255 2089 1321 Sive,
2123 1256 2317 1326 inquis,
2340 1256 2527 1323 Filius,
2554 1258 2656 1311 sive
2679 1258 2773 1328 qui
2799 1274 2887 1329 per
2912 1258 3103 1313 Filium
3142 1270 3259 1314 sunt
3296 1261 3436 1331 facti,
3467 1260 3531 1314 de

1949 1347 2038 1401 illo
2066 1363 2167 1401 uno
2213 1350 2345 1418 fonte
2385 1346 2619 1402 bonitatis
2660 1352 2997 1420 unusquisque
3021 1352 3294 1405 secundum
3322 1368 3528 1405 mensu-

1950 1454 2062 1491 ram
2080 1439 2199 1507 ﬁdei
2224 1454 2329 1493 sua:
2356 1449 2734 1510 assumpserunt
2764 1452 2817 1494 ut
2845 1450 3008 1495 essent
3033 1441 3165 1496 boni.
3187 1442 3286 1497 Ubi
3302 1451 3384 1498 est
3402 1457 3533 1513 ergo

1951 1529 2093 1600 quod
2116 1531 2290 1586 fueras
2315 1540 2438 1586 ante
2462 1530 2759 1599 confessus,
2787 1532 2934 1587 illum
2966 1542 3145 1588 natura
3168 1532 3358 1588 Filium
3386 1548 3532 1600 esse,

1950 1634 2059 1676 non
2074 1621 2305 1691 gratia‘?
2330 1622 2467 1677 Ecce
2493 1630 2677 1677 contra
2697 1623 3013 1678 sententiam
3035 1631 3177 1677 tuam
3204 1624 3353 1679 venis
3372 1642 3385 1676 :
3404 1638 3533 1680 ecce

1946 1711 2057 1781 jam
2090 1712 2267 1781 prodis
2308 1712 2569 1769 nefarium
2609 1722 2877 1769 secretum
2922 1714 3144 1771 haeresis
3166 1724 3380 1781 vestrae,
3408 1716 3532 1786 quia

1951 1803 2279 1873 unigenitum
2308 1819 2490 1860 verum
2520 1805 2613 1861 Dei
2638 1805 2853 1873 Filium,
2883 1821 3065 1861 verum
3088 1807 3276 1875 Deum,
3306 1823 3413 1863 non
3437 1824 3533 1863 na—

1952 1901 2070 1949 tura
2094 1894 2309 1961 Filium,
2340 1895 2432 1951 sed
2458 1897 2627 1967 gratia
2659 1896 3000 1967 proﬁtemini.
3029 1897 3085 1954 Si
3128 1901 3270 1953 enim
3309 1910 3363 1954 et
3395 1900 3535 1970 ipse,

1952 1986 2090 2040 sicut
2122 1985 2282 2041 verba
2312 1995 2401 2041 tua
2442 1988 2692 2051 clamant,
2726 1989 3017 2043 secundum
3060 2004 3363 2044 mensuram
3409 1988 3537 2046 ﬁdei

1952 2090 2085 2141 suae,
2112 2084 2171 2130 ut
2196 2076 2367 2131 bonus
2396 2087 2556 2140 esset,
2585 2079 2906 2147 assumpsit;
2935 2081 3103 2149 gratia
3146 2089 3230 2136 est
3271 2096 3399 2151 ergo
3440 2081 3537 2135 Fi-

1954 2164 2078 2231 lius,
2110 2181 2215 2220 non
2247 2175 2465 2221 natura:
2490 2174 2545 2222 et
2564 2167 2661 2221 fuit
2688 2168 2971 2238 aliquando
2997 2184 3101 2224 non
3129 2170 3315 2236 bonus,
3339 2178 3392 2225 et
3415 2185 3537 2226 cre-

1954 2256 2129 2313 dendo
2153 2257 2320 2312 factus
2342 2268 2425 2312 est
2446 2258 2644 2325 bonus;
2675 2259 2795 2328 quia
2818 2267 2877 2313 ut
2894 2268 3036 2315 esset
3060 2260 3251 2327 bonus,
3280 2260 3538 2331 quemad-

1954 2346 2170 2402 modum
2199 2347 2353 2415 dicis,
2386 2349 2675 2404 secundum
2703 2364 3012 2406 mensunam
3041 2350 3165 2407 ﬁdei
3207 2366 3318 2407 suae
3346 2351 3413 2407 de
3441 2352 3538 2408 illo

1954 2439 2044 2509 qui
2076 2439 2232 2494 Pater
2252 2449 2352 2506 est,
2378 2438 2524 2495 fonte
2548 2441 2801 2496 bonitatis
2822 2442 3127 2512 assumpsit.
3151 2442 3399 2513 Legimus
3413 2443 3537 2512 qui-

1954 2530 2075 2585 dem
2101 2531 2244 2600 quod
2269 2530 2421 2586 Iesus
2446 2533 2737 2602 proﬁciebat
2775 2542 2922 2588 ωιαιε
2943 2543 2992 2587 ει
3016 2534 3282 2604 sapientia,
3305 2543 3351 2588 et
3370 2534 3538 2605 gratia

1954 2621 2053 2677 Dei
2076 2631 2182 2677 erat
2207 2625 2260 2677 in
2284 2624 2374 2677 illo
2416 2623 2567 2695 (Luc.
2600 2640 2654 2689 ιι,
2697 2624 2788 2695 52)
2823 2643 2836 2679 :
2869 2625 2964 2680 sed
2993 2625 3283 2680 secundum
3310 2624 3539 2681 formam

1954 2714 2186 2769 hominis
2211 2730 2367 2785 quam
2396 2731 2493 2785 pro
2514 2716 2666 2770 nobis
2690 2716 2895 2785 accepit
2921 2731 2988 2771 ex
3012 2715 3186 2784 nobis,
3214 2731 3319 2771 non
3346 2731 3538 2771 secun-

1954 2806 2082 2862 dum
2111 2806 2335 2862 formam
2365 2809 2480 2873 Dei,
2514 2809 2567 2861 in
2594 2823 2695 2876 qua
2724 2823 2833 2862 non
2861 2808 3091 2863 alienum
3134 2808 3417 2877 arbitratus
3456 2816 3538 2863 est

1955 2914 2076 2956 esse
2100 2899 2321 2971 aequalis
2348 2900 2455 2953 Deo
2486 2898 2740 2970 (Philipp.
2766 2914 2823 2966 ιι,
2854 2899 2932 2970 6).
2960 2898 3337 2955 Verumtamen
3376 2899 3538 2954 etiam

1957 2989 2011 3044 in
2046 2990 2157 3060 ipsa
2185 2988 2354 3044 forma
2381 2988 2613 3043 hominis
2637 2988 2861 3059 legimus
2885 3002 3007 3045 eum
3034 2997 3189 3043 aetate
3210 2995 3266 3043 et
3279 2987 3539 3056 sapientia

1956 3077 2266 3149 profecisse,
2300 3093 2405 3133 non
2434 3086 2612 3133 tamen
2658 3085 2715 3132 ut
2756 3093 2822 3133 ex
2864 3093 2971 3133 non
3014 3077 3157 3132 bono
3185 3078 3354 3132 bonus
3390 3076 3541 3131 ﬁeret

1956 3168 2221 3224 credendo
2248 3169 2528 3223 meruisse.
2577 3167 2761 3238 Neque
2804 3182 2947 3223 nunc
2990 3168 3133 3225 inter
3175 3181 3273 3222 nos
3316 3166 3542 3237 quaestio

1956 3263 2181 3317 vertitur
2208 3262 2275 3317 de
2304 3272 2489 3315 natura
2519 3261 2612 3317 ﬁlii
2640 3262 2891 3328 hominis,
2915 3261 2968 3315 in
2996 3276 3099 3331 qua
3132 3259 3226 3315 Dei
3251 3259 3419 3314 Filius
3439 3260 3541 3313 mi-

1957 3369 2058 3410 nor
2080 3362 2163 3410 est
2190 3355 2380 3409 Patre:
2412 3354 2602 3411 sed.de
2626 3360 2812 3409 natura
2842 3352 2962 3407 Filii
2988 3352 3103 3417 Dei,
3127 3352 3179 3406 in
3208 3365 3333 3420 qua,
3366 3359 3543 3404 utnos

1957 3448 2202 3514 dicimus,
2229 3464 2325 3503 vos
2350 3448 2574 3519 negatis,
2616 3447 2835 3518 aequalis
2862 3456 2945 3502 est
2982 3446 3123 3500 Patri
3164 3464 3179 3500 :
3221 3446 3343 3514 quia
3374 3444 3543 3499 Filius

1957 3556 2135 3609 verus,
2168 3541 2334 3597 Filius
2363 3544 2569 3607 unicus,
2601 3540 2770 3596 Filius
2797 3541 2865 3595 de
2888 3555 3016 3596 vero
3046 3540 3158 3596 Deo
3187 3555 3344 3595 verus
3374 3540 3539 3605 Deus,

1959 3634 2013 3689 in
2051 3635 2197 3689 nullo
2224 3632 2567 3704 degeneravit
2595 3648 2623 3687 a
2655 3633 2829 3687 Patre.
2877 3632 3107 3688 Proinde
3149 3630 3541 3702 incomparabi-

1960 3724 2062 3780 lem
2092 3725 2301 3779 Patrem
2332 3725 2490 3790 Filio,
2527 3738 2625 3779 nec
2670 3725 2722 3778 in
2773 3723 3062 3792 Scripturis
3104 3723 3301 3779 sanctis
3342 3721 3536 3778 alicubi

1961 3818 2136 3889 legere
2160 3818 2398 3889 potuisti.
2442 3816 2551 3872 Nec
2588 3830 2718 3871 sana
2746 3815 2849 3870 ﬁde
2879 3817 2991 3884 ipse
3018 3815 3195 3869 dixisti
3220 3816 3535 3869 immensum

1962 3913 2122 3969 etiam
2153 3912 2395 3975 Patrem;
2427 3910 2677 3981 quoniam
2718 3918 3000 3979 propterea
3044 3907 3198 3973 dicis,
3244 3915 3301 3962 ut
3344 3907 3539 3961 Filium

1962 4018 2069 4058 non
2100 4002 2297 4072 pariter
2324 4002 2662 4066 immensum,
2704 3999 2798 4054 sed
2835 4012 3084 4054 mensura
3126 3997 3398 4053 existimes
3427 4006 3535 4051 ter-

1961 4096 2242 4151 minatum.
2309 4094 2507 4150 Tecum
2574 4092 2767 4147 habeto
2822 4105 3128 4147 mensuram
3197 4097 3383 4155 tuam,
3435 4103 3542 4158 qua

1964 4195 2112 4242 tuum
2140 4186 2330 4241 falsum
2366 4168 2936 4249 dominummetiaris,
2975 4190 3028 4237 et
3053 4180 3122 4237 de
3147 4195 3275 4237 vero
3314 4180 3543 4235 Domino

1962 4279 2257 4337 mentiaris.

2034 4370 2259 4427 CAPUT
2295 4368 2486 4425 XXIV.
2511 4397 2583 4410 —
2636 4369 2778 4423 Bene
2818 4366 3091 4422 conﬁteris
3127 4364 3265 4437 quod
3303 4372 3357 4421 et
3385 4364 3547 4420 Pater

1964 4463 2147 4534 diligat
2165 4462 2381 4524 Filium,
2414 4470 2469 4516 et
2492 4458 2659 4514 Filius
2684 4458 2866 4528 diligat
2890 4458 3134 4512 Patrem:
3164 4456 3257 4512 sed
3288 4456 3331 4512 si
3359 4464 3413 4511 et
3440 4455 3548 4511 hoc

1965 4555 2286 4619 conﬁtearis,
2309 4554 2432 4624 quia
2461 4568 2568 4607 non
2599 4560 2682 4607 est
2705 4552 2875 4620 major
2889 4550 3105 4605 dilectio
3126 4550 3178 4605 in
3206 4551 3363 4606 Patre
3382 4565 3547 4619 quam

1967 4649 2019 4703 in
2046 4647 2200 4702 Filio.
2244 4645 2376 4711 Quia
2404 4644 2547 4698 enim
2591 4651 2777 4697 natura
2821 4642 3113 4697 divinitatis
3139 4642 3369 4713 mquales
3394 4652 3542 4705 sunt,

1968 4738 2243 4809 aequaliter
2273 4752 2333 4792 se
2354 4737 2578 4791 invicem
2596 4735 2838 4806 diligunt.
2861 4734 3011 4789 Facit
3040 4743 3214 4790 autem
3241 4735 3411 4789 Filius
3434 4735 3542 4788 sic-

1968 4846 2023 4889 ut
2051 4836 2210 4889 homo
2236 4832 2538 4887 mandatum
2565 4829 2760 4885 Patris.
2805 4828 2936 4884 Nam
2965 4831 3105 4885 sicut
3132 4829 3289 4893 Deus,
3321 4829 3435 4898 ipse
3451 4827 3541 4880 Fi-

1968 4927 2069 4982 lius
2096 4934 2175 4980 est
2204 4923 2508 4979 mandatum
2537 4922 2728 4989 Patris,
2760 4921 2882 4993 quia
2914 4920 3026 4989 ipse
3051 4928 3134 4976 est
3171 4920 3402 4975 Verbum
3445 4918 3546 4973 Pa-

1968 5019 2085 5072 tris.
2110 5015 2261 5071 Unde
2287 5014 2393 5067 alio
2423 5015 2540 5068 loco
2564 5013 2632 5068 de
2660 5012 2907 5066 mandato
2931 5010 3120 5077 Patris,
3145 5008 3245 5063 hoc
3265 5015 3367 5075 est,
3399 5008 3467 5062 de
3487 5022 3548 5062 se

1969 5111 2084 5180 ipso
2114 5108 2273 5163 dicit:
2304 5106 2425 5161 Scio
2459 5106 2575 5174 quia
2614 5104 2906 5157 mandatum
2945 5102 3054 5172 ejus
3093 5100 3195 5154 vita
3234 5108 3423 5154 aeterna
3474 5108 3551 5152 est

1970 5201 2147 5273 (Joan.
2194 5216 2292 5262 xu,
2339 5198 2452 5265 50).
2499 5195 2650 5262 Quod
2677 5203 2851 5249 autem
2882 5194 2997 5261 ipse
3023 5192 3118 5247 Dei
3146 5190 3314 5246 Filius
3343 5190 3412 5244 sit
3439 5191 3547 5244 vita

1970 5306 2188 5360 aeterna,
2220 5293 2491 5362 Scriptura
2515 5291 2689 5345 divina
2717 5294 2958 5342 testatur.
2988 5283 3086 5341 Ubi
3116 5294 3293 5338 autem
3320 5282 3415 5347 ait,
3448 5281 3551 5348 Qui

1971 5406 2049 5444 me
2068 5387 2209 5453 uidit,
2239 5386 2359 5439 vidit
2387 5393 2429 5438 et
2463 5382 2663 5435 Patrem
2686 5378 2794 5451 (Id.
2824 5392 2932 5443 xw,
2961 5375 3048 5446 9);
3073 5374 3191 5445 quis
3211 5372 3550 5429 nesciatideo

1972 5481 2190 5543 dictum,
2222 5476 2470 5547 quoniam
2498 5472 2735 5543 quisquis
2760 5483 2854 5537 per
2874 5464 3273 5535 intelligentiam
3298 5463 3442 5519 videt
3460 5461 3554 5517 Fi-

1972 5576 2123 5641 lium,
2147 5572 2289 5627 Patri
2310 5570 2489 5638 utique
2520 5565 2662 5619 videt
2686 5560 2980 5632 aequalem?
3006 5559 3157 5629 Quod
3187 5572 3281 5612 vos
3304 5556 3426 5612 ideo
3442 5572 3547 5610 non

1974 5667 2155 5732 vultis,
2184 5666 2303 5735 quia
2338 5677 2429 5731 per
2468 5658 2649 5714 oculos
2684 5653 2880 5721 cordis,
2927 5659 3180 5723 quantum
3212 5649 3269 5705 in
3304 5649 3402 5704 hac
3442 5647 3547 5701 vita

1974 5759 2142 5816 videri
2165 5734 2359 5829 potest,
2389 5753 2580 5808 Filium
2602 5766 2706 5805 non
2734 5746 2943 5803 videtis.
3546 5734 3549 5739 λ

2039 5922 2061 5957 ι
2092 5918 2265 5971 pices
2278 5924 2408 5979 κει,
2423 5927 2509 5967 nos
2528 5912 2703 5976 qrutia.
