4084 6418
525 404 632 470 803

594 523 822 585 CAPUT
848 521 1020 580 XXV.
1041 520 1286 576 —Putas
1307 532 1414 572 non
1429 522 1574 571 recte
1591 528 1618 566 a
1643 528 1727 568 me
1747 511 1946 566 dictum
1967 523 2107 580 esse,

522 619 663 693 quod
684 601 901 690 propter
921 615 1142 670 formam
1164 611 1304 688 servi
1325 623 1484 680 quam
1510 604 1742 675 suscepit
1763 602 1930 659 Filius
1955 598 2111 671 (Phi-

523 715 650 785 lipp.
680 727 737 777 ιι,
773 709 847 781 7),
876 707 1046 777 major
1071 705 1140 760 sit
1169 705 1344 757 Pater.
1381 699 1464 756 Tu
1502 699 1645 755 enim
1675 695 1967 752 secundum
1996 693 2110 748 hae-

521 806 684 863 resim
705 811 957 867 vestram,
985 798 1038 853 in
1064 798 1177 866 ipsa
1199 794 1293 849 Dei
1319 791 1489 870 forma
1516 791 1728 846 Patrem
1747 787 1879 843 Filio
1895 786 1975 842 vis
1991 798 2112 840 esse

522 896 784 967 majorem
808 911 822 948 :
843 891 927 947 cui
967 884 1245 960 paternam
1291 885 1373 941 sic
1402 881 1606 939 invides
1631 881 1877 946 formam,
1906 885 1964 932 ut
1990 876 2112 932 ideo

522 988 819 1062 perfectum
852 977 986 1039 velis
1010 990 1193 1037 natum
1220 993 1341 1052 esse
1369 977 1563 1033 Filium
1590 982 1792 1030 mterna
1823 970 2109 1049 perfectio-

522 1096 611 1147 ne,
643 1094 712 1135 ne
738 1078 805 1132 ad
835 1085 1110 1147 paternam
1139 1071 1364 1128 formam
1400 1069 1588 1125 saltem
1620 1063 1913 1122 crescendo
1938 1062 2116 1124 valeat

522 1170 823 1245 pervenire.
843 1165 954 1224 Sed
999 1167 1229 1221 inaniter
1269 1162 1471 1218 invidet
1501 1161 1661 1216 homo
1698 1166 1974 1230 paternam
2004 1156 2113 1210 lor-

522 1278 664 1320 mam
697 1261 788 1316 Dei
809 1260 964 1326 Filio,
988 1258 1074 1313 cui
1100 1258 1256 1312 Pater
1277 1270 1394 1311 eam
1422 1269 1527 1308 non
1550 1250 1754 1317 invidit,
1783 1249 1904 1319 quia
1929 1261 2112 1316 aequa-

523 1358 629 1414 lem
675 1355 775 1410 sibi
815 1353 1033 1422 unicum
1073 1348 1277 1421 genuit.
1319 1346 1426 1402 Sed
1465 1344 1598 1401 dicis
1638 1357 1744 1398 non
1777 1355 1898 1409 esse
1942 1327 2113 1394 Patris

523 1463 770 1520 magnam
809 1429 1140 1520 gloriam,‘si
1189 1457 1250 1512 ea
1296 1440 1467 1495 forma
1507 1437 1647 1493 servi
1685 1434 1857 1504 major
1885 1441 1987 1499 est,
2010 1445 2113 1502 qua

524 1531 697 1599 forma
726 1518 853 1604 sunt
877 1518 1107 1608 majores
1147 1544 1200 1600 et
1228 1531 1436 1604 Angeli.
1465 1528 1599 1584 Vide
1633 1528 1677 1583 si
1703 1524 1847 1581 aliud
1876 1522 2108 1590 conaris,

523 1637 627 1693 nisi
649 1635 714 1690 ad
738 1635 893 1689 unius
922 1617 1094 1685 Patris
1117 1609 1360 1699 gloriam,
1389 1640 1484 1696 per
1511 1622 1654 1677 unici
1682 1620 1803 1692 Filii
1830 1623 2111 1684 contume-

527 1730 654 1786 liam
676 1726 981 1806 pervenire,
1009 1731 1066 1777 ut
1094 1703 1295 1777 scilicet
1325 1705 1431 1784 non
1459 1725 1717 1796 augeatur
1742 1712 1900 1768 Pater
1929 1710 1983 1765 in
2003 1707 2117 1792 glo-

525 1825 630 1892 ria,
660 1799 762 1876 nisi
787 1818 1057 1879 minuatur
1086 1812 1254 1868 Filius
1279 1811 1331 1864 in
1365 1819 1572 1872 natura.
1594 1803 1800 1868 Cohibe
1830 1812 1881 1859 te
1901 1819 1915 1856 :
1939 1799 2117 1866 nescis

527 1921 583 1974 et
608 1891 749 1972 Patri
777 1919 831 1967 et
857 1908 994 1965 Filio
1034 1914 1086 1961 te
1117 1906 1356 1975 ingerere
1381 1897 1780 1963 contumeliam,
1810 1895 1855 1950 si
1897 1906 1998 1948 nec
2025 1891 2148 1948 ille.

532 2005 708 2076 potuit
736 2009 826 2056 aut
850 1998 1020 2054 noluit
1039 1996 1255 2076 gignere
1276 1991 1532 2063 aequalem
1561 1987 1683 2056 sibi,
1719 2000 1822 2042 nec
1844 1985 1945 2056 iste
1972 1980 2119 2038 nasci

528 2094 746 2170 aequalis
779 2091 955 2147 Patri?
992 2088 1109 2166 Non
1138 2101 1196 2144 sc
1225 2085 1338 2141 vult
1369 2085 1508 2142 Deus
1548 2081 1618 2150 ita
1648 2079 1855 2135 laudari
1880 2078 2116 2146 Patrem,

528 2169 806 2244 ut‘Filium
845 2182 1050 2238 dicatur
1079 2178 1146 2233 de
1193 2193 1254 2232 se
1294 2176 1410 2246 ipso
1446 2186 1730 2246 generasse
1773 2169 2117 2242 degenerem.

529 2277 646 2336 Non
677 2275 791 2336 vult
825 2274 995 2338 bonus
1039 2270 1159 2326 Filii
1209 2269 1434 2324 dilector
1472 2266 1546 2322 ita
1585 2262 1862 2338 praedicari
1893 2261 2119 2331 formam

531 2386 705 2440 suam,
739 2376 797 2438 ut
825 2383 940 2424 eam
972 2379 1077 2420 non
1109 2362 1340 2437 potuerit
1383 2360 1570 2426 unicus
1599 2358 1714 2432 ejus
1741 2356 1825 2412 vel
1851 2353 2146 2411 nascendo-

532 2476 766 2538 sumere,
813 2458 896 2534 vel
925 2455 1216 2525 crescendo
1253 2450 1725 2526 comprehendere.
1758 2447 1914 2518 Quod
1942 2455 2123 2512 autem

532 2554 628 2630 tibi
655 2553 860 2624 videtur
888 2551 1018 2608 nihil
1047 2563 1292 2626 magnum
1321 2545 1389 2602 de
1415 2547 1524 2600 Deo
1553 2544 1711 2599 Patre
1734 2541 1861 2610 dici,
1885 2541 1930 2596 si
1952 2539 2122 2610 forma

533 2647 676 2720 servi
706 2645 876 2724 major
897 2651 1005 2712 est;
1034 2656 1137 2722 qua
1166 2638 1397 2712 majores
1421 2635 1673 2696 videntur
1695 2642 1748 2690 et
1769 2631 1957 2706 Angeli
1978 2649 1992 2687 :
2017 2645 2124 2702 non

531 2747 682 2812 recte
719 2721 921 2811 cogitas
962 2721 1120 2804 quem
1168 2729 1343 2786 locum
1388 2727 1440 2782 in
1482 2725 1642 2782 rebus
1673 2723 1866 2779 habeat
1893 2721 2124 2790 humana

535 2839 746 2900 natura,
779 2841 898 2898 quae
926 2823 1137 2894 condita
1174 2828 1258 2879 cst
1296 2819 1363 2874 ad
1404 2817 1690 2888 imaginem
1736 2812 1852 2878 Dei.
1895 2812 2124 2890 Majores

537 2921 727 2994 Angeli
754 2917 859 2988 dici
887 2922 1105 2988 possunt
1134 2912 1368 2982 homine,
1399 2908 1523 2985 quia
1550 2907 1782 2978 majores
1808 2911 1934 2964 sunt
1953 2902 2127 2958 homi-

537 2993 622 3072 nis
648 3023 906 3086 corpore;
936 3005 1162 3077 majores
1210 3011 1337 3072 sunt
1384 3008 1438 3066 et
1479 2999 1677 3064 animo,
1720 2996 1816 3052 sed
1859 2995 1913 3050 in
1954 2993 2126 3049 forma

539 3120 699 3180 quam
725 3101 929 3174 peccati
975 3095 1248 3180 originalis
1278 3093 1471 3164 merito
1495 3087 1843 3166 corruptibile
1875 3091 2127 3160 aggravat

539 3175 753 3268 corpus.
787 3190 981 3260 Natura
1009 3175 1138 3256 vero
1166 3186 1419 3256 humana,
1451 3180 1663 3251 qualem
1695 3186 1937 3232 naturam
1967 3175 2125 3245 Chri-

541 3298 657 3356 stus
698 3289 945 3352 humanae
987 3280 1180 3356 mentis
1220 3274 1529 3361 assumpsit,
1575 3286 1693 3348 quae
1734 3269 1881 3324 nullo
1911 3276 2129 3340 peccato

539 3379 713 3453 potuit
738 3371 1038 3450 depravari,
1068 3371 1212 3428 solus
1237 3359 1413 3438 major
1437 3371 1519 3418 est
1547 3362 1706 3416 Deus.
1733 3359 1972 3429 Denique
2001 3373 2128 3438 pro-

541 3485 659 3547 pter
675 3472 799 3545 quid
821 3469 1021 3536 dictum
1037 3466 1128 3532 sit,
1150 3458 1420 3531 Minorasti
1441 3473 1553 3520 eum
1573 3454 1770 3509 modico
1792 3453 1958 3516 minus
1979 3467 2131 3523 quam

542 3543 746 3640 angelos
770 3562 940 3636 (Paul.
968 3575 1086 3623 vui,
1115 3553 1204 3630 6);
1236 3553 1442 3624 aperuit
1465 3548 1761 3620 Scriptura,
1789 3545 1879 3610 ubi
1912 3543 2127 3616 legitur,

545 3635 678 3716 Eum
706 3635 870 3724 autem
893 3650 1090 3716 modico
1127 3647 1292 3702 minus
1313 3659 1465 3714 quam
1492 3639 1700 3712 angelos
1727 3636 2033 3700 minoratum
2058 3635 2132 3688 vi-

545 3753 712 3810 dimus
737 3749 915 3814 Iesum
959 3751 1163 3820 prapter
1205 3739 1492 3812 passionem
1536 3733 1712 3788 mortis
1741 3729 1924 3806 (Hebr.
1959 3746 2016 3798 ll,
2049 3729 2128 3801 9).

543 3847 660 3904 Non
687 3859 813 3914 ergo
843 3847 1062 3918 prepter
1090 3845 1335 3905 naturam
1363 3827 1625 3901 hominis;
1651 3825 1766 3898 sed,
1788 3833 1996 3896 propter
2017 3839 2134 3904 pas-

548 3938 738 3994 sionem
777 3931 970 4000 mortis.
999 3926 1199 3994 Natura
1224 3938 1353 3980 vero
1387 3918 1638 3990 hominis,
1670 3931 1787 3990 qua:
1823 3922 2001 3970 mente
2043 3930 2134 3968 ra-

548 4025 734 4086 tionali
767 4032 821 4096 et
867 4016 1212 4088 intellectuali
1261 4019 1534 4081 creaturas
1578 4016 1800 4080 crateras
1847 4003 2131 4077 antecedit,

548 4120 691 4194 Deus
720 4115 864 4184 solus
895 4121 977 4169 est
1017 4106 1333 4182 majorzcui
1375 4104 1559 4180 utique
1606 4101 1796 4172 injuria
1841 4097 1978 4162 facta
2026 4112 2132 4151 non

547 4189 651 4276 est,
699 4207 788 4262 ubi
832 4204 1090 4274 scriptum
1130 4208 1230 4266 est,
1278 4195 1450 4268 Major
1490 4203 1561 4249 est
1609 4193 1747 4246 Deus
1785 4189 1934 4250 corde
1964 4197 2135 4244 nostro

550 4301 596 4376 (l
619 4301 775 4366 toan.
805 4313 882 4368 in,
909 4293 1024 4364 20).
1048 4290 1218 4356 Filius
1247 4302 1374 4360 ergo
1402 4287 1494 4357 Dei
1533 4292 1838 4369 susceptum
1865 4280 2137 4352 hominem

549 4365 821 4470 levaturus
843 4365 910 4454 ad
934 4388 1144 4444 Patrem
1167 4381 1384 4455 quando
1407 4378 1632 4441 dicebat,
1667 4365 1726 4431 Si
1748 4372 2020 4446 diligeretis
2037 4388 2133 4440 me,

551 4463 838 4563 gauderetis
885 4484 1076 4554 utique,
1120 4478 1238 4550 quia
1283 4473 1412 4529 vado
1457 4471 1523 4540 ad
1566 4470 1807 4536 Patrem;
1836 4468 1955 4540 quia
1980 4463 2138 4520 Pater

550 4560 718 4660 major
744 4595 822 4642 ine
846 4586 917 4640 est
934 4573 1112 4647 (Joan.
1132 4586 1242 4642 xiv,
1264 4567 1387 4644 28);
1415 4582 1520 4634 non
1536 4565 1683 4632 carni
1698 4579 1808 4634 sua:
1830 4563 2024 4631 solum,
2042 4560 2139 4620 sed

551 4653 716 4736 etiam
742 4669 927 4744 menti,
969 4681 1128 4740 quam
1154 4661 1394 4736 gerebat,
1441 4658 1687 4730 humana:
1728 4655 1894 4726 Deum
1927 4653 2138 4725 Patrem

553 4771 737 4842 utique
763 4763 1083 4840 praeferebat
1117 4778 1131 4816 :
1162 4772 1281 4834 qua
1313 4764 1418 4810 tota
1449 4753 1564 4822 sine
1590 4751 1752 4808 dubio
1778 4751 1944 4806 forma
1972 4765 2138 4822 agno-

551 4863 719 4924 scitur
741 4859 903 4926 servi,
931 4853 1185 4926 quoniam
1208 4858 1318 4912 tota
1341 4846 1507 4904 servit
1530 4852 1776 4914 creatura
1805 4841 2066 4898 Creatori.

623 4950 851 5022 CAPUT
893 4947 1083 5017 xxvi.
1104 4973 1177 4986 -
1201 4943 1253 5014 ι.
1280 4941 1555 5008 Postrema
1583 4935 1677 5008 tibi
1707 4934 1992 5007 disputatio
2018 4933 2138 5008 fuit,

550 5046 825 5126 quomodo
866 5044 939 5112 sit
974 5043 1115 5114 Deus
1167 5034 1404 5110 patribus
1451 5032 1628 5106 visus,
1686 5029 1898 5106 quando
1947 5043 2142 5101 corpus

555 5121 846 5210 humanum
875 5137 928 5202 in
960 5148 1067 5208 quo
1095 5131 1389 5198 videretur,
1426 5122 1660 5185 nondum
1683 5131 1960 5194 acceperat
1982 5121 2141 5189 Chrie

553 5248 687 5304 stus,
735 5248 857 5304 cum
903 5225 1182 5298 invisibilis
1231 5222 1302 5296 sit
1333 5236 1428 5293 per
1461 5234 1520 5278 se
1554 5217 1668 5292 ipsa
1709 5217 1886 5292 divina
1934 5227 2139 5284 natura.

561 5329 715 5398 Quod
744 5342 865 5394 cum
893 5323 1054 5394 etiam
1088 5328 1148 5379 tu
1171 5318 1246 5390 ita
1293 5311 1571 5376 confessus
1597 5309 1763 5380 fueris
1789 5318 1844 5366 ut
1870 5309 2007 5374 inter
2035 5325 2142 5382 ςερ-

557 5431 673 5488 tera
703 5434 808 5482 nos
841 5416 1018 5486 solum
1053 5411 1290 5483 Patrem.
1337 5403 1432 5462 sed
1484 5416 1584 5474 ιιθὲ
1629 5402 1800 5480 ipsum
1850 5399 2041 5473 Filium
2090 5401 2146 5474 ὶιι

557 5511 858 5578 substantia
879 5504 1167 5574 divinitatis
1193 5515 1308 5565 suae
1335 5497 1543 5569 diceres
1572 5508 1694 5550 esse
1720 5493 2005 5560 visibilem,
2034 5508 2142 5554 non

560 5609 742 5673 solum
760 5603 1093 5670 hominibus,
1122 5596 1218 5656 sed
1252 5608 1353 5656 nec
1382 5590 1512 5668 ipsis
1544 5587 1850 5658 ctelestibus
1875 5587 2150 5662 potestatie

563 5702 662 5757 bus
693 5718 705 5755 :
735 5705 941 5769 postea,
967 5698 1170 5748 mutata
1196 5685 1481 5753 sententia,
1514 5679 1646 5738 dicis
1677 5695 1799 5742 eum
1828 5689 1884 5738 et
1909 5689 2034 5752 ante
2062 5678 2147 5762 in-

560 5791 919 5849 carnationem
960 5797 1111 5840 suam
1160 5784 1532 5852 conspectibus
1556 5818 1566 5850 ,ι
1592 5777 1898 5852 apparuisse
1954 5757 2152 5828 morta-

561 5885 712 5952 lium,
738 5894 985 5940 asserens
1030 5874 1158 5933 illud
1198 5875 1339 5949 quod
1368 5877 1442 5933 ait
1470 5873 1790 5951 Apostolus,
1815 5870 2150 5938 Manto

1100 397 1374 462 CONTRA
1410 389 1810 457 MAXIMINUM
1849 387 2251 450 ARIANORUM
2283 388 2689 463 EPISCOPUM,
2728 390 2785 453 S.
2827 388 3204 454 AUGUSTINI

2221 508 2478 581 hominum
2519 510 2661 584 vidit,
2702 525 2792 564 nec
2819 509 2988 580 uidere
3018 517 3177 581 potest
3213 505 3270 580 (ι
3313 505 3449 574 Tim.
3477 503 3554 573 vi,
3578 503 3706 580 16),
3733 506 3813 562 de

2219 603 2332 659 solo
2379 604 2488 659 Deo
2524 604 2682 659 Patre
2731 603 2931 658 dictum
2973 615 3122 674 esse;
3162 587 3356 658 Filium
3392 614 3522 666 vero
3547 613 3612 654 ex
3649 598 3813 655 initio

2217 695 2429 782 generis
2480 695 2698 750 humani
2743 693 2911 766 videri
2955 691 3172 750 solitum
3217 706 3337 759 esse
3363 691 3430 746 ab
3479 689 3812 746 hominibus.

2217 789 2371 870 Quod
2395 804 2514 858 cum
2536 789 2765 872 probare
2785 787 3066 854 voluisses,
3094 786 3258 843 multa
3287 785 3355 840 de
3377 783 3667 856 Scripturis
3681 799 3814 840 san-

2219 882 2318 936 ctis
2348 880 2650 948 testimonia
2677 881 2962 964 protulisti,
2991 895 3110 962 quae
3140 887 3192 935 te
3227 877 3360 934 nihil
3399 877 3656 954 adjuvare
3709 893 3818 948 po-

2219 981 2453 1028 tuerunt.
2485 970 2603 1027 Non
2647 971 2789 1027 enim
2832 972 2963 1042 legis
3008 970 3202 1026 alicubi
3241 969 3521 1040 scripsisse
3567 969 3815 1042 Moysen,

2219 1065 2356 1120 sicut
2390 1063 2551 1130 dicis,
2584 1063 2725 1135 quod
2765 1064 2832 1119 ab
2875 1064 2964 1119 illo
2993 1064 3165 1134 primo
3203 1061 3420 1120 homine
3443 1061 3614 1117 Adam
3645 1076 3818 1132 usque

2220 1153 2285 1210 ad
2316 1155 2484 1228 ipsam
2513 1155 2931 1224 incarnationem
2954 1170 3167 1225 semper
3193 1153 3360 1209 Filius
3388 1154 3532 1208 visus
3558 1159 3660 1216 est.
3698 1151 3816 1208 Hoc

2219 1245 2362 1301 enim
2404 1260 2526 1300 eum
2566 1244 2870 1301 describere
2906 1244 3218 1314 pronuntias
3248 1244 3299 1298 in
3339 1243 3611 1298 Geneseos
3649 1241 3812 1309 libro,

2219 1336 2362 1421 quod
2391 1337 2462 1391 ita
2491 1337 2679 1392 falsum
2709 1344 2810 1404 est,
2842 1344 2898 1392 ut
2923 1337 3080 1398 etiam
3109 1335 3391 1391 ridiculum
3416 1333 3503 1390 sit.
3537 1333 3813 1406 Numquid

2221 1429 2361 1484 cnim
2392 1428 2528 1486 liber
2549 1429 2819 1494 Geneseos
2843 1470 2858 1496 ,
2890 1430 2958 1490 ab
2987 1429 3156 1492 Adam
3188 1442 3358 1498 usque
3388 1426 3456 1482 ad
3481 1427 3814 1488 incarnatio-

2221 1536 2346 1578 nem
2391 1521 2611 1590 Christi,
2640 1537 2702 1584 ea
2733 1537 2852 1592 quae
2894 1527 3045 1597 gesta
3072 1529 3196 1575 sunt
3247 1518 3527 1574 continet?
3558 1527 3652 1586 aut
3697 1517 3816 1597 ipse

2221 1615 2428 1688 Moyses
2454 1630 2620 1686 usque
2645 1614 2713 1670 ad
2742 1626 2979 1686 tempora
3006 1611 3387 1688 incarnationis
3407 1609 3623 1677 Christi,
3651 1608 3735 1664 vel
3755 1609 3815 1676 in

2221 1723 2385 1764 carne
2430 1708 2584 1776 vixit,
2642 1706 2728 1762 vel
2766 1721 2828 1762 ea
2853 1682 2992 1776 qua:
3038 1682 3176 1759 facta
3215 1712 3339 1772 sunt
3383 1699 3639 1784 scripsit?
3686 1698 3817 1772 Hzcc

2223 1801 2379 1874 dicis,
2411 1809 2466 1856 et
2493 1807 2647 1871 putas
2689 1809 2743 1856 te
2791 1798 2990 1870 aliquid
3019 1797 3216 1866 dicere,
3255 1795 3340 1852 vel
3383 1793 3586 1874 putaris
3614 1792 3682 1846 ab
3735 1790 3817 1848 cis

2224 1895 2314 1980 qui
2342 1910 2446 1965 nec
2473 1894 2574 1964 ista
2616 1900 2859 1974 possunt,
2893 1905 3012 1968 qua!
3038 1899 3141 1946 tam
3180 1886 3462 1955 manifeste
3490 1885 3625 1944 falsa
3648 1890 3773 1941 sunt
3793 1923 3818 1954 ,

2224 2002 2467 2056 cernere.

2310 2080 2364 2149 2.
2399 2078 2600 2154 Deinde
2627 2077 2765 2152 quod
2786 2089 3177 2133 commemoras
3192 2073 3408 2134 Patrem
3431 2069 3498 2126 ad
3521 2069 3714 2126 Filium
3739 2066 3819 2123 di-

2227 2185 2458 2250 centem,
2479 2173 2755 2244 Faciamus
2781 2173 3036 2242 hominem
3059 2170 3126 2224 ad
3150 2167 3421 2240 imaginem
3447 2176 3495 2220 et
3520 2161 3818 2220 similitudi-

2227 2288 2343 2340 nem
2363 2279 2585 2338 nostram
2604 2286 2624 2336 ;
2659 2267 2785 2342 quid
2799 2267 2900 2334 hoc
2920 2266 2986 2321 ad
3009 2280 3122 2332 rem
3143 2262 3394 2336 pertinet,
3415 2273 3547 2338 rogo
3571 2256 3662 2313 te?
3689 2252 3820 2328 quid

2229 2363 2298 2436 ad
2330 2379 2440 2432 rem
2465 2349 2729 2439 pertinet?
2750 2361 3046 2427 Tantumne
3074 2357 3169 2414 tibi
3194 2355 3415 2429 vacabat
3437 2352 3597 2424 loqui,
3625 2359 3682 2406 ut
3707 2365 3822 2418 non

2229 2456 2510 2512 attendens
2535 2454 2660 2525 quid
2690 2452 2920 2531 probare
2945 2462 3260 2528 susceperas
3279 2487 3298 2519 ,
3329 2446 3641 2506 memoriter
3661 2443 3822 2506 nobis

2229 2557 2284 2619 et
2312 2548 2539 2619 inaniter
2580 2546 2910 2623 scripturam
2955 2542 3227 2612 Geneseos
3290 2536 3606 2596 ventilares?
3645 2534 3819 2590 Num-

2230 2640 2356 2718 quid
2384 2640 2508 2710 hinc
2533 2638 2786 2714 probatur
2831 2645 2956 2697 ante
2989 2650 3202 2698 carnem
3235 2641 3538 2704 susceptam
3578 2629 3727 2695 visus
3751 2627 3822 2696 ab

2230 2732 2535 2802 hominibus
2556 2731 2831 2798 Christus,
2860 2728 2981 2800 quia
3019 2726 3154 2795 dixit
3187 2725 3345 2792 Pater
3374 2724 3437 2789 ad
3463 2721 3677 2788 Filium,
3706 2719 3822 2774 Fas

2232 2824 2425 2888 ciamus
2441 2822 2688 2890 hominem
2705 2821 2771 2880 ad
2797 2819 3066 2900 imaginem
3084 2825 3132 2876 et
3155 2813 3532 2880 similitudinem
3553 2819 3780 2876 nostram
3798 2807 3825 2862 ἲ

2233 2913 2435 2984 Deinde
2454 2913 2718 2992 adiungis
2745 2925 2807 2965 ac
2821 2909 2975 2978 ἀίεις..
2995 2906 3062 2974 Et
3085 2907 3202 2980 fecit
3222 2904 3360 2973 Deus
3381 2902 3632 2969 honinem
3666 2899 3822 2973 (Gen.

2234 3021 2276 3087 ι,
2303 3005 2394 3074 26,
2422 2990 2572 3075 si);
2605 3012 2763 3075 atque
2788 3000 2974 3069 addis,
3005 2998 3131 3067 Quis
3175 2996 3338 3066 nete,
3387 2993 3484 3060 nisi
3513 2991 3727 3058 Filius?
3755 2990 3825 3058 Et

2233 3082 2293 3168 ut
2327 3097 2457 3168 mihi
2481 3095 2547 3164 de
2584 3109 2744 3168 opere
2782 3091 2934 3166 quasi
2962 3089 3275 3162 praescribas
3303 3101 3449 3158 meo,
3475 3082 3590 3152 Hoc
3627 3083 3823 3152 utique,

2235 3190 2430 3269 inquis,
2470 3198 2519 3252 et
2543 3197 2598 3248 ιιι
2625 3189 2678 3254 in
2719 3187 2819 3244 tuis
2867 3185 3158 3248 tractatibus
3206 3179 3500 3254 exposuisti.
3554 3177 3657 3235 Ubi
3695 3177 3826 3234 nolo

2235 3297 2478 3356 quaerere
2509 3296 2666 3352 quam
2705 3294 2892 3346 verum
2943 3275 3196 3355 loquaris,
3245 3273 3458 3346 quando
3487 3270 3642 3336 video
3691 3269 3827 3330 nihil

2235 3374 2303 3440 ad
2328 3387 2545 3440 causam
2559 3371 2831 3448 pertinere
2851 3368 2992 3445 quod
3020 3366 3278 3438 loqueris.
3309 3366 3498 3434 Agitur
3522 3363 3720 3433 quippe
3743 3361 3827 3424 in—

2237 3478 2318 3539 ter
2380 3483 2516 3538 nos,
2574 3474 2750 3534 utrum
2818 3477 2913 3536 per
2969 3475 3079 3516 suae
3141 3457 3429 3528 divinitatis
3475 3454 3826 3522 substantiam

2235 3559 2480 3628 Christus
2523 3555 2727 3626 visibus
2759 3554 3093 3630 apparuisset
3133 3548 3398 3621 humanis.
3445 3548 3518 3606 Et
3562 3557 3618 3612 tu
3664 3546 3823 3618 dicis,

2237 3648 2380 3718 Fecit
2427 3648 2568 3716 Deus
2619 3646 2871 3716 hominem
2924 3660 2942 3699 :
2998 3651 3052 3706 et
3093 3641 3282 3714 addis,
3339 3641 3465 3709 Quis
3503 3638 3675 3706 Deus,
3725 3638 3826 3700 nisi

2242 3742 2460 3810 Filias?
2504 3741 2656 3812 quasi
2717 3747 3002 3814 propterea
3060 3750 3282 3798 necesse
3331 3732 3490 3800 fuerit
3543 3741 3603 3790 ut
3664 3731 3827 3792 homo

2239 3837 2410 3906 Deum
2452 3831 2696 3905 Opiﬁcem
2726 3845 2882 3898 suum
2918 3826 3122 3898 videret
3163 3825 3334 3888 oculis
3377 3823 3610 3882 carneis.
3639 3821 3753 3877 Hoc
3781 3821 3828 3883 si

2366 3913 2530 3990 esset,
2582 3935 2770 3990 attines
2826 3919 3070 3988 homines
3119 3907 3365 3980 viderent
3418 3915 3584 3980 Deum
3640 3929 3655 3965 :
3705 3911 3827 3984 quis

2239 4019 2385 4086 enim
2427 4016 2563 4084 alius
2603 4030 2698 4078 eos
2739 4013 2864 4070 facit
2889 4012 2943 4068 in
2979 4009 3146 4081 uteris
3175 4006 3452 4076 matrum?
3500 4004 3691 4064 Adhuc
3733 4002 3829 4059 ad-

2237 4111 2359 4184 ἱὶεἱε
2393 4110 2536 4176 ωιιθ,
2576 4117 2632 4168 ει.
2663 4106 2797 4174 dicis
2829 4123 2842 4158 :
2872 4103 2976 4173 Iste
3006 4119 3127 4178 ergo
3158 4100 3329 4162 Filius
3356 4100 3442 4171 qui
3483 4107 3553 4160 est
3583 4096 3830 4168 propheta

2240 4203 2322 4268 sui
2369 4199 2640 4273 genitoris,
2669 4197 2907 4258 dicebat:
2941 4213 2960 4246 ‹
3009 4194 3132 4254 Non
3174 4202 3247 4252 est
3285 4193 3468 4256 bonum
3511 4189 3676 4258 εριιηη
3723 4203 3831 4258 esse

2242 4294 2526 4360 aeminenti,
2557 4291 2801 4361 faciamus
2829 4289 2874 4344 ei
2901 4287 3210 4360 adjutorium
3256 4283 3524 4354 secundum
3567 4296 3620 4346 se
3652 4299 3673 4334 ι
3712 4277 3828 4349 (Id.

2243 4402 2280 4444 ιι
2299 4428 2314 4455 ,
2345 4384 2469 4456 l8).
2501 4383 2558 4446 Si
2587 4396 2817 4454 qumram
2842 4421 2857 4449 ,
2889 4380 3008 4454 quis
3047 4379 3140 4438 tibi
3177 4376 3488 4446 indicaverit
3509 4372 3633 4444 quia
3662 4369 3834 4438 Filius

2243 4479 2345 4538 hoc
2372 4477 2601 4543 dicebat,
2629 4476 2685 4531 in
2709 4473 2902 4545 quibus
2926 4470 3184 4546 angustiis
3210 4478 3261 4530 te
3290 4466 3531 4532 videbis?
3557 4462 3832 4534 Scriptura

2243 4572 2386 4634 enim
2413 4586 2532 4642 quae
2559 4568 2724 4638 dixit,
2756 4564 2823 4634 ιη
2862 4563 3108 4636 principio
3136 4562 3255 4634 fecit
3286 4560 3421 4618 Deus
3447 4555 3627 4616 castum
3656 4563 3703 4610 et
3728 4564 3831 4610 ter—

2243 4680 2355 4728 rain
2376 4705 2391 4730 ,
2419 4677 2529 4728 non
2554 4659 2857 4731 exprimens
2886 4665 3062 4722 utrum
3091 4655 3268 4724 Pater,
3296 4667 3362 4710 an
3392 4648 3592 4716 Filius,
3621 4661 3689 4701 an
3717 4642 3835 4716 Spi-

2245 4758 2381 4816 ritus
2409 4763 2624 4818 sanctus
2643 4795 2656 4820 ,
2684 4768 2756 4815 an
2793 4751 2906 4821 ipsa
2943 4749 3174 4816 Trinitas
3216 4745 3434 4816 fecerit,
3458 4742 3552 4816 qui
3587 4753 3728 4806 unus
3756 4745 3837 4804 est

2246 4852 2421 4916 Deus;
2459 4863 2556 4919 per
2589 4855 2784 4908 caetera
3018 4843 3090 4900 ita
3126 4844 3510 4911 commemorat
3547 4835 3714 4904 Deum
3734 4873 3750 4899 .
3781 4840 3840 4902 ut

2246 4942 2391 5000 dicat
2411 4941 2478 4998 Et
2508 4941 2626 5011 fecit
2651 4937 2820 5004 Data,
2851 4935 2920 4997 Et
2946 4935 3074 5000 (ti-rit
3102 4932 3240 5004 De.“
3258 4973 3274 5003 ι
3301 4945 3398 5003 ρετ
3421 4941 3646 5001 «usque
3675 4938 3839 5005 9W

2247 5036 2400 5106 eius.
2428 5046 2653 5105 quorum
2693 5031 2838 5095 iitum
2878 5028 3068 5094 asserit
3105 5024 3462 5094 conditorem:
3501 5018 3676 5088 Simili
3711 5029 3841 5106 mo

2249 5105 2518 5196 locutione
2545 5125 2620 5182 ait
2637 5165 2656 5190 ,
2685 5123 2752 5180 Et
2787 5121 2930 5192 Dixit
2968 5119 3138 5186 Deus,
3177 5115 3458 5185 rma.
3491 5109 3746 5176 Ιιουιὶηειῃ
3775 5105 3842 5170 ad

2249 5220 2522 5292 imaginem
2539 5226 2587 5276 et
2611 5214 2988 5286 similitudinem
3009 5219 3253 5278 natumut.
3283 5206 3348 5276 Et
3374 5204 3490 5278 fecit
3515 5200 3654 5272 Deus
3680 5197 3845 5266 hami-

2249 5329 2365 5368 nam
2390 5325 2534 5376 :Jiec
2559 5308 2714 5366 aliter
2738 5306 2911 5369 locuta
2933 5313 3036 5370 εει,
3062 5301 3153 5364 ubi
3175 5299 3269 5366 ait,
3294 5297 3416 5356 Non
3436 5302 3508 5360 est
3531 5292 3722 5357 bonum
3741 5302 3845 5353 esse

2252 5401 2504 5468 hminem
2538 5400 2736 5465 mlunt;
2767 5396 3013 5469 faciunttu
3049 5393 3094 5454 ei
3129 5389 3442 5464 adjttlﬂtiiunt
3465 5382 3743 5446 secundum
3771 5394 3843 5434 se.

2251 5492 2408 5555 Unde
2437 5492 2596 5562 igitur
2624 5489 2720 5546 tibi
2746 5501 3058 5558 persuasum
3086 5491 3188 5556 est,
3214 5489 3408 5540 extera
3437 5476 3716 5552 superiora
3740 5471 3844 5528 Pa-

2253 5595 2390 5650 trem
2427 5584 2659 5649 dixistis.
2689 5581 2794 5646 hac
2825 5589 3001 5646 autem
3031 5575 3264 5648 Filium?
3293 5572 3480 5640 Uade.
3509 5563 3845 5641 quassamu-
3947 5622 3959 5630 .

2252 5676 2472 5747 tinguis.
2504 5674 2643 5741 unde
2692 5672 2956 5741 “seruis
2979 5670 3192 5738 Patrem
3219 5666 3440 5736 dixisse,
3472 5660 3593 5728 Fiat
3618 5658 3711 5728 tua:
3729 5654 3846 5730 (Id.

2253 5784 2293 5839 ι,
2319 5769 2485 5840 1-27),
2509 5777 2561 5823 et
2583 5775 2810 5831 caetera;
2839 5766 3048 5819 Patrem
3073 5761 3300 5830 denique
3322 5756 3542 5822 dixisse,
3570 5750 3848 5806 Faciamus

2259 5863 2548 5926 hominem;
2573 5867 2628 5918 et
2654 5859 2848 5916 Filium
2872 5857 3094 5933 digitm,
3117 5841 3394 5928 Faciamus
3415 5849 3466 5924 ei
