4042 6414
224 394 319 456 809

221 509 473 569 nistravit.
503 507 645 581 Ergo
668 509 721 564 in
745 506 995 563 omnibus
1023 504 1191 562 Deum
1221 502 1369 559 vidit.
1401 504 1626 575 Propter
1651 501 1793 574 quod

1553 388 1756 447 LIBER
1793 386 2167 446 SECUNDUS.

3392 394 3497 449 8N

1913 504 2116 573 gavisus
2140 511 2252 570 est;
2293 518 2391 559 cur
2424 518 2529 559 non
2561 503 2703 560 diem
2740 502 2935 561 Christi
2985 504 3330 578 intelligimus
3368 514 3500 562 tem.

223 605 486 677 Scriptura
510 602 851 674 prtedixerat,
870 598 1012 669 quod
1034 600 1180 655 visus
1202 598 1375 653 fuerat
1398 597 1544 653 Deos
1573 596 1804 651 Abrahae
1910 608 2011 664 pus
2035 594 2256 662 Christi,
2304 609 2411 666 quo
2430 606 2545 651 erat
2571 607 2829 653 venturus
2856 597 2910 652 in
2937 612 3119 665 carne,
3152 598 3299 670 quod
3319 600 3497 655 Abra.

220 695 283 750 ad
318 708 576 766 quercum
627 687 882 753 Mambre.
914 689 1014 745 sub
1051 689 1205 759 cujus
1234 687 1419 743 umbra
1449 686 1657 741 arboris
1692 692 1803 741 trcs

218 789 353 845 viros
389 788 557 859 pavit,
603 801 738 859 quos
772 785 945 840 oculis
995 783 1236 854 corporis
1262 782 1392 836 vidit
1419 798 1434 835 :
1459 781 1511 835 in
1547 780 1627 836 cis
1671 792 1803 833 vero

221 880 402 945 Deam,
436 894 544 934 non
570 878 831 953 corporis,
876 875 970 931 sed
1001 875 1179 931 cordis
1207 874 1377 929 oculis
1409 872 1559 938 vidit,
1603 870 1654 926 id
1694 879 1797 933 est.

218 970 470 1027 intellexit
489 980 652 1040 atque
678 967 962 1039 cognovit;
996 967 1132 1022 sicut
1160 964 1297 1021 Loth
1324 965 1376 1020 in
1400 964 1631 1031 duobus,
1676 977 1798 1021 cum

216 1078 318 1132 quo
338 1078 443 1118 non
475 1062 772 1133 pluraliter,
795 1059 890 1116 sed
917 1058 1259 1130 singulariter
1286 1057 1621 1129 loquebatur,
1641 1056 1800 1127 eique

215 1152 569 1223 respondebat
597 1152 757 1207 etiam
789 1152 901 1221 ipse
932 1160 1183 1221 tanquam
1212 1164 1365 1206 unus.
1401 1149 1577 1206 Primo
1601 1146 1799 1219 quippe

215 1242 478 1303 Abraham
526 1250 770 1313 pertrcs
816 1242 963 1297 viros
1012 1240 1158 1298 illum
1202 1240 1424 1307 audivit,
1478 1248 1659 1309 postea
1703 1254 1800 1313 per

216 1352 399 1404 unum,
444 1336 535 1406 qui
561 1333 772 1390 duobus
813 1332 866 1390 in
897 1331 1129 1389 Sodoma
1172 1330 1423 1387 countibus
1468 1344 1689 1384 manens
1717 1328 1799 1383 lo-

217 1436 369 1481 cutus
390 1435 475 1481 est
501 1440 625 1480 cum
654 1440 753 1491 eo;
806 1419 943 1480 Loth
970 1432 1150 1479 autem
1176 1436 1271 1492 per
1315 1421 1469 1487 duos,
1519 1430 1694 1478 tamen
1744 1428 1800 1477 et

216 1517 329 1588 ipse
350 1532 512 1574 unum
537 1516 843 1579 Dominum,
891 1510 1049 1583 quem
1081 1528 1179 1583 pro
1211 1512 1522 1569 liberatione
1561 1526 1656 1567 sua
1704 1526 1796 1568 ro-

212 1609 385 1679 gabat,
417 1618 471 1664 et
494 1606 587 1679 qui
616 1606 667 1661 ei
694 1604 1064 1676 respondebat,
1095 1601 1334 1659 audivit:
1360 1618 1481 1659 cum
1525 1601 1705 1668 ambo,
1744 1602 1796 1656 id

211 1710 311 1768 est,
338 1710 393 1756 et
421 1698 691 1755 Abraham
721 1708 776 1753 et
804 1696 963 1764 Loth,
992 1694 1235 1750 homines
1273 1701 1524 1765 putarent
1566 1707 1662 1749 eos
1705 1692 1796 1763 qui

210 1790 380 1864 angeli
400 1800 593 1857 erant;
625 1790 792 1845 Deum
820 1804 947 1845 vero
970 1787 1023 1842 in
1055 1787 1132 1842 eis
1154 1786 1514 1861 intelligerent
1539 1784 1631 1857 qui
1659 1792 1793 1850 erat,

211 1902 313 1941 non
342 1893 594 1957 putarent
622 1898 745 1939 esse
768 1882 859 1953 qui
896 1895 1001 1937 non
1029 1889 1165 1936 erat.
1211 1878 1347 1951 Quid
1394 1877 1498 1935 sibi
1525 1892 1653 1950 ergo
1680 1876 1796 1933 vult

210 1979 302 2035 ista
334 1978 566 2034 visibilis
596 1975 828 2031 Trinitas
865 1982 921 2029 et
968 1970 1318 2043 intelligibilis
1355 1971 1552 2036 unitas,
1604 1969 1702 2024 nisi
1739 1977 1799 2025 ut

208 2069 357 2125 nobis
399 2068 763 2123 insinuaretur
786 2064 927 2137 quod
966 2064 1037 2119 ita
1076 2073 1184 2119 tres
1212 2070 1393 2118 essent
1413 2060 1570 2117 Pater
1600 2069 1654 2116 et
1702 2059 1796 2118 Fi-

206 2162 299 2219 lius
324 2169 380 2217 et
403 2159 637 2231 Spiritus
668 2168 913 2223 sanctus,
947 2165 1004 2211 ut
1028 2167 1203 2212 tamen
1249 2154 1407 2210 simul
1450 2170 1555 2211 non
1586 2162 1695 2209 tres
1720 2152 1796 2208 dii

205 2264 254 2310 et
275 2253 480 2309 domini
504 2260 702 2317 essent,
728 2249 822 2306 sed
846 2265 981 2304 unus
1006 2246 1265 2303 Dominus
1291 2248 1474 2303 Dens?
1503 2247 1587 2303 Tu
1616 2254 1793 2301 autem

204 2345 397 2412 dixisti,
436 2343 534 2398 Hic
556 2344 855 2399 Deusvistts
899 2349 970 2395 est
992 2337 1249 2395 Abrahw:
1278 2339 1452 2394 sciens
1493 2347 1545 2395 te
1590 2338 1781 2409 legisse

202 2437 341 2508 quod
367 2435 623 2505 scriptum
640 2441 743 2500 cst,
768 2432 940 2490 visum
964 2446 1085 2487 esse
1104 2430 1267 2486 Deum
1290 2430 1515 2485 Ahraha:
1543 2429 1608 2486 ad
1630 2445 1793 2500 quer-

202 2544 318 2583 cum
367 2527 605 2584 Humbre
641 2544 655 2584 :
700 2534 755 2581 et
800 2525 986 2579 volens
1024 2524 1173 2594 quasi
1226 2524 1452 2593 probare
1496 2523 1778 2578 Dominum

200 2619 389 2677 Filium
425 2618 597 2673 visum
631 2630 753 2673 esse
782 2615 855 2671 illi
884 2614 1221 2687 patriarchm,
1250 2613 1530 2669 declinasti
1575 2614 1643 2669 ab
1683 2614 1788 2674 illis

200 2714 366 2771 tribus
392 2713 549 2778 viris,
578 2720 631 2767 et
655 2726 749 2766 eos
772 2708 991 2764 omnino
1022 2707 1251 2773 tacuisti,
1284 2707 1337 2763 in
1372 2708 1566 2778 quibus
1604 2715 1784 2767 narrat

199 2809 471 2878 Scriptura
493 2808 661 2862 Deum
685 2805 857 2860 visum
888 2803 1050 2858 fuisse
1080 2801 1342 2867 Abrahae;
1372 2818 1439 2858 ne
1465 2810 1519 2861 tu
1546 2802 1659 2872 ipse
1690 2816 1788 2855 nos

198 2901 523 2957 admoneres
543 2899 699 2954 unius
725 2911 844 2953 esse
879 2895 1190 2951 substantia:
1234 2894 1549 2953 Trinitatem
1597 2894 1787 2961 Deum,

203 2994 341 3050 sicut
365 2992 527 3048 unius
552 2989 1033 3047 erantsuhstantim
1056 2996 1165 3043 tres
1180 2987 1278 3042 viri
1314 3002 1448 3058 quos
1466 2987 1595 3041 vidit
1622 2986 1790 3041 Abra-

201 3084 322 3141 ham
368 3102 383 3139 :
422 3098 546 3140 cum
595 3082 932 3152 praedixisset
977 3080 1274 3150 Scriptura,
1332 3078 1482 3137 Visus
1527 3088 1604 3134 est
1650 3076 1791 3133 Deus

200 3174 434 3241 Abrahae,
467 3189 566 3230 nec
593 3183 767 3229 tamen
794 3181 901 3227 tres
935 3171 1070 3227 deos
1096 3186 1235 3235 esse,
1265 3170 1386 3241 quia
1415 3179 1489 3237 ct,
1527 3168 1677 3225 Visus
1720 3180 1793 3225 est

200 3265 362 3332 Deus,
394 3264 600 3320 dictum
623 3273 739 3328 est;
768 3278 896 3327 non,
925 3263 1024 3317 visi
1068 3271 1193 3318 sunt
1235 3262 1309 3318 dii
1341 3280 1353 3316 :
1379 3271 1435 3317 et
1473 3263 1587 3332 ipse
1623 3262 1790 3319 Abrae

201 3357 319 3412 ham
352 3367 465 3412 tres
492 3356 643 3421 vidit,
671 3365 727 3411 et
765 3370 927 3412 unum
973 3354 1217 3409 adoravit
1255 3372 1270 3408 :
1326 3368 1502 3422 aquo
1535 3356 1793 3424 prmteriri

202 3450 410 3515 noluit;
444 3449 514 3505 ab
536 3463 641 3504 uno
667 3462 924 3519 responsa
953 3446 1245 3505 divinitatis
1271 3448 1499 3517 accepit.
1544 3447 1652 3503 Nec
1689 3449 1794 3504 ali-

201 3558 331 3611 quos
350 3542 489 3596 duos
519 3556 707 3596 eorum
736 3541 870 3595 duos
896 3554 1015 3595 esse
1041 3538 1169 3594 deos
1198 3538 1386 3604 sensit,
1419 3538 1513 3593 sed
1545 3554 1708 3599 unum
1741 3541 1792 3596 in

204 3633 499 3689 omnibus:
532 3632 654 3703 quia
691 3640 746 3687 et
785 3630 921 3686 Loth
947 3630 1082 3687 duos
1121 3628 1271 3693 vidit,
1318 3638 1373 3683 et
1413 3636 1587 3687 tamen
1631 3645 1791 3687 unum

208 3724 492 3782 Dominum
523 3724 758 3795 agnovit.
793 3721 893 3779 Ubi
921 3721 1051 3777 mihi
1071 3721 1321 3777 videntur
1346 3735 1443 3791 per
1462 3721 1679 3790 angelos
1716 3721 1792 3778 si-

207 3815 451 3887 gnicari
481 3814 645 3870 Filius
665 3822 721 3869 et
758 3813 987 3883 Spiritus
1029 3822 1245 3866 sanctus
1272 3827 1287 3867 :
1318 3811 1571 3882 quoniam
1611 3826 1672 3868 se
1716 3810 1792 3871 illi

206 3906 380 3978 angeli
407 3906 605 3961 missos
620 3919 741 3960 esse
761 3903 1008 3961 dixerunt
1028 3920 1044 3969 ;
1072 3911 1126 3959 et
1142 3902 1208 3958 de
1227 3902 1491 3961 Trinitate
1511 3918 1630 3976 qua:
1650 3903 1795 3962 Deus

207 4007 307 4063 est,
338 3997 492 4053 solus
519 3996 677 4051 Pater
703 4004 807 4051 non
850 3994 1042 4065 legitur
1081 3994 1306 4060 missus;
1338 3993 1588 4065 leguntur
1615 4002 1792 4048 autem

209 4089 354 4145 missi
379 4101 435 4146 et
465 4088 634 4145 Filius
654 4096 711 4145 et
737 4087 971 4159 Spiritus
998 4097 1252 4154 sanctus;
1283 4102 1511 4159 quorum
1542 4102 1647 4144 non
1675 4086 1795 4143 ideo

211 4192 290 4236 est
312 4181 526 4239 diversa
549 4189 736 4241 natura
766 4197 780 4237 :
809 4196 931 4237 nam
959 4189 1015 4236 et
1052 4180 1128 4235 illi
1158 4179 1255 4237 viri
1297 4196 1392 4253 per
1418 4195 1552 4252 quos
1591 4178 1793 4251 signiti-

212 4273 313 4328 cati
342 4282 489 4339 sunt,
518 4272 678 4328 unius
701 4280 856 4330 erant
879 4270 1225 4341 ejusdemque
1247 4279 1470 4325 naturae.
1500 4270 1648 4325 lianc
1667 4284 1797 4341 ergo

213 4361 543 4434 Scripturam
568 4377 673 4433 qua
695 4361 937 4417 convinci
964 4374 1170 4433 posses,
1192 4369 1369 4415 astuto
1403 4360 1618 4417 silentio
1641 4359 1793 4415 devi-

214 4455 357 4509 tasti.
389 4455 463 4510 Et
484 4470 606 4510 cum
634 4453 885 4521 dixisses,
938 4451 1038 4509 Hic
1077 4451 1212 4506 Deus
1250 4452 1385 4507 visus
1428 4460 1501 4507 est
1538 4452 1796 4506 Abrahae:

213 4545 396 4601 volens
428 4546 623 4601 Filium
652 4547 823 4605 solum
851 4546 1023 4601 visum
1060 4544 1234 4616 putari
1270 4544 1322 4599 in
1352 4559 1418 4601 eo
1439 4543 1580 4615 quod
1606 4545 1660 4599 in
1687 4545 1795 4600 Gc-

213 4641 323 4696 nesi
355 4641 568 4712 legitur,
599 4639 771 4695 visum
798 4654 920 4696 esse
947 4639 1113 4695 Deum
1136 4636 1390 4704 Abrahae,
1417 4637 1685 4709 quomodo
1728 4638 1799 4693 sit

216 4730 382 4795 visus,
427 4731 610 4788 dicere
648 4731 885 4797 noluisti,
933 4745 1001 4786 ne
1028 4730 1099 4786 ibi
1137 4744 1246 4785 non
1289 4728 1437 4787 solus
1470 4728 1655 4796 Filius,
1702 4728 1799 4789 sed

214 4821 445 4877 Trinitas
469 4832 853 4894 agnosceretur
878 4823 1039 4879 Deus.

282 4914 337 4967 8.
370 4913 556 4968 Dixisti
580 4922 757 4968 autem
793 4932 806 4968 :
837 4913 897 4969 Si
931 4915 1004 4968 vis
1029 4914 1250 4980 credere,
1298 4915 1420 4984 quia
1458 4912 1625 4972 Filius
1659 4914 1796 4971 visus

218 5001 537 5067 estAbraltat,
559 5004 732 5075 utique
756 5004 863 5074 ipse
903 5001 1202 5074 Unigenitus
1244 5004 1297 5058 in
1334 5014 1507 5059 sancto
1536 5002 1800 5075 airmavit

225 5089 491 5165 Evangelia
512 5094 587 5148 sic
615 5109 635 5147 .'
714 5093 971 5151 Abraham
997 5105 1137 5161 pater
1161 5107 1317 5149 vester
1337 5094 1599 5148 exsultavit
1630 5102 1683 5146 ut
1721 5093 1767 5147 vi
1786 5123 1799 5134 -

227 5182 355 5237 deret
378 5185 507 5239 diem
534 5201 702 5239 meum
724 5188 745 5250 ;
763 5194 807 5240 et
832 5186 974 5251 vidit,
1006 5195 1052 5239 et
1072 5186 1274 5256 gavisus
1300 5194 1391 5240 est.
1475 5182 1652 5256 (Joan.
1684 5198 1795 5247 vnt,

229 5272 333 5345 56).
429 5278 722 5347 disputare,
755 5291 789 5332 o
814 5277 1040 5347 probare
1070 5275 1369 5345 promissa!
1416 5276 1567 5345 quasi
1607 5274 1803 5329 dixerit

228 5362 315 5419 Dei
343 5366 526 5431 Filius,
568 5366 840 5424 Abraham
871 5378 1020 5437 pater
1043 5376 1221 5422 vester
1240 5366 1543 5436 concupivit
1590 5380 1675 5419 me
1718 5364 1801 5419 vi-

227 5453 385 5524 dere;
425 5468 478 5514 et
498 5458 649 5525 vidit,
668 5467 724 5513 et
750 5458 962 5529 gavisus
988 5468 1089 5512 est.
1121 5457 1373 5526 Quamvis
1400 5465 1453 5510 et
1483 5455 1584 5512 hoc
1608 5456 1686 5511 sic
1708 5452 1804 5508 ad-

234 5542 333 5603 huc
361 5561 533 5619 posset
560 5549 807 5621 intelligi,
854 5549 994 5623 quod
1026 5561 1243 5607 sanctus
1285 5548 1591 5608 Patriarcha
1632 5546 1804 5602 oculis

229 5638 398 5694 cordis
439 5641 632 5696 viderit
662 5641 757 5697 Dei
804 5641 1019 5707 Filium,
1072 5658 1179 5697 non
1220 5641 1388 5695 oculis
1422 5640 1617 5704 carnis,
1660 5640 1805 5696 unde

233 5724 365 5785 inter
392 5748 485 5789 nos
515 5736 743 5790 vertitur
768 5735 1014 5805 quaestio.
1045 5734 1147 5789 Sed
1172 5747 1290 5788 cum
1322 5732 1516 5787 dixerit
1534 5731 1801 5798 Christus,

521 5828 803 5897 concupivit
834 5827 1001 5881 videre
1049 5826 1182 5880 diem
1227 5841 1433 5891 meum;
1458 5834 1504 5878 et
1546 5822 1706 5889 vidit,
1756 5832 1803 5879 et

397 5996 411 6005 _
468 5909 690 5988 an.
745 5923 1018 5982 Auousr.
1053 5919 1221 5980 Vill.

1910 684 2037 740 ham
2059 686 2200 741 sicut
2252 695 2306 741 ct
2331 687 2422 742 alii
2451 686 2735 758 Propheta:
2780 688 2832 744 in
2870 690 3061 760 spiritu
3106 692 3276 761 potttit
3315 693 3495 749 videro

1907 786 2066 848 atque
2104 777 2374 849 gaudere?
2416 778 2598 852 Neque
2628 781 2714 836 hic
2756 781 2917 854 igitur
2955 783 3103 854 quod
3140 798 3497 855 proposuerao

1906 876 1963 925 ct
1990 870 2252 939 pollicitus
2283 871 2479 937 fueras,
2512 871 2742 943 probare
2767 876 3011 946 potuisti.

1977 961 2031 1018 9.
2060 962 2182 1018 Post
2208 962 2323 1020 hmo
2351 964 2543 1020 venisti
2573 964 2637 1020 ad
2668 966 2853 1032 Jaeoh,
2880 969 2972 1038 qui
3012 968 3242 1026 luctatus
3261 978 3347 1028 est
3370 986 3494 1029 cum

1906 1054 2131 1126 Angelo,
2159 1072 2316 1127 quem
2346 1057 2609 1128 scriptura
2660 1059 2772 1128 ipsa
2812 1057 3083 1117 Gencseos
3127 1071 3184 1119 et
3222 1062 3494 1123 hominem

1905 1148 2034 1204 dicit
2061 1158 2115 1205 et
2146 1150 2332 1206 Deum.
2357 1151 2488 1206 Nam
2517 1152 2588 1206 ita
2619 1152 2814 1223 legitur
2840 1170 2853 1206 :
2880 1153 3146 1212 Remausit
3183 1168 3354 1213 autem
3396 1138 3497 1215 1a?

1905 1241 1995 1295 cob
2015 1242 2170 1307 solus,
2197 1252 2243 1297 et
2273 1242 2558 1298 luctabatur
2592 1243 2742 1298 homo
2764 1261 2876 1298 eum
2909 1246 2998 1300 illo
3026 1261 3184 1317 usque
3221 1250 3279 1304 in
3323 1267 3491 1305 nune.

1918 1331 2049 1387 Vidit
2078 1343 2244 1388 autent
2269 1333 2405 1405 quod
2426 1350 2524 1388 non
2548 1343 2707 1405 potest
2736 1336 2957 1403 adeum,
2984 1348 3031 1392 et
3072 1340 3232 1411 tetigit
3268 1341 3496 1395 latitudi-

1905 1439 2017 1477 nem
2041 1424 2245 1493 femoris
2265 1426 2393 1495 ejus,
2425 1435 2471 1478 et
2491 1425 2747 1495 obstupuit
2819 1427 3034 1482 latitudo
3061 1431 3267 1500 femoris
3304 1430 3490 1499 Iacob,

1904 1513 2025 1567 dum
2063 1515 2337 1568 luctaretur
2377 1531 2493 1568 cum
2528 1530 2629 1579 eo;
2662 1524 2712 1569 et
2754 1516 2885 1570 dixit
2932 1519 3012 1572 illi
3057 1534 3077 1574 :
3118 1519 3322 1576 Dimitte
3368 1539 3491 1591 me;

1903 1606 2140 1660 ascendit
2164 1607 2295 1660 enim
2321 1623 2527 1660 aurora.
2557 1604 2658 1661 Ille
2683 1617 2853 1662 autem
2876 1609 3004 1663 dixit
3026 1624 3046 1663 .'
3074 1607 3193 1665 Non
3229 1621 3277 1665 te
3312 1613 3491 1667 dimit-

1903 1704 2026 1762 tam,
2060 1697 2158 1751 nisi
2184 1713 2262 1749 me
2281 1697 2609 1751 benedixeris.
2647 1696 2789 1752 Dixit
2809 1709 2977 1752 autent
3004 1700 3088 1754 ei:
3115 1700 3266 1766 Quod
3291 1712 3363 1757 est
3390 1721 3491 1759 uo-

1901 1803 2015 1842 men
2045 1787 2231 1842 tuum?
2256 1786 2357 1842 Ille
2396 1797 2561 1842 autent
2588 1789 2716 1843 dixit
2744 1804 2765 1843 :
2790 1788 2971 1845 Iacob.
3003 1790 3068 1844 Et
3096 1793 3221 1847 dicit
3262 1796 3308 1848 si
3326 1810 3346 1850 :
3366 1794 3490 1858 Non

1899 1879 2159 1933 vocabitur
2180 1880 2400 1950 amplius
2429 1896 2609 1934 nomen
2654 1889 2794 1935 tuum
2821 1880 3021 1947 Iacob;
3064 1884 3154 1938 sed
3192 1883 3360 1941 [smel
3396 1890 3493 1948 erit

1902 1985 2083 2025 nomen
2112 1980 2273 2037 tuum,
2306 1972 2424 2041 quia
2451 1972 2651 2026 valuisti
2670 1988 2785 2026 cum
2809 1972 2934 2038 Deo,
2984 1984 3031 2030 et
3058 1991 3171 2029 eum
3209 1977 3491 2040 hominibus

1902 2072 2077 2133 potens
2105 2079 2174 2118 es.
2208 2062 2420 2134 Rogavit
2445 2073 2610 2118 autem
2645 2080 2759 2118 eum
2792 2064 2955 2120 Iacob
2996 2067 3167 2122 dicens
3206 2086 3222 2123 :
3261 2070 3487 2128 Emmtia

1901 2153 2027 2207 mihi
2052 2170 2232 2209 nomen
2259 2163 2422 2207 tuum.
2456 2153 2521 2208 Et
2547 2154 2675 2208 dixit
2698 2170 2722 2209 :
2751 2154 2923 2221 Quare
2964 2157 3058 2212 hoc
3103 2159 3387 2233 interrogas
3432 2173 3489 2217 tu

1900 2261 2081 2300 nomen
2124 2245 2333 2300 meum?
2373 2245 2440 2300 Et
2482 2245 2736 2301 benedixit
2779 2265 2893 2303 eum
2937 2248 3062 2304 illic.
3107 2250 3172 2304 Et
3215 2255 3489 2323 appellauit

1899 2335 2061 2391 Iacob
2076 2354 2256 2391 nomen
2284 2336 2381 2391 loci
2402 2338 2562 2404 illius,
2586 2339 2831 2408 Aspectus
2853 2338 2949 2394 Dei
2973 2356 2992 2396 :
3025 2339 3144 2396 Vidi
3167 2346 3299 2397 enim
3323 2345 3487 2407 Deut

1900 2429 2031 2502 facie
2067 2428 2136 2481 ad
2179 2428 2383 2498 facient,
2424 2439 2473 2483 et
2490 2430 2631 2484 salva
2674 2433 2811 2503 facta
2855 2441 2928 2487 est
2953 2434 3125 2488 anima
3161 2452 3272 2489 mea
3319 2436 3483 2509 (Gen,

1898 2536 2067 2589 ,
2090 2520 2304 2593 24-50).
2333 2521 2411 2576 Ex
2442 2521 2540 2576 ista
2564 2522 2788 2578 lectione
2813 2524 3028 2579 unicum
3071 2526 3162 2580 Dei
3208 2526 3402 2583 Filium
3431 2539 3487 2589 et

1897 2624 2182 2683 antequam
2212 2614 2451 2668 venisset
2472 2613 2522 2667 in
2544 2628 2707 2669 carne
2729 2615 3010 2671 visibilitcr
3049 2618 3361 2686 apparuisse
3388 2635 3486 2675 eo.

1898 2704 2042 2759 naris
2069 2704 2388 2758 ostendere:
2412 2704 2501 2758 ubi
2526 2705 2625 2759 etsi
2658 2720 2761 2760 non
2784 2706 3017 2762 absurde
3044 2704 3289 2764 Christus
3324 2711 3485 2766 intelo

1898 2796 2079 2869 ligitur
2107 2796 2383 2869 guratus,
2421 2806 2641 2868 propter
2664 2797 2995 2869 prophetiam
3028 2799 3202 2855 futura
3235 2802 3489 2858 nuntiano

1898 2896 2025 2951 tem,
2054 2887 2177 2958 quia
2207 2886 2438 2942 futurum
2464 2898 2579 2943 erat
2603 2898 2658 2943 ut
2678 2888 2844 2944 Jaeob
2866 2890 2921 2944 in
2947 2889 3069 2946 filiis
3096 2892 3206 2946 suis
3241 2893 3329 2963 qui
3355 2908 3483 2949 cru.

1896 2979 2181 3035 cinxerunt
2200 2976 2492 3043 Christum,
2536 2980 2880 3049 praevaluissc
2918 2979 3135 3037 Christo
3173 2983 3485 3047 videretur;

1897 3080 1955 3128 et
2003 3072 2055 3127 in
2081 3071 2203 3125 liliis
2229 3070 2342 3126 suis
2366 3070 2575 3127 videret
2601 3070 2873 3127 Christum
2912 3072 3048 3129 facie
3087 3074 3153 3129 ad
3193 3074 3403 3142 faciem,
3433 3086 3489 3139 ct

1896 3162 2042 3219 salva
2071 3161 2221 3218 eret
2249 3162 2424 3217 anima
2449 3161 2807 3219 lsraclitarum
2830 3165 2921 3235 qui
2947 3164 3175 3222 fideliter
3205 3166 3311 3224 hoe
3338 3169 3490 3225 vide-

1896 3262 2065 3309 runt:
2096 3258 2275 3307 tamen
2321 3252 2463 3307 hunc
2510 3253 2781 3308 hominem
2834 3255 2926 3325 qui
2975 3256 3203 3313 luctatus
3242 3266 3325 3314 est
3364 3273 3487 3319 cum

1896 3346 2082 3413 Jacob,
2135 3342 2274 3401 Osee
2304 3344 2561 3415 propheta
2602 3345 2881 3401 evidenter
2918 3348 3175 3418 angelum
3198 3350 3346 3406 dicit.
3397 3352 3489 3408 Sic

1897 3438 2042 3494 cnim
2072 3437 2212 3508 apud
2240 3452 2362 3492 eum
2391 3437 2646 3507 scriptum
2670 3448 2751 3492 est
2779 3437 2846 3491 dc
2870 3436 3036 3493 Jacob
3068 3456 3082 3493 :
3113 3438 3181 3494 In
3201 3453 3341 3496 utero
3366 3459 3491 3514 sup.

1899 3528 2145 3601 plantavit
2166 3530 2377 3598 fratrem
2401 3543 2568 3590 suum,
2604 3536 2649 3580 et
2676 3527 2729 3581 iu
2759 3526 2932 3582 labore
2967 3529 3231 3597 prmluit
3271 3529 3396 3597 Deo,
3438 3543 3489 3591 et

1897 3623 2211 3692 confortatus
2233 3628 2306 3673 est
2334 3636 2455 3672 cum
2484 3619 2688 3689 angelo,
2734 3629 2781 3673 et
2801 3620 2963 3690 potuit
2987 3617 3139 3689 (Osee
3175 3636 3268 3686 xu,
3310 3622 3365 3687 5,
3407 3623 3488 3689 ).

1897 3713 2049 3767 Sicut
2073 3726 2202 3781 ergo
2230 3710 2284 3765 in
2312 3710 2505 3766 Genesi
2531 3710 2618 3765 ille
2642 3710 2728 3779 qui
2763 3709 2988 3765 luctatus
3011 3718 3097 3765 est
3128 3725 3251 3765 cum
3294 3711 3479 3778 Jaeoh,

1898 3814 1953 3860 et
1976 3802 2135 3858 homo
2155 3810 2209 3858 et
2244 3802 2385 3857 Deus
2409 3800 2604 3855 dicitur
2673 3816 2688 3866 ;
2715 3801 2783 3854 ita
2811 3808 2866 3855 et
2898 3801 2966 3855 ab
2990 3800 3093 3857 hoc
3131 3803 3388 3872 propheta
3430 3816 3489 3858 ot

1898 3895 2039 3950 Deus
2078 3902 2134 3950 et
2169 3892 2407 3963 angelus.
2456 3892 2534 3946 Ac
2569 3905 2663 3961 per
2684 3892 2789 3946 hoc
2816 3891 2885 3946 ita
2931 3891 3022 3963 qui
3079 3901 3198 3948 erat
3241 3894 3482 3964 angelus,

1898 3986 2075 4043 dictus
2104 3995 2188 4042 est
2214 3985 2394 4051 homo,
2424 3983 2693 4056 quomodo
2713 3983 2791 4038 illi
2817 3983 2943 4039 dicti
2973 3991 3099 4043 sunt
3135 3984 3237 4040 viri
3263 3986 3352 4057 qui
3387 4002 3485 4058 ap.

1900 4087 2194 4151 paruerunt
2240 4075 2489 4144 Abrahae,
2537 4075 2751 4146 quando
2795 4074 3098 4132 nescientes
3172 4085 3227 4132 et
3273 4079 3387 4148 ipse
3427 4089 3483 4135 ot

1901 4172 2038 4230 Loth
2084 4170 2317 4242 hospitio
2360 4178 2679 4243 receperunt
2742 4170 2980 4241 angelos.
3017 4169 3161 4226 Deus
3207 4187 3337 4244 ergo
3372 4184 3488 4235 erat

1902 4265 1955 4321 in
1982 4265 2196 4336 angelo,
2228 4264 2366 4320 sicut
2394 4274 2477 4319 est
2511 4264 2649 4319 Deus
2678 4262 2729 4321 in
2770 4262 3007 4331 homine,
3042 4266 3272 4321 maxime
3309 4282 3483 4338 quan-

1901 4358 1972 4413 do
2004 4373 2098 4428 pcr
2128 4356 2400 4417 hominem
2444 4356 2699 4426 loquitur.
2748 4356 2823 4411 Ita
2869 4372 2999 4413 vero
3051 4373 3148 4429 per
3196 4359 3339 4416 hunc
3388 4376 3491 4423 an.

1900 4451 2080 4521 gelum
2130 4450 2389 4523 llguratus
2418 4457 2501 4503 est
2542 4447 2809 4518 Christus,
2852 4448 2989 4505 sicut
3044 4467 3139 4521 per
3190 4451 3486 4516 hominem,

1902 4541 2035 4604 Nam
2077 4550 2132 4596 et
2191 4538 2340 4596 Isaac
2381 4538 2520 4594 illius
2560 4539 2811 4607 Abrahae,
2867 4540 2994 4611 quid
3037 4551 3154 4597 erat
3198 4543 3250 4601 in
3300 4544 3487 4618 gura,

1904 4634 2006 4693 ttisi
2048 4631 2317 4698 Christus,
2382 4628 2598 4703 quando
2636 4632 2774 4686 sicut
2824 4632 2941 4693 ovis
2988 4632 3053 4689 ad
3104 4634 3486 4691 immolandum

1902 4727 2095 4784 ductus
2142 4735 2227 4781 est
2277 4723 2456 4797 (Isai.
2498 4710 2675 4793 -
2698 4726 2754 4798 ),
2826 4735 2881 4782 et
2928 4729 3143 4800 quando
3196 4729 3331 4783 sicut
3386 4729 3490 4785 Do-

1904 4820 2080 4875 minus
2112 4833 2325 4875 crucem
2378 4831 2554 4883 suam,
2604 4818 2676 4876 ita
2707 4828 2760 4875 et
2801 4819 2914 4889 ipse
2954 4819 3057 4874 sibi
3085 4820 3278 4891 quibus
3318 4820 3489 4880 fuerat

1906 4910 2258 4982 imponendos
2319 4910 2458 4980 ligna
2505 4904 2789 4979 portabat?
2845 4911 3152 4977 Postremo,
3204 4911 3332 4989 quid
3388 4913 3490 4972 mi-

1904 5019 2087 5059 ramur
2126 5018 2222 5073 per
2266 5002 2514 5072 angelum
2560 5001 2839 5072 figuratum
2877 5015 2995 5056 esse
3040 5000 3254 5065 .lcsum,
3305 5002 3490 5064 sinon

1906 5099 2077 5155 solum
2108 5111 2201 5167 per
2226 5095 2518 5159 hominem,
2546 5109 2734 5149 verum
2762 5094 2920 5149 etiam
2949 5108 3045 5162 per
3074 5093 3330 5163 pecudem
3357 5094 3490 5164 ligu-

1907 5199 2054 5245 ratus
2081 5190 2200 5244 est?
2225 5187 2356 5243 Nam
2383 5188 2504 5258 quis
2531 5187 2666 5242 alius
2694 5194 2809 5241 erat
2836 5186 2921 5240 ille
2945 5186 3086 5242 aries
3115 5185 3206 5257 qui
3232 5188 3485 5247 cccnibtts

1909 5282 2189 5340 tenebatur
2216 5281 2268 5336 in
2292 5293 2475 5352 vepre,
2498 5279 2602 5334 nisi
2620 5278 2861 5333 Christus
2881 5278 3186 5345 crucixus,
3208 5278 3294 5335 vel
3320 5280 3489 5350 spinis

1909 5372 2068 5425 etiam
2093 5379 2404 5426 coronatus.
2443 5368 2595 5424 Hunc
2623 5376 2799 5421 autem
2845 5367 3065 5426 arietem
3104 5383 3202 5438 pro
3232 5368 3371 5438 lilio,
3403 5371 3489 5429 cui

1910 5477 2128 5533 parcere
2154 5461 2335 5531 jussus
2362 5469 2444 5514 cst
2467 5500 2483 5526 ,
2530 5457 2822 5515 immolavit
2860 5457 3128 5523 Abraham
3156 5457 3325 5529 (Gen.
3351 5477 3487 5534 ,

1910 5554 2090 5625 6-13).
2117 5554 2191 5609 ita
2213 5551 2356 5609 enim
2384 5550 2581 5610 homini
2608 5549 2751 5622 parci
2779 5549 2918 5615 Deus
2933 5549 3112 5621 jussit,
3139 5558 3198 5607 ut
3223 5560 3398 5616 tamen
3424 5568 3490 5619 ex

2028 5712 2079 5756 in
2104 5712 2229 5767 Mss,
2254 5700 2492 5772 obstipuit.

2183 5772 2228 5826 (
2255 5774 2380 5844 991
2399 5770 2570 5844 ifilli?

2032 5838 2158 5890 Mss,
2187 5825 2379 5898 quando
2397 5825 2623 5887 ridentes.

2871 5914 3303 6005 (agt-six.)
