4042 6502
564 515 795 574 pecore,
837 507 1058 571 propter
1101 498 1402 569 passionem
1437 493 1666 559 Christi,
1695 508 1814 562 qua:
1855 493 1946 548 illo
1977 489 2137 546 modo

559 594 1039 662 praetmntiabatur,
1067 591 1381 663 mysterium
1418 587 1559 644 sacri
1584 587 1860 657 sanguinis
1889 585 2138 654 implere-

561 698 664 742 tur.
691 686 751 742 Si
776 700 906 758 ergo
929 693 1081 756 putas
1115 681 1472 752 proprietate,
1511 693 1616 734 non
1649 677 1834 749 ﬁgura,
1865 676 2138 734 Christum

559 777 729 836 fuisse
751 777 1018 849 angelum,
1043 775 1136 846 qui
1157 774 1386 828 luctatus
1411 779 1493 827 est
1517 787 1642 827 cum
1665 769 1859 835 Jacoh;
1882 778 2033 839 potes
2059 759 2142 828 di-

557 887 682 927 cere
709 870 1046 941 proprietate,
1069 883 1176 923 non
1199 866 1386 936 ﬁgura,
1416 864 1684 920 Christum
1706 863 1870 924 fuisse
1887 863 2134 930 arietem,

475 1025 482 1030 ,
558 977 715 1034 quem
741 959 1044 1033 patriarcha
1087 957 1381 1012 immolavit
1408 955 1680 1012 Abraham
1706 974 1718 1009 :
1748 965 1899 1026 potes
1926 963 2138 1026 postre-

557 1069 646 1109 mo
669 1052 857 1108 dicere
885 1049 1208 1120 proprietate
1229 1088 1242 1112 ,
1292 1063 1396 1102 non
1445 1047 1610 1119 figura
1631 1088 1646 1111 ,
1675 1047 1943 1104 Christum
1975 1043 2138 1103 luisse

559 1164 799 1224 petram,
839 1165 956 1220 quae
997 1161 1246 1217 percussa
1277 1147 1452 1215 ligno,
1482 1145 1683 1201 sitienti
1729 1143 1922 1216 populo
1953 1153 2135 1213 putum

557 1243 910 1314 largissimum
961 1239 1099 1294 fudit
1141 1236 1353 1312 (Exod.
1405 1253 1536 1300 ινιι,
1585 1234 1681 1306 6).
1709 1235 1798 1291 Sic
1827 1233 1969 1291 enim
2007 1232 2136 1298 dicit

556 1333 844 1404 Apostolus
866 1347 881 1385 :
904 1329 1147 1384 Bibebanl
1169 1328 1302 1382 enim
1328 1327 1391 1381 de
1417 1327 1671 1396 spirituali
1698 1325 1931 1395 sequente
1949 1333 2091 1394 petra
2115 1339 2136 1389 ;

556 1434 702 1498 petra
723 1434 891 1477 autem
932 1429 1041 1475 erat
1079 1418 1314 1475 Christus
1340 1417 1358 1491 (
1381 1418 1399 1473 1
1424 1417 1542 1474 Cor.
1576 1434 1629 1482 κ,
1653 1418 1689 1474 4
1713 1419 1750 1490 ).
1783 1417 1990 1488 Figum
2021 1416 2136 1476 istae

557 1536 661 1578 non
705 1534 792 1574 res
835 1519 965 1589 ipsze
995 1515 1241 1579 luerunt,
1271 1514 1468 1584 quibus
1493 1512 1674 1583 ﬁguris
1715 1505 2136 1580 praecedentibus

554 1627 645 1668 res
688 1609 1125 1682 signiﬁcabantur
1169 1621 1291 1662 esse
1331 1613 1608 1660 ventum:
1640 1618 1760 1674 qum
1810 1600 1991 1672 figura:
2037 1614 2135 1669 per

555 1702 847 1772 subiectam
877 1701 985 1755 Deo
1010 1707 1330 1765 creaturam,
1353 1705 1408 1752 et
1429 1696 1656 1750 Inaxime
1681 1709 1782 1765 per
1805 1693 2133 1764 Angelorum

556 1791 932 1855 ministerium,
957 1789 1262 1844 mortalium
1283 1787 1670 1842 exhibebantur
1686 1781 2010 1856 aspectibus,
2039 1784 2133 1841 Dei

555 1884 771 1954 quidem
815 1890 1004 1953 agente
1051 1881 1286 1951 potentia
1308 1920 1323 1944 ,
1359 1879 1454 1935 sed
1487 1888 1664 1934 tamen
1691 1879 1888 1933 latente
1911 1886 2136 1946 natura,

555 1976 888 2041 sive'l’atris,
915 1975 1032 2030 sive
1054 1972 1195 2040 Filii,
1219 1973 1333 2028 sive
1359 1971 1588 2042 Spiritus
1611 1969 1802 2026 sancti.

626 2069 714 2125 to.
744 2068 963 2123 Frustra
994 2067 1170 2136 itaque
1203 2065 1400 2121 asseris
1427 2064 1619 2119 Filium
1649 2061 1743 2118 Dei
1771 2061 1942 2117 visum
1973 2061 2135 2120 fuisse

553 2159 622 2214 ab
649 2158 970 2224 hominibus,
999 2157 1211 2212 Patrem
1241 2163 1416 2211 autem
1444 2171 1556 2209 ιιοιιΔ
1590 2154 1754 2210 fuisse
1780 2153 1952 2209 visum
1976 2167 2134 2213 :ctun

554 2263 652 2319 per
668 2249 962 2319 subiectam
992 2247 1090 2304 sibi
1116 2255 1490 2304 creaturamet
1508 2246 1668 2303 Pater
1693 2243 1858 2301 videri
1879 2245 2132 2315 potuerit,

548 2351 612 2398 et
637 2341 817 2408 Filius,
844 2349 899 2396 et
927 2340 1156 2412 Spiritus
1180 2348 1426 2405 sanctus;
1453 2353 1549 2409 per
1573 2352 1723 2392 suam
1743 2349 1868 2392 vero
1889 2337 2134 2394 substan-

551 2434 689 2489 tiam:
709 2434 886 2489 nullus
912 2433 1122 2487 illarum
1146 2433 1296 2487 visus
1317 2439 1420 2486 est.
1451 2429 1595 2500 Ergo
1622 2429 1782 2490 Deus.
1807 2425 1946 2484 sicut
1986 2429 2136 2486 inlit-

547 2525 656 2581 mis
699 2523 972 2578 hominum
997 2522 1266 2588 sensibus,
1297 2522 1466 2592 magis
1503 2521 1830 2592 signiﬁcatus
1855 2533 2012 2591 quam
2041 2521 2136 2578 de-

545 2624 878 2672 monstrantes
902 2623 1026 2670 θυι-
1049 2613 1165 2671 Non
1206 2615 1382 2684 itaque
1422 2612 1571 2668 visus
1597 2620 1680 2667 est
1701 2611 1840 2666 sicut
1865 2620 1949 2666 est
1979 2629 1994 2666 :
2030 2611 2133 2672 hoc

541 2710 746 2780 quippe
776 2709 1030 2763 in-fntura
1068 2709 1193 2761 vita
1221 2705 1542 2774 monuittitur
1568 2705 1787 2760 sanctis.
1827 2701 1978 2759 Unde
2001 2703 2134 2760 dicit

551 2800 822 2871 apostolus
848 2800 1120 2856 Jeaunes:
1155 2796 1497 2863 Dilectissimi,
1522 2813 1654 2851 nunc
1691 2797 1788 2865 ﬁlii
1817 2795 1913 2848 Dei
1935 2809 2130 2862 sumas,

545 2901 599 2947 et
639 2893 862 2949 nondum
890 2891 1128 2963 apparuit
1155 2889 1277 2960 quid
1317 2890 1504 2943 erimus
1539 2903 1559 2942 :
1598 2889 1782 2943 scimus
1819 2896 1987 2942 autem
2013 2888 2133 2957 quia

546 3001 665 3039 cum
703 2984 1015 3054 apparuerit,
1056 2982 1244 3038 similes
1281 2982 1324 3035 ei
1367 2981 1570 3046 erimus,
1597 2979 2132 3049 quoniam-ridebimus

544 3093 664 3130 eam
693 3076 841 3129 sicuti
867 3085 945 3128 est
963 3073 1007 3144 (l
1031 3073 1188 3130 Joan.
1229 3085 1305 3135 tu,
1335 3071 1415 3140 2).
1449 3071 1703 3127 Viderunt
1721 3085 1850 3141 ergo
1870 3079 1926 3127 et
1953 3072 2006 3126 in
2033 3071 2134 3134 hoc

548 3165 744 3220 stecnlo
785 3163 1021 3233 Apostoli
1061 3161 1341 3218 Dominum
1365 3178 1382 3227 ;
1410 3161 1679 3230 viderunt,
1721 3161 1822 3216 sed
1845 3176 1953 3219 non
1994 3162 2132 3220 sicut

545 3263 651 3309 est.
683 3254 921 3324 Denique
940 3253 1146 3324 Moyses
1168 3267 1288 3308 eum
1306 3250 1407 3306 sibi
1425 3251 1670 3322 cupiebat
1689 3251 1922 3317 ostendi,
1943 3266 2134 3323 quam-

549 3346 630 3400 vis
652 3360 773 3401 cum
799 3359 868 3400 eo
893 3343 1028 3399 faeie
1053 3342 1120 3398 ad
1145 3343 1329 3398 faciem
1365 3341 1640 3412 Scriptura
1681 3341 1860 3400 iudice
1881 3342 2128 3414 loquere-
2195 3407 2198 3409 λ

548 3445 634 3493 ιιιι·
659 3435 853 3507 (Exod.
880 3449 1068 3500 nam,
1102 3434 1190 3500 15,
1221 3432 1330 3504 tl).
1353 3431 1507 3501 Quod
1529 3447 1649 3500 eum
1667 3433 1718 3486 in
1743 3448 1864 3488 mea
1883 3433 2130 3504 superius

549 3527 924 3597 prosectuione
947 3525 1223 3590 dixissem,
1254 3523 1406 3595 quasi
1436 3537 1542 3578 non
1565 3523 1798 3578 audieris
1824 3525 2126 3593 prteteristi,

545 3635 667 3678 cum
696 3619 789 3676 tibi
815 3617 1054 3690 ejusdem
1082 3616 1625 3690 meaeproseeutiouis
1645 3615 1856 3672 recitari
1885 3631 1950 3673 ex
1978 3615 2130 3674 tabo-

549 3711 884 3766 Iis‘universa
927 3707 1236 3764 voluissem.
1277 3706 1394 3763 Non
1432 3715 1610 3762 autem
1652 3706 1964 3764 discernens
2001 3707 2126 3779 quid

545 3803 618 3857 sit
637 3800 825 3856 videri
858 3800 1024 3854 Deum
1053 3813 1151 3869 per
1189 3797 1538 3854 substantiam
1584 3810 1755 3860 suam,
1786 3804 1842 3852 et
1889 3795 2015 3866 quid
2057 3798 2129 3860 sit

545 3893 713 3949 videri
765 3894 928 3949 Deum
975 3905 1077 3960 per
1115 3889 1408 3960 subiectam
1453 3895 1785 3952 creaturam,
1833 3887 1889 3942 iu
1929 3895 2125 3945 tantam

549 3981 932 4050 blasphemiam
960 3979 1227 4046 decidisti,
1255 3986 1314 4034 ut
1335 3977 1664 4048 unigenitum
1693 3977 1784 4033 Dei
1813 3977 2006 4034 Filium
2033 3992 2128 4047 per
2184 4043 2187 4046 ί

547 4072 652 4127 hoc
670 4072 841 4141 ipsum
860 4071 1004 4141 quod
1029 4071 1170 4125 Deus
1191 4069 1599 4124 estmutabilem
1622 4067 1828 4126 diceres
1853 4088 1865 4124 :
1889 4069 2129 4139 quando-

545 4161 776 4232 quidem.
791 4162 888 4216 soli
919 4159 1062 4216 Patri
1090 4158 1285 4229 putasti
1311 4173 1430 4213 esse
1455 4157 1796 4218 tribuendum
1819 4157 1974 4228 quod.
1991 4159 2126 4229 scti-

547 4263 696 4324 ptnm
725 4264 846 4310 esse
869 4250 1074 4318 dixisti,
1105 4248 1219 4322 Ego
1244 4250 1474 4320 suntqui.
1493 4265 1607 4303 sum
1636 4256 1732 4316 ,et
1755 4265 1856 4303 non
1884 4265 1994 4310 sum
2024 4267 2127 4315 mu-

533 4353 722 4410 .tatas;
750 4343 900 4414 quasi
942 4342 1110 4399 Filius
1149 4341 1234 4398 vel
1278 4341 1505 4412 Spiritus
1531 4349 1746 4396 sanctus
1788 4341 1859 4397 sit
1895 4349 2127 4398 mutatus

545 4436 760 4505 quando
778 4435 1057 4490 visibiliter
1075 4434 1339 4504 apparuit,
1362 4433 1446 4487 vel
1473 4433 1560 4488 ille
1583 4431 1951 4503 quodconstat
1973 4443 2126 4489 natus

489 4525 493 4530 ’
546 4543 610 4581 rx
639 4526 835 4581 femina
857 4566 876 4593 ,
900 4525 982 4581 vel
1011 4526 1110 4580 iste
1136 4526 1199 4579 in
1228 4525 1406 4594 specie
1431 4523 1694 4579 colutan
1717 4532 1808 4579 aut
1833 4523 2000 4594 igneis
2027 4523 2127 4579 lin-

545 4616 664 4685 guis
702 4631 762 4672 se
788 4616 1031 4694 humanis
1052 4615 1362 4686 aspectibus
1382 4624 1704 4670 monstrans.
1731 4613 1882 4671 Unde
1904 4615 2014 4686 jam
2041 4629 2127 4670 re-

547 4707 735 4778 spondi
776 4708 869 4764 tibi
901 4708 951 4762 iu
980 4723 1046 4764 eo
1076 4722 1345 4773 sermone,
1372 4707 1460 4762 ubi
1488 4703 1697 4762 ostendi
1741 4723 1845 4762 non
1887 4715 1936 4763 te
1961 4705 2123 4763 refel-
2162 4785 2164 4787 p

546 4801 672 4856 lisse
717 4815 838 4870 qua:
883 4799 1012 4855 disi.
1068 4799 1226 4857 Nune
1273 4814 1401 4856 vero
1450 4808 1507 4854 ut
1549 4800 1810 4870 intelligas
1857 4799 2125 4870 quomodo

544 4894 740 4949 dixerit
763 4894 923 4960 Deus,
965 4893 1076 4965 Ego
1101 4909 1214 4948 sunt
1255 4895 1339 4962 qui
1365 4910 1496 4957 sunt,
1536 4903 1705 4948 etnon
1732 4910 1843 4948 sum
1869 4903 2084 4950 mutatus
2105 4936 2123 4963 ,

546 4985 629 5040 vel
653 4985 794 5055 quod
835 4986 1089 5055 scriptum
1127 4985 1294 5056 magis
1321 4986 1602 5049 invenitur,
1652 4984 1761 5055 Ego
1791 4984 1922 5040 enim
1950 4983 2128 5041 Domi-

514 5123 518 5128 ,
545 5094 662 5144 nus,
687 5086 735 5132 et
775 5094 875 5132 non
901 5087 1067 5131 mutor
1096 5077 1205 5149 (Id.
1235 5079 1290 5142 5,
1335 5077 1420 5142 li,
1451 5088 1496 5131 et
1524 5077 1745 5132 Maleoa.
1776 5079 1828 5142 5,
1869 5077 1965 5147 6);
1991 5093 2126 5149 quo-

547 5171 692 5230 uiam
717 5182 826 5222 non
850 5170 994 5223 solus
1020 5169 1197 5237 Pater,
1222 5169 1317 5224 sed
1347 5169 1484 5226 Deus
1509 5185 1642 5224 unus
1671 5169 1771 5224 hoc
1798 5169 1950 5235 dixit,
1984 5170 2124 5241 quod

547 5264 634 5310 est
670 5257 780 5325 ipsa
807 5255 1076 5320 Trinitas;
1109 5258 1376 5314 Psalmum
1413 5257 1627 5313 attende
1653 5257 1741 5313 ubi
1770 5258 1960 5328 legitur
2001 5277 2015 5315 :
2046 5257 2125 5314 Ta

548 5347 605 5400 in
639 5347 904 5416 principio,
924 5347 1157 5412 Domine,
1177 5358 1362 5404 terram
1385 5347 1628 5419 futtdasti,
1653 5358 1695 5402 et
1715 5365 1868 5420 opera
1888 5366 2128 5404 mammas

549 5445 754 5490 tuarum
771 5445 883 5491 sunt
909 5438 1021 5492 mli
1052 5453 1072 5493 :
1099 5439 1197 5509 ipsi
1217 5440 1482 5510 peribunt;
1507 5448 1561 5491 tu
1581 5449 1748 5494 autent
1775 5441 2086 5510 permanebis
2107 5456 2128 5494 :

548 5535 595 5580 et
624 5543 794 5582 omnes
839 5528 967 5583 sicut
997 5531 1334 5592 vestimentum
1375 5539 1695 5596 veterascent,
1740 5539 1787 5584 et
1829 5530 1957 5585 velut
1988 5539 2128 5602 tegu-

549 5627 772 5671 mentum
812 5621 1026 5675 ntutabis
1067 5638 1168 5685 eos,
1210 5629 1256 5675 et
1284 5620 1606 5674 mutabuntur
1629 5637 1648 5685 ;
1694 5632 1748 5674 tu
1789 5630 1956 5674 autem
1995 5621 2127 5676 idem

547 5709 658 5776 ipse
680 5723 753 5772 es,
783 5717 829 5761 et
858 5710 978 5763 anni
999 5712 1069 5764 tui
1095 5726 1194 5765 non
1219 5709 1447 5778 deﬁcient
1477 5709 1648 5782 (Psal.
1677 5726 1748 5776 et,
1774 5710 1986 5781 26-28).
2017 5711 2127 5766 Hoc

549 5807 724 5852 autem
752 5799 816 5854 ad
847 5799 1037 5856 Filium
1066 5801 1154 5855 Dei
1183 5799 1379 5854 dictum
1407 5815 1527 5857 esse
1559 5802 1607 5855 in
1637 5801 1864 5873 Epistula
1895 5818 2012 5874 quae
2040 5811 2122 5858 cst

1163 382 1437 439 CONTRA
1473 377 1858 434 MAXIMINUM
1899 371 2298 434 ARIANORUM
2337 378 2731 448 EPISCOPUM,
2773 381 2828 438 S.
2873 382 3238 440 AUGUSTINI

3715 383 3816 462 sta
3843 452 3846 454 γ

2245 491 2311 548 ad
2342 493 2593 550 Hebraeos
2639 506 2821 552 sancta
2863 497 3132 570 Scriptura
3164 505 3388 552 lt‘SL‘lllll‘
3432 495 3614 570 (Hebr.
3659 513 3698 564 ι,
3727 497 3820 552 li)-

2245 585 2356 656 12).
2388 587 2516 654 Quis
2540 603 2666 642 vero
2693 605 2795 642 non
2825 589 3102 661 mtelligat,
3133 590 3217 643 ubi
3251 587 3464 653 dicitur,
3496 585 3622 641 Caeli
3658 598 3824 641 muta-

2241 673 2423 732 buntur
2441 696 2463 746 ;
2491 687 2545 733 ιιι
2565 689 2730 733 autem
2768 681 2902 735 idem
2931 681 3036 752 ipse
3074 697 3165 746 es;
3195 681 3324 737 nihil
3354 681 3456 738 dici
3486 678 3648 744 aliud,
3681 681 3782 735 nisi
3805 723 3819 746 ,

2242 768 2319 822 Τιι
2346 785 2449 825 ιιοιι
2479 771 2742 826 mutaris?
2767 773 2844 827 Ae
2865 787 2957 842 per
2982 771 3081 826 hoc
3105 773 3261 827 etiam
3293 773 3399 827 Dea
3423 772 3558 827 Filio
3578 772 3825 827 convenit

2240 857 2437 922 dicere,
2475 859 2584 931 Ego
2626 879 2737 916 sam
2777 863 2862 932 qui
2890 880 3022 929 sum,
3069 872 3115 918 et
3153 881 3252 918 non
3283 880 3391 917 sum
3423 871 3676 928 mutatus;
3706 863 3821 926 vel,

2244 950 2351 1022 Ego
2376 953 2509 1007 enim
2553 953 2824 1020 Dominus,
2866 966 3036 1010 etnon
3077 967 3260 1010 mutor.
3293 955 3443 1022 Quod
3487 966 3544 1010 tu
3572 955 3694 1010 ideo
3729 955 3824 1011 soli

2244 1039 2380 1094 Patri
2427 1043 2703 1112 assignasti
2722 1087 2736 1110 ,
2767 1057 2821 1098 nt
2852 1045 3025 1101 in'sua
3052 1046 3341 1100 substantia
3371 1046 3680 1102 crederetur
3703 1061 3822 1101 esse

2240 1133 2506 1187 mumhilis
2533 1133 2694 1189 Filius
2726 1152 2741 1202 ;
2772 1147 3019 1208 tanquam
3044 1136 3109 1191 ita
3136 1139 3423 1208 susceperit
3455 1139 3748 1204 hominem,
3775 1147 3827 1193 ut

2238 1225 2293 1280 in
2346 1227 2612 1282 hominem
2653 1238 2966 1284 verteretur.
3001 1229 3149 1284 lianc
3192 1240 3390 1284 tantam
3437 1229 3824 1301 blasphemiam

2239 1334 2343 1374 non
2373 1320 2701 1396 emendabis,
2724 1321 2824 1376 nisi
2852 1321 3164 1387 credideris,
3191 1321 3247 1376 in
3265 1322 3628 1392 assumptione
3656 1319 3827 1376 homi-

2238 1411 2322 1466 nis
2349 1412 2634 1468 accessisse
2667 1412 2798 1468 Filio
2825 1413 2965 1484 quod
3009 1429 3114 1468 non
3144 1424 3279 1482 erat,
3309 1429 3413 1469 non
3441 1420 3618 1469 autem
3642 1427 3824 1469 recesa

2235 1501 2371 1558 sisse
2399 1502 2482 1557 vel
2511 1504 2770 1560 defecisse
2807 1505 2948 1575 quod
2979 1514 3110 1560 erat.
3815 1511 3818 1520 '

2309 1593 2395 1648 11.
2449 1592 2650 1650 Deinde
2688 1610 2887 1667 qumro,
2933 1596 3054 1666 quis
3096 1595 3401 1666 apparuerit
3431 1596 3592 1666 Moysi
3623 1595 3674 1650 in
3703 1593 3824 1664 igne

2235 1683 2447 1754 quando
2473 1686 2633 1742 rubus
2655 1686 3100 1753 intlammabatur,
3128 1695 3181 1742 et
3207 1702 3311 1742 non
3339 1683 3605 1742 urebatur.
3639 1687 3823 1754 Quan-

2235 1792 2392 1848 quam
2423 1786 2477 1836 ct
2504 1780 2611 1837 illic
2645 1780 2890 1852 angelum
2921 1780 3229 1852 apparuisse
3277 1780 3547 1850 Scriptura
3577 1779 3689 1848 ipsa
3723 1778 3820 1834 de-

2233 1869 2401 1924 clarat
2422 1909 2440 1937 ,
2470 1869 2653 1928 dicens
2679 1869 2968 1940 :Apparnit
2988 1882 3154 1926 antem
3190 1865 3268 1926 illi
3293 1873 3501 1943 angelus
3532 1869 3744 1925 Domini
3774 1873 3823 1926 in

2234 1959 2443 2028 ﬂamma
2470 1960 2600 2031 ignis
2622 1961 2684 2016 de
2710 1961 2852 2016 rabo.
2885 1961 2941 2018 lu
2970 1963 3161 2034 angelo
3188 1973 3367 2017 autem
3415 1963 3577 2017 Deum
3611 1962 3781 2021 fuisse
3804 2005 3819 2029 ,

2236 2051 2354 2118 quis
2395 2051 2638 2108 dubitet?
2667 2052 2769 2110 Sed
2814 2054 2932 2124 quis
2961 2049 3103 2110 Deus
3128 2051 3279 2110 erat?
3318 2062 3493 2108 utrum
3539 2052 3719 2118 Pater,
3757 2069 3824 2109 an

2238 2143 2443 2219 Filius?
2489 2146 2734 2202 Dicturus
2773 2162 2850 2211 es,
2898 2147 3064 2203 Filius
3099 2166 3113 2202 :
3144 2163 3247 2202 non
3296 2145 3378 2202 vis
3427 2146 3566 2201 enim
3603 2145 3821 2201 Patrem

2237 2234 2346 2289 ullo
2370 2235 2553 2300 modo,
2577 2237 2660 2291 vel
2690 2252 2783 2306 per
2809 2237 3102 2306 subjectam
3143 2245 3462 2303 creaturam,
3496 2236 3694 2290 visibus
3721 2251 3821 2305 ap-

2239 2330 2476 2395 paruisse
2505 2328 2824 2384 mortalium.
2869 2327 2972 2385 Sed
3004 2328 3276 2399 quodlibet
3305 2328 3493 2382 horum
3527 2326 3723 2404 eligas,
3754 2327 3820 2380 ad

2237 2425 2517 2487 utrumque
2539 2409 2853 2490 respondeo.
2884 2418 2938 2476 Si
2965 2419 3122 2474 Pater
3146 2429 3280 2484 erat,
3313 2420 3556 2488 apparuit
3578 2427 3632 2472 et
3658 2418 3833 2472 Pater

2237 2504 2537 2564 hominibus
2564 2525 2577 2561 :
2605 2507 2649 2562 si
2677 2507 2851 2569 Filius
2871 2517 3002 2575 erat,
3035 2523 3138 2562 non
3171 2518 3401 2562 mutatur
3427 2517 3479 2563 et
3505 2507 3687 2562 Filius.
3745 2507 3818 2562 ibi
3911 2503 3915 2506 λ

2236 2597 2375 2652 enim
2405 2587 2525 2652 cum
2556 2598 2837 2666 quaesisset
2865 2597 3093 2668 Moyses,
3121 2598 3237 2669 quis
3265 2607 3406 2653 esset
3428 2599 3516 2669 qui
3543 2614 3662 2653 cum
3693 2600 3820 2653 mit;

2236 2694 2408 2752 teret;
2437 2686 2524 2742 ille
2563 2687 2836 2758 TCSpOIIdlI
2870 2706 2883 2742 :
2915 2686 3030 2760 Ego
3065 2706 3177 2743 sum
3224 2690 3313 2760 qui
3333 2707 3464 2743 sum.
3509 2689 3660 2757 Quod
3684 2689 3817 2760 quid
3911 2697 3913 2700 ‘

2234 2790 2316 2834 est
2341 2779 2481 2834 aliud
2500 2821 2512 2844 ,
2538 2780 2657 2842 nisi,
2681 2777 2945 2835 Mutabilis
2973 2797 3078 2835 non
3101 2796 3215 2835 sum
3249 2799 3261 2834 :
3288 2782 3422 2836 sicut
3445 2781 3819 2851 prnphetieum

2235 2871 2593 2926 testimonium
2625 2872 2737 2940 ipse
2777 2871 3020 2940 posuisti,
3061 2869 3173 2944 Ego
3201 2887 3311 2925 sum
3353 2874 3436 2942 qui
3461 2888 3592 2938 sum,
3621 2881 3668 2926 et
3713 2889 3820 2927 non

2232 2979 2344 3017 sum
2390 2963 2654 3017 mutatus?
2681 2963 2820 3018 Dixit
2861 2963 3020 3019 etiam
3070 2979 3254 3020 rursus
3297 2964 3362 3020 ad
3409 2965 3624 3036 Moysen
3658 2985 3672 3020 :
3703 2965 3838 3038 Ego

2233 3069 2345 3106 sum
2365 3052 2499 3108 Deus
2520 3053 2790 3120 Abraham,
2809 3063 2854 3108 et
2880 3054 3016 3110 Deus
3036 3053 3205 3121 Isaac,
3228 3066 3275 3110 et
3293 3055 3426 3111 Deus
3440 3055 3599 3110 Iacob
3615 3055 3821 3127 (Exod.

2234 3161 2313 3213 ιιι,
2332 3137 2503 3212 2,14,
2533 3145 2590 3212 6,
2615 3146 2723 3217 15).
2745 3146 2918 3213 Aude,
2939 3147 2985 3202 si
3003 3157 3179 3218 potes,
3198 3162 3394 3220 negare
3417 3149 3575 3204 Deum
3601 3150 3824 3206 Patrem

2234 3235 2403 3291 Deum
2429 3252 2547 3293 esse
2569 3235 2857 3300 Abraham,
2886 3246 2940 3293 et
2976 3239 3142 3307 Isaac,
3174 3251 3228 3296 et
3255 3239 3420 3296 Jacob
3444 3255 3462 3306 ;
3490 3242 3533 3296 si
3565 3256 3670 3296 non
3703 3242 3828 3312 ipse

2232 3325 2300 3382 de
2327 3327 2479 3392 rubo,
2510 3327 2602 3383 sed
2631 3325 2794 3383 Filias
2822 3327 3156 3400 loquebatur.
3188 3329 3243 3386 Si
3267 3340 3441 3386 autem
3474 3331 3649 3397 Pater,
3677 3349 3822 3388 eon-

2232 3416 2382 3472 litere
2405 3416 2562 3472 etiam
2604 3416 2813 3473 Patrem
2856 3418 3021 3473 Deum
3051 3417 3351 3475 hominibus
3379 3421 3572 3476 visum.
3599 3421 3656 3477 Si
3690 3437 3828 3478 vero

2231 3517 2451 3578 uterque
2479 3515 2562 3562 est
2603 3507 2742 3564 Deus
2777 3509 3066 3578 Abraham,
3111 3519 3166 3566 et
3208 3511 3543 3576 Deus'lsaac,
3587 3520 3643 3568 et
3673 3515 3828 3571 Deus

2229 3598 2413 3666 Jacob,
2462 3599 2603 3670 quod
2652 3615 2769 3656 esse
2814 3603 3042 3669 annuis;
3087 3603 3210 3674 quid
3262 3605 3484 3676 ambigis
3529 3613 3828 3677 utrumque

2230 3709 2392 3748 unum
2416 3693 2577 3749 Deum
2593 3695 2617 3749 ?
2636 3691 2801 3750 Jacob
2825 3698 3020 3768 quippe
3051 3699 3163 3769 ipse
3189 3707 3271 3754 est
3298 3699 3478 3765 Israel,
3506 3700 3655 3770 cuius
3689 3701 3826 3756 ﬁliis

2229 3784 2421 3841 dicitur
2451 3803 2465 3839 :
2498 3786 2653 3853 Audi,
2697 3784 2897 3854 Israel;
2925 3787 3173 3845 Dominus
3209 3789 3348 3846 Deus
3379 3781 3516 3861 titus,
3563 3791 3830 3847 Domina

2228 3893 2358 3933 unus
2381 3886 2452 3932 est
2476 3868 2659 3948 (Deut.
2684 3895 2756 3947 Vl,
2784 3880 2863 3952 4).

2302 3967 2387 4023 12.
2419 3968 2750 4044 Quapropter
2773 3988 2958 4030 verum
3001 3989 3119 4031 esse
3143 3989 3371 4048 agnosce
3398 3977 3540 4048 quod
3565 3979 3702 4040 dixi,
3735 3979 3831 4033 di-

2229 4062 2498 4120 vinitatem
2529 4081 2632 4120 non
2678 4081 2772 4136 per
2808 4067 3154 4123 substantiam
3184 4084 3356 4135 suam,
3403 4071 3456 4126 in
3485 4087 3586 4146 qua
3630 4072 3832 4127 invisi-

2228 4155 2349 4215 bilis
2376 4165 2430 4214 et
2453 4159 2791 4222 immutabilis
2817 4169 2919 4228 est,
2948 4159 3040 4216 sed
3071 4177 3166 4232 per
3187 4172 3483 4218 creaturam
3510 4164 3610 4218 sibi
3631 4166 3837 4234 subje-

2228 4257 2366 4307 ctam
2403 4238 2700 4306 mortalium
2740 4250 2908 4307 oculis
2947 4253 3255 4322 apparuisse
3296 4268 3417 4309 eum
3459 4253 3641 4308 voluit.
3693 4249 3851 4310 Non

2229 4341 2408 4412 itaque
2449 4343 2582 4398 sicut
2624 4343 2866 4414 accipere
2896 4344 2978 4399 vel
3017 4346 3183 4416 accipi
3228 4362 3342 4401 mea
3372 4347 3526 4402 verba
3566 4342 3836 4413 voluisti",
3889 4363 3892 4365 λ

2229 4447 2329 4504 ego
2356 4432 2680 4489 divinitatem
2706 4435 2782 4490 sic
2811 4435 3044 4506 patribus
3076 4435 3096 4468 ¹
3122 4437 3418 4494 ostendisse
3442 4453 3500 4493 se
3523 4435 3656 4504 dixi,
3691 4429 3834 4492 tan-

2228 4537 2386 4596 Quam
2434 4542 2550 4582 eam
2601 4527 2854 4584 voluerim
2911 4529 3055 4585 credi
3106 4529 3392 4592 visibilem,
3448 4547 3605 4602 quam
3660 4532 3840 4601 prius

2229 4613 2544 4670 invisibilem
2571 4616 2805 4672 dixeram
2836 4633 2956 4674 esse
2983 4636 2996 4672 :
3025 4618 3118 4674 sed
3145 4619 3275 4686 dixi,
3302 4619 3513 4689 quando
3552 4634 3614 4676 se
3639 4622 3836 4690 patri-

2229 4703 2329 4760 bus
2355 4705 2598 4762 divinitas
2626 4709 2956 4776 ostendebat,
2984 4724 3080 4780 per
3103 4709 3395 4779 subjectam
3423 4719 3737 4766 creaturam
3770 4729 3840 4770 se

2227 4795 2488 4850 visibilem
2519 4795 2936 4853 demonstrabat.
2970 4799 3098 4854 Nam
3128 4815 3226 4871 per
3254 4801 3418 4870 ipsam
3461 4816 3613 4856 suam
3653 4813 3840 4860 natu-
3885 4802 3890 4804 Ἴ

2229 4901 2342 4942 ram
2371 4901 2535 4957 usque
2562 4887 2695 4942 adeo
2721 4889 2995 4944 invisibilis
3020 4899 3120 4956 est,
3150 4900 3208 4944 ut
3231 4890 3343 4960 ipse
3367 4890 3578 4960 Moyses
3604 4893 3654 4948 ei
3690 4909 3838 4949 cum

2229 4991 2335 5047 quo
2361 4975 2492 5031 facie
2514 4977 2579 5031 ad
2605 4967 2789 5033 faciem
2814 4979 3128 5048 loquebatur
3154 4980 3355 5036 diceret
3382 4999 3395 5035 :
3425 4980 3488 5036 Si
3513 4984 3688 5036 inveni
3711 5001 3841 5054 gra-

2230 5070 2351 5123 tiam
2375 5079 2491 5124 ante
2510 5080 2576 5136 te,
2605 5072 2806 5126 ostende
2825 5074 2948 5126 mihi
2987 5075 3297 5145 temetipsum
3324 5077 3588 5146 manifeste
3615 5076 3846 5147 (Exod.
3880 5102 3884 5105 υ

2231 5176 2431 5228 xxxtu,
2467 5163 2552 5226 ll,
2600 5161 2709 5234 15).
2741 5164 2878 5220 Ecce
2907 5165 3045 5235 quod
3073 5165 3177 5220 dixi
3211 5183 3224 5220 :
3258 5167 3455 5236 relege,
3489 5176 3542 5222 et
3569 5169 3851 5228 invenies

2231 5268 2316 5308 me
2346 5269 2526 5308 verum
2557 5253 2771 5319 dicere;
2802 5265 2852 5311 te
2890 5262 3070 5311 autem
3097 5271 3200 5312 non
3232 5257 3528 5328 intelligere
3551 5259 3849 5327 voluisse,

2233 5345 2317 5400 vel
2361 5361 2467 5400 non
2498 5346 2752 5416 potuisse,
2795 5345 2934 5418 quod
2966 5347 3094 5402 dixi.
3146 5347 3280 5404 Audi
3307 5363 3437 5420 ergo
3462 5349 3707 5420 idipsum
3747 5369 3854 5410 me

2230 5434 2498 5504 aliquanto
2524 5437 2727 5506 planius
2750 5436 3119 5492 disserentem.
3148 5435 3261 5508 Ego
3281 5437 3611 5496 divinitatem
3637 5441 3857 5501 Patris

2231 5535 2283 5580 et
2309 5524 2424 5581 Filii
2453 5537 2507 5582 et
2531 5527 2758 5598 Spiritus
2783 5529 2951 5584 sancti
2975 5531 3026 5584 in
3048 5545 3142 5586 sua
3167 5541 3352 5586 natura
3377 5542 3536 5605 atque
3563 5536 3860 5594 substan-

2233 5617 2301 5671 tia
2327 5617 2638 5674 mortalibus
2663 5619 2833 5676 oculis
2857 5619 3172 5678 invisibilem
3195 5620 3332 5678 dico.
3364 5621 3496 5680 Eam
3517 5640 3650 5683 vero
3683 5645 3764 5687 sc
3793 5631 3862 5689 in

2295 5812 2311 5843 ί
2349 5811 2514 5863 Plures
2534 5819 2662 5877 3153.,
2690 5819 2861 5866 Poma.
