4084 6428
223 515 434 573 formas
462 505 698 566 visibiles
724 516 951 571 vertere,
990 502 1127 559 absit
1157 510 1213 557 ut
1239 498 1433 564 dicam,
1476 499 1596 570 quia
1627 505 1680 552 et
1710 497 1811 549 im-

225 605 546 664 mutabilem
588 602 725 656 dico.
767 598 952 653 Rcstat
988 611 1114 665 ergo
1143 602 1201 648 ut
1240 590 1544 662 aspectibus
1569 587 1814 643 humanis

231 694 448 770 quando
473 709 532 748 se
561 689 791 747 ostendit
816 696 871 741 ut
890 686 1075 745 voluit,
1102 699 1197 754 per
1220 682 1509 752 subiectam
1543 678 1810 746 intelliga-

234 796 323 845 tur
354 787 457 841 hoc
484 784 671 839 fecisse
691 786 1007 842 creaturam,
1033 790 1152 846 quae
1179 781 1351 851 potest
1370 771 1538 827 oculis
1560 780 1815 841 apparere

234 878 570 935 mortalibus.

306 968 398 1023 15.
426 964 565 1033 Quid
597 972 679 1019 est
706 970 883 1015 autem
928 957 1069 1029 quod
1110 964 1233 1012 eum
1259 954 1329 1011 de
1364 953 1521 1009 Patre
1548 949 1775 1005 dixisses
1797 988 1813 1014 ,

238 1061 384 1116 Unus
404 1070 476 1115 est
497 1054 779 1121 invisibilis,
810 1052 1065 1121 uudejam
1092 1051 1220 1104 satis
1240 1057 1323 1102 est
1345 1046 1668 1115 disputatum
1691 1059 1705 1108 ;
1733 1041 1818 1098 ad-

230 1152 440 1214 didisti,
488 1150 632 1206 Unus
659 1148 809 1203 etiam
836 1140 1132 1213 incapabilis
1160 1149 1306 1210 atque
1330 1140 1599 1195 immensus
1612 1137 1638 1191 ἵ
1648 1134 1817 1193 inca:

231 1245 467 1322 pabilem
512 1241 725 1313 quidem
766 1253 868 1293 non
896 1236 1120 1307 legimus
1149 1234 1335 1288 Deum.
1366 1232 1475 1287 Cur
1500 1244 1629 1287 sane
1672 1228 1819 1285 dicas

232 1335 613 1406 incapabilem,
656 1331 854 1386 nescio.
899 1327 953 1384 Si
984 1327 1124 1381 enim
1165 1324 1280 1394 capi
1311 1337 1415 1378 non
1460 1326 1652 1391 potest,
1683 1330 1819 1389 quo-

232 1428 399 1483 modo
426 1442 535 1481 non
576 1424 747 1479 solum
778 1420 964 1486 Filius,
995 1432 1177 1473 verum
1204 1418 1361 1470 etiam
1401 1413 1558 1468 Pater
1602 1411 1821 1467 veniunt

234 1517 625 1579 “hominem,
672 1514 809 1581 sicut
850 1510 979 1567 dicit
1024 1509 1137 1583 ipse
1182 1495 1364 1569 Filius,
1395 1513 1449 1560 et
1489 1502 1817 1558 mansionem

234 1609 379 1681 apud
409 1624 531 1683 eum
571 1598 769 1662 faciunt
797 1601 975 1675 (loan.
1003 1615 1115 1666 xiv,
1142 1589 1280 1669 2'5)?
1310 1596 1443 1654 Puto
1469 1593 1613 1666 quod
1649 1593 1823 1662 capiat

235 1715 332 1759 eos
358 1699 502 1771 apud
529 1714 685 1770 quem
717 1696 914 1751 faciunt
953 1693 1302 1749 mansionem.
1348 1689 1423 1743 An
1465 1686 1602 1743 forte
1647 1686 1779 1740 dicis
1804 1725 1818 1750 ,

235 1790 353 1850 Non
382 1808 449 1846 ex
482 1800 613 1855 toto,
644 1788 738 1843 sed
766 1803 830 1841 ex
871 1794 1023 1857 parte
1050 1780 1370 1857 capiuntur?
1392 1780 1487 1834 Dic
1514 1774 1656 1849 quod
1697 1775 1776 1830 vis
1805 1793 1821 1832 :

236 1882 594 1952 respondetur
619 1880 760 1937 enim
789 1878 903 1942 tibi,
925 1875 1042 1931 Non
1066 1884 1189 1931 sunt
1210 1881 1339 1947 ergo
1366 1868 1708 1942 incapabiles,
1733 1868 1822 1938 qui

236 1985 363 2037 sunt
392 1974 480 2030 vel
523 1982 587 2029 cx
620 1981 767 2042 parte
794 1967 1077 2040 capabilcs.
1108 1961 1190 2021 An
1216 1964 1335 2020 ideo
1366 1962 1460 2019 tibi
1500 1974 1604 2022 non
1630 1959 1825 2017 sulﬁcit

236 2064 593 2134 incapabilem
634 2062 830 2125 dicere,
881 2058 973 2114 sed
1020 2056 1290 2119 addidisti,
1313 2063 1365 2111 et
1396 2054 1736 2119 immensum,
1765 2060 1823 2105 ut

238 2170 541 2227 exponeres
563 2162 821 2225 quatenus
849 2137 1196 2219 incapabilem
1223 2146 1463 2202 dixeris?
1493 2144 1543 2199 id
1572 2153 1673 2210 ρει,
1701 2143 1823 2214 quia

240 2248 406 2301 totius
434 2261 599 2315 capax
631 2260 737 2299 non
779 2249 861 2299 est
904 2242 1130 2295 humana
1160 2247 1379 2303 natura;
1425 2237 1714 2291 immensus
1744 2242 1827 2291 est

240 2336 431 2393 enim?
463 2336 656 2391 Verum
685 2334 787 2390 hoc
806 2343 858 2390 et
876 2328 942 2387 de
967 2326 1104 2387 Filio
1132 2329 1233 2389 dici
1262 2336 1455 2399 potest.
1479 2326 1661 2398 Neque
1682 2325 1822 2381 enim

239 2428 521 2498 quisquam
551 2426 629 2481 sic
665 2425 806 2494 Capit
848 2422 1174 2492 unigenitum
1221 2417 1471 2478 Verbum,
1502 2426 1560 2470 ut
1588 2413 1703 2486 ejus
1731 2431 1823 2469 ea.

241 2532 427 2587 pacem
459 2531 518 2573 se
542 2500 686 2571 omni
717 2513 874 2569 modo
898 2512 1089 2567 audeat
1128 2510 1385 2581 proﬁteri.
1416 2503 1639 2572 Prorsus
1665 2507 1821 2561 etiam

242 2609 419 2679 ipsum
457 2623 563 2664 non
593 2622 711 2663 esse
748 2605 1051 2660 dubitamus
1100 2604 1439 2659 immensum.
1482 2600 1613 2655 Nam
1642 2615 1825 2670 quacro

241 2701 338 2753 abs
365 2709 439 2763 te,
480 2698 549 2753 de
574 2712 679 2769 quo
718 2696 946 2765 accipias
987 2694 1127 2763 quod
1166 2692 1422 2764 scriptum
1448 2698 1530 2746 est
1560 2709 1574 2745 :
1606 2689 1827 2760 Magnus

240 2800 337 2852 est,
364 2800 411 2843 et
435 2806 535 2843 non
560 2788 703 2842 habet
734 2788 921 2855 ﬁnem;
950 2785 1174 2839 excelsus
1200 2793 1245 2837 et
1272 2784 1563 2835 immensus.
1611 2781 1682 2834 De
1709 2780 1824 2848 ipso

242 2881 438 2951 quippe
459 2879 615 2950 paulo
640 2883 758 2948 post
782 2877 974 2931 dicitur
1005 2893 1019 2929 :
1058 2866 1153 2928 Hic
1190 2873 1327 2927 Deus
1346 2881 1533 2936 noster,
1571 2886 1669 2925 non
1690 2872 1829 2923 (csti-

243 2972 463 3029 mabitur
498 2970 632 3024 alius
665 2969 733 3022 ad
765 2985 921 3033 eum;
958 2966 1038 3020 hic
1072 2965 1255 3020 invenit
1286 2974 1479 3018 attinent
1516 2962 1647 3014 viam
1675 2961 1828 3014 discis

246 3062 423 3132 plina,
450 3070 496 3115 et
524 3060 658 3114 dedit
684 3075 795 3113 eam
830 3056 990 3111 Iacob
1037 3071 1191 3127 puero
1217 3068 1329 3117 sua,
1369 3062 1415 3106 et
1444 3046 1609 3106 Israel
1646 3049 1827 3103 dilecto

244 3167 341 3208 suo
362 3169 383 3207 :
403 3164 515 3223 post
553 3154 657 3206 lucc
685 3168 834 3221 super
869 3159 1053 3203 terram
1085 3148 1219 3201 visus
1245 3156 1339 3211 est,
1366 3157 1412 3199 et
1438 3145 1566 3198 inter
1604 3144 1828 3198 homines

245 3252 566 3299 conversatus
603 3254 675 3298 est
705 3243 948 3314 (Bamch.
982 3256 1057 3305 ut,
1084 3240 1177 3306 9.6,
1207 3238 1294 3306 56,
1323 3239 1411 3303 57,
1434 3236 1569 3310 '58)?
1595 3237 1722 3304 Quis
1747 3245 1829 3291 est

246 3340 372 3405 iste,
422 3337 729 3407 responde?
768 3337 895 3403 Quis
929 3343 1028 3398 est,
1078 3336 1312 3404 inquam,
1355 3330 1593 3402 Magnus,
1642 3337 1689 3384 et
1727 3345 1828 3383 non

247 3429 437 3486 habens
475 3430 665 3499 finem;
694 3427 915 3482 excelsus
940 3436 988 3479 et
1010 3426 1282 3479 immensus
1299 3438 1318 3487 ;
1354 3423 1440 3492 qui
1467 3430 1619 3490 super
1636 3430 1829 3475 terram

247 3525 388 3585 uisus
412 3530 507 3589 est,
538 3532 583 3576 et
608 3521 736 3575 inter
763 3519 987 3574 homines
1014 3524 1331 3571 conversatus
1356 3514 1474 3572 est]
1506 3512 1670 3567 Video
1694 3524 1829 3581 quos

247 3626 437 3682 :estus,
471 3626 605 3683 oms
638 3610 856 3683 patiaris
902 3607 1191 3679 angustias.
1236 3602 1414 3659 Times
1440 3602 1640 3667 dicere,
1671 3602 1828 3656 Pater

248 3714 373 3772 est;
402 3705 493 3760 ubi
518 3703 689 3770 audis,
718 3713 870 3774 super
892 3709 1077 3755 terram
1096 3699 1229 3753 risus
1248 3703 1341 3764 est,
1374 3704 1421 3752 et
1456 3696 1585 3750 inter
1604 3694 1831 3749 homines

250 3805 581 3851 conversatus
608 3802 701 3849 est.
742 3788 822 3849 Tu
862 3792 1005 3847 enim
1037 3784 1245 3845 Patrem
1275 3796 1371 3857 per
1394 3801 1542 3842 suam
1586 3786 1833 3842 substano

250 3888 381 3943 tiam
406 3899 598 3942 revera
614 3875 960 3947 νῐιινίεὶὶιὶιειιι,
982 3895 1081 3937 nec
1103 3890 1199 3951 per
1217 3878 1510 3948 subiectam
1531 3883 1830 3931 creaturam

251 3977 332 4032 vis
358 3991 483 4031 esse
510 3975 576 4029 ab
602 3973 905 4031 hominibus
953 3971 1146 4029 visum.
1197 3970 1376 4029 Times
1418 3968 1615 4033 dicere,-
1663 3962 1832 4021 Filius

254 4078 373 4133 est;
406 4067 493 4123 ubi
521 4050 691 4130 audis,
723 4078 827 4120 non
856 4063 1002 4118 habet
1026 4064 1197 4137 finem,
1221 4061 1444 4116 excelsus
1472 4069 1520 4115 et
1538 4059 1831 4113 immensus.

254 4148 331 4213 Tu
359 4158 502 4213 enim
535 4159 743 4213 Patrem
771 4153 1141 4211 tantummodo
1161 4166 1280 4211 esse
1304 4151 1583 4206 contendis
1610 4152 1835 4206 immen-

253 4263 393 4303 sum.
425 4248 608 4305 Times
633 4247 831 4311 dicere,
858 4244 1087 4315 Spiritus
1122 4252 1336 4301 sanctus
1373 4252 1491 4310 est;
1522 4240 1612 4296 ubi
1637 4241 1788 4297 audis
1811 4278 1828 4309 ,

254 4338 335 4391 hic
355 4336 499 4393 Deus
517 4348 705 4393 noster.
735 4337 816 4392 Tu
839 4337 981 4392 enim
1009 4350 1108 4391 nec
1137 4336 1303 4391 Deum
1328 4334 1406 4388 vis
1431 4349 1551 4389 esse
1577 4334 1831 4404 Spiritum

254 4437 519 4486 sanum.
545 4427 683 4495 Quid
722 4442 785 4483 es
823 4436 1069 4494 acturus.
1102 4425 1229 4496 quid
1266 4434 1644 4495 responsurus,
1674 4426 1834 4480 homo

255 4519 340 4587 qui
367 4533 475 4572 non
503 4520 583 4579 vis
611 4534 731 4574 esse
769 4518 1081 4584 catholicus,
1105 4525 1162 4570 ut
1185 4515 1453 4571 Christum
1491 4517 1573 4571 sic
1605 4517 1835 4586 accipias

256 4609 307 4662 in
340 4607 516 4663 forma
543 4609 683 4664 servi
725 4625 884 4677 super
909 4617 1101 4663 terram
1128 4607 1322 4671 visum,
1352 4615 1406 4661 et
1429 4605 1567 4662 inter
1592 4606 1835 4662 homines

255 4710 647 4766 conversatum,
677 4708 734 4755 ut
762 4711 936 4755 tamen
965 4701 1017 4754 in
1046 4700 1211 4754 forma
1234 4700 1325 4754 Dei
1349 4699 1400 4754 in
1427 4715 1531 4771 qua
1557 4700 1835 4756 invisibilis

256 4792 472 4857 mansit,
500 4793 805 4846 confitearis
830 4790 1190 4847 immensum?
1220 4789 1321 4844 Hic
1354 4786 1495 4846 Deus
1518 4800 1703 4859 noster,
1732 4808 1836 4847 non

253 4882 585 4935 animabitur
608 4882 739 4935 alius
760 4882 827 4935 ad
847 4899 979 4935 cum.
1007 4882 1136 4950 Quis
1155 4883 1307 4947 alius,
1333 4882 1435 4938 nisi
1454 4883 1833 4950 Antichristus,

254 4984 414 5041 quem
458 4980 643 5027 rerum
690 4971 960 5028 Christum
1006 4973 1139 5028 ﬁdes
1178 4986 1303 5028 vera
1329 4987 1433 5027 non
1464 4975 1710 5040 aestimat,
1743 4974 1836 5029 sed

256 5072 376 5117 eum
410 5074 507 5131 pro
553 5071 681 5119 vero
707 5062 921 5119 Christo
960 5058 1299 5120 exsecrabilis
1335 5063 1641 5119 indu-orum
1684 5077 1838 5120 error

255 5160 530 5221 esspeCtat
549 5152 574 5205 Τ
1272 5162 1277 5165 '

326 5243 415 5297 Η.
458 5243 515 5298 Si
538 5258 679 5309 oras,
713 5254 768 5300 et
791 5245 950 5315 petis,
980 5255 1038 5301 ut
1062 5244 1215 5313 dicis,
1242 5239 1533 5317 discipulus
1555 5262 1674 5303 esse
1695 5247 1834 5303 divi-

254 5347 446 5387 narum
474 5333 865 5404 Scripturarum
886 5380 900 5400 ,
934 5337 1000 5392 ad
1046 5354 1157 5393 rem
1189 5339 1504 5409 pertinentia
1535 5341 1832 5396 testimonia

253 5422 432 5477 divina
464 5427 762 5482 considera.
794 5427 909 5482 Noli
937 5443 1032 5498 per
1073 5430 1234 5484 multa
1264 5446 1383 5501 quae
1411 5441 1462 5487 te
1500 5431 1629 5486 nihil
1676 5432 1832 5503 adju-

254 5524 401 5581 vant,
432 5519 644 5588 evagari
669 5536 682 5574 :
707 5521 843 5590 elige
883 5521 1175 5591 prudenter
1202 5532 1379 5579 tacere
1403 5540 1560 5595 quam
1606 5526 1835 5582 inaniter

254 5604 432 5675 loqui,
459 5609 672 5678 quando
712 5627 815 5666 non
846 5611 1048 5666 iuvenis
1091 5614 1214 5682 quid
1246 5615 1568 5684 respondeas
1607 5616 1827 5672 manife-

256 5696 505 5755 stissimm
548 5700 774 5757 veritati.
819 5700 1032 5759 Timere
1060 5710 1112 5759 te
1140 5705 1375 5761 ostendis
1400 5746 1415 5774 ,
1445 5721 1512 5764 ne
1542 5715 1593 5764 te
1636 5706 1829 5763 nudem

1577 377 1785 449 LIBER,
1810 366 2179 439 SECUNDUS.

3389 379 3495 435 8U

1920 490 2192 561 discipulis
2220 487 2341 547 tuis.
2376 478 2583 550 Utinam
2613 496 2666 544 tu
2692 487 2906 544 Christo
2931 488 3010 544 sic
3033 486 3266 557 induaris
3286 530 3301 557 ,
3331 499 3388 544 ut
3412 491 3493 545 di-

1920 584 2151 654 scipulos
2177 591 2295 640 tuos
2324 584 2491 651 magis
2520 583 2684 651 ipsius
2707 582 2836 637 velis
2862 582 3152 651 discipulos
3175 597 3293 637 esse
3334 599 3492 653 quam

1922 684 2059 731 tuos.
2088 674 2217 729 Nam
2247 690 2331 729 me
2357 690 2460 729 non
2491 674 2728 744 pmnitet,
2751 683 3005 744 quantum
3035 675 3287 730 Dominus
3312 675 3493 738 donat,

1921 781 2137 837 Operam
2172 766 2302 821 dare
2328 774 2389 820 ut
2418 775 2471 820 tu
2499 773 2553 819 et
2590 765 2839 835 discipuli
2866 767 2938 820 ttti
2975 766 3075 821 sub
3106 783 3210 821 uno
3248 768 3501 838 magistro

1890 876 1893 877 '
1921 857 2039 911 sitis
2067 856 2412 926 condiscipuli
2440 857 2564 911 mei.
2593 856 2858 912 Tractatui
2886 866 3065 912 autem
3094 873 3235 924 meo,
3263 858 3348 913 cui
3379 869 3501 928 post

1924 955 2128 1005 tantum
2154 956 2363 1019 tempus
2383 947 2557 1003 adhuc
2583 956 2635 1003 te
2658 963 3038 1020 responsurum
3066 963 3191 1007 esse

1923 1039 1967 1099 si
1997 1039 2066 1093 ita
2095 1054 2447 1111 responsurus
2473 1054 2531 1094 es
2550 1081 2564 1105 ,
2606 1047 2663 1093 ut
2690 1039 2848 1093 modo
2875 1040 3190 1109 respondisti
3219 1040 3302 1094 vel
3331 1040 3501 1095 inter-
3526 1057 3533 1061 θ

1925 1132 2317 1201 rogationibus,
2348 1133 2430 1189 vel
2472 1131 2933 1202 prosecutionibus
2978 1132 3149 1199 meis,
3193 1147 3297 1187 non
3349 1134 3504 1203 plane

1924 1224 2119 1294 aliquid
2149 1225 2529 1296 respondebis;
2557 1224 2650 1280 sed
2675 1232 2731 1279 ut
2755 1222 2993 1279 homines
3023 1240 3126 1279 non
3155 1225 3504 1297 intelligentcs

1894 1316 2422 1387 quomodocumque
2448 1314 2681 1386 decipias
2701 1358 2716 1383 ,
2745 1330 2852 1370 non
2881 1316 3096 1371 tacebis.
3134 1317 3214 1371 Ex
3256 1317 3339 1372 his
3374 1334 3504 1388 ergo

1926 1409 2205 1473 omnibus,
2247 1424 2365 1478 qum
2410 1408 2546 1463 sicut
2587 1408 2730 1477 potui
2772 1406 3071 1477 disputavi,
3114 1409 3245 1463 satis
3284 1419 3506 1479 apparet

1928 1499 2099 1556 Patris
2124 1510 2179 1555 et
2204 1497 2322 1555 Filii
2351 1510 2404 1557 et
2430 1500 2661 1571 Spiritus
2686 1502 2853 1556 sancti
2885 1516 3043 1561 uuam,
3072 1517 3191 1561 esse
3219 1503 3499 1568 virtutem,

1927 1606 2086 1646 unam
2115 1605 2236 1647 esse
2262 1592 2629 1658 substantiam,
2663 1604 2822 1648 unam
2847 1591 3115 1658 deitatem,
3147 1610 3305 1650 unam
3337 1597 3505 1666 maje-

1927 1688 2153 1746 statem,
2191 1698 2348 1737 unam
2390 1683 2650 1753 gloriam;
2680 1683 2799 1754 quia
2838 1683 2953 1754 ipsa
2984 1683 3215 1741 Trinitas
3240 1691 3323 1749 est
3364 1703 3505 1751 unus

1929 1773 2183 1828 Dominus
2204 1770 2344 1829 Deus
2364 1783 2562 1842 noster,
2590 1775 2656 1830 de
2682 1787 2786 1846 quo
2805 1775 3001 1831 dictum
3021 1784 3122 1843 est,
3143 1776 3293 1842 Audi,
3318 1777 3503 1843 Israel;

1929 1864 2179 1921 Dominus
2220 1866 2358 1921 Deus
2388 1877 2522 1932 tuus,
2557 1866 2807 1922 Dominus
2845 1884 2979 1922 unus
3004 1878 3074 1923 est
3107 1868 3280 1941 (Deut.
3310 1885 3361 1925 γι
3381 1904 3397 1937 ,
3425 1872 3503 1943 4).

1929 1957 2077 2013 Tune
2101 1968 2275 2014 autem
2300 1960 2496 2015 dictum
2525 1969 2622 2025 est,
2650 1960 2862 2031 quando
2889 1961 3144 2017 Dominus
3171 1963 3315 2018 solus
3340 1963 3511 2019 deduo

1929 2050 2082 2106 cebat
2107 2063 2220 2115 eos,
2248 2062 2300 2106 et
2328 2067 2431 2106 non
2460 2051 2557 2107 fuit
2583 2052 2633 2106 in
2656 2056 2735 2108 eis
2755 2053 2887 2108 deus
2912 2054 3135 2109 alienus.
3164 2054 3343 2124 Neque
3363 2056 3506 2110 enim

1932 2157 2037 2196 non
2062 2156 2155 2196 eos
2181 2140 2475 2197 deducebat
2500 2143 2556 2197 et
2576 2141 2819 2197 Christus
2838 2185 2852 2207 ,
2880 2158 3000 2197 cum
3027 2143 3170 2198 dicat
3194 2144 3504 2213 Apostolus,

1933 2230 2109 2302 Neque
2132 2241 2374 2287 tentemus
2398 2230 2671 2298 Christum,
2702 2234 2830 2286 sicut
2859 2234 3064 2305 quidam
3103 2234 3308 2289 illarum
3336 2244 3502 2290 tenta-

1929 2332 2102 2376 verunt
2130 2321 2169 2394 (1
2199 2322 2315 2381 Cor.
2345 2340 2399 2389 ι,
2429 2324 2520 2395 9);
2548 2333 2638 2387 aut
2666 2323 2943 2380 ChristusI
2973 2340 3076 2381 non
3104 2334 3188 2381 est
3219 2326 3376 2389 Deus,
3410 2329 3509 2381 aut

1929 2411 2176 2469 Christus
2209 2414 2345 2469 Deus
2388 2423 2469 2468 est
2496 2414 2721 2470 alienus.
2754 2415 2851 2471 llic
2887 2424 2969 2471 est
3010 2431 3134 2487 ergo
3164 2408 3303 2472 Deus
3348 2417 3509 2473 Pater

1931 2513 1985 2559 ct
2015 2503 2179 2559 Filius
2204 2508 2257 2560 et
2281 2505 2507 2575 Spiritus
2528 2514 2763 2569 sanctus,
2796 2506 3027 2564 Trinitas
3052 2524 3189 2565 unus
3214 2508 3356 2566 Deus
3380 2528 3393 2566 :
3417 2514 3525 2566 cui.

1931 2596 2019 2648 uni
2043 2594 2292 2664 jubemur
2334 2608 2397 2653 ea
2425 2612 2541 2666 qua:
2580 2613 2687 2651 non
2732 2599 2832 2653 nisi
2866 2599 2973 2655 Deo
2998 2599 3223 2657 debetur
3250 2601 3506 2658 servitute

1932 2686 2135 2740 servire
2156 2727 2171 2751 ,
2198 2696 2319 2749 cum
2346 2688 2591 2744 audimus
2613 2731 2627 2755 ,
2661 2679 2935 2746 Dominum
2965 2683 3127 2749 Deum
3146 2703 3295 2749 tuum
3320 2696 3507 2750 adoraa

1894 2818 1897 2821 ς
1932 2772 2026 2843 bis,
2058 2787 2102 2831 et
2133 2778 2207 2832 illi
2236 2771 2333 2833 soli
2363 2780 2545 2834 seruies
2576 2780 2749 2851 (Deut,
2779 2789 2852 2846 vt,
2885 2782 2996 2848 l5).
3023 2783 3207 2858 Neque
3230 2786 3371 2840 enim
3399 2786 3501 2841 hac

1931 2870 2186 2925 servitute
2232 2886 2339 2925 non
2387 2871 2649 2927 servimus
2676 2872 2890 2929 Christo
2911 2915 2925 2939 ,
2958 2874 3110 2943 cujus
3146 2875 3383 2932 membra
3413 2891 3510 2931 su-

1932 2976 2083 3027 mus;
2102 2961 2439 3032 autSpiritul
2464 2970 2668 3029 sancto,
2691 2965 2843 3034 cujﬁs
2866 2966 3118 3037 templum
3149 2982 3351 3024 sumus.
3382 2969 3510 3025 limo

1932 3051 2162 3107 Trinitas
2187 3068 2323 3107 unus
2357 3055 2500 3109 Deus
2533 3054 2698 3110 dicit:
2726 3053 2837 3127 Ego
2860 3072 2970 3111 sum
3012 3048 3259 3116 Dominus
3280 3092 3299 3126 ,
3338 3068 3383 3114 et
3410 3074 3511 3115 non
3558 3131 3563 3135 g

1930 3154 2007 3198 est
2026 3145 2158 3200 alius
2188 3150 2381 3215 .praiter
2406 3164 2485 3200 me
2511 3146 2632 3217 (Id.
2666 3161 2849 3214 xxxtt,
2877 3142 2999 3220 39).
3025 3151 3208 3221 Neque
3234 3153 3375 3209 enim
3406 3168 3513 3211 tum

1931 3248 2016 3295 est
2044 3232 2297 3295 Dominus
2320 3234 2581 3306 Christus,
2605 3257 2765 3311 quem
2790 3256 2886 3298 vos
2908 3257 3119 3315 quoque
3140 3245 3304 3301 Deum
3335 3253 3388 3302 et
3411 3246 3516 3303 ῡσι

1930 3330 2133 3385 minum
2159 3331 2518 3398 conﬁtemini;
2549 3339 2640 3388 aut
2666 3331 2896 3403 Spiritus
2922 3346 3136 3391 sanctus
3160 3351 3264 3391 non
3294 3346 3375 3392 est
3405 3339 3513 3392 Do-

1932 3421 2107 3476 minus
2127 3420 2318 3477 domus
2342 3436 2473 3487 suae,
2504 3422 2606 3478 hoc
2629 3432 2710 3478 est
2730 3424 2908 3493 templi
2934 3427 3036 3481 sui.
3070 3425 3186 3497 ipse
3213 3437 3292 3483 est
3317 3428 3514 3499 quippe

1932 3512 2158 3583 Spiritus
2185 3514 2393 3569 Domini
2419 3507 2488 3571 de
2508 3529 2615 3585 quo
2639 3514 2833 3572 dicititr
2854 3535 2867 3570 :
2891 3507 3139 3572 Dominus
3159 3528 3329 3572 autem
3355 3520 3513 3589 spiri-

1934 3613 2017 3658 tus
2039 3614 2149 3669 est;
2174 3604 2260 3659 ubi
2282 3613 2448 3671 autem
2465 3599 2672 3677 spiritus
2702 3606 2908 3662 Domini
2926 3640 2942 3673 ,-
2972 3606 3042 3662 ibi
3063 3610 3268 3663 libertas
3296 3610 3364 3678 (ll
3391 3608 3510 3665 Cor.

1936 3707 2015 3765 tu,
2048 3695 2156 3769 i7).
2188 3697 2313 3752 llaec
2353 3707 2437 3753 est
2476 3699 2704 3759 Trinitas
2746 3712 2882 3759 unus
2924 3699 3063 3755 Deus
3087 3740 3101 3763 ,
3142 3700 3209 3755 de
3251 3716 3356 3772 quo
3384 3701 3515 3758 dicit

1934 3788 2258 3859 Apostolus:
2287 3786 2480 3843 Nullus
2509 3789 2677 3855 Deus,
2708 3791 2807 3845 nisi
2833 3807 2965 3846 unus
3013 3792 3054 3857 (Ι
3097 3790 3213 3847 Cor.
3262 3804 3351 3848 vut
3376 3834 3390 3857 ,
3430 3794 3512 3864 4).

1935 3881 2050 3937 Νοιι
2076 3881 2218 3936 enim
2238 3896 2361 3949 cum
2385 3879 2500 3938 bare
2522 3881 2739 3948 auditis,
2769 3883 2933 3939 Deum
2962 3894 3155 3954 negare
3183 3884 3511 3956 unigenitum

1935 3963 2162 4029 audetis.
2195 3974 2290 4028 llic
2318 3973 2455 4029 Deus
2483 3972 2715 4028 Trinitas
2739 3972 2902 4030 dicit:
2929 3971 3042 4045 Ego
3059 3988 3171 4029 sum
3194 3976 3283 4047 qui
3308 3991 3439 4042 sunt,
3465 3986 3517 4032 et

1937 4080 2037 4119 non
2064 4079 2176 4118 sum
2198 4070 2418 4119 mutatus
2446 4062 2639 4136 (Exod.
2662 4080 2738 4129 tu,
2765 4064 2853 4131 i4,
2873 4074 2920 4119 et
2943 4063 3171 4119 Malae/1.
3196 4081 3273 4133 tu,
3298 4068 3377 4140 6).
3398 4068 3516 4125 Non

1937 4153 2079 4210 enim
2108 4164 2337 4210 mutatus
2366 4164 2449 4210 est
2475 4154 2723 4212 Christus
2743 4196 2757 4221 ,
2789 4156 2873 4211 cui
2903 4156 3098 4212 dicitur
3123 4174 3138 4214 :
3163 4157 3387 4215 Mutabis
3412 4177 3515 4214 crn-

1940 4244 2037 4310 los,
2064 4255 2110 4300 et
2140 4247 2500 4313 mutabuntur,-
2529 4255 2583 4300 tu
2620 4256 2788 4301 autem
2824 4243 2956 4302 idem
2996 4248 3109 4318 ipse
3125 4248 3223 4322 es(
3255 4248 3398 4305 Psal.
3429 4266 3517 4318 cr,

1937 4337 2027 4402 27,
2054 4335 2145 4408 28)
2172 4355 2185 4391 :
2214 4348 2303 4393 aut
2351 4338 2639 4393 mutabitttr
2681 4338 2907 4409 Spiritus
2949 4340 3223 4408 veritatis,
3285 4357 3408 4398 cum
3448 4345 3521 4400 sit

1939 4428 2283 4485 immutabilis
2326 4431 2562 4496 veritas,
2603 4430 2686 4486 cui
2718 4439 2920 4487 tantum
2967 4432 3223 4489 honorem
3265 4433 3359 4491 dat
3404 4436 3522 4508 ipse

1940 4520 2218 4587 Christus,
2269 4528 2327 4575 ut
2376 4519 2556 4587 dicat,
2605 4520 2823 4591 Expedit
2851 4524 2987 4577 vobis
3026 4534 3080 4578 ut
3109 4540 3198 4595 ego
3241 4540 3353 4579 eam
3376 4541 3397 4581 :
3423 4528 3524 4582 nisi

1940 4615 2072 4669 enim
2101 4630 2190 4685 ego
2215 4613 2381 4668 abiero
2402 4656 2417 4677 ,
2452 4613 2753 4668 Paracletus
2776 4630 2876 4668 non
2903 4616 3063 4670 veniet
3106 4617 3175 4670 ad
3214 4633 3302 4672 vos
3335 4617 3517 4688 (loco.

1939 4716 2050 4771 xvt,
2082 4705 2178 4776 7):
2213 4712 2289 4771 et,
2321 4704 2627 4774 Quicumque
2644 4705 2827 4759 dixerit
2858 4705 3221 4777 blasphemiam
3249 4709 3300 4763 in
3324 4708 3522 4763 Filium

1941 4796 2184 4861 hominis,
2217 4795 2493 4849 dimittetur
2521 4795 2567 4851 ei
2584 4814 2604 4863 ;
2642 4797 2934 4868 quiasilent
2961 4799 3142 4853 dixerit
3184 4799 3238 4853 iu
3268 4800 3522 4869 Spiritum

1940 4897 2185 4951 sanctum,
2215 4902 2315 4940 non
2341 4885 2617 4941 dimittetur
2638 4888 2685 4941 ei
2713 4888 2927 4955 (Matth.
2954 4906 3051 4956 xtt,
3079 4890 3194 4962 52).
3214 4891 3280 4944 Et
3305 4905 3428 4946 eum
3450 4890 3519 4947 de

1942 4993 2001 5032 se
2031 4978 2145 5047 ipso
2172 4976 2386 5042 dixerit,
2419 4976 2549 5033 Ecce
2571 4994 2663 5049 ego
2687 4979 2938 5034 vobiscum
2978 4996 3094 5035 sum
3119 4997 3273 5050 usque
3298 4982 3367 5034 ad
3389 4997 3519 5036 con-

1940 5069 2320 5123 summationem
2364 5068 2537 5125 saeculi
2579 5069 2691 5141 (Id.
2723 5085 2891 5125 xxvm
2913 5111 2928 5135 ,
2960 5069 3093 5142 20);
3116 5070 3191 5127 de
3226 5072 3315 5126 illo
3344 5072 3480 5127 ﬁxit
3504 5116 3522 5137 ,

1946 5158 2014 5214 Ut
2038 5159 2287 5213 vobiscum
2311 5159 2376 5213 sit
2400 5160 2454 5214 in
2483 5170 2723 5215 internum
2750 5160 2930 5231 (Joau.
2961 5176 3075 5229 Iuv,
3104 5162 3221 5233 id}
3249 5163 3341 5218 llis
3357 5173 3520 5234 atque

1943 5250 2248 5320 huiusmodi
2275 5251 2620 5316 testimoniis,
2651 5266 2770 5322 quae
2794 5253 2971 5305 omnia
2999 5267 3239 5322 ιιιιιιειθινθ
3274 5262 3331 5310 et
3366 5255 3522 5310 colli-

1942 5360 2067 5417 gere
2110 5345 2322 5417 longum
2350 5355 2431 5402 est
2454 5387 2468 5411 ,
2500 5347 2543 5402 si
2574 5347 2792 5417 pacilice
2835 5349 3141 5419 acquiescas
3164 5391 3179 5418 ,
3209 5352 3314 5407 eris
3335 5395 3351 5419 ,
3379 5354 3526 5424 quid

1943 5453 2098 5493 orare
2127 5447 2180 5493 et
2204 5448 2392 5508 optare
2420 5448 2471 5494 te
2497 5439 2656 5507 dicis,
2681 5440 2978 5495 divinarum
3007 5442 3403 5514 Scripturarum
3435 5445 3518 5501 (Κι-

1942 5528 2199 5599 scipulus,
2227 5536 2286 5582 ut
2313 5528 2383 5584 de
2411 5537 2500 5583 tua
2530 5528 2861 5587 fraternitate
2887 5533 3231 5603 gaudeamus.

2010 5717 2026 5748 ⁸
2060 5715 2209 5777 Editi,
2244 5712 2415 5777 quibus
2439 5720 2681 5767 cnnstus.
2712 5715 2877 5768 Melius
2908 5725 3045 5782 Mss,
3083 5727 3171 5771 aut
3195 5720 3428 5772 curisita.
