4042 6444
541 418 648 477 διε
1500 400 1867 463 auuoamo
1903 376 1972 455 tu
2009 393 2252 453 uanos
2290 392 2378 450 DE
2415 388 2810 450 TRINITATE.
3706 376 3817 434 8l6

544 496 3826 572 ΝΜ

1720 586 1904 643 [TER
1947 582 2239 641 CONTRA
2274 581 2633 648 ARIANOS,

1239 720 1291 756 ιιι
1308 716 1439 755 rom
1461 717 1513 752 ιι.
1537 727 1598 740 -
1619 699 1841 772 Epistolae
1857 709 2000 772 οιιιιις,
2024 707 2284 755 ccxxxvm,
2307 705 2535 753 ccxxxnx,
2555 704 2691 751 ccxn,
2714 702 2835 740 ean!

1537 727 1598 740 —
1619 699 1841 772 Epistolae
1857 709 2000 772 οιιιιις,
2024 707 2284 755 ccxxxvm,
2307 705 2535 753 ccxxxnx,
2555 704 2691 751 ccxn,
2714 702 2849 740 eam
2870 696 3112 772 etcum.

1234 783 1283 819 IN
1303 781 1435 819 τοιιο
1456 780 1523 815 ιιι.
1541 791 1599 803 --
1619 758 1869 813 'l‘i'actatus
1888 762 1939 810 in
1959 767 2094 808 Joan.
2122 771 2255 816 mn,
2279 770 2365 817 xx,
2385 770 2553 816 xxxvi,
2580 768 2766 821 xxxvii,
2789 765 2870 802 ιιι
2894 758 2946 821 et
2965 763 3095 800 LXXI.

1233 846 1285 880 ut
1308 842 1438 881 τοιιο
1458 843 1507 879 v.
1525 854 1589 864 —
1607 832 1865 876 Sermones
1887 838 1968 883 ut,
1992 835 2138 881 cxvn,
2160 834 2322 879 cxvtu,
2347 832 2549 878 cxxnx,
2568 820 2675 877 ext,
2700 828 2863 865 cccxu
2882 820 2934 863 et
2956 823 3235 861 cecuxnv.

541 941 3830 1028 ω

1620 1281 1706 1345 1N
1768 1276 2050 1341 LIBROS
2112 1274 2219 1336 DE
2268 1260 2761 1341 ‘TRINITATE.

1985 1418 2396 1457 ππτπππν

580 1548 589 1559 ’
616 1550 904 1611 Ῥισιίιιιιιι
935 1545 1003 1606 de
1029 1543 1292 1604 Trinitate
1321 1556 1455 1615 opus
1485 1555 1578 1614 per
1607 1554 1775 1597 annos
1803 1553 1910 1595 non
1940 1552 2138 1610 paucos
2164 1538 2214 1592 in
2246 1534 2490 1592 manibus
2515 1531 2699 1588 habuit
2727 1527 3089 1603 Augustinus;
3128 1541 3249 1582 cum
3294 1524 3424 1581 illud
3447 1565 3463 1590 ,
3507 1534 3567 1579 ιιι
3605 1522 3725 1594 ipse
3769 1523 3840 1576 ad

557 1643 832 1702 Aurelium
864 1638 1085 1706 scribit,
1112 1637 1323 1709 juvenis
1352 1633 1652 1700 inclinarit,
1703 1647 1868 1687 senex
1906 1627 2150 1686 ediderit.
2203 1622 2409 1699 Quippe
2456 1625 2507 1679 id
2550 1623 2704 1678 facile
2749 1620 3168 1684 intermittebat,
3218 1618 3428 1688 quoties
3472 1616 3560 1670 alii
3605 1615 3844 1683 cuipiam

566 1735 983 1793 incumbendum
1010 1740 1125 1788 erat
1149 1728 1296 1800 operi
1321 1770 1335 1795 ,
1368 1727 1507 1797 quod
1537 1723 1775 1798 pluribus
1803 1724 2131 1794 profuturum
2160 1720 2492 1777 existimabat
2518 1736 2532 1784 ;
2574 1726 2721 1771 ratus
2761 1714 2897 1770 istud
2927 1714 3202 1783 operosius
3232 1720 3287 1767 et
3315 1712 3488 1766 minus
3518 1710 3649 1765 utile
3677 1721 3844 1779 quam

572 1830 829 1901 pleraque
856 1826 962 1881 alia
988 1867 1003 1893 ,
1035 1819 1174 1894 quod
1205 1835 1288 1876 res
1320 1820 1490 1874 minus
1517 1816 1847 1872 necessarias
1874 1825 1927 1869 et
1954 1829 1984 1867 a
2018 1813 2353 1883 paucioribus
2382 1808 2749 1879 intelligendas
2783 1805 3099 1860 contineret.
3139 1804 3291 1857 llunc
3327 1802 3563 1857 laborem
3607 1800 3851 1869 suscepit

570 1923 626 1977 in
657 1934 841 1975 eorum
871 1916 1202 1989 potissimum
1226 1911 1450 1983 gratiam
1477 1949 1492 1975 ,
1520 1908 1608 1977 qui
1636 1906 1756 1961 ﬁdei
1786 1902 2155 1960 auctoritatem
2186 1919 2301 1973 non,
2335 1901 2653 1972 recipientcs
2681 1940 2696 1965 ,
2742 1897 3118 1969 mysteriorum
3167 1895 3443 1948 veritatem
3493 1892 3701 1946 ratione
3748 1891 3850 1945 de-

570 2011 857 2068 monstrari
886 2003 987 2065 sibi
1015 2004 1280 2063 volebant.
1314 2004 1444 2059 Cum
1476 2002 1615 2057 enim
1645 2001 1696 2054 in
1728 2014 1999 2054 sacrarum
2028 2013 2206 2053 rerum
2234 1994 2575 2051 meditatione
2600 2035 2615 2061 ,
2646 1991 2729 2046 cui
2758 2005 2816 2046 se
2845 1989 3075 2043 maxime
3120 1985 3354 2041 deditum
3384 1984 3480 2039 Vir
3523 1993 3741 2037 sanctus
3795 1984 3854 2038 in

572 2107 664 2162 lib.
694 2106 719 2160 1
749 2146 766 2172 ,
797 2118 916 2174 cap.
948 2103 983 2156 '5
1005 2141 1021 2167 ,
1052 2099 1327 2170 proﬁtetur
1351 2136 1366 2163 ,
1396 2094 1546 2166 plura
1578 2093 1632 2147 in
1659 2092 1773 2147 dies
1805 2098 1862 2147 et
1886 2088 2072 2145 altiora
2105 2083 2284 2144 divino
2311 2084 2602 2142 illustratus
2632 2083 2832 2138 lumine
2861 2081 3170 2151 detegeret,
3205 2094 3309 2131 non
3340 2078 3638 2149 patiebatur
3665 2076 3855 2130 citari-

571 2209 653 2255 tas
698 2171 912 2268 ipsum,
959 2210 1077 2265 qua:
1120 2206 1185 2246 ex
1235 2190 1327 2245 Dei
1372 2189 1512 2243 dono
1539 2186 1832 2256 accepisset
1856 2226 1871 2252 ,
1900 2182 2018 2238 aliis
2046 2182 2332 2254 denegare.
2362 2180 2619 2250 Sperabat
2647 2176 2907 2249 siquidem
2936 2176 3047 2231 fore
3073 2217 3086 2237 ,
3122 2184 3177 2229 ut
3207 2173 3323 2227 aliis
3351 2171 3703 2227 ministrando
3732 2185 3859 2240 qua:

566 2265 847 2362 tegerent,
888 2288 1002 2357 ipse
1043 2297 1254 2357 quoque
1303 2278 1618 2352 proﬁceret;
1664 2293 1728 2333 ac
1768 2274 1888 2331 aliis
1931 2277 2153 2347 cupiens
2191 2273 2514 2345 respondere
2556 2266 2915 2343 quaerentibus
2944 2310 2959 2334 ,
2992 2267 3152 2323 etiam
3180 2269 3292 2337 ipse
3322 2266 3373 2321 id
3400 2266 3541 2335 quod
3568 2265 3853 2335 quaarebat

598 2357 861 2438 n—t'eniret.
891 2379 1028 2450 Ergo
1052 2376 1248 2446 suscepi
1273 2416 1288 2441 ,
1316 2375 1389 2428 ait
1413 2413 1429 2438 ,
1458 2372 1551 2427 lib.
1581 2370 1632 2437 1,
1662 2385 1779 2440 cap.
1813 2366 1847 2425 5
1869 2410 1884 2436 ,
1916 2371 2021 2423 lucc
2040 2409 2056 2435 ,
2077 2368 2287 2447 jubente
2314 2377 2461 2438 atque
2487 2366 2757 2435 udjuvante
2786 2361 3000 2416 Domino
3033 2361 3134 2414 Deo
3157 2370 3327 2414 nostra
3351 2402 3365 2426 ,
3396 2376 3495 2413 non
3522 2369 3625 2412 tam
3651 2357 3862 2427 cognita

572 2490 687 2529 cum
713 2470 1010 2526 auctoritate
1035 2468 1276 2521 disserere
1295 2507 1312 2533 ,
1340 2480 1493 2535 quam
1520 2479 1579 2517 ea
1597 2478 1713 2516 cum
1739 2460 1920 2532 pietate
1948 2459 2239 2514 disserendo
2266 2442 2584 2529 cognoscere.
2616 2453 2862 2509 Testatur
2891 2455 2942 2507 in
2967 2453 3111 2507 tertii
3141 2450 3257 2505 libri
3288 2450 3506 2505 exordio
3527 2491 3542 2514 ,
3586 2448 3771 2502 stilum
3797 2463 3864 2502 se

570 2566 891 2637 perlibenter
923 2561 1083 2615 fuisse
1114 2570 1521 2628 suppressnrum
1549 2595 1566 2622 ,
1597 2556 1640 2609 si
1674 2570 1759 2610 res
1784 2551 2089 2623 lmjusmodi
2118 2566 2147 2603 a
2179 2549 2383 2604 Latinis
2427 2548 2794 2602 invenirentur
2838 2541 3113 2615 expiieata:
3137 2584 3152 2607 ,
3202 2553 3294 2597 aut
3335 2540 3505 2597 ϐττιξεί
3543 2541 3631 2610 qui
3675 2538 3748 2593 de
3794 2539 3866 2593 iis

571 2632 732 2713 rebus
782 2661 1112 2715 tractarunt,
1161 2658 1343 2705 essent
1383 2647 1545 2702 latine
1587 2645 1819 2710 redditi,
1868 2653 1959 2699 aut
2000 2644 2090 2699 alii
2133 2642 2362 2712 denique
2391 2655 2571 2695 curam
2600 2636 2952 2708 respondendi
2982 2636 3366 2707 qua‘stionibus
3392 2635 3489 2704 ipsi
3521 2632 3817 2704 propositis
3847 2672 3869 2699 ,

568 2766 695 2821 qua:
716 2790 733 2814 ,
764 2749 839 2801 ait
866 2788 879 2811 ,
910 2763 1000 2817 pro
1026 2760 1240 2816 persona
1269 2759 1379 2796 mea
1406 2758 1556 2808 quam
1583 2741 1633 2793 in
1662 2740 1861 2793 servitio
1891 2738 2076 2793 Christi
2101 2752 2216 2808 gero
2240 2778 2255 2802 ,
2284 2751 2481 2789 necesse
2505 2740 2577 2788 est
2606 2749 2682 2786 me
2706 2733 2810 2803 pati
2833 2773 2847 2796 ,
2871 2730 3052 2784 vellent
3075 2729 3346 2800 suscipere.
3668 2718 3669 2721 “

648 2813 1036 2911 Argumentum
1060 2850 1214 2890 suum
1242 2833 1519 2902 variasque
1550 2831 1852 2901 propositas
1875 2830 2016 2884 circa
2044 2826 2094 2882 id
2124 2826 2447 2897 quaestiones
2473 2832 2526 2878 et
2546 2822 2884 2877 difﬁcultates
2912 2818 3014 2875 hoc
3038 2818 3227 2874 ordine
3255 2825 3561 2889 pertractat.
3589 2815 3647 2871 in
3672 2815 3816 2870 libro
3843 2813 3860 2867 ι

573 2952 796 2994 summa:
827 2932 1102 2989 Trinitatis
1130 2929 1385 2986 unitatem
1417 2936 1471 2982 et
1515 2925 1873 2996 aequalitatem
1913 2921 2242 2975 demonstrat
2286 2934 2351 2975 ex
2394 2916 2724 2988 Scripturis:
2762 2918 2945 2969 earnm
2997 2912 3297 2967 testimonia
3342 2928 3459 2981 qua:
3506 2919 3694 2965 contra
3737 2906 3867 2963 ιηιιί

572 3024 926 3096 aequalitatem
958 3034 1237 3092 perperam
1271 3016 1603 3086 objectantur
1628 3056 1643 3081 ,
1675 3011 1946 3084 quomodo
1975 3009 2370 3080 interpretanda
2401 3006 2820 3062 sintsecundum
2852 3003 3165 3059 catholicam
3195 3004 3349 3058 ﬁdem
3376 3046 3390 3069 ,
3419 3002 3673 3057 ostendit.

646 3090 711 3170 ll.
755 3090 1009 3168 liamdein
1039 3107 1316 3165 Trinitatis
1343 3105 1700 3174 aequalitatem
1728 3102 1921 3156 asserit
1946 3142 1959 3164 ,
1989 3100 2218 3170 probans
2242 3099 2372 3151 nihil
2402 3098 2614 3152 obstare
2640 3112 2758 3166 qua:
2779 3095 2845 3149 de
2872 3094 2990 3149 Filii
3018 3094 3271 3147 missione
3300 3109 3361 3147 ac
3386 3092 3616 3162 Spiritus
3645 3090 3825 3145 sancti
3851 3131 3868 3155 ,

564 3206 749 3276 deque
794 3202 953 3258 variis
996 3200 1088 3256 Dei
1128 3196 1551 3269 apparitionibus
1593 3194 1840 3248 dicuntur
1869 3193 1919 3246 in
1951 3189 2257 3259 Seripturis.
2292 3188 2604 3243 Trinitatem
2635 3187 2777 3241 enim
2811 3196 2974 3240 totam
3007 3185 3058 3239 in
3088 3200 3180 3239 sua
3210 3194 3397 3239 natura
3429 3183 3822 3238 immutabilem
3851 3224 3868 3250 ,

569 3298 892 3357 invisibilem
918 3336 933 3360 ,
963 3294 1155 3363 ubique
1181 3301 1497 3363 praesentem
1522 3328 1537 3354 ,
1567 3288 1620 3344 in
1650 3287 1902 3341 missione
1929 3284 2161 3355 qualibet
2184 3282 2266 3337 vel
2295 3284 2625 3353 apparitione
2653 3280 3076 3352 inseparabiliter
3104 3280 3337 3349 operari.

632 3394 735 3450 JH.
774 3389 976 3460 Quatrit
1015 3402 1085 3442 an
1130 3386 1181 3441 in
1228 3383 1495 3456 pra-dictis
1546 3382 1639 3436 Dei
1685 3378 2104 3450 apparitionibus
2145 3391 2403 3444 corporea
2446 3374 2811 3429 tantummodo
2839 3382 3082 3427 creatura
3116 3374 3336 3427 formata
3365 3372 3473 3439 sit,
3500 3372 3554 3426 in
3585 3386 3689 3442 qua
3723 3371 3874 3425 Deus

560 3486 827 3553 {humanis
850 3481 1224 3558 ostenderetur
1252 3477 1557 3548 aspectibus
1584 3490 1599 3539 ;
1636 3490 1702 3528 an
1732 3470 1919 3541 Angeli
1944 3471 2051 3541 jam
2079 3480 2203 3524 ante
2233 3468 2525 3524 cxiSIentes
2555 3469 2624 3522 ita
2655 3466 2761 3521 sint
2789 3465 2936 3520 missi
2964 3506 2980 3533 ,
3014 3478 3071 3520 ut
3097 3482 3159 3521 ex
3190 3480 3416 3537 persona
3450 3465 3543 3519 Dei
3575 3465 3873 3535 loqueren-

579 3592 668 3637 tur
693 3621 707 3644 ,
737 3579 853 3633 sive
880 3591 974 3645 per
999 3571 1333 3642 corporalem
1360 3568 1591 3638 speciem
1622 3565 1687 3620 de
1717 3578 1972 3634 oorporea
2001 3572 2243 3616 creatura
2270 3569 2598 3630 assumptam
2623 3601 2637 3625 ,
2670 3560 2785 3614 sive
2816 3576 2910 3630 per
2939 3576 3091 3615 sumn
3124 3560 3358 3629 ipsorum
3399 3573 3593 3629 corpus
3636 3558 3686 3612 in
3734 3572 3877 3629 quas

576 3674 770 3731 vellent
793 3668 1008 3740 species
1036 3678 1352 3720 conversum
1383 3680 1397 3714 ε
1427 3661 1496 3714 ita
1526 3668 1582 3713 ut
1608 3659 1720 3729 ipsa
1748 3657 1839 3710 Dei
1868 3655 2097 3711 essentia
2125 3669 2391 3723 nunqnatn
2426 3669 2519 3722 per
2547 3667 2605 3707 se
2635 3652 2801 3723 ipsam
2833 3653 2942 3707 visa
2975 3652 3151 3707 fuerit.

630 3764 740 3821 ιν.
770 3763 949 3818 Docet
975 3756 1045 3812 ad
1072 3754 1198 3828 quid
1224 3754 1419 3809 missus
1446 3751 1514 3806 sit
1545 3750 1709 3805 Filius
1740 3747 1851 3803 Dei.
1882 3748 2142 3801 Ca'terum
2174 3787 2189 3810 ,
2225 3745 2419 3815 Filium
2454 3743 2544 3799 Dei
2575 3786 2592 3811 ,
2622 3746 2863 3815 quamvis
2894 3745 3145 3799 missione
3187 3743 3354 3798 factus
3393 3743 3464 3797 sit
3503 3743 3679 3798 minor
3704 3784 3720 3808 ,
3766 3760 3877 3798 non

573 3859 701 3927 ideo
727 3870 848 3913 esse
876 3852 1136 3909 minorem
1166 3847 1287 3919 quia
1315 3844 1461 3901 misit
1486 3859 1607 3900 cum
1636 3842 1794 3896 Pater
1817 3880 1831 3906 ,
1863 3853 1961 3894 nec
1992 3837 2111 3892 ideo
2137 3837 2404 3891 minorem
2431 3834 2687 3906 Spiritum
2737 3845 2978 3891 sanctum
3014 3834 3135 3907 quia
3160 3844 3214 3891 et
3252 3835 3410 3890 Pater
3451 3850 3573 3889 eum
3622 3833 3775 3889 misit
3821 3845 3881 3889 et

569 3953 773 4011 .Filius.

572 4094 575 4097 .
652 4043 718 4099 ν.
745 4040 939 4113 τΡθιτςῑι
965 4036 1035 4093 ad
1070 4031 1362 4093 refellenda
1389 4029 1760 4085 haereticorum
1792 4032 2101 4095 argumenta
2130 4022 2215 4077 illa
2241 4062 2259 4101 ,
2288 4036 2407 4090 qua:
2428 4020 2538 4089 jam
2568 4034 2673 4073 non
2707 4033 2736 4074 e
2764 4017 2959 4073 divinis
2985 4016 3134 4072 libris
3156 4058 3174 4085 ,
3203 4015 3299 4072 sed
3335 4032 3366 4071 e
3410 4031 3508 4072 suo
3549 4029 3713 4070 sensu
3747 4032 3881 4087 pro-

582 4137 779 4195 ferunt.
823 4105 903 4187 Ac
938 4129 1169 4201 prim-um
1208 4122 1349 4194 quod
1376 4120 1643 4191 objectant
1669 4120 1887 4189 gignere
1914 4123 1970 4169 et
1996 4113 2135 4184 gigni
2165 4154 2180 4178 ,
2214 4111 2297 4165 vel
2326 4111 2561 4181 genitum
2588 4124 2709 4165 esse
2733 4118 2788 4164 et
2818 4108 3110 4179 ingenitum
3140 4148 3153 4171 ,
3183 4106 3433 4178 quoniam
3462 4105 3676 4159 diversa
3704 4116 3840 4161 sunt
3865 4148 3883 4173 ,

580 4222 906 4286 substantias
933 4195 1317 4276 esse-diversas
1342 4254 1357 4279 ,
1386 4210 1617 4272 refellit,
1650 4205 1936 4263 ostendens
1963 4204 2061 4259 ista
2090 4202 2159 4257 de
2188 4202 2296 4256 Deo
2324 4214 2428 4254 non
2457 4197 2746 4254 secundum
2773 4198 3120 4254 substantiam
3148 4196 3249 4251 dici
3275 4237 3291 4261 ,
3318 4196 3414 4251 sed
3445 4195 3684 4250 relative.

653 4319 745 4376 Ἦ.
784 4316 843 4373 ιιι
869 4328 971 4373 eos
992 4310 1083 4383 qui
1107 4316 1297 4363 contra
1318 4304 1447 4359 Filii
1474 4300 1832 4372 mqualitatem
1859 4297 2131 4366 disputant
2159 4284 2315 4349 exeo
2341 4292 2483 4364 quod
2509 4291 2755 4346 Christus
2777 4290 2844 4346 ab
2874 4289 3128 4361 Apostolo
3154 4289 3326 4344 dictus
3350 4289 3418 4342 sit
3464 4287 3558 4341 Dei
3606 4286 3790 4340 Virtus
3841 4299 3894 4343 ει

581 4411 683 4469 Dei
713 4379 1401 4480 Sapientiﬁqnatstionem
1435 4392 1681 4465 pr0ponit
1706 4432 1721 4454 ,
1770 4405 1951 4444 annon
1988 4399 2040 4443 et
2072 4388 2185 4456 ipse
2232 4385 2390 4440 Pater
2429 4384 2684 4453 sapientia
2720 4384 2810 4439 sit.
2850 4382 3012 4451 Cujus
3055 4382 3315 4451 tantisper
3357 4379 3521 4435 dilata
3559 4379 3843 4435 Solutione
3870 4424 3887 4445 ,

585 4502 761 4559 adhuc
791 4471 980 4570 probat
1006 4471 1264 4549 unitatem
1293 4499 1347 4545 et
1371 4485 1728 4558 aequalitatem
1759 4481 1931 4538 Patris
1962 4523 1978 4547 ,
2011 4479 2132 4534 Filii
2157 4520 2171 4543 ,
2200 4492 2263 4533 ac
2291 4475 2525 4547 Spiritus
2550 4476 2719 4531 sancti
2744 4492 2758 4541 ;
2787 4486 2842 4531 et
2866 4491 2969 4530 non
3001 4475 3165 4529 Deum
3192 4472 3450 4544 triplicem
3479 4515 3494 4539 ,
3523 4471 3619 4527 sed
3647 4472 3898 4527 Trinita-

587 4605 697 4651 tem
720 4566 906 4647 diciet
921 4586 1079 4644 credi
1102 4594 1372 4656 oportere.
1404 4580 1539 4636 Tum
1570 4577 1800 4647 explicat
1842 4573 2045 4630 dictum
2092 4571 2321 4638 llilarii;
2372 4570 2655 4626 Αἰιενηίιαε
2696 4570 2749 4624 in
2800 4569 2987 4635 Patre,
3016 4569 3203 4641 specie:
3249 4569 3301 4621 in
3343 4566 3611 4638 lmagine,
3659 4584 3789 4621 usus
3839 4568 3895 4619 in

588 4687 821 4744 Munere.
2250 4732 2253 4739 η

659 4777 770 4835 VII.
811 4774 1172 4846 Quarstionem
1197 4808 1212 4834 ,
1235 4783 1358 4840 qua:
1384 4762 1546 4821 dilata
1578 4762 1747 4816 fuerat
1775 4801 1790 4826 ,
1820 4756 2083 4823 resolvit,
2110 4755 2255 4812 docet

2297 4771 2372 4825 [ne
2401 4754 2611 4809 Patrem
2636 4796 2650 4819 ,
2685 4753 2873 4809 Filium
2898 4793 2914 4818 ,
2944 4760 2998 4808 ct
3021 4750 3275 4822 Spiritum
3302 4760 3545 4806 sanctum
3572 4765 3697 4807 esse
3719 4767 3893 4805 unam

574 4887 601 4920 ν
623 4842 922 4927 irtutem'et
952 4880 1109 4921 unam
1136 4858 1452 4931 sapientiam
1478 4896 1493 4920 ,
1522 4870 1626 4909 non
1650 4866 1806 4907 secus
1828 4859 1986 4919 atque
2015 4863 2175 4902 unum
2206 4847 2369 4901 Deum
2396 4855 2449 4900 et
2475 4861 2633 4898 unam
2662 4844 2971 4900 essentiam.
2999 4843 3201 4910 Quaerit
3224 4851 3405 4913 postea
3434 4842 3709 4907 quomodo
3738 4843 3899 4898 dica-

591 4978 676 5019 tur
704 4962 760 5017 in
788 4960 897 5016 Deo
922 4998 938 5024 ,
969 4972 1001 5011 a
1030 4952 1233 5009 Latinis
1257 4963 1360 5004 una
1389 4944 1619 5000 essentia
1641 4983 1659 5010 ,
1688 4952 1798 4996 tres
1826 4954 2067 5010 persona:
2092 4954 2106 5002 ;
2138 4952 2168 4991 a
2197 4937 2399 4992 Graecis
2421 4977 2436 4999 ,
2466 4951 2569 4989 una
2596 4934 2827 4990 essentia
2852 4976 2868 5000 ,
2898 4943 3007 4990 tres
3047 4934 3355 4989 substantia:
3385 4933 3468 4987 vel
3501 4933 3859 5005 hypostases.

664 5044 804 5110 VIII.
842 5023 1069 5106 Ratione
1112 5043 1274 5099 etiam
1319 5035 1525 5093 reddita
1564 5040 1864 5098 monstrat,
1904 5044 2009 5085 non
2047 5028 2219 5084 solmn
2246 5026 2459 5083 Patrem
2491 5026 2627 5080 Filio
2653 5040 2757 5080 non
2787 5040 2906 5080 esse
2931 5024 3186 5094 majorem
3214 5065 3229 5088 ,
3257 5023 3352 5079 sed
3379 5038 3476 5078 nec
3503 5023 3696 5078 ambos
3727 5024 3905 5080 simul

589 5142 797 5218 διεφιίά
814 5139 989 5218 maius
1015 5151 1137 5193 esse
1164 5147 1324 5204 quam
1363 5127 1621 5205 Spiritum
1659 5132 1903 5179 sanetum
1931 5161 1947 5187 ,
1998 5136 2098 5175 nec
2139 5118 2404 5188 quoslibet
2442 5120 2575 5172 duos
2618 5117 2777 5171 simul
2825 5116 2877 5170 in
2924 5116 3112 5171 eadem
3164 5115 3422 5170 Trinitate
3465 5115 3644 5185 majus
3684 5116 3905 5187 aliquid

591 5208 756 5311 quam
779 5208 989 5302 unum,
1016 5244 1117 5290 nec
1142 5240 1331 5284 onmes
1355 5221 1517 5279 simul
1540 5230 1647 5276 tres
1672 5218 1845 5288 majus
1870 5215 2067 5286 aliquid
2096 5228 2254 5284 quam
2290 5212 2549 5283 singulos.
2591 5211 2857 5267 Admonet
2897 5220 2953 5264 ut
2993 5225 3057 5265 ex
3101 5209 3341 5265 veritatis
3385 5208 3758 5266 intellectioae
3782 5251 3804 5277 ,
3834 5224 3908 5264 ex

591 5300 784 5388 notitia
802 5300 999 5384 summi
1028 5321 1192 5386 boni,
1218 5327 1274 5374 et
1298 5333 1364 5373 ex
1392 5313 1553 5370 insito
1578 5312 1761 5367 amore
1782 5308 2002 5379 justitia:
2024 5347 2039 5373 ,
2068 5305 2392 5375 intelligatur
2433 5314 2620 5358 natura
2662 5303 2797 5370 Dei;
2841 5301 3136 5372 prtesertim
3174 5317 3304 5356 vero
3344 5312 3401 5356 ut
3444 5300 3613 5371 ipsius
3650 5302 3903 5372 cognitu

571 5429 863 5492 .puaeratur
889 5433 985 5491 per
1007 5413 1319 5473 charitatem
1346 5450 1361 5475 ,
1389 5410 1441 5462 in
1467 5422 1570 5477 qua
1599 5405 1696 5461 tria
1725 5402 1968 5472 quaedam
2000 5402 2141 5457 velut
2170 5399 2447 5454 Trinitatis
2476 5399 2756 5469 vestigium
2784 5398 2963 5452 inesse
2987 5397 3253 5452 observat.

667 5509 763 5569 IX.
801 5486 1116 5577 Trinitatem
1142 5504 1195 5559 in
1226 5501 1441 5557 homine
1465 5540 1481 5564 ,
1511 5497 1600 5568 qui
1634 5496 1808 5564 imago
1836 5493 1927 5548 Dei
1955 5502 2038 5547 est
2062 5532 2078 5558 ,
2107 5490 2391 5562 quamdam
2418 5490 2641 5545 inveniri
2665 5489 2822 5545 docet
2851 5506 2864 5542 :
2893 5497 3127 5544 mentem
3157 5529 3170 5555 ,
3198 5496 3253 5543 et
3279 5486 3521 5543 notitiam
3549 5500 3655 5554 qua
3685 5498 3759 5541 se
3805 5500 3883 5541 no

595 5612 709 5675 vit,
740 5613 796 5662 et
820 5615 1059 5660 amorem
1086 5612 1193 5676 quo
1217 5610 1277 5651 se
1303 5592 1647 5660 notitiamque
1669 5602 1820 5643 suam
1846 5586 2013 5655 diligit
2038 5602 2052 5649 ;
2085 5594 2141 5641 et
2167 5583 2282 5638 haec
2313 5584 2410 5638 tria
2441 5597 2560 5638 esse
2589 5583 2727 5637 inter
2755 5597 2815 5638 se
2843 5581 3066 5652 :equalia
3094 5589 3150 5636 et
3176 5581 3329 5634 unius
3356 5580 3625 5635 essentne.

669 5668 740 5755 ἡ.
778 5695 955 5754 Aliam
1004 5692 1059 5749 in
1102 5668 1336 5746 hominis
1385 5677 1996 5739 mcuteevidentiorem
2045 5676 2271 5752 reperiri
2313 5676 2639 5742 trinitatem;
2686 5674 2741 5730 in
2786 5674 3045 5729 memoria
3098 5673 3337 5739 scilicet,
3388 5668 3742 5741 intelligentia
3770 5712 3799 5738 ,
3856 5676 3920 5726 et

600 5793 892 5851 voluntate.

674 5883 765 5941 XI.
793 5883 962 5947 Etiam
986 5878 1043 5936 in
1072 5872 1323 5933 exteriori
1354 5868 1566 5926 homine
1590 5864 1864 5926 trinitatis
1888 5862 2064 5919 aliuua
2091 5859 2309 5931 vesﬁgia
2340 5901 2352 5925 ,
2382 5859 2544 5915 veluti
2576 5860 2627 5913 in
2661 5857 2925 5927 corporali
2954 5856 3157 5913 visione
3184 5899 3198 5923 ,
3227 5854 3574 5925 deprehendi.
