4084 6450
299 365 415 424 817
1302 372 1603 428 ADSIONIT
1607 372 1673 429 10
1713 371 1775 429 ΙΝ
1816 373 1912 429 LIB

1973 371 2055 431 05
2093 374 2181 431 DE
2218 373 2609 433 TRINITATE.
3484 386 3586 444 818

310 536 315 543 ι
379 500 495 557 Ill.
535 501 816 559 Praemissa
838 503 1180 561 distinctione
1206 505 1482 575 sapientia:
1507 520 1535 559 a
1562 507 1782 561 scientia
1808 549 1822 573 ,
1852 507 2084 563 ostendit
2108 507 2159 563 in
2189 523 2251 563 ea
2277 523 2395 578 quae
2421 509 2636 580 proprie
2664 508 2884 565 scientia
2906 498 3102 566 dicitur
3124 553 3141 579 ,
3170 506 3449 583 quamdam
3476 513 3577 575 tri—

296 593 525 649 nitatem
557 614 570 650 :
601 612 721 667 qua:
746 596 870 652 licet
896 597 963 653 ad
989 597 1299 655 interiorem
1327 597 1596 657 hominem
1618 599 1731 670 jam
1760 600 2062 670 pertineat,
2089 600 2325 663 nondum
2352 610 2529 658 tamen
2562 602 2737 674 imago
2766 602 2870 658 Dei
2888 603 2960 660 sit
2981 606 3316 676 appellanda.

376 685 515 741 Xlll.
557 687 841 758 Repertam
867 690 919 744 in
949 688 1169 747 scientia
1195 689 1483 746 trinitatem
1510 691 1730 760 exponit
1757 706 1852 760 per
1879 690 2401 748 commendationem
2434 692 2554 748 fidei
2581 693 2935 753 Christianae...

378 778 515 835 XIV.
556 780 635 837 De
661 782 917 851 sapientia
943 780 1175 836 hominis
1198 798 1321 838 vera
1352 781 1523 850 dicit,
1548 797 1650 853 qua
1681 782 1927 840 videlicet
1950 785 2230 851 meminit,
2260 785 2541 855 intelligit,
2572 797 2627 840 et
2651 786 2823 857 diligit
2853 788 3018 843 Deum
3051 806 3064 844 :
3092 791 3324 847 ostendit
3351 794 3496 863 quod
3523 794 3577 851 in

246 902 257 907 -
292 883 369 923 co
394 870 507 941 ipso
532 869 603 925 sit
629 871 788 927 homo
813 872 987 943 imago
1018 873 1110 928 Dei
1138 872 1430 930 secundum
1461 882 1729 940 mentem;
1761 890 1880 944 quae
1907 875 2122 945 quidem
2152 876 2239 931 hic
2265 880 2552 933 renovatur
2579 877 2631 931 iu
2660 880 2927 950 agnitione
2962 882 3054 937 Dei
3081 924 3096 950 ,
3143 893 3269 940 tunc
3313 901 3446 941 vero
3479 889 3585 943 erit

293 960 356 1016 in
379 976 444 1015 ea
468 961 700 1032 imagine
725 962 958 1032 perfecta
987 963 1080 1019 Dei
1105 962 1401 1019 similitudo
1425 1004 1441 1028 ,
1473 963 1689 1036 quando
1715 965 1806 1021 Dei
1836 965 2067 1034 perfecta
2094 966 2197 1022 erit
2219 967 2377 1023 visio.
2432 1006 2435 1007 ν
2536 1005 2545 1011 .
2798 1010 2805 1013 .
2894 1013 2903 1017 -
3118 1008 3143 1013 ..

370 1052 488 1107 IV.
528 1052 795 1128 Quidquid
822 1054 875 1109 in
902 1054 1265 1124 superioribus
1290 1055 1577 1125 exposuit,
1607 1056 2006 1125 compendiario
2031 1072 2280 1113 sermone
2302 1058 2677 1129 compleatitur
2706 1078 2720 1115 :
2749 1074 2810 1116 ac
2837 1071 3109 1132 postremo
3131 1064 3446 1124 Trinitatem
3474 1108 3490 1136 ,
3523 1070 3578 1125 in

293 1143 455 1213 cujus
482 1144 719 1223 perfecta
743 1146 946 1222 visione
970 1146 1128 1201 nobis
1149 1146 1301 1218 beata
1327 1147 1434 1202 vita
1461 1147 1787 1217 promittitur
1810 1188 1829 1213 ,
1854 1148 2086 1205 ostendit
2123 1150 2341 1209 anobis
2381 1150 2470 1207 hic
2490 1150 2672 1209 videri
2715 1159 2963 1224 tanquam
3004 1172 3101 1227 per
3141 1159 3415 1229 speculum
3442 1170 3498 1219 et
3524 1161 3580 1217 in

290 1236 583 1307 aeiiigmate
606 1278 624 1303 ,
652 1237 780 1293 dum
808 1237 1021 1295 videtur
1050 1254 1145 1308 per
1172 1239 1457 1310 imaginem
1490 1240 1584 1296 Dei
1614 1240 1756 1311 quod
1782 1256 1880 1296 nos
1905 1256 2112 1297 sumus.

373 1329 547 1385 llosce
570 1329 738 1386 libros
778 1330 832 1386 in
872 1330 1357 1387 Retractationibus
1385 1330 1612 1386 collocat
1639 1332 1780 1388 inter
1805 1334 2055 1405 opuscula
2083 1334 2296 1391 circiter
2323 1350 2522 1390 annum
2549 1335 2751 1392 Christi
2781 1337 2886 1394 406
2911 1340 3210 1411 conscripta
3232 1383 3248 1408 ,
3295 1343 3419 1413 quia
3462 1342 3595 1400 illos

292 1437 367 1478 eo
393 1431 635 1493 tempore
662 1422 951 1479 inchoavit.
980 1423 1036 1479 ln
1074 1424 1298 1495 epistola
1330 1424 1434 1481 126
1460 1467 1477 1493 ,
1502 1424 1568 1479 ad
1594 1424 1943 1487 Consentium
1967 1442 2109 1481 anno
2134 1427 2239 1483 MO
2269 1428 2450 1495 missa,
2482 1445 2537 1485 n.
2563 1430 2657 1494 15,
2688 1431 2930 1486 meminit
2961 1432 3139 1502 operis
3179 1433 3247 1489 de
3282 1434 3593 1507 Trinitatis»,

292 1512 441 1583 quod
468 1513 521 1568 in
552 1512 798 1570 manibus
825 1513 1057 1571 habebat
1078 1556 1093 1581 ,
1126 1523 1181 1571 et
1206 1516 1277 1572 ob
1304 1516 1603 1587 argumenti
1635 1517 1996 1588 praestantiam
2026 1532 2090 1572 ac
2112 1517 2481 1574 difficultatem
2510 1519 2744 1575 nondum
2778 1522 3033 1591 perﬁcere
3059 1532 3322 1593 potuerat.
3351 1524 3407 1581 lu
3436 1527 3578 1592 £61,

291 1605 369 1661 ad
395 1604 659 1661 Evodium
683 1647 701 1673 ,
731 1623 849 1677 qua:
875 1606 943 1663 ad
966 1622 1165 1662 annum
1194 1608 1301 1663 414
1326 1607 1556 1679 pertinet
1582 1649 1598 1676 ,
1627 1608 1811 1667 scribit
1836 1624 1891 1667 η.
1919 1607 1958 1663 2
1982 1623 2045 1664 se
2069 1609 2233 1664 libros
2260 1608 2329 1665 de
2354 1609 2612 1666 Trinitate
2638 1612 2874 1668 nondum
2902 1614 3135 1671 edidisse
3161 1633 3175 1668 :
3203 1626 3259 1673 et
3292 1617 3344 1673 in
3383 1618 3595 1676 169υὲ

291 1697 549 1754 eumdem
592 1698 815 1769 epistola
840 1740 857 1768 ,
886 1716 1006 1771 quae
1031 1710 1259 1756 exeunte
1287 1715 1433 1755 anno
1456 1701 1562 1757 415
1590 1701 1897 1772 scripta'est
1918 1715 2023 1781 ,se
2053 1702 2288 1779 nondum
2318 1703 2438 1758 illos
2462 1704 2814 1776 complevisse
2842 1748 2856 1772 ,
2890 1723 2946 1764 n.
2993 1708 3018 1763 1
3067 1717 3309 1766 testatur.
3338 1712 3416 1768 Ex
3455 1714 3578 1784 epi-

290 1788 436 1842 stola
468 1788 569 1844 M5
595 1828 613 1855 ,
640 1786 705 1843 ad
729 1786 1091 1845 Marcellinum
1118 1789 1241 1845 data
1265 1790 1365 1845 sub
1392 1782 1551 1846 finem
1573 1789 1703 1849 anni
1726 1790 1840 1849 M2
1859 1833 1875 1859 ,
1906 1778 2028 1847 licet
2054 1778 2349 1863 intelligere
2370 1832 2387 1861 ,
2432 1810 2495 1863 n._
2520 1792 2555 1849 4
2578 1836 2594 1861 ,
2636 1795 2838 1851 amicos
2860 1798 2927 1853 ab
2952 1812 3018 1852 eo
3048 1798 3312 1869 ﬂagitasse
3336 1842 3351 1866 ,
3392 1812 3451 1857 ut
3484 1778 3587 1859 hoc

295 1879 469 1934 libros
495 1879 825 1950 publicaret;
852 1881 1025 1951 ipsum
1058 1890 1244 1937 contra
1273 1881 1472 1937 diutius
1499 1897 1595 1938 eos
1619 1882 1904 1939 retinuisse
1926 1923 1949 1949 ,
1970 1898 2129 1954 quam
2151 1884 2345 1939 vellent
2371 1894 2425 1941 et
2450 1883 2669 1941 ferrent.
2698 1887 2849 1944 Unde
2872 1889 3126 1959 conjicias
3152 1892 3383 1960 priorem
3410 1893 3583 1964 ipsam

292 1972 717 2043 publicationem
740 2013 756 2038 ,
782 1988 904 2044 quze
923 1988 1087 2045 opere
1114 1973 1346 2031 necdum
1370 1968 1619 2030 absOlute
1642 1973 1778 2030 facta
1804 1983 1924 2041 est,
1956 1988 2061 2029 non
2093 1976 2433 2046 praecessisse
2460 1993 2660 2033 animm
2701 1980 2823 2034 412.
2868 1981 3090 2035 Constat
3135 1992 3315 2039 autem
3357 1984 3584 2041 alteram

292 2064 513 2119 nonnisi
540 2065 698 2136 longo
723 2072 843 2135 post
869 2074 1106 2136 tempore
1135 2065 1325 2121 factam
1350 2108 1367 2132 ,
1394 2082 1514 2121 cum
1539 2067 1653 2138 ipse
1681 2068 1734 2121 in
1761 2066 1896 2122 libro
1924 2067 1991 2122 i5
2015 2068 2143 2122 citet
2168 2066 2298 2124 illud
2322 2070 2463 2139 quod
2491 2071 2777 2140 scripserat
2801 2072 2853 2125 in
2876 2072 3011 2127 libro
3039 2072 3106 2128 12
3127 2074 3193 2129 de
3212 2074 3437 2131 Civitate
3466 2076 3581 2141 Dei,

291 2156 391 2227 qui
420 2164 548 2212 ante
572 2172 771 2211 annum
800 2156 907 2212 416
930 2156 1195 2226 perfectus
1220 2172 1325 2213 non
1351 2156 1469 2212 fuit.
1494 2157 1658 2213 Libro
1687 2158 1753 2213 15
1781 2158 1910 2212 citat
1934 2157 2240 2213 Tractatum
2269 2158 2338 2214 90
2377 2159 2431 2213 in
2453 2159 2733 2215 Joannem.
2777 2157 2859 2215 Ad
2898 2160 3039 2217 istud
3084 2177 3219 2235 opus
3258 2163 3583 2237 Prosperutn

291 2249 525 2313 remittit
548 2250 641 2305 lib.
670 2249 737 2306 de
765 2250 1244 2307 Prmdestinatione
1274 2250 1593 2307 Sanctorum
1620 2292 1635 2317 ,
1663 2265 1784 2321 cap.
1816 2249 1849 2305 8
1874 2290 1891 2316 ,
1918 2260 2067 2306 ratus
2094 2250 2147 2305 id
2172 2250 2289 2321 jam
2317 2251 2369 2305 in
2398 2250 2582 2308 Galliis
2609 2251 2817 2308 haberi.
3454 2294 3455 2297 η

368 2342 719 2399 Cassiodorus
748 2352 965 2399 senator
987 2384 1003 2409 ,
1038 2343 1089 2398 in
1122 2341 1350 2398 lnstitut.
1382 2358 1500 2413 cap.
1538 2342 1603 2397 16
1629 2384 1644 2409 ,
1674 2342 1855 2397 laudat
1891 2342 2194 2411 quindecim
2239 2342 2404 2398 libros
2428 2384 2444 2408 ,
2491 2359 2617 2415 quos
2656 2343 2985 2415 Augustinus
3018 2345 3079 2400 de
3118 2355 3292 2401 sancta
3330 2345 3584 2409 Trinitate

292 2435 521 2489 mirabili
546 2434 892 2509 profunditate
912 2432 1472 2507 conscripsit,curiasa
1495 2433 1767 2487 intentione
1803 2432 2137 2488 meditandos.
2184 2432 2417 2489 Eosdem
2460 2433 2628 2489 libros
2669 2448 2700 2487 e
2751 2433 2913 2489 latino
2956 2448 3203 2490 sermone
3246 2435 3298 2490 iu
3343 2450 3579 2506 grzecum

294 2526 573 2582 transtulit
597 2528 860 2581 Maximus
887 2525 1150 2583 Planudes
1178 2525 1468 2581 monachus
1492 2567 1507 2593 ,
1536 2526 1626 2597 qui
1652 2525 1752 2581 sub
1776 2525 2081 2581 Andronico
2110 2525 2320 2582 seniore
2348 2526 2596 2592 vivebat,
2624 2526 2838 2582 circiter
2862 2542 3059 2583 annum
3092 2529 3249 2586 1550.
3280 2530 3581 2588 Demetrius

288 2632 430 2672 vero
464 2617 736 2688 Cydonius
776 2617 877 2672 sub
916 2616 1120 2673 Joanne
1167 2616 1537 2674 Cantacuzeno
1562 2656 1579 2682 ,
1606 2617 1777 2687 capita
1804 2616 2006 2687 aliquot
2033 2617 2190 2673 vertit
2214 2631 2282 2675 ex
2309 2616 2547 2687 ejusdem
2577 2618 2931 2675 sermonibus.
2962 2619 3069 2677 llas
3100 2604 3369 2676 versiones
3395 2620 3583 2678 Romae

289 2712 561 2767 asservari
596 2712 646 2765 in
673 2711 992 2766 bibliotheca
1021 2710 1276 2767 Vaticana
1297 2752 1312 2775 ,
1335 2718 1559 2766 testatur
1575 2710 1893 2765 Possevinus
1920 2710 1971 2763 in
1990 2710 2280 2779 Apparatu.
2305 2709 2547 2764 Vidimus
2572 2709 2805 2768 indicem
2833 2710 2929 2765 Ms.
2954 2710 3109 2766 codd.
3137 2712 3308 2768 Graec.
3333 2713 3578 2769 biblioth.

293 2803 472 2858 Vatic.
504 2804 592 2873 qui
620 2812 703 2859 est
731 2819 896 2874 penes
928 2802 991 2857 V.
1019 2800 1081 2857 C.
1112 2803 1399 2857 Antonium
1430 2801 1604 2858 Faure
1633 2799 1787 2856 Dect.
1818 2799 2074 2871 Thcolog.
2104 2801 2270 2856 Paris.
2301 2810 2355 2857 et
2378 2801 2606 2857 similem
2641 2802 2802 2857 alium
2847 2802 2904 2857 in
2939 2803 3122 2859 codice
3151 2803 3467 2867 Colhertinte
3492 2798 3580 2862 bi-

290 2896 580 2953 bliotheca:
607 2895 745 2952 5l25
772 2938 785 2960 ,
816 2897 868 2952 in
900 2895 1087 2966 quibus
1116 2895 1231 2952 hmc
1254 2897 1503 2968 leguntur
1527 2911 1543 2945 :
1570 2901 1670 2948 Τοῦ
1710 2917 1903 2965 μακαριε

1968 2900 2082 2947 άτου
2122 2898 2432 2961 Δῦγουστίνου
2471 2900 2728 2949 ἐπισκόπου
2771 2886 2979 2959 ἶππῶνος
3005 2906 3110 2975 περὶ
3161 2902 3364 2968 Τριὰδος
3406 2906 3581 2969 βιϐλία

292 3001 435 3047 πέντε
460 3000 571 3062 πρὸς
598 3006 693 3053 τοῖς
723 2995 854 3055 δέκα,
881 2993 1002 3061 ἅπερ
1028 2995 1079 3045 ἐκ
1098 3004 1194 3053 τῆς
1218 2998 1431 3044 Λατίνων
1456 2992 1701 3041 διαλέκτου
1724 2996 1789 3047 εἰς
1817 2998 1902 3047 τὴν
1929 2978 2125 3040 Ελλάδα
2147 2997 2421 3053 μετήνεγκεν
2445 2991 2470 3039 ὁ
2497 2993 2761 3057 σοφώτατος
2786 2990 2869 3039 καὶ
2896 2995 3180 3055 τιμιώτατος
3212 2998 3429 3056 μοναχῶν
3457 2993 3581 3046 Μάς

292 3092 435 3150 {ipes
460 3088 748 3144 Π>.ανοὺδης.
777 3081 906 3136 Item
939 3098 951 3135 :
978 3087 1077 3134 Τοῦ
1100 3093 1336 3152 μακαρίου
1363 3083 1669 3145 Δῦγουττίνου
1696 3082 1905 3130 ἐπισκόπει

1983 3066 2179 3136 lendus,-
2205 3084 2437 3148 κιραλαια
2455 3081 2504 3129 ἐκ
2531 3085 2621 3131 τῶν
2644 3080 2791 3131 αὑτοῦ
2821 3085 2961 3142 λόγων
2990 3086 3363 3147 παραϐληθέντες
3406 3082 3467 3132 εκ.
3494 3094 3596 3140 rm;

293 3182 510 3227 Λατίνων
537 3177 779 3227 διαλέκτου
801 3182 868 3235 εἱς
894 3184 979 3235 τὴν
1001 3164 1195 3227 Ελλάδα
1217 3182 1463 3240 μετήνεγκε
1482 3180 1748 3241 Δημήτριος
1772 3173 1798 3223 ὁ
1822 3173 1906 3222 Κυέ

1981 3190 2064 3230 ius.
2091 3165 2227 3224 Vide
2249 3167 2502 3225 Allatium
2526 3208 2541 3237 ,
2585 3167 2677 3223 lib.
2709 3166 2744 3221 2
2768 3166 2833 3223 de
2858 3168 3134 3239 utriusque
3160 3168 3410 3231 Ecclesia:
3435 3168 3594 3228 Coum

294 3266 548 3322 sensione
569 3307 586 3331 ,
613 3280 731 3335 cap.
761 3267 849 3329 17,
880 3264 907 3337 §
933 3266 987 3321 4.

719 3264 987 3337 .17,§t.

297 3358 529 3414 Domino
590 3359 899 3415 beatissimo
924 3400 941 3428 ,
981 3366 1035 3415 et
1073 3357 1431 3415 sincerissima
1467 3356 1727 3413 charitale
1771 3354 2075 3413 venerando
2100 3396 2116 3422 ,
2162 3363 2350 3412 sancto
2403 3353 2558 3412 fratri
2605 3363 2660 3412 et
2703 3355 3071 3416 cousnccrdoti
3117 3372 3271 3429 papa:
3314 3358 3573 3416 Annua

1445 3454 1780 3510 Aucus'rnvus
1801 3493 1818 3522 ,
1849 3453 1903 3507 in
1933 3451 2161 3507 Domino
2187 3450 2434 3507 salutem.

371 3549 447 3605 De
467 3548 727 3605 Trinitate
752 3591 768 3614 ,
800 3564 920 3619 qua:
945 3548 1088 3604 Deus
1117 3561 1357 3602 summus
1382 3553 1438 3600 et
1461 3558 1621 3599 verus
1649 3553 1731 3600 est
1755 3584 1771 3611 ,
1800 3544 1963 3599 libros
1987 3542 2200 3612 juvenis
2228 3541 2473 3597 inchoavi
2498 3581 2515 3607 ,
2545 3541 2901 3598 senexcdidl.
2932 3541 3231 3598 Omiseram
3256 3541 3449 3613 quippe
3477 3541 3582 3600 hoc

297 3654 433 3711 opus
457 3679 474 3706 ,
504 3650 849 3711 posteaquam
875 3640 1113 3709 comperi
1140 3644 1431 3708 pnnrcptos
1457 3635 1589 3690 mihi
1612 3649 1731 3691 esse
1757 3635 1869 3689 sive
1894 3634 2175 3703 subreptos
2198 3643 2485 3704 antequam
2512 3634 3008 3703 eosabsolverem,
3044 3644 3099 3690 et
3140 3642 3456 3692 retractatos
3484 3646 3584 3701 .-ιιι

298 3748 420 3788 mea
443 3733 721 3805 dispositio
748 3732 962 3799 fuerat,
991 3730 1306 3800 expolirem.
1332 3727 1447 3782 Non
1469 3728 1611 3782 enim
1638 3725 1942 3797 singillatim
1961 3759 1984 3793 ,
2009 3723 2105 3781 sed
2129 3740 2318 3781 omnes
2344 3724 2502 3781 simul
2527 3723 2689 3781 edere
2714 3740 2775 3780 ea
2802 3726 3009 3781 ratione
3033 3724 3373 3781 decreveram
3401 3767 3417 3792 ,
3441 3740 3583 3796 quo-

298 3823 443 3877 niam
474 3821 898 3893 praecedentibus
924 3827 1316 3891 consequentes
1342 3817 1687 3890 inquisitione
1711 3816 2020 3888 proficiente
2045 3824 2352 3872 nectuntur.
2383 3816 2519 3872 Cum
2541 3830 2671 3887 ergo
2698 3831 2792 3887 per
2820 3831 2914 3872 eos
2940 3817 3182 3873 homines
3208 3817 3230 3889 (
3255 3817 3375 3888 quia
3403 3817 3583 3887 prius-

298 3930 461 3985 quam
508 3914 701 3969 vellem
729 3955 744 3981 ,
786 3914 852 3968 ad
900 3912 1158 3985 quosdam
1204 3912 1416 3966 illorum
1462 3909 1742 3982 pervenire
1766 3911 2099 3982 potuerunt)
2128 3910 2409 3980 dispositio
2437 3925 2556 3966 mea
2586 3910 2911 3981 nequivisset
2951 3911 3199 3982 impleri,
3232 3911 3585 3980 interruptam

297 4009 647 4067 dictationem
676 4010 1020 4079 reliqueram,
1049 4010 1290 4079 cogitans
1317 4007 1419 4063 hoc
1448 4006 1619 4076 ipsum
1651 4005 1704 4060 in
1733 4004 2001 4075 aliquibus
2029 4004 2165 4061 meis
2192 4004 2407 4075 scriptis
2431 4004 2797 4074 conqueri,,ut
2820 4004 3021 4061 scirent
3042 4045 3058 4070 ,
3089 4005 3181 4076 qui
3210 4012 3584 4075 possent,.nen

297 4118 333 4158 a
356 4118 443 4157 me
470 4101 633 4157 fuisse
662 4100 881 4157 eosdem
913 4098 1078 4155 libros
1106 4098 1312 4163 editos,
1343 4096 1438 4153 sed
1464 4096 1674 4151 ablatos
1703 4095 2010 4165 priusquam
2051 4094 2183 4149 mihi
2210 4094 2446 4151 editione
2483 4092 2776 4165 meadigni
2803 4094 3131 4151 viderentur.
3164 4094 3358 4150 Verum
3386 4096 3587 4151 multo-

303 4212 424 4251 rum
447 4197 670 4252 fratrum
689 4193 1158 4250 vehementissima
1180 4191 1562 4263 postulatione,
1583 4197 1639 4245 et
1659 4189 1890 4245 maxime
1915 4196 2000 4243 tua
2025 4187 2267 4258 jussione
2286 4189 2616 4259 compulsus,
2638 4196 2904 4259 opus—tam
2928 4187 3273 4254 laboriosum,
3295 4186 3587 4258 adjuvante

303 4289 530 4346 Domino
556 4288 841 4344 terminare
864 4284 1045 4342 curavi
1078 4302 1092 4338 :
1124 4299 1325 4355 eosque
1362 4281 1676 4339 emendatos
1700 4320 1716 4346 ,
1746 4296 1856 4338 non
1883 4288 1942 4335 ut
1970 4280 2155 4346 volui,
2186 4279 2283 4336 sed
2327 4288 2398 4335 ut-
2428 4280 2613 4350 potui,
2642 4296 2711 4335 ne
2738 4279 2808 4335 ab
2850 4280 2957 4334 illis
2995 4279 3085 4351 qui
3129 4279 3385 4350 subrepti.
3393 4278 3502 4349 jam
3530 4279 3588 4337 in

300 4398 497 4439 manus
521 4382 799 4441 hominum
828 4381 1090 4445 exierant,
1122 4378 1412 4449 plurimum
1441 4375 1830 4445 discreparent,
1860 4373 2210 4431 Venerationi
2240 4382 2343 4429 tum
2371 4388 2471 4444 per
2497 4372 2662 4428 lilium
2692 4384 2936 4429 nostrum
2961 4370 3347 4428 condiaconum
3376 4371 3587 4427 charis-

300 4474 500 4533 simam
522 4474 665 4538 misi,
686 4481 743 4527 et
765 4473 1083 4540 cuicumque
1107 4468 1433 4531 audiendos..
1450 4464 1850 4531 describendas,
1881 4464 2239 4536 legendosque
2265 4464 2485 4535 permisi
2512 4482 2527 4518 :
2561 4464 2617 4520 in
2642 4465 2835 4534 quibus
2862 4465 2907 4520 si
2932 4463 3132 4519 servari
3160 4479 3279 4518 mea
3303 4462 3589 4533 dispositio

304 4566 589 4637 potuisset,
606 4574 788 4623 essent
813 4566 1053 4636 profecto
1078 4563 1179 4619 etsi
1208 4560 1425 4617 easdem
1450 4559 1745 4617 sententias
1772 4557 2051 4622 habentes,
2080 4557 2449 4613 multotamen
2475 4556 2815 4613 enodatiores
2836 4564 3000 4626 atque
3019 4555 3305 4626 planiores,
3327 4564 3585 4625 quantum

302 4674 485 4715 rerum
518 4667 785 4712 tantarum
811 4653 1247 4726 explicandarum
1288 4650 1573 4707 difﬁcultas
1609 4656 1667 4705 et
1695 4648 1921 4705 facultas
1963 4654 2145 4703 nostra
2187 4655 2480 4718 pateretur.
2509 4646 2647 4703 Sunt
2678 4655 2858 4702 autem
2901 4647 2990 4717 qui
3018 4646 3219 4716 primos
3245 4655 3474 4716 quatuor
3500 4646 3587 4702 vel

303 4753 490 4823 potius
507 4750 748 4821 quinque
774 4750 933 4803 etiam
962 4747 1081 4804 sine
1120 4744 1395 4817 prommiis
1421 4741 1641 4808 habent.
1671 4750 1727 4798 et
1762 4739 2141 4796 duodecimum
2177 4739 2295 4795 sine
2320 4747 2574 4795 extrema
2598 4747 2751 4809 parte
2790 4753 2896 4793 non
2925 4752 3087 4808 parva
3117 4754 3132 4791 :
3163 4736 3258 4791 sed
3284 4737 3330 4793 si
3362 4737 3441 4793 eis
3471 4735 3588 4792 hate

301 4844 472 4900 editio
499 4843 730 4914 potuerit
753 4842 1091 4897 innotescere
1108 4880 1125 4905 ,
1157 4838 1345 4894 omnia.
1362 4836 1408 4893 si
1436 4835 1705 4892 voluerint
1722 4843 1784 4895 et
1805 4833 2074 4891 valuerint
2091 4874 2111 4901 ,
2139 4832 2518 4888 emendabunt.
2550 4832 2683 4888 Peto
2706 4847 2835 4888 sane
2860 4842 2919 4887 ut
2943 4831 3083 4887 hanc
3108 4829 3598 4902 epistolam,,seor-.

302 4952 421 4993 sum
451 4935 690 5006 quidem,
716 4932 811 4989 sed
842 4942 1018 4988 tamen
1050 4931 1117 4988 ad
1141 4940 1299 5002 caput
1325 4929 1637 4986 eorumdem
1664 4927 1923 4984 librorum
1946 4926 2141 4998 jubeas
2166 4926 2440 4997 anteponi.
2472 4924 2624 4982 Vale.
2652 4925 2755 4982 Ora
2781 4940 2878 4996 pro
2907 4940 3014 4982 me.

307 5064 3590 5132 βω
947 5074 2404 5126 -.-;-ῖ------------

895 5074 1156 5085 ..υ-...ο-

402 5247 488 5307 In
522 5242 718 5306 libros
751 5242 823 5303 de
851 5241 1158 5304 Trinitatc
1188 5238 1325 5300 vide
1356 5236 1465 5301 tib.
1498 5236 1560 5307 2,
1591 5255 1750 5316 imp.
1790 5235 1888 5300 15.
1921 5233 2493 5316 itetractationum,
2535 5239 2682 5294 tam.
2716 5232 2781 5316 1,
2813 5230 2932 5316 cal.
2970 5228 3115 5316 ῥξξ,
3153 5225 3447 5316 egeritis.
3474 5226 3589 5295 Li-

310 5325 459 5389 bros
490 5324 569 5386 de
592 5323 930 5399 Trinitate,
960 5338 1027 5383 η.
1062 5322 1121 5397 1,
1147 5337 1337 5400 usque
1371 5317 1452 5379 ad
1476 5309 1698 5385 verba;
1715 5317 1807 5377 De
1837 5314 2152 5377 Trinitate
2185 5312 2589 5391 disserimus,
2621 5329 2687 5374 η.
2710 5311 2773 5391 3,
2813 5312 2937 5374 col.
2968 5310 3111 5373 636.
3198 5309 3286 5372 Μ.

3386 5447 3473 5474 ρο⁹⁴⁷

1834 5646 2078 5719 esse
2200 5748 2205 5751 _
