4042 6436
1185 630 1330 752 8-
1405 622 2167 745 ΔΠΒΕῙιΠ
2259 622 3259 741 AUGUSTINI

966 990 1173 1217 D
1210 988 1405 1213 E
1576 812 2173 1202 Τῖἷῗ

2281 809 2805 1198 ξ’ῑῖ
2839 974 3264 1215 AT
3299 980 3492 1319 Ε

1537 1330 1922 1486 ἵιῶτὶ
2018 1314 2693 1514 ηιιὶιῖίιείῖιιῐ
2756 1393 2887 1478 ια).

2027 1616 2433 1657 m-

1618 1700 2085 1891 LIBER
2162 1755 2810 1870 PRIMUS.

594 1952 1332 2025 umwsecttndumscrim
1350 1945 1807 2007 masostendttur
1828 1944 2173 2059 υιιίιιῖιῶιὲῗὲἶ

2281 1951 2554 2052 ῗῗιιὲιῖἓΐωε
2582 1944 2843 2009 trinitatis,
2863 1947 3853 2019 θιςυωύιωιοοιωιιιηιτὶωιςιὼ

2044 2138 2413 2199 W8:

664 2270 890 2329 CAPUT
910 2268 1191 2327 PRIMUM.
1214 2299 1284 2311 -
1301 2268 1352 2324 1.
1376 2267 1563 2325 Scribit
1579 2276 1752 2322 contra
1766 2280 1851 2319 eos
1872 2262 1958 2333 qui
1977 2261 2173 2316 ratione

524 2398 529 2403 ι
594 2363 852 2423 abutentes
874 2360 1248 2416 calumniantur
1284 2357 1440 2428 ﬁdem
1480 2354 1763 2414 Trinitatis.
1791 2351 1954 2409 Erfor
1993 2352 2172 2423 dispu-

594 2452 809 2515 tantium
832 2451 895 2505 de
919 2449 1026 2506 Deo
1050 2492 1064 2518 ,
1093 2466 1155 2511 ex
1182 2449 1372 2521 triplici
1398 2463 1572 2515 causa.
1622 2445 1892 2517 Scriptura
1918 2457 2064 2497 sacra
2094 2457 2173 2494 re-

591 2543 743 2603 motis
772 2541 1074 2614 falsitatibus
1094 2540 1248 2597 evehit
1278 2540 1528 2612 gradatim
1552 2537 1620 2593 ad
1646 2537 1833 2593 divina.
1861 2532 2173 2597 Immortali-

594 2645 672 2698 ttu
696 2651 830 2691 vera.
862 2634 993 2690 Fide
1017 2634 1287 2701 nutriatur,
1314 2642 1366 2687 ut
1392 2632 1582 2687 habiles
1620 2624 1688 2707 ad
1721 2629 1891 2701 divina
1929 2624 2173 2697 capienda

593 2728 888 2799 efﬁciamur.
911 2727 1168 2784 Lecturus
1195 2726 1309 2780 haec
1329 2740 1445 2799 qua:
1464 2723 1533 2780 de
1554 2722 1815 2778 Trinitate
1840 2719 2170 2784 disserimus,

595 2818 745 2893 prius
774 2825 989 2891 oportet
1033 2825 1091 2871 ut
1134 2816 1379 2887 noverit,
1408 2813 1589 2873 stilum
1637 2821 1875 2867 nostrum
1920 2809 2173 2864 adversus

594 2920 781 2965 eorum
806 2906 1022 2976 vigilare
1048 2904 1359 2969 calumnias,
1385 2904 1473 2974 qui
1503 2903 1621 2958 lidei
1648 2906 2050 2957 contemnentes
2093 2897 2173 2950 in-

593 2997 770 3065 itium,
822 2999 1107 3053 immaturo
1148 3006 1202 3053 et
1229 3011 1482 3067 perverso
1502 2995 1725 3050 rationis
1763 3007 1943 3047 amore
1976 2990 2169 3045 fallun-

594 3097 702 3147 tur.
726 3089 963 3159 Quorum
993 3087 1231 3143 nonnulli
1258 3101 1320 3142 ea
1350 3101 1467 3157 qua}
1496 3086 1563 3141 de
1589 3083 1951 3154 corporalibus
1978 3082 2168 3148 rebus,

594 3180 708 3240 slve
754 3194 850 3250 per
886 3194 1073 3239 sensus
1115 3192 1407 3249 corporeos
1452 3187 1669 3247 experta
1709 3175 2029 3238 noverunt‘,
2061 3174 2171 3229 sive

594 3285 716 3338 qum
744 3280 928 3327 natura
951 3269 1166 3325 humani
1195 3269 1390 3340 ingenii
1411 3277 1462 3323 et
1486 3266 1769 3338 diligentia:
1790 3265 2069 3323 vivacitate
2089 3264 2169 3320 vel

600 3361 733 3421 ortis
776 3362 1040 3432 adjutorio
1086 3369 1475 3433 perceperunt,
1506 3361 1572 3416 ad
1615 3375 1702 3416 res
1748 3361 2089 3429 incorporeas
2118 3367 2173 3413 et

598 3454 905 3526 spirituales
934 3454 1222 3510 transferre
1247 3464 1526 3520 conantur,
1553 3462 1609 3507 ut
1635 3466 1699 3508 ex
1726 3451 1808 3506 bis
1853 3451 1971 3505 lllas
1996 3451 2168 3505 metiri

596 3530 756 3617 atque
780 3547 987 3617 epinari
1010 3547 1191 3602 velint.
1221 3545 1356 3603 Sunt
1382 3547 1506 3601 item
1532 3546 1617 3604 alii
1643 3545 1728 3615 qui
1754 3544 2046 3601 secundum
2073 3542 2171 3597 hu-

593 3639 739 3697 mani
764 3640 925 3697 animi
952 3636 1193 3697 naturam
1216 3639 1301 3694 vel
1328 3638 1574 3694 allectum
1604 3637 1671 3691 de
1706 3638 1814 3691 Deo
1839 3637 2095 3702 sentiunt,
2125 3635 2169 3691 si

595 3730 723 3802 quid
754 3734 1028 3798 sentiunt;
1053 3742 1106 3787 et
1131 3748 1194 3787 ex
1239 3731 1340 3787 hoc
1366 3745 1566 3795 errore,
1591 3746 1715 3786 cum
1738 3730 1804 3785 de
1842 3730 1952 3785 Deo
1991 3729 2173 3799 dispu-v

594 3832 737 3889 tant,
785 3826 1020 3879 sermoni
1045 3825 1066 3855 ¹
1092 3838 1189 3878 suo
1232 3822 1481 3879 distortas
1521 3830 1575 3877 et
1612 3819 1827 3875 fallaces
1867 3819 2076 3889 regulas
2111 3816 2173 3872 ti-

596 3914 791 3983 gunt’.
822 3915 915 3969 Est
958 3915 1080 3970 item
1116 3910 1259 3969 aliud
1288 3914 1563 3967 hominum
1606 3926 1774 3983 genus
1797 3952 1812 3977 ,
1861 3924 2047 3966 eorum
2082 3908 2171 3979 qui

593 4004 895 4059 universam
920 4005 1130 4076 quidem
1152 4014 1472 4072 creaturam,
1500 4019 1619 4073 quae
1642 4002 1879 4074 profecto
1903 4001 2171 4057 mutabilis

593 4105 697 4161 est,
752 4097 988 4150 nituntur
1034 4094 1448 4161 transcendere,
1481 4105 1536 4149 ut
1577 4095 1641 4149 ad
1689 4093 2169 4149 incommutabilem

595 4185 943 4241 substantiam
968 4200 1085 4254 quae
1112 4185 1250 4239 Deus
1290 4194 1392 4249 est,
1424 4185 1627 4254 erigant
1667 4184 2015 4239 intentionem
2040 4202 2052 4237 :
2077 4184 2168 4238 sed

594 4275 932 4335 mortalitatis
973 4290 1136 4329 onere
1179 4274 1519 4345 prmgravati,
1547 4288 1667 4329 cum
1712 4283 1767 4329 et
1796 4273 1959 4328 videri
1986 4275 2171 4328 volunt

593 4366 731 4422 scire
752 4365 891 4436 quod
912 4365 1173 4429 nesciunt,
1198 4374 1251 4419 et
1274 4364 1412 4435 quod
1436 4366 1617 4419 volunt
1641 4365 1777 4419 scire
1798 4379 1901 4419 non
1930 4362 2167 4434 possunt;

594 4457 1044 4527 praisumptioncs
1103 4455 1411 4525 opinionum
1461 4469 1675 4510 suarum
1731 4453 1985 4515 audacius
2027 4453 2166 4510 afﬁr-

595 4546 809 4613 mando,
838 4544 1193 4601 intercludunt
1217 4545 1431 4599 sibimet
1457 4545 1821 4615 intelligentia:
1840 4544 1974 4608 vias,
1998 4546 2164 4615 magis

593 4638 852 4709 eligentes
873 4638 1187 4693 sententiam
1213 4651 1361 4691 suam
1387 4652 1490 4691 non
1531 4637 1802 4707 corrigere
1841 4648 2163 4707 perversam,

596 4743 755 4798 quam
785 4737 990 4783 mutare
1010 4727 1303 4783 defensam.
1332 4728 1398 4782 Et
1420 4727 1504 4783 hic
1529 4728 1740 4798 quidem
1765 4728 1997 4781 omnium
2028 4742 2173 4782 mor-

595 4820 696 4881 bus
718 4830 799 4877 cst
823 4820 980 4879 trium
1018 4836 1271 4893 generum
1307 4836 1426 4891 qua:
1456 4820 1708 4891 preposui
1739 4837 1751 4875 ε
1777 4827 1830 4873 et
1856 4833 2039 4874 eorum
2069 4820 2172 4874 sci-

2282 2240 2412 2315 licet
2442 2262 2531 2332 qui
2558 2264 2850 2322 secundum
2875 2282 3071 2339 corpus
3094 2268 3163 2327 de
3188 2267 3299 2328 Deo
3319 2272 3568 2344 sapiunt;
3598 2282 3659 2331 et
3683 2290 3853 2333 eorum

2254 2351 2379 2422 qui
2432 2355 2721 2412 secundum
2782 2356 3112 2430 Spiritualem
3178 2373 3474 2423 creaturam
3502 2408 3518 2433 ,
3552 2366 3724 2424 sicuti
3781 2378 3858 2425 est

2287 2447 2495 2514 anima;
2528 2458 2582 2505 et
2606 2465 2790 2506 eorum
2818 2453 2906 2521 qui
2934 2469 3107 2525 neque
3130 2456 3422 2511 secundum
3446 2472 3671 2527 corpus,
3690 2475 3857 2530 neque

2285 2536 2583 2594 secundum
2623 2542 2963 2613 spiritualem‘
2996 2548 3320 2613 creaturam,
3344 2555 3398 2602 et
3442 2556 3619 2605 tamen
3660 2545 3731 2607 de
3757 2550 3858 2605 Deo

2284 2625 2419 2683 falsa
2453 2630 2782 2696 existimant,
2810 2646 2876 2687 eo
2911 2634 3228 2689 remotiores
3253 2651 3282 2689 a
3313 2652 3462 2703 vero,
3502 2654 3608 2708 quo
3652 2639 3705 2694 id
3728 2639 3857 2711 quod

2286 2717 2539 2787 sapiunt,
2584 2735 2683 2776 nec
2730 2720 2781 2778 in
2823 2735 3047 2795 corpore
3085 2726 3369 2794 reperitur,
3404 2742 3507 2782 nec
3547 2730 3597 2783 iu
3640 2729 3780 2785 facto
3810 2739 3860 2787 et

2284 2805 2500 2865 condito
2537 2810 2748 2880 spiritu,
2788 2827 2888 2868 nec
2925 2814 2978 2869 in
3016 2813 3131 2883 ipso
3161 2813 3557 2892 Creatore._Qui
3584 2821 3732 2874 enim
3755 2820 3860 2890 opi-

2285 2907 2443 2958 natur
2468 2901 2659 2971 Deum,
2687 2904 2835 2959 verbi
2861 2905 3053 2977 gratia,
3077 2908 3359 2964 candidum
3388 2911 3471 2966 vel
3500 2911 3737 2983 rutilum,
3771 2912 3859 2966 fal-

2284 2990 2446 3056 litur;
2477 2993 2573 3051 sed
2604 3004 2781 3055 tamen
2803 2996 2917 3052 haec
2938 2997 3276 3055 inveniuntur
3305 3000 3357 3056 in
3380 3016 3627 3073 corpore.
3665 3003 3859 3059 Rursus

2289 3081 2382 3151 qui
2410 3084 2658 3154 opinatur
2685 3086 2850 3143 Deum
2882 3102 3023 3143 nunc
3052 3089 3451 3146 obliviscentcm
3469 3134 3484 3158 ,
3515 3108 3661 3149 nunc
3690 3108 3859 3154 recor-

2282 3171 2518 3243 dantem,
2550 3175 2635 3235 vel
2677 3177 2723 3232 si
2766 3177 2893 3247 quid
2938 3179 3236 3250 huiusmodi
3262 3192 3374 3247 est,
3421 3182 3771 3241 nihilominus
3809 3186 3859 3244 in

2282 3279 2465 3323 errore
2493 3275 2607 3334 est;
2635 3268 2728 3325 sed
2759 3278 2933 3326 tamen
2955 3269 3069 3327 haec
3094 3273 3437 3330 inveniuntur
3456 3276 3506 3331 in
3532 3276 3741 3333 animo.
3764 3278 3858 3346 Qui

2283 3363 2458 3412 autem
2490 3367 2639 3428 putat
2673 3356 2791 3429 ejus
2821 3376 2943 3418 esse
2988 3365 3241 3433 potentiae
3283 3366 3485 3435 Deum,
3531 3379 3587 3424 ut
3628 3372 3859 3441 seipsum

2284 3447 2399 3516 ipse
2422 3451 2685 3519 genuerit,
2714 3467 2781 3507 eo
2802 3453 2921 3522 plus
2941 3464 3103 3520 errat,
3132 3457 3271 3529 quod
3295 3472 3399 3515 non
3425 3461 3597 3515 solum
3631 3463 3773 3517 Deus
3788 3463 3859 3518 ita

2283 3554 2387 3594 non
2416 3549 2519 3606 est,
2546 3542 2642 3598 sed
2677 3558 2777 3600 nec
2800 3546 3092 3616 spiritualis
3118 3564 3217 3604 nec
3255 3552 3548 3620 corporalis
3573 3562 3856 3613 creatum:

2283 3632 2427 3689 nulla
2452 3634 2594 3693 enim
2620 3635 2838 3694 omnino
2867 3653 2954 3694 res
2977 3647 3059 3694 est
3082 3655 3199 3710 qua:
3220 3656 3277 3695 se
3296 3638 3463 3711 ipsam
3483 3642 3671 3713 gignat
3700 3653 3755 3699 ut
3774 3645 3856 3698 sit.

2351 3726 2407 3788 2.
2448 3727 2518 3784 Ut
2568 3743 2697 3799 ergo
2742 3730 2810 3787 ab
2864 3728 3164 3801 hujusmodi
3221 3731 3537 3789 falsitatibus
3595 3732 3861 3793 humanus

2281 3816 2489 3872 animus
2529 3829 2872 3890 purgaretur,
2916 3830 3099 3879 sancta
3147 3821 3417 3893 Scriptura
3460 3827 3698 3894 parvulis
3739 3841 3862 3881 con-

2282 3922 2510 3977 gruens,
2545 3909 2743 3965 nullius
2769 3913 2979 3981 generis
3007 3928 3183 3968 rerum
3211 3914 3373 3970 verba
3401 3915 3586 3970 vitavit
3605 3959 3620 3980 ,
3651 3930 3720 3975 ex
3746 3917 3862 3989 qui.

2282 4000 2382 4054 bus
2407 4001 2556 4070 quasi
2584 4002 2840 4072 gradatim
2872 4003 2937 4057 ad
2979 4002 3156 4061 divina
3204 4014 3362 4076 atque
3401 4005 3650 4065 sublimia
3684 4018 3864 4063 noster

2283 4092 2584 4150 intellectus
2614 4094 2757 4149 velut
2805 4092 3039 4150 nutritus
3074 4080 3397 4167 assurgeret.
3424 4096 3555 4155 Nam
3600 4109 3658 4155 et
3684 4098 3867 4160 verbis

2281 4196 2348 4238 ex
2386 4183 2547 4239 rebus
2575 4184 2944 4255 corporalibus
2972 4187 3197 4257 sumptis
3226 4202 3317 4241 usa
3348 4198 3462 4254 est,
3490 4204 3609 4246 cum
3638 4189 3709 4246 de
3754 4188 3866 4244 Deo

2282 4272 2620 4343 loqueretur;
2651 4275 2797 4330 velut
2823 4290 2945 4334 cum
2974 4277 3071 4343 ait,
3099 4277 3167 4332 In
3192 4281 3407 4350 tegmine
3433 4280 3627 4339 alarum
3654 4289 3869 4339 tuarum

2282 4374 2482 4443 protege
2507 4381 2587 4419 me
2614 4358 2784 4437 (Psal.
2818 4380 2907 4421 xvr
2931 4407 2946 4435 ,
2974 4369 3054 4438 8).
3092 4370 3160 4424 Et
3198 4370 3264 4424 de
3305 4371 3566 4439 spirituali
3607 4379 3868 4428 creatura

2281 4453 2445 4509 multa
2470 4455 2760 4523 transtulit,
2784 4456 2974 4526 quibus
2992 4458 3318 4528 signiﬁcaret
3342 4460 3468 4517 illud
3494 4459 3636 4529 quod
3659 4460 3737 4515 ita
3762 4474 3869 4515 non

2280 4555 2444 4612 esset,
2476 4546 2570 4602 sed
2602 4546 2674 4601 ita
2717 4547 2820 4602 dici
2862 4560 2998 4620 opus
3039 4558 3219 4615 esset;
3252 4550 3406 4604 sicuti
3446 4558 3562 4617 est,
3594 4550 3716 4623 Ego
3757 4566 3870 4606 uel

2282 4636 2420 4693 Deus
2445 4638 2616 4693 zelon:
2642 4637 2834 4707 (Exod.
2863 4654 2933 4695 xx
2954 4680 2969 4707 ,
2996 4639 3088 4712 5);
3120 4649 3209 4708 et,
3244 4641 3454 4699 Partim
3498 4659 3579 4698 me
3606 4645 3871 4701 hominem

2281 4730 2455 4800 fecisse
2482 4728 2630 4803 (Gen.
2659 4745 2731 4797 vl,
2762 4729 2839 4803 7).
2869 4732 2945 4787 De
2971 4733 3128 4788 rebus
3155 4745 3331 4788 autem
3360 4750 3479 4804 qua:
3500 4736 3734 4791 omnino
3766 4752 3869 4792 non

2280 4829 2424 4888 sunt,
2457 4835 2563 4876 non
2588 4822 2749 4903 traxit
2776 4822 2952 4895 aliqua
2973 4824 3249 4891 vocabula,
3277 4824 3468 4895 quibus
3498 4825 3580 4881 vel
3602 4827 3873 4898 ﬂgurarct

1722 4940 2009 4982 ADMONITIO
2044 4944 2125 4985 PP.
2164 4944 2637 4987 BENEDICTINOBUI.

652 5047 723 5091 De
743 5043 972 5109 firmitate
1011 5042 1123 5092 libri
1162 5039 1437 5109 quindecim
1470 5039 1714 5109 recogniti
1745 5037 2013 5109 diligenter
2036 5044 2088 5089 et
2116 5044 2465 5109 correctisurtt
2500 5045 2562 5096 ad
2589 5044 2850 5109 Gallicanos
2876 5047 3085 5109 triginta
3118 5052 3224 5098 ass.
3262 5054 3597 5103 Turonensem
3635 5052 3874 5104 Ecclesiae

583 5108 627 5148 s.
654 5104 880 5175 gratiam,
902 5100 1221 5175 Carnotcnsés
1242 5104 1447 5175 abbatis?
1470 5110 1513 5149 8.
1540 5100 1665 5155 Petri
1686 5101 1829 5175 duos.
1844 5100 2249 5175 ’Andegavensem
2272 5106 2480 5175 abliatize
2494 5114 2539 5175 s.
2565 5100 3102 5175 albini,_Laudun‘enses
3120 5110 3257 5175 duos,
3277 5100 3875 5175 majoristioclesiae'sciti;

589 5170 672 5237 cet
694 5176 752 5236 ac
775 5160 1115 5237 vincentiante,
1141 5172 1406 5237 Remenses
1426 5170 1717 5237 tresrltuyum
1740 5160 2043 5237 oatltedralis,
2066 5162 2188 5237 alios
2210 5165 2333 5237 duos
2354 5168 2642 5230 ltemigiauze
2662 5160 2901 5229 Ecclesiae,
2927 5171 2987 5223 ad
3007 5160 3464 5237 'rbeodericeus'eni,
3490 5160 3870 5237 nehiga'uai’ra,

593 5223 962 5299 tlfiriaoensetn,
982 5219 1403 5299 _Ytt_idoclnensem,
1427 5221 1777 5299 gicbaeliiuum,
1812 5219 2175 5299 [matelleuseuu
2218 5219 2525 5299 Bcoeeuseqi’,
2551 5236 2823 5299 tyreusem,
2861 5219 3871 5299 demumea;eistéiaédéé‘zi'Erga:

594 5286 794 5355 tianum,
818 5284 1012 5350 collegii
1035 5286 1268 5338 Navarrtei
1287 5293 1408 5355 tres,
1432 5284 2378 5355 sorboniciquiuque,_[)ominicauorum‘
2407 5284 2598 5355 majoris
2632 5284 2899 5343 conventus
2934 5294 3211 5345 Parisleusis
3231 5284 3407 5355 unum,
3434 5305 3498 5345 Au

3502 5298 3874 5359 gustinensium

593 5345 788 5419 [pejoris
807 5345 1076 5419 conventus
1092 5360 1260 5419 unum,
1285 5346 1343 5419 ad
1367 5346 1591 5419 undecim
1610 5345 1871 5419 vaticauos,
1894 5345 1953 5393 ad
1985 5346 2140 5397 varias
2162 5346 2399 5400 lectiones
2430 5345 2731 5417 Bélgicorum
2752 5355 2967 5419 quinque
2997 5356 3123 5417 apud
3153 5363 3286 5418 Lov.,
3312 5345 3589 5408 tandemuad
3616 5345 3873 5410 edit—ionica

593 5409 910 5470 amerbachii,
928 5410 1105 5461 Erasmi
1127 5416 1180 5457 et
1195 5408 1544 5469 'rbeologorum
1567 5407 1948 5459 Lovauiensium.

677 5492 1176 5573 Comparaoimus
1196 5500 1496 5572 prteterea
1520 5510 1618 5553 eas
1645 5509 1847 5551 omnes
1871 5490 2173 5552 editiones
2206 5495 2390 5558 initio
2421 5499 2589 5563 Relr.
2611 5506 2665 5563 et
2686 5495 2995 5576 Confess.,
3031 5510 3078 5562 t.
3108 5502 3163 5578 1,
3186 5512 3571 5565 memoratas.
3699 5504 3766 5569 ad

661 5595 677 5625 ⁸
712 5600 821 5645 Mss.
850 5594 1201 5652 novemdecim,
1225 5598 1520 5642 notaverunt.

660 5657 681 5693 9
716 5662 820 5706 Mss.
846 5655 943 5704 duo
964 5657 1189 5713 Vaticani,
1214 5667 1444 5704 sermone.

659 5718 679 5752 ⁸
712 5717 1006 5779 Reperimus,
1031 5710 1198 5781 ﬁgunt,
1218 5718 1265 5764 in
1284 5722 1388 5764 Mss.
1407 5716 1698 5778 quinquc.lu
1721 5712 1862 5764 editis
1878 5720 2060 5772 autem,
2075 5710 2170 5775 ﬁn.

599 5787 732 5850 "aut.

665 5859 736 5929 (tt)
761 5859 965 5918 limboati
987 5870 1157 5907 versus
1180 5870 1354 5913 emtum
1382 5857 1487 5915 400,
1505 5856 1710 5909 absoluti
1734 5857 1923 5911 cirCttcr
1948 5869 2122 5910 annum
2151 5854 2258 5909 416.
