4042 6446
253 382 353 439 8ἱι

249 496 588 564 locutiones,
611 497 697 553 vel
728 497 985 566 spissaret
1005 498 1021 528 ¹
1387 496 1539 553 Unde
1565 495 1831 568 ρει-ιιὴίοο

247 589 360 643 sius
381 596 442 643 et
470 589 683 644 inanius
708 596 1051 658 evanescunt,
1077 588 1172 664 qui
1199 589 1362 654 tentia
1389 588 1483 642 illo
1520 603 1717 657 genere
1745 601 1834 642 er-

251 679 389 734 roris
415 693 448 734 a
475 679 702 734 veritate
727 677 1096 746 secbtduutur,
1119 677 1230 738 hoc
1252 678 1579 748 suspimndo
1606 677 1674 732 de
1699 677 1833 739 Deo,

247 771 392 841 quod
419 783 601 839 neque
639 771 692 825 in
723 771 871 842 ipso,
899 787 1077 846 neque
1111 770 1300 826 inulla
1326 778 1570 825 creatma
1615 766 1839 822 inveniri

249 871 451 934 potest.
480 862 666 918 Rebus
687 863 832 922 etum
847 878 976 937 qui:
999 863 1060 923 in
1078 870 1330 918 matura
1357 859 1716 932 inveniuntur,
1746 873 1837 914 so-

251 956 330 1010 let
348 955 627 1026 Scriptum
649 954 832 1023 divin
847 955 1000 1024 ιω
1029 953 1295 1010 ἱιιιθιιιὶιὶςι
1311 951 1698 1008 oblectamenta
1729 949 1838 1012 for-

251 1061 432 1112 mare,
462 1046 660 1117 quibus
1059 1045 1126 1102 ad
1169 1046 1456 1117 querenda
1485 1045 1756 1116 superiora
1784 1053 1840 1099 et

250 1138 503 1198 inferiora
1002 1154 1100 1196 suo
1128 1139 1346 1196 modulo
1386 1149 1634 1210 [aliquam
1663 1137 1838 1208 passi-

248 1233 351 1288 bus
367 1241 692 1300 low,
709 1231 955 1307 llectus.
983 1231 1114 1300 Quae
1137 1247 1266 1287 vero
1288 1232 1499 1302 proprie
1521 1230 1589 1286 de
1616 1231 1724 1285 Deo
1751 1229 1836 1284 di-

247 1331 466 1394 em,
499 1337 738 1396 mue
777 1325 831 1378 in
862 1321 1006 1378 mill:
1043 1331 1286 1379 creatura
1315 1323 1672 1386 inveniuntur,
1714 1336 1836 1376 raro

219 1413 698 1494 »m.mm
718 1413 1093 1484 divinatum
1108 1413 1256 1481 illud
1271 1413 1412 1484 quod
1435 1413 1747 1483 dictumst
1766 1411 1834 1480 ad

237 1501 501 1580 ινα,
534 1503 646 1576 Ego
674 1521 788 1559 sum
809 1505 897 1576 qui
920 1521 1036 1582 sum
1061 1522 1083 1571 ;
1111 1514 1164 1559 et
1183 1545 1200 1570 ,
1231 1505 1462 1571 Quiut,
1489 1505 1622 1558 misit
1657 1520 1744 1557 me
1767 1501 1835 1564 uti

197 1655 200 1658 ,
229 1610 338 1668 ,ιβ
353 1593 559 1664 (Exod.
579 1610 664 1663 ut,
694 1593 1135 1668 llr)..Cum.enim
1163 1611 1286 1652 esse
1309 1596 1487 1666 aliquo
1509 1595 1668 1656 modo
1690 1595 1836 1650 dicae

217 1724 220 1726 η
250 1695 345 1752 tr
365 1696 645 1757 etcorpus
679 1697 736 1743 et
773 1688 1018 1756 anitnus,
1049 1689 1149 1744 nisi
1177 1689 1394 1760 proprio
1417 1689 1834 1760 quodammodo

115 1820 120 1825 .
251 1777 409 1834 vellet
453 1779 715 1856 intelligi,
744 1795 850 1837 non
889 1781 1150 1852 idutique
1173 1781 1397 1838 diceret.
1429 1781 1497 1836 Et
1519 1781 1646 1838 illud
1691 1780 1832 1850 quod

249 1869 325 1924 ait
351 1869 660 1940 Apostolus,
691 1871 794 1936 Qui
827 1870 968 1927 solus
1008 1871 1160 1928 habet
1176 1873 1602 1927 immortalitatem
1625 1871 1672 1946 (Ι
1697 1871 1831 1928 Tim.

131 1951 138 1956 ’
251 1975 324 2026 vs,
357 1962 452 2033 16)
474 1976 640 2018 zeum
663 1973 718 2020 et
745 1963 923 2020 anima
947 1964 1108 2020 modo
1127 1964 1356 2036 quodam
1381 1965 1692 2020 immortalis
1711 1981 1834 2022 esse

220 2081 222 2084 ν
249 2049 459 2105 dicatur
477 2061 538 2107 et
565 2052 655 2118 sit,
687 2050 794 2108 non
818 2053 1040 2119 diceret,
1063 2057 1204 2110 soliis
1228 2055 1394 2122 habet,
1427 2055 1530 2112 nisi
1555 2054 1679 2126 quia
1704 2069 1834 2116 vera

218 2179 220 2181 ›
252 2141 630 2198 ἓιιιιιιοι-ιηιίιιιε
657 2143 1164 2200 iucommutabilitas
1176 2155 1280 2212 est,
1303 2161 1463 2215 quam
1490 2145 1633 2202 nulla
1655 2154 1834 2216 potest

201 2271 224 2297 Α.
251 2232 449 2288 habere
480 2243 760 2301 creatura;
789 2236 1039 2305 quoniam
1073 2236 1241 2293 solius
1273 2247 1356 2292 est
1381 2237 1672 2294 Creatoris.
1715 2231 1832 2296 Ποῦ

245 2333 305 2380 et
325 2323 567 2383 lacubus
605 2325 770 2380 dicit:
797 2326 959 2382 Omtte
983 2329 1160 2382 datum
1183 2328 1429 2396 optimum
1447 2358 1464 2392 ,
1483 2338 1541 2382 et
1564 2341 1708 2384 autne
1737 2327 1832 2384 do-

251 2432 374 2470 ιιιιιιι
399 2418 682 2488 perfectum
699 2415 970 2486 desursum
997 2427 1095 2486 est,
1115 2418 1420 2473 descendens
1437 2435 1474 2473 ‘a
1497 2418 1658 2485 Patre
1677 2419 1832 2474 lumi-
1864 2451 1866 2453 >

250 2522 390 2572 nant,
420 2506 562 2570 apud
578 2523 726 2577 quem
750 2524 850 2568 non
873 2516 947 2564 est
966 2509 1292 2564 computatio
1307 2549 1327 2575 ,
1353 2525 1444 2565 nec
1460 2510 1705 2576 momenti
1741 2510 1830 2565 οόρ

227 2599 499 2654 .untbratio
543 2598 744 2672 (Jacobi
811 2618 852 2668 ι,
883 2602 998 2672 17).
1025 2601 1138 2658 Hoc
1163 2611 1220 2658 ct
1260 2602 1422 2657 David
1447 2620 1462 2657 ι
1486 2603 1706 2657 Mutabis
1732 2619 1827 2670 ea,

242 2699 293 2746 et
320 2691 685 2758 mutabuntur;
711 2702 768 2746 tu
795 2709 909 2747 vero
929 2693 1062 2748 idem
1089 2693 1197 2763 ipse
1221 2710 1271 2746 es
1300 2690 1470 2765 (Psal.
1489 2709 1565 2758 et,
1593 2693 1684 2757 27,
1707 2692 1824 2762 28,).

315 2783 371 2837 5.
409 2781 644 2838 Proinde
672 2783 1021 2838 substantiam
1051 2783 1144 2838 Dei
1183 2784 1302 2839 sine
1335 2784 1438 2838 ulla
1466 2785 1548 2838 sui
1590 2799 1830 2840 commn-

250 2874 448 2930 tatione
473 2873 750 2937 mutabilia
779 2873 1080 2940 facientem,
1108 2882 1163 2930 et
1187 2875 1304 2930 sine
1339 2874 1452 2930 ullo
1483 2890 1580 2929 suo
1615 2885 1826 2944 tenipo-

249 2965 343 3021 rali
371 2978 520 3022 motu
548 2968 861 3036 ttunporalia
875 2977 1172 3034 ereantem,
1197 2966 1388 3022 intueri
1411 2976 1468 3038 et
1491 2967 1646 3036 plene
1672 2981 1828 3022 nosse

251 3059 466 3116 difﬁcile
491 3069 692 3116 estzet
717 3059 854 3115 'ideo
895 3071 978 3116 est
1007 3060 1305 3116 necessaria
1342 3060 1592 3130 purgatio
1633 3059 1828 3115 mentis

249 3165 463 3224 nostrm,
491 3172 596 3226 qna
627 3155 758 3211 illud
789 3154 1054 3210 inellabile
1079 3153 1417 3210 inctlabiliter
1438 3153 1608 3208 videri
1629 3151 1824 3222 possit;

247 3263 344 3318 qua
373 3247 612 3303 nondum
641 3246 844 3317 praediti
864 3288 882 3312 ,
926 3245 1034 3301 lide
1073 3246 1356 3311 nutriatur,
1384 3253 1440 3299 et
1465 3259 1558 3313 per
1579 3243 1827 3314 quadarn

257 3339 612 3394 tolerabiliora
633 3378 649 3404 ,
679 3347 736 3392 ut
761 3335 830 3392 ad
875 3336 1005 3391 illud
1031 3335 1348 3408 capiendum
1379 3335 1491 3405 apti
1518 3343 1574 3390 et
1614 3334 1823 3390 Ιιίιιίιεε

251 3429 564 3496 efﬁciamur,
603 3429 789 3483 itinera
816 3427 1079 3482 ducimur.
1112 3425 1258 3482 Unde
1284 3425 1567 3496 Apostolus
1589 3425 1649 3480 in
1676 3423 1830 3480 Chri-

250 3531 328 3576 sto
353 3522 575 3593 quidem
615 3520 743 3576 dicit
767 3536 890 3575 esse
919 3535 1105 3576 onines
1154 3519 1433 3574 thesauros
1475 3517 1747 3587 sapientia:
1775 3525 1831 3572 et

251 3613 482 3668 seicntia:
500 3611 841 3668 absconditos
862 3611 1078 3683 (Coloss.
1109 3627 1162 3677 ιι,
1187 3611 1240 3680 5)
1267 3626 1280 3662 :
1305 3625 1426 3665 cum
1450 3618 1623 3662 tamen
1645 3622 1830 3677 qnam-

251 3705 324 3759 vis
345 3705 457 3775 jam
485 3705 656 3775 gratia
686 3703 801 3772 ejus
843 3703 1075 3767 renatis,
1106 3701 1198 3757 sed
1237 3700 1410 3755 adhuc
1447 3697 1747 3755 carnalibus
1774 3705 1831 3752 et

235 3796 590 3862 animalibus,
623 3805 869 3866 tanquam
911 3793 1144 3864 parvulis
1173 3793 1226 3846 in
1255 3791 1487 3856 Christo,
1520 3805 1625 3844 non
1652 3805 1716 3844 ex
1744 3788 1830 3843 di-

229 3891 364 3954 ,rina
391 3890 589 3944 virtute
611 3889 662 3942 in
685 3904 787 3958 qna
814 3887 1031 3956 mqualis
1060 3894 1144 3940 est
1171 3883 1349 3951 Patri,
1380 3881 1474 3938 sed
1501 3898 1565 3938 ex
1592 3882 1826 3940 humana

253 3982 560 4050 inﬁrmitate
588 3998 653 4036 es
684 3997 786 4052 qua
829 3980 1113 4035 cruciﬁxus
1137 3988 1220 4038 est
1242 4017 1258 4042 ,
1281 3975 1699 4034 commendavit.
1741 3975 1831 4030 Ait

254 4090 478 4144 namque
502 4090 516 4126 :
547 4073 724 4142 Neque
741 4072 873 4126 enim
885 4069 1114 4142 judicavi
1134 4085 1212 4123 nte
1234 4068 1363 4122 scire
1383 4066 1574 4138 aliquid
1595 4066 1648 4120 in
1671 4066 1828 4134 vobis,

256 4167 345 4222 nisi
370 4165 552 4221 Jesum
579 4162 863 4226 Christum,
890 4171 936 4216 et
979 4161 1115 4214 hunc
1151 4159 1470 4228 cruciﬁxum.
1504 4155 1705 4212 Deinde
1742 4171 1831 4212 se-

235 4270 406 4328 cutas
433 4260 510 4314 ait
540 4277 554 4314 :
582 4256 649 4311 Et
677 4273 768 4330 ego
807 4257 859 4310 in
882 4254 1175 4324 infirmitate
1194 4295 1210 4314 .
1242 4261 1289 4306 et
1315 4251 1519 4316 timore,
1547 4259 1594 4304 et
1621 4259 1834 4304 trenwre

256 4351 496 4422 multofui
525 4348 662 4421 apud
688 4365 772 4402 vos
795 4347 842 4418 (Ι
869 4345 985 4401 Cor.
1009 4361 1067 4411 ιι,
1095 4344 1150 4407 2,
1177 4342 1256 4414 3).
1286 4344 1350 4397 Et
1376 4342 1534 4416 paulo
1561 4350 1679 4410 post
1703 4339 1833 4398 dicit

257 4444 328 4498 eis
351 4462 366 4497 :
393 4443 460 4497 Et
477 4458 598 4513 ego,
629 4441 832 4510 fratres,
863 4455 965 4492 non
1007 4437 1147 4507 potui
1171 4435 1307 4504 loqui
1333 4435 1468 4489 vobis
1491 4434 1636 4502 quasi
1674 4433 1832 4502 spiri-

258 4536 489 4600 tualibus,
520 4533 611 4589 sed
634 4532 777 4602 quasi
788 4531 1094 4586 carnaiibus.
1124 4527 1282 4595 Quasi
1304 4527 1524 4597 parvulis
1540 4526 1591 4578 in
1614 4524 1832 4591 Christo,

260 4629 333 4682 lac
359 4639 540 4697 potum
572 4625 689 4679 dedi
716 4623 853 4678 vobis
878 4663 896 4690 ,
927 4639 1027 4677 non
1067 4636 1270 4677 escam:
1297 4617 1520 4672 nondum
1544 4618 1674 4671 enim
1698 4624 1839 4686 pote-

263 4720 414 4786 ratis;
441 4717 534 4775 sed
559 4733 648 4771 nec
672 4716 838 4770 adhuc
857 4714 1056 4785 quidem
1075 4712 1282 4784 potestis
1309 4709 1418 4783 (Id.
1448 4725 1524 4775 ιιι,
1548 4711 1599 4774 1,
1621 4708 1700 4779 2).
1725 4707 1835 4762 ιιυο

259 4825 374 4864 cum
403 4809 600 4864 dicitur
629 4807 964 4878 quibusdam,
993 4805 1325 4878 irascuntur,
1354 4811 1409 4858 et
1430 4801 1532 4856 sibi
1561 4810 1837 4856 centumc-

261 4901 520 4959 liosedici
548 4909 766 4972 putant;
799 4909 854 4954 et
891 4897 1208 4969 plerumque
1249 4895 1453 4950 malunt
1477 4891 1698 4948 credere
1743 4906 1836 4949 eos

266 4994 463 5064 potius,
509 5007 540 5046 a
565 4990 759 5062 quibus
788 4989 890 5044 hoc
913 4988 1170 5053 audiunt,
1197 5002 1303 5041 non
1333 4984 1532 5040 habere
1558 4981 1701 5054 quod
1745 4980 1831 5036 di-

265 5093 403 5152 cant,
434 5097 595 5154 quam
639 5096 698 5135 se
743 5094 935 5148 capere
965 5094 1070 5132 non
1117 5091 1273 5146 posse
1306 5073 1450 5146 quod
1490 5072 1740 5129 dixerint.
1771 5072 1840 5127 Et

267 5177 547 5249 aliquando
572 5174 844 5230 allerimus
876 5173 956 5228 eis
993 5171 1271 5234 rationem,
1311 5184 1415 5222 non
1450 5183 1611 5237 quam
1653 5173 1841 5236 petunt

268 5282 380 5322 cum
418 5267 487 5323 de
516 5266 629 5322 Deo
654 5272 895 5334 qurerunt
917 5277 932 5329 ;
957 5260 1086 5332 quia
1127 5276 1225 5316 nec
1259 5259 1356 5329 ipsi
1395 5273 1511 5324 eam
1545 5257 1722 5311 valent
1752 5270 1843 5310 su-

270 5375 427 5424 mere,
445 5374 549 5414 nec
572 5373 671 5413 nos
683 5356 914 5412 fortasse
942 5354 1020 5410 vel
1043 5350 1441 5424 apprehendere
1467 5349 1546 5403 vel
1569 5347 1840 5419 proferre:

272 5451 359 5506 sed
381 5467 483 5522 qua
505 5451 900 5505 demonstretur
914 5447 993 5502 eis
1017 5462 1172 5517 quam
1194 5445 1300 5499 sint
1322 5442 1578 5497 inhabiles
1598 5440 1846 5496 minimc-

272 5556 367 5611 que
391 5542 566 5597 idonei
608 5539 944 5611 percipiendo
979 5536 1119 5608 quod
1148 5537 1385 5606 exigunt.
1426 5533 1532 5588 Sed
1575 5532 1695 5603 quia
1726 5547 1832 5587 non

276 5634 486 5688 audiunt
512 5631 654 5704 quod
685 5633 886 5697 volunt,
918 5639 1009 5684 aut
1035 5627 1224 5684 callide
1251 5641 1349 5681 nos
1376 5640 1535 5697 agere
1575 5632 1758 5694 putant
1787 5631 1846 5677 ut

279 5734 503 5779 nostram
534 5724 861 5780 occultemus
892 5721 1205 5792 imperitiam
1230 5758 1244 5786 ,
1273 5726 1364 5771 aut
1402 5715 1660 5770 malitiose
1705 5713 1846 5786 quod

339 5837 358 5868 ³
388 5836 523 5898 illiti,
547 5835 773 5901 spiraret.
801 5842 854 5886 At
873 5842 977 5886 uss.
1001 5832 1244 5898 plerique,
1261 5828 1503 5896 spissaret.

1115 384 1202 441 DE
1240 383 1630 450 τωιιιιιιτις,
1665 382 1720 440 8.
1763 382 2129 440 AUGUSTI?“
2171 387 2374 444 LIBER
2413 391 2683 450 PRIMUS.

1947 496 2026 552 eis
2050 497 2376 568 invideamus
2405 502 2681 573 peritiam;
2710 514 2868 576 atque
2907 508 2980 563 ita
3027 508 3358 581 indignantes
3393 527 3517 585 per-

1943 586 2242 659 tttt‘butiqate
2263 589 2570 651 discedunt.

2007 675 2235 734 CAPUT
2271 676 2339 734 ll.
2365 711 2435 720 —-
2459 682 2518 736 4.
2545 682 2622 737 De
2643 684 2886 742 Trinitate
2903 690 3152 760 quomodo
3171 690 3265 746 hoc
3293 693 3344 748 in
3366 709 3516 764 opera

1940 766 2307 827 disserendum.
2336 771 2671 844 Quapropter
2697 775 2976 846 adiuvante
3011 779 3238 836 Domino
3265 782 3375 840 Deo
3410 800 3514 840 no-

1939 868 2054 914 stro
2077 863 2430 932 suscipiemus
2458 875 2650 943 eteam
2681 870 2848 940 ipsam
2871 886 3028 942 quam
3059 872 3315 943 ﬂagitant.
3343 891 3516 946 quan-

1941 959 2053 1006 tum
2077 966 2393 1024 possumus,
2420 955 2644 1014 reddere
2680 960 2976 1029 rationem,
3005 963 3149 1034 quod
3186 964 3420 1022 Trinitas
3447 968 3518 1022 sit

1941 1057 2080 1100 unus
2105 1053 2162 1100 et
2197 1046 2344 1102 solus
2361 1058 2430 1103 et
2457 1063 2616 1106 verus
2642 1049 2818 1128 Deus,
2846 1061 2903 1108 et
2923 1069 3086 1124 quam
3110 1065 3258 1112 recte
3285 1057 3441 1115 Ριιιει·
3461 1069 3519 1116 ει

1941 1129 2111 1189 Filius
2136 1143 2192 1192 ct
2215 1134 2444 1206 Spiritus
2469 1148 2686 1195 sanctos
2717 1141 2871 1198 unius
2893 1142 3239 1214 ejusdemque
3262 1146 3515 1204 substan-

1940 1224 2031 1282 tia:
2071 1225 2153 1280 vel
2189 1229 2439 1284 astutum
2483 1229 2710 1298 dicatur,
2747 1234 3015 1300 credatur,
3055 1236 3411 1308 intelligatur;
3459 1249 3517 1294 ut

1941 1328 2045 1370 non
2099 1318 2250 1386 quasi
2303 1320 2503 1376 nostris
2546 1323 2997 1381 .cstaticnibus
3040 1326 3365 1396 illudantur,
3417 1331 3511 1386 sed

1887 1450 1890 1452 η
1936 1407 2113 1483 rcipsa
2148 1409 2523 1480 experiantur,
2552 1420 2624 1488 et
2660 1426 2798 1484 esse
2824 1414 2964 1477 illud
2999 1420 3512 1478 summ:.bonuin

1929 1499 2079 1568 quod
2113 1502 2516 1571 malim
2544 1506 2813 1584 tuentibus
2831 1509 3112 1575 «certetur,
3143 1521 3202 1567 et
3226 1527 3261 1566 a
3281 1527 3360 1570 se
3387 1527 3511 1582 pro-

1939 1599 2120 1660 pterea
2151 1594 2296 1650 comi
2337 1597 2825 1666 eomprebemlique
2865 1615 2974 1655 non
3020 1616 3226 1670 posse,
3251 1605 3372 1674 quia
3411 1605 3512 1661 hu-

1938 1697 2111 1738 mana:
2138 1686 2332 1741 utentis
2359 1688 2500 1743 acies
2543 1688 2773 1744 invalida
2817 1690 2870 1745 in
2915 1700 3022 1747 tam
3067 1695 3347 1768 excellenti
3393 1697 3514 1753 luce

1934 1792 2046 1832 non
2073 1775 2268 1848 ﬁgitur,
2297 1779 2403 1865 nisi
2432 1795 2526 1850 per
2544 1781 2802 1851 justitiam
2829 1782 2954 1839 ﬁdei
2993 1786 3186 1840 nutrita
3216 1797 3510 1857 vegetetur.

1925 1869 2042 1926 Sed
2093 1871 2324 1941 primum
2371 1873 2662 1930 secundum
2691 1875 3077 1932 auctoritatem
3113 1876 3512 1950 Scripturarum

1937 1972 2240 2020 satietas-um
2259 2004 2274 2030 ,
2313 1973 2500 2021 utrum
2536 1966 2607 2020 ita
2633 1981 2695 2022 se
2728 1966 2862 2023 ﬁdes
2889 1967 3119 2034 habeat,
3145 1968 3514 2028 dernoustran-

1935 2051 2062 2108 dum
2080 2063 2190 2110 est.
2236 2054 2434 2112 Deinde
2459 2056 2513 2112 λεί
2541 2057 2783 2116 voluerit,
2809 2067 2864 2114 et
2901 2059 3166 2129 adiuverit
3193 2061 3362 2126 Deus,
3395 2063 3515 2120 istis

1934 2145 2170 2211 garrulis.
2188 2145 2676 2215 ratiocinatoribus,
2697 2148 3010 2203 elatioribus
3031 2164 3193 2216 quam
3219 2153 3512 2222 capaciori-

1937 2234 2054 2300 bos,
2080 2243 2239 2305 atque
2267 2235 2387 2292 ideo
2415 2237 2603 2296 morbo
2625 2239 3006 2310 periculosique
3027 2240 3410 2310 laborantibus,
3433 2245 3511 2299 sic

1903 2356 1906 2360 ί
1936 2325 2162 2382 fortasse
2193 2328 2528 2395 serviemus,
2559 2338 2618 2383 ut
2659 2330 2928 2384 inveniant
2953 2331 3148 2401 aliquid
3190 2332 3330 2388 unde
3350 2333 3510 2388 dubi-

1937 2423 2049 2470 tare
2073 2431 2186 2476 non
2205 2417 2444 2486 possint,
2465 2427 2538 2473 ει
2574 2417 2770 2475 obboc
2791 2419 2846 2474 in
2871 2435 2938 2476 eo
2965 2421 3108 2490 quod
3150 2422 3387 2477 invenire
3417 2439 3511 2478 ne.

1933 2506 2220 2576 qui-verit,
2245 2506 2312 2562 de
2333 2508 2448 2564 suis
2467 2509 2736 2566 mentibus
2763 2510 2938 2579 potius
2964 2508 3120 2582 quam
3149 2511 3216 2567 de
3237 2512 3347 2584 ipsa
3372 2513 3513 2568 veri-

1934 2604 2099 2663 tate,
2123 2597 2209 2654 vel
2242 2597 2310 2653 do
2351 2600 2550 2654 nostris
2590 2600 3036 2670 disputationibus
3079 2603 3506 2673 conmter'antur:

1929 2697 2092 2757 atque
2114 2687 2190 2743 ita
2207 2689 2261 2745 si
2285 2689 2410 2759 quid
2437 2696 2516 2746 eis
2539 2705 2662 2760 erga
2685 2691 2851 2752 Deum
2879 2691 2964 2746 vel
2990 2694 3188 2748 amoris
3220 2701 3304 2748 est
3330 2693 3410 2747 vel
3439 2693 3508 2746 ti-

1933 2779 2119 2848 moris,
2145 2780 2212 2834 ad
2239 2779 2446 2834 initium
2483 2780 2602 2834 ﬁdei
2627 2788 2690 2836 et
2709 2780 2954 2836 ordinem
2980 2781 3221 2849 redeant,
3244 2783 3353 2851 jam
3384 2797 3510 2837 seu-

1933 2871 2125 2926 tientes
2159 2886 2318 2941 quam
2361 2871 2643 2928 Salubriter
2667 2872 2720 2926 in
2757 2881 2939 2928 sancta
2973 2872 3214 2928 Ecclesia
3250 2873 3508 2932 medicina

1929 2963 2168 3017 ﬁdelium
2195 2964 2482 3018 constituta
2510 2963 2599 3039 sit,
2623 2971 2682 3018 ut
2703 2963 2772 3018 ad
2794 2952 3185 3034 perceptionem
3214 2965 3510 3020 meommuo

1934 3053 2111 3108 tabilis
2136 3053 2372 3109 veritatis
2410 3053 2728 3109 imbecillem
2760 3063 2991 3109 mentem
3019 3053 3298 3110 observata
3343 3054 3511 3124 pietas

1928 3153 2106 3209 sanet,
2137 3160 2205 3198 ne
2240 3144 2294 3198 in
2324 3143 2630 3214 opinionem
2659 3143 2837 3199 noxia:
2870 3142 3114 3198 falsitatis
3137 3143 3407 3200 temeritas
3431 3143 3513 3196 in-

1931 3233 2173 3290 crdinata
2213 3235 2526 3304 praecipitet.
2570 3233 2680 3288 Nec
2723 3232 2924 3304 pigebit
2949 3242 3126 3288 autem
3167 3249 3297 3300 me,
3342 3233 3512 3288 sicubi

1935 3324 2143 3390 haesito,
2173 3340 2443 3394 qumrerc;
2477 3339 2574 3379 nec
2599 3321 2846 3393 pudebit,
2875 3322 3045 3379 sicubi
3067 3339 3239 3390 .crro,
3283 3323 3507 3380 discere.

2004 3414 2230 3470 CAPUT
2271 3414 2353 3469 lll.
2383 3443 2455 3454 -ο
2484 3415 2538 3470 5.
2573 3414 2708 3480 Quid
2752 3429 2783 3466 a
2819 3414 2925 3467 suis
2968 3413 3234 3468 lectoribus
3275 3420 3512 3482 exposcat

1934 3506 2264 3577 Augustinus.
2318 3489 2584 3559 Lectortnn
2621 3503 2900 3557 tardiorum
2939 3517 3132 3556 errores
3172 3502 3365 3556 auctori
3409 3517 3512 3556 non

1930 3598 2202 3653 tribuendi.
2233 3595 2723 3666 Proindequisquis
2749 3595 2863 3651 hac
2889 3593 3038 3664 legit,
3063 3593 3147 3650 ubi
3177 3593 3370 3662 pariter
3393 3605 3513 3646 cer-

1935 3700 2022 3747 tus
2043 3699 2161 3753 est,
2189 3698 2374 3761 pergat
2409 3702 2652 3754 mecum;
2685 3686 2771 3742 ubi
2800 3685 2998 3757 pariter
3033 3684 3272 3749 haesitat,
3305 3691 3514 3754 quaint

1935 3795 2142 3836 mecum
2168 3797 2181 3834 :
2213 3779 2300 3834 ubi
2325 3792 2565 3834 errorem
2593 3792 2746 3832 suum
2775 3776 3065 3846 cognoscit,
3093 3773 3274 3830 redeat
3299 3773 3365 3828 ad
3388 3788 3506 3839 me;

1935 3873 2026 3928 ubi
2055 3886 2232 3928 meum
2251 3910 2268 3939 ,
2296 3878 2514 3926 revocet
2537 3885 2641 3925 me.
2669 3869 2743 3925 Ita
2767 3867 3124 3940 ingrediantur
3147 3867 3303 3921 simul
3331 3866 3511 3922 chari-

1932 3964 2062 4020 tatis
2089 3965 2252 4028 viam,
2285 3962 2564 4019 tendentes
2579 3961 2645 4016 ad
2670 3977 2790 4016 eum
2811 3961 2879 4016 de
2898 3975 3003 4030 quo
3021 3959 3218 4016 dictum
3242 3966 3342 4022 est,
3367 3957 3515 4022 Qua-

1934 4056 2030 4110 rite
2049 4056 2228 4124 {aciem
2249 4055 2357 4125 ejus
2383 4070 2570 4123 semper
2605 4040 2778 4123 (Prol.
2808 4065 2916 4118 ειν,
2949 4051 3025 4122 4).
3051 4051 3116 4105 Et
3139 4049 3240 4104 hoc
3267 4048 3514 4119 placitum

1938 4145 2083 4216 pium
2125 4153 2285 4216 atque
2325 4154 2493 4200 tutum
2533 4158 2716 4200 coram
2764 4143 2987 4197 Domino
3030 4142 3138 4196 Deo
3177 4150 3364 4196 nostro
3391 4155 3514 4196 cum

1938 4236 2185 4292 omnibus
2211 4235 2419 4291 inierim
2453 4235 2500 4300 ί,
2527 4233 2621 4305 qui
2646 4249 2707 4290 ea
2737 4248 2855 4304 qua:
2893 4231 3069 4290 scribo
3112 4232 3328 4302 legunt,
3366 4240 3421 4286 et
3461 4231 3515 4286 in

1938 4327 2186 4384 omnibus
2213 4325 2426 4395 scriptis
2449 4325 2582 4380 meis
2602 4362 2617 4388 .
2655 4323 2990 4392 maximeque
3018 4323 3068 4376 in
3101 4320 3183 4376 his
3210 4320 3296 4375 ubi
3323 4319 3517 4390 quaeri-

1941 4427 2026 4472 tur
2045 4416 2218 4472 unitas
2237 4414 2526 4479 Trinitatis,
2549 4414 2720 4474 Patris
2740 4422 2793 4468 et
2810 4412 2928 4468 Filii
2950 4421 3003 4468 et
3019 4411 3244 4482 Spiritus
3265 4409 3434 4466 sancti
3456 4409 3512 4476 ’ς

1939 4509 2060 4580 quia
2083 4523 2181 4564 nec
2214 4506 2562 4577 periculosius
2595 4505 2788 4560 alicubi
2814 4514 3041 4570 erratur,
3075 4519 3174 4559 nec
3200 4500 3516 4563 laboriosius

1935 4599 2136 4670 aliquid
2177 4599 2465 4669 qumritur,
2509 4613 2607 4653 nec
2651 4597 2972 4652 fructuosius
2997 4595 3197 4666 aliquid
3228 4594 3512 4652 invenitur.

1939 4693 2190 4762 Quisquis
2229 4706 2357 4762 ergo
2383 4707 2503 4746 cum
2529 4690 2658 4760 legit
2681 4690 2843 4753 dicit.
2888 4689 2998 4743 Hoc
3023 4704 3128 4744 non
3159 4689 3290 4742 bene
3316 4685 3517 4742 dictum

1936 4794 2043 4852 est,
2075 4784 2326 4854 quoniam
2359 4797 2466 4838 non
2497 4782 2768 4852 intelligo;
2799 4782 3116 4836 locutionem
3143 4793 3314 4832 ineant
3340 4791 3518 4845 reprc-

1941 4874 2126 4929 hendit
2149 4873 2194 4940 ³,
2226 4889 2334 4929 non
2374 4873 2573 4929 ﬁdem:
2607 4883 2660 4927 et
2701 4873 2838 4927 forte
2881 4886 3004 4926 vero
3041 4869 3214 4943 potuit
3255 4866 3358 4921 dici
3401 4865 3518 4935 pla-

1941 4968 2090 5032 nius;
2118 4975 2484 5020 verumtamen
2511 4965 2688 5019 nullus
2711 4962 2983 5017 hominum
3009 4961 3078 5012 ita
3101 4959 3307 5012 loculus
3327 4963 3434 5021 est,
3460 4964 3520 5009 ut.

1939 5059 1998 5113 in
2019 5055 2265 5112 ouantibus
2282 5056 2349 5112 ab
2371 5056 2620 5110 omnibus
2641 5054 3044 5124 intelligeretur.
3073 5049 3258 5102 Videat
3281 5061 3409 5117 ergo
3431 5047 3521 5102 cui

1945 5148 2049 5202 hoc
2077 5148 2132 5202 in
2159 5161 2406 5202 sermone
2434 5161 2555 5202 meo
2584 5145 2847 5214 displicet,
2880 5151 3054 5198 utrum
3081 5140 3214 5195 alios
3245 5139 3297 5193 in
3326 5138 3518 5195 talibus

1946 5240 2106 5296 rebus
2133 5239 2616 5318 mutationibusque
2657 5243 2893 5292 versatos
2939 5232 3220 5302 intelligat,
3265 5246 3386 5285 cum
3433 5245 3524 5284 mo

1948 5349 2053 5388 non
2079 5332 2358 5402 intelligit:
2387 5340 2441 5405 ct
2471 5331 2515 5384 si
2544 5330 2614 5384 ita
2639 5337 2752 5392 est,
2797 5334 2956 5396 ponat
2981 5325 3172 5380 librum
3199 5338 3406 5388 meum,
3437 5321 3526 5380 vel

1951 5423 2128 5488 etiam,
2162 5423 2206 5478 si
2235 5422 2335 5478 hoc
2363 5421 2591 5483 videtur,
2617 5417 2866 5483 abiiciat',
2891 5425 2948 5472 et
2977 5415 3059 5472 eis
3086 5415 3258 5484 potius
3286 5428 3420 5483 quos
3446 5413 3528 5470 in.-

2013 5581 2032 5614 ι
2068 5588 2200 5639 Lov.,
2222 5575 2424 5628 interim.
2456 5575 2538 5639 Alii
2558 5573 2766 5639 codices,
2792 5571 3003 5639 inierim.
3225 5638 3229 5639 ν
3343 5635 3354 5639 _

2011 5643 2034 5674 ⁸
2067 5625 2433 5698 ξίεῖιῖδὲξέυιω
2477 5637 2662 5697 viginti.
2689 5625 2892 5685 At'editi
2917 5634 3114 5692 habent,
3143 5638 3287 5683 Pater
3309 5635 3355 5681 ct
3380 5625 3536 5678 titius

1949 5709 1997 5756 et
2024 5702 2226 5766 spiritus
2247 5707 2452 5766 sanctus.
2552 5758 2564 5766 _
2661 5756 2672 5766 ,
2780 5763 2794 5766 Α
2847 5756 2861 5766 ,
2977 5755 3005 5766 ..
3112 5754 3122 5764 .

2018 5755 2121 5812 "In
2146 5763 2366 5824 excusis,
2403 5756 2740 5824 reprelzmdm.
2773 5756 2864 5808 Sed
2894 5755 3069 5807 melius
3110 5755 3159 5805 in
3199 5760 3335 5812 3:33.,
3370 5761 3533 5812 repre-

1957 5823 2122 5878 hcndit
