4084 6444
556 502 765 577 telligit,
792 512 1012 576 operam
1038 508 1093 557 et
1112 508 1321 572 tempus
1346 494 1639 566 impendat.
1678 494 1796 553 Non
1820 505 1995 552 tamen
2023 513 2147 569 pro-

555 607 740 672 pterea
783 605 932 670 putet
960 611 1047 652 me
1084 602 1262 651 tacere
1300 590 1584 658 debuisse,
1615 589 1738 662 quia
1776 605 1883 645 non
1912 596 2017 643 tam
2044 603 2142 644 ex-

558 690 738 763 pedite
778 704 842 745 ac
869 686 1101 745 dilucide
1144 699 1302 756 quam
1359 682 1432 737 illi
1462 695 1597 753 quos
1640 680 1920 750 intelligit,
1967 679 2142 749 eloqui

556 780 724 853 potui.
754 764 939 850 Νὲξῖιο
975 777 1117 833 enim
1157 774 1336 829 omnia
1363 787 1483 845 qua:
1519 773 1587 829 ab
1620 771 1865 828 omnibus
1903 770 2141 825 conscri~

557 872 774 936 buntur,
808 871 860 925 in
885 868 1121 923 omnium
1150 879 1338 919 manus
1363 863 1588 936 veniunt
1612 880 1626 917 :
1657 871 1713 918 et
1742 861 1855 917 tieri
1886 869 2061 932 potest
2087 867 2144 914 ut

556 962 797 1019 nonnulli
814 960 911 1032 qui
936 960 1097 1014 etiam
1126 956 1244 1012 ha'c
1267 963 1449 1011 nostra
1475 954 1775 1024 intelligere
1798 953 1996 1016 valent,
2024 944 2142 1006 illos

554 1054 821 1125 planiores
848 1066 953 1106 non
984 1049 1256 1105 inveniant
1278 1048 1480 1113 libros,
1512 1055 1567 1102 et
1589 1047 1641 1101 in
1677 1046 1809 1099 istos
1834 1045 2023 1098 saltem
2055 1043 2144 1096 itt-

552 1142 753 1199 eidant.
783 1140 1016 1212 ideoque
1043 1139 1173 1195 utile
1210 1146 1322 1205 est,
1360 1137 1543 1207 plures
1570 1150 1601 1190 a
1638 1134 1881 1205 pluribus
1911 1133 2026 1189 fieri
2055 1132 2156 1188 di-'

553 1246 716 1289 verso
740 1232 893 1297 stilo,
925 1246 1033 1286 non
1066 1230 1277 1286 diversa
1306 1228 1441 1294 fide,
1477 1228 1635 1283 etiam
1665 1226 1733 1282 de
1759 1225 2142 1298 quzestionibus

524 1316 790 1390 hisdem,
822 1331 881 1378 ut
906 1321 974 1378 ad
1006 1322 1266 1393 plurimos
1300 1334 1389 1376 res
1417 1319 1527 1389 ipsa
1556 1318 1866 1389 perveniat;
1896 1316 1964 1373 ad
2005 1316 2142 1372 alios

524 1408 525 1411 “
551 1418 665 1483 sic,
695 1416 765 1473 ad
791 1416 925 1473 alios
951 1422 1128 1471 autem
1161 1414 1260 1470 sic.
1297 1413 1368 1469 At
1393 1413 1439 1467 si
1466 1411 1557 1468 ille
1583 1413 1671 1483 qui
1701 1425 1760 1465 se
1802 1411 1900 1465 ista
1929 1424 2035 1465 non
2063 1409 2141 1463 in-

553 1508 820 1564 tellexisse
839 1504 1205 1578 conqueritur,
1228 1504 1371 1559 nulla
1398 1517 1632 1574 unquam
1660 1501 1730 1557 de
1759 1500 1953 1556 talibus
1978 1501 2141 1556 rebus

550 1599 836 1672 diligenter
863 1607 919 1655 et
940 1606 1095 1653 acute
1115 1596 1378 1667 disputata
1400 1595 1695 1665 intelligere
1722 1592 1926 1663 potuit;
1957 1606 2139 1647 secum

550 1700 674 1762 ngat
700 1690 837 1745 votis
860 1698 916 1745 et
939 1688 1129 1745 studiis
1157 1695 1217 1743 ut
1240 1686 1504 1757 proﬁciat,
1535 1699 1643 1741 non
1671 1698 1881 1740 mecum
1908 1683 2141 1753 querelis

550 1790 607 1835 et
630 1780 884 1835 conviciis
909 1788 968 1833 ut
993 1786 1219 1834 taceam.
1244 1775 1345 1845 Qui
1376 1790 1504 1831 vero
1530 1776 1644 1829 haec
1666 1774 1850 1844 legens
1877 1773 2026 1837 dicit,
2058 1770 2143 1827 ln-

552 1870 734 1940 telligo
763 1869 975 1941 quidem
1001 1868 1127 1940 quid
1158 1868 1359 1922 dictum
1400 1866 1500 1934 sit,
1530 1864 1626 1921 sed
1654 1880 1763 1920 non
1789 1879 1914 1920 vere
1939 1863 2139 1919 dictum

552 1972 668 2027 est;
699 1970 933 2025 asserat,
981 1959 1026 2015 si
1051 1959 1226 2029 placet
1251 1959 1291 2022 ί,
1319 1956 1640 2012 sententiam
1668 1969 1851 2037 suam,
1879 1963 1935 2010 et
1958 1953 2141 2010 redar-

551 2059 687 2121 guat
702 2065 898 2116 meam,
930 2050 976 2104 si
1005 2057 1199 2119 potest.
1231 2047 1383 2115 Quod
1413 2047 1457 2101 si
1484 2061 1606 2102 cum
1631 2044 1891 2101 charitate
1920 2054 1974 2100 et
2001 2044 2140 2100 veri-

551 2149 662 2196 tate
699 2141 917 2208 fecerit,
962 2140 1199 2211 mihique
1224 2140 1384 2195 etiam
1425 2138 1503 2208 (si
1529 2138 1581 2192 in
1608 2138 1708 2192 hac
1732 2138 1835 2191 vita
1864 2150 2055 2191 maneo
2081 2136 2138 2205 ³)

550 2232 982 2302 cognoscendum
1022 2231 1198 2286 facere
1223 2229 1525 2295 curaverit,
1556 2229 1882 2283 uberrimum
1910 2228 2137 2282 fructum

547 2315 748 2376 laboris
775 2320 933 2391 hujus
960 2322 1065 2376 mei
1094 2335 1309 2391 cepero.
1332 2320 1483 2387 Quod
1508 2320 1553 2375 si
1584 2318 1711 2373 mihi
1742 2333 1848 2374 non
1882 2318 2133 2388 potuerit,

548 2416 741 2485 quibus
771 2414 823 2469 id
854 2415 1104 2484 potuerit,
1132 2428 1218 2469 me
1241 2414 1456 2468 volente
1464 2427 1543 2491 ac
1563 2410 1761 2466 libente
1790 2410 2095 2481 prmstiterit
2120 2428 2133 2464 :

547 2519 649 2575 ego
693 2514 872 2559 tamen
919 2504 972 2558 in
1007 2503 1122 2573 lege
1166 2500 1376 2557 Domini
1418 2490 1675 2566 meditor,
1726 2500 1771 2554 si
1803 2514 1907 2554 non
1947 2497 2034 2554 die
2073 2510 2138 2554 ac

547 2604 705 2649 nocte
727 2593 896 2666 (Psat.
931 2610 968 2660 t,
990 2592 1072 2665 2),
1102 2593 1289 2648 saltem
1320 2592 1512 2663 quibus
1536 2600 1835 2662 temporum
1866 2592 2135 2661 particulis

545 2698 802 2753 possum;
830 2692 886 2740 et
904 2684 1281 2739 meditationes
1310 2698 1457 2738 meas
1475 2724 1490 2749 ,
1519 2698 1588 2738 ne
1612 2682 1883 2738 oblivione
1910 2681 2131 2754 fugiant,

545 2775 672 2831 stilo
714 2776 910 2848 all?go:
943 2790 1167 2846 sperans
1192 2775 1261 2831 de
1302 2774 1665 2831 misericordia
1707 2774 1841 2841 Dei,
1891 2774 2032 2845 quod
2080 2774 2132 2829 in

545 2868 796 2924 omnibus
824 2870 969 2924 veris
997 2885 1115 2939 quae
1153 2878 1300 2924 certa
1338 2868 1469 2924 mihi
1512 2877 1670 2933 sunt,
1702 2874 2133 2938 perseverantem

546 2970 635 3014 tne
660 2958 847 3025 faciet;
879 2960 922 3015 si
950 2960 1074 3030 quid
1101 2970 1279 3015 autem
1307 2959 1460 3015 aliter
1484 2959 1654 3031 sapio,
1685 2958 1737 3013 id
1763 2973 1975 3028 quoque
2004 2958 2131 3013 mihi

545 3045 662 3119 ipse
687 3051 946 3106 revelabit
968 3050 1228 3123 (Philipp.
1261 3066 1351 3116 ιιι,
1387 3050 1498 3122 15),
1529 3050 1642 3105 sive
1666 3064 1763 3119 per
1787 3049 2021 3104 occultas
2052 3042 2134 3103 in-

544 3142 864 3212 spirationes
886 3151 1048 3212 atque
1085 3141 1509 3207 admonitiones,
1556 3140 1670 3195 sive
1713 3153 1811 3210 per
1854 3138 2131 3194 manifesta

546 3231 759 3304 eloquia
782 3246 899 3298 sua,
926 3232 1040 3288 sive
1067 3247 1164 3303 per
1186 3231 1449 3287 fraternas
1478 3229 1972 3286 sermocinationes.
2017 3227 2131 3285 Hoc

546 3337 678 3393 oro,
724 3334 780 3381 et
821 3325 922 3381 hoc
961 3324 1262 3396 depositum
1288 3323 1721 3393 desideriumque
1744 3337 1923 3378 meum
1963 3335 2131 3400 penes

543 3415 721 3486 ipsum
768 3414 971 3484 habeo,
1003 3415 1093 3485 qui
1135 3416 1265 3470 mihi
1312 3415 1442 3470 satis
1486 3414 1710 3470 idoneus
1736 3422 1819 3469 est
1859 3412 2130 3469 custodire

542 3518 663 3576 quae
690 3506 854 3570 dedit,
882 3517 940 3563 et
965 3506 1194 3563 reddere
1213 3521 1331 3577 qua:
1357 3505 1620 3575 promisit.

614 3598 670 3653 6.
700 3597 946 3671 Arbitror
968 3613 1097 3655 sane
1118 3598 1401 3654 nonnullos
1423 3597 1702 3664 tardiores,
1733 3596 1787 3652 in
1812 3596 2126 3668 quibusdam

543 3686 679 3746 locis
711 3690 968 3747 librorum
996 3704 1237 3748 meorum
1264 3691 1574 3761 Opinaturos
1612 3705 1699 3747 me
1727 3690 1959 3745 sensisse
1986 3688 2127 3760 quod

543 3797 653 3837 non
683 3783 860 3848 sensi,
888 3792 977 3838 aut
1018 3798 1123 3838 non
1152 3783 1386 3839 sensisse
1413 3782 1555 3852 quod
1584 3782 1749 3838 sensi.
1780 3780 2016 3848 Quorum
2041 3794 2128 3834 er-

541 3887 722 3928 rorem
768 3872 897 3928 mihi
926 3873 1084 3930 tribui
1121 3890 1227 3928 non
1254 3873 1455 3929 debere
1482 3873 1602 3943 quis
1629 3871 1832 3927 nesciat
1852 3911 1869 3938 ,
1899 3870 1945 3925 si
1985 3870 2129 3926 velut

543 3975 633 4018 me
658 3973 945 4034 sequentes
985 3980 1156 4034 neque
1198 3964 1662 4035 apprehendentes
1704 3961 2033 4018 deviaverint
2071 3961 2124 4016 in

544 4055 774 4126 aliquam
806 4056 1084 4113 falsitatem
1107 4098 1123 4123 ,
1150 4056 1276 4112 dum
1306 4072 1469 4127 cogor
1492 4071 1590 4126 per
1614 4053 1855 4126 quaadam
1883 4052 2045 4109 densa
2072 4060 2127 4109 et

540 4160 707 4214 opaca
736 4146 875 4201 viam
903 4162 1161 4217 carpere:
1191 4147 1619 4218 quandoquidem
1646 4161 1747 4201 nec
1770 4146 1900 4216 ipsis
1926 4145 2125 4201 sanctis

526 4235 842 4291 divinorum
872 4236 1150 4291 Librorum
1172 4238 1576 4293 auctoritatibus
1600 4237 1622 4269 ³
1648 4237 1762 4293 ullo
1790 4236 1948 4293 modo
1973 4238 2124 4308 quis-

539 4344 701 4401 quam
742 4339 889 4387 recte
931 4330 1175 4386 tribuerit
1213 4339 1318 4385 tam
1359 4330 1554 4385 multos
1597 4337 1652 4387 et
1694 4330 1869 4385 varios
1909 4344 2125 4386 errores

540 4419 948 4483 haereticorum;
978 4435 1099 4475 cum
1122 4434 1309 4476 omnes
1326 4435 1394 4477 ex
1423 4418 1625 4476 eisdem
1653 4419 1942 4490 Seripturis
1962 4419 2123 4475 falsas

538 4520 700 4581 atque
743 4510 959 4567 fallaces
1000 4512 1278 4581 opiniones
1319 4525 1446 4567 suas
1490 4521 1753 4567 conentur
1791 4511 2122 4568 defendere?

540 4599 810 4656 Admonet
839 4616 926 4657 me
950 4599 1109 4672 plane
1137 4616 1200 4655 ac
1225 4600 1354 4656 mihi
1377 4600 1529 4672 jubet
1556 4602 1873 4658 suavissimo
1898 4602 2123 4674 imperio

536 4690 624 4748 lex
653 4691 886 4759 Christi,
922 4693 1025 4749 hoc
1051 4686 1391 4749 estHnaritas
1409 4734 1423 4759 ,
1448 4703 1511 4749 ut
1538 4709 1657 4750 cum
1688 4694 1887 4766 aliquid
1916 4694 2036 4749 falsi
2067 4694 2120 4750 in

536 4783 690 4840 libris
718 4783 852 4842 meis
878 4799 966 4840 me
993 4785 1226 4840 sensisse
1248 4785 1491 4841 homines
1511 4795 1698 4856 putant
1717 4785 1859 4856 quod
1888 4800 1987 4856 ego
2012 4800 2120 4840 non

535 4876 911 4948 sensi,_atque
945 4876 1173 4947 idipsnm
1217 4876 1408 4932 falsum
1450 4878 1601 4933 alteri
1643 4876 1920 4948 displicet,
1965 4876 2121 4933 alteri

533 4968 729 5036 placet,
752 4968 936 5023 malim
956 4983 1042 5024 me
1060 4968 1381 5038 reprehendi
1399 4984 1427 5023 a
1445 4968 1833 5039 reprehensore
1852 4969 2118 5038 falsitatis,

531 5073 692 5128 quam
722 5058 793 5114 ab
818 5059 936 5130 ejus
966 5058 1242 5115 laudatore
1265 5059 1488 5115 laudari.
1520 5059 1604 5115 Ab
1647 5060 1738 5115 illo
1761 5060 1905 5115 enim
1933 5075 2120 5132 quam-

531 5148 614 5203 vis
639 5164 740 5220 ego
764 5166 868 5205 non
890 5161 1052 5215 recte,
1082 5151 1171 5221 qui
1198 5150 1299 5206 hoc
1320 5167 1424 5206 non
1447 5152 1730 5217 senserim,
1760 5167 1914 5209 error
1937 5162 2116 5207 tamen

535 5238 650 5309 ipse
680 5251 826 5299 recte
854 5243 1226 5313 vituperatur:
1259 5242 1329 5296 ab
1356 5241 1456 5297 hoc
1496 5251 1674 5301 autetn
1706 5257 1806 5299 nec
1846 5258 1946 5315 ego
1971 5251 2118 5300 recte

536 5334 724 5389 'attdor
743 5350 771 5386 a
799 5349 905 5405 quo
928 5333 1208 5390 existimor
1233 5334 1284 5389 id
1309 5335 1540 5389 sensisse
1565 5334 1707 5405 quod
1736 5333 2001 5405 vituperat
2026 5351 2118 5392 ve-

535 5424 700 5489 ritas,
755 5440 854 5480 nec
904 5426 1017 5495 ipsa
1063 5426 1326 5481 sententia
1378 5440 1536 5495 quam
1586 5427 1852 5496 vituperat
1897 5428 2112 5482 veritas.

536 5506 677 5581 Ergo
714 5512 769 5566 in
808 5518 1025 5571 nomine
1064 5516 1272 5571 Domini
1318 5525 1623 5587 susceptum
1665 5529 1800 5588 opus
1836 5519 2114 5589 aggredia-

530 5617 674 5661 mur.

593 5720 608 5783 ξ
645 5713 900 5783 δίςῃᾳθεξιιι
912 5720 1041 5783 1155:,
1064 5725 1250 5783 asserat
1269 5725 1322 5768 ut
1344 5717 1518 5783 placet.

588 5773 609 5808 ³
642 5775 778 5835 sunt,
802 5776 845 5827 si
866 5778 984 5826 dum
998 5773 1058 5845 tit
1069 5778 1165 5845 hac
1179 5779 1274 5828 vita
1293 5773 1479 5845 maneo.
1506 5781 1667 5845 Abest,
1689 5780 1823 5845 dum,
1848 5796 1874 5831 a
1892 5789 2001 5834 διες.

651 5849 758 5887 sua.
783 5847 886 5890 tres
910 5851 940 5890 e
963 5842 1213 5906 Vaticanis,
1249 5841 1538 5913 auctoribus.

1680 376 1769 441 DE
1807 376 2193 452 TRINI'I‘ATE,
2237 382 2294 439 S.
2336 383 2702 442 AUGUSTINI

2324 498 2550 554 CAPUT
2577 499 2666 553 ιν.
2697 528 2767 537 —-
2793 499 2844 553 7.
2894 497 3023 566 Qua:
3049 498 3113 553 sit
3139 495 3367 553 doctrina
3410 476 3533 568 ﬁdei
3572 470 3845 554 catholica:

2251 588 2315 643 de
2342 586 2608 643 Trinitate.
2638 587 2836 645 Omnes
2862 589 3202 660 quoslegere
3226 590 3407 660 potui,
3457 589 3549 662 qui
3589 600 3717 646 ante
3752 606 3842 647 me

2250 680 2579 751 scripserunt
2603 680 2670 737 de
2712 679 2972 736 Trinitate
2994 720 3008 746 ,
3040 697 3159 752 qua:
3205 682 3343 736 Dens
3370 689 3483 748 est,
3533 680 3840 738 divinorum

2216 767 2220 771 ’
2249 771 2530 828 Librorum
2563 782 2802 829 veterum
2828 782 2884 830 et
2923 788 3180 829 novorum
3207 772 3458 830 catholici
3485 782 3837 840 tractatores,

2249 862 2351 918 hoc
2382 864 2723 919 intenderunt
2759 865 3051 920 secundum
3093 865 3394 936 Scripturas
3428 865 3659 931 docere,
3694 868 3838 939 quod

2248 955 2406 1012 Pater
2433 966 2486 1013 et
2517 958 2683 1031 Filius
2707 958 3018 1030 ,eLSpir'ttus
3038 968 3272 1028 sanctus,
3299 960 3459 1014 unius
3486 959 3839 1032 ejusdemque
3914 942 3953 1023 g'r

2246 1050 2559 1106 substantia:
2587 1038 2923 1122 inseparabili
2961 1052 3262 1123 aequalitate
3300 1052 3533 1108 divinam
3564 1053 3839 1109 insinuent

2247 1140 2501 1196 unitatem
2525 1159 2539 1206 ;
2568 1142 2797 1212 ideoque
2826 1158 2931 1199 non
2959 1143 3066 1199 sint
3095 1153 3204 1198 tres
3226 1143 3319 1209 dii,
3352 1143 3448 1199 sed
3479 1159 3617 1199 unus
3646 1145 3827 1200 Deus:

2244 1232 2488 1300 quamvis
2529 1231 2688 1288 Pat'er
2725 1233 2917 1288 Filium
2961 1235 3236 1304 genuerit,
3265 1243 3320 1290 et
3362 1234 3482 1289 ideo
3513 1235 3680 1291 Filius
3725 1250 3834 1291 non

2244 1321 2313 1375 sit
2353 1322 2441 1393 qui
2491 1323 2647 1378 Pater
2691 1332 2806 1390 est;
2840 1325 3114 1396 Filiusque
3137 1341 3165 1378 a
3195 1325 3351 1381 Patre
3386 1326 3459 1380 sit
3500 1325 3747 1397 genitus,
3778 1334 3836 1382 et

2245 1411 2366 1467 ideo
2396 1412 2552 1469 Pater
2575 1430 2681 1469 non
2709 1415 2779 1470 sit
2803 1415 2890 1484 qui
2919 1415 3085 1471 Filius
3109 1424 3223 1483 est;
3251 1415 3587 1487 Spiritusque
3614 1426 3835 1472 sanctus

2245 1519 2344 1559 nec
2372 1504 2529 1560 Pater
2553 1506 2624 1560 sit
2660 1521 2759 1562 nec
2794 1506 2999 1573 Filius,
3034 1507 3128 1562 sed
3167 1516 3369 1562 tantum
3409 1506 3582 1564 Patris
3608 1517 3667 1564 et
3706 1506 3833 1564 Filii

2243 1595 2508 1664 Spiritus,
2550 1598 2694 1654 Patri
2724 1608 2778 1655 et
2804 1599 2941 1656 Filio
2981 1601 3139 1656 etiam
3169 1601 3283 1672 ipse
3319 1602 3640 1674 comqualis,
3668 1611 3726 1659 et
3761 1602 3833 1659 ad

2250 1686 2525 1744 Trinitatis
2540 1690 2814 1759 pertinens
2832 1691 3109 1746 unitatem.
3126 1691 3243 1747 Non
3262 1702 3436 1747 tamen
3454 1691 3699 1749 eamdem
3721 1692 3834 1749 Tri-

2246 1779 2463 1835 nitatem
2513 1790 2689 1836 natam
2714 1781 2783 1837 de
2803 1782 3008 1853 virgine
3026 1782 3210 1850 Maria,
3238 1792 3292 1840 et
3321 1782 3420 1839 sub
3440 1783 3633 1840 Pontio
3658 1784 3833 1842 Pilato

2242 1872 2551 1927 crucilixam
2591 1881 2646 1927 et
2683 1874 2975 1943 sepultam,
3014 1876 3170 1931 tertio
3216 1875 3303 1932 die
3330 1878 3727 1945 resurrexisse,
3775 1887 3832 1935 et

2244 1959 2295 2013 in
2322 1960 2516 2015 omium
2554 1963 2890 2031 ascendisse,
2924 1965 3016 2020 sed
3055 1968 3420 2023 tantummodo
3455 1966 3669 2023 Filium.
3717 1968 3831 2026 Nec

2242 2050 2483 2106 eamdem
2512 2050 2826 2108 Trinitatem
2858 2053 3201 2112 descendisse
3240 2057 3293 2112 in
3345 2058 3522 2127 specie
3564 2059 3831 2115 columbae

2240 2153 2402 2211 super
2440 2140 2620 2197 Jesnm
2669 2144 2991 2215 baptizatum
3036 2146 3252 2217 (Matth.
3294 2164 3391 2216 ιιι,
3436 2149 3699 2222 l6);‘aut
3741 2150 3828 2207 die

2242 2231 2587 2289 Pentecostes
2629 2246 2750 2304 post
2788 2238 3157 2293 ascensionem
3193 2240 3435 2309 Domini,
3482 2242 3658 2296 sonitu
3689 2242 3828 2299 facto
3926 2262 3931 2267 ‘

2238 2320 2307 2376 de
2330 2323 2466 2377 caelo
2490 2325 2638 2394 quasi
2669 2324 2895 2381 ferretur
2919 2327 3076 2384 flatus
3102 2329 3412 2396 vehemens,
3443 2341 3495 2387 et
3522 2331 3717 2403 linguis
3744 2332 3826 2389 di-

2239 2417 2366 2471 visis
2394 2418 2539 2474 velut
2566 2420 2699 2492 ignis
2730 2423 2931 2478 sedisse
2957 2439 3121 2495 super
3144 2442 3579 2500 unumquemque
3606 2445 3818 2500 eorum,

2239 2510 2333 2565 sed
2365 2514 2741 2583 tantummodo
2754 2504 3011 2586 Spiritum
3037 2530 3279 2575 sanetum
3308 2522 3445 2591 (Act.
3471 2540 3527 2589 ιι,
3555 2522 3671 2597 2-4)
3715 2525 3826 2582 Nec

2239 2603 2482 2659 eamdem
2523 2604 2840 2663 Trinitatem
2881 2609 3082 2667 dixisse
3109 2611 3177 2667 de
3221 2612 3392 2681 caelo,
3432 2612 3513 2668 Tu
3554 2631 3607 2669 es
3654 2614 3825 2673 Filias

2236 2710 2376 2750 meus
2404 2695 2596 2767 (Marc.
2625 2713 2664 2765 ι,
2688 2699 2797 2770 11),
2827 2700 2939 2756 sive
2963 2715 3084 2756 cum
3108 2703 3404 2773 baptizatus
3430 2713 3510 2759 est
3535 2720 3563 2757 a
3592 2705 3823 2772 Joanne,
3881 2727 3893 2735 ·

2236 2786 2349 2843 sive
2391 2788 2445 2843 in
2485 2798 2667 2845 monte
2711 2791 2924 2861 quando
2969 2808 3089 2848 cum
3119 2794 3212 2849 illo
3257 2805 3408 2851 erant
3438 2805 3546 2852 tres
3576 2796 3822 2871 discipuli

2236 2878 2452 2947 (Matth.
2483 2897 2595 2937 xvtt
2615 2924 2630 2949 ,
2659 2883 2748 2954 5);
2779 2893 2872 2940 aut
2900 2886 3113 2957 quando
3142 2889 3319 2943 sonuit
3346 2904 3478 2957 vox,
3502 2890 3724 2958 dicens,
3752 2890 3829 2948 Et

2234 2972 2541 3041 clari/iacui,
2580 2984 2629 3030 et
2656 2976 2837 3030 iterant
2877 2978 3166 3049 clariﬁcabo
3195 2980 3377 3050 (Joan.
3421 2998 3525 3050 xu,
3553 2983 3690 3054 28):
3723 2984 3821 3045 sed

2234 3064 2603 3120 tantummodo
2639 3066 2811 3123 Patris
2841 3083 3027 3125 vocem
3067 3069 3235 3127 fuisse
3259 3072 3325 3128 ad
3353 3072 3547 3128 Filium
3590 3073 3817 3142 factam;

2232 3156 2475 3226 quamvis
2514 3158 2674 3214 Pater
2714 3169 2770 3215 et
2814 3160 2982 3218 Filius
3023 3172 3077 3218 et
3121 3162 3350 3233 Spiritus
3394 3164 3635 3233 Sanctus,
3683 3168 3822 3223 sicut
3884 3148 3919 3219 ξ

2234 3245 2614 3317 inseparabiles
2641 3261 2785 3317 sunt,
2812 3252 2884 3306 ita
2914 3254 3337 3324 inseparabiliter
3361 3266 3671 3325 operentur.
3693 3258 3820 3314 Haec

2232 3346 2284 3392 et
2311 3352 2429 3393 mea
2454 3338 2586 3395 fides
2611 3350 2711 3407 est,
2740 3342 2955 3413 quando
2980 3344 3094 3400 hare
3117 3354 3199 3401 est
3223 3346 3483 3402 catholica
3520 3347 3675 3403 ﬁdes.

2300 3448 2527 3507 CAPUT
2559 3451 2620 3506 ν.
2664 3482 2734 3493 -—
2771 3453 2825 3510 8.
2868 3453 3200 3525 Difficultates
3243 3459 3307 3513 de
3351 3457 3602 3515 Trinitate
3628 3473 3649 3515 :
3682 3477 3815 3531 quo-

2230 3542 2381 3597 modo
2406 3552 2505 3599 tres
2530 3559 2661 3599 unus
2687 3544 2825 3601 Deus
2842 3587 2859 3612 ,
2888 3556 2936 3602 et
2960 3549 3365 3621 inseparabiliter
3384 3563 3647 3622 operante:
3674 3570 3816 3624 prte-

2229 3643 2357 3687 stent
2377 3633 2612 3705 quadam
2640 3636 2749 3691 sine
2764 3637 2994 3694 invicem.
3022 3639 3129 3695 Sed
3160 3641 3210 3695 in
3242 3656 3303 3696 ea
3334 3642 3572 3698 nonnulli
3603 3653 3816 3714 pertur-

2231 3724 2445 3793 bantur,
2470 3741 2591 3781 eum
2615 3728 2835 3784 audiunt
2875 3730 3040 3786 Deum
3069 3732 3305 3800 Patrem,
3325 3744 3381 3789 et
3405 3733 3571 3791 Deum
3596 3732 3812 3804 Filium,

2228 3824 2284 3869 ct
2315 3817 2479 3872 Deum
2518 3817 2775 3889 Spiritum
2816 3830 3079 3889 sanctum,
3109 3831 3165 3879 et
3208 3833 3383 3880 tamen
3413 3824 3550 3881 hanc
3577 3825 3815 3882 Trinita-

2228 3914 2334 3962 tem
2367 3923 2473 3963 non
2504 3918 2611 3964 tres
2648 3912 2780 3967 deos
2800 3953 2815 3978 ,
2850 3912 2945 3969 sed
2973 3929 3135 3969 unum
3162 3914 3362 3980 Deum;
3389 3925 3441 3971 et
3466 3917 3815 3987 quemadmo-

2227 3997 2355 4053 dum
2383 3997 2436 4053 id
2463 3997 2763 4071 intelligant
2805 4012 3053 4072 quaerunt
3079 4020 3094 4057 :
3121 4005 3417 4074 praesertim
3446 4021 3565 4061 cum
3594 4006 3811 4075 dicitur,

2229 4090 2657 4162 inseparabiliter
2682 4096 2893 4164 operari
2923 4096 3235 4153 Trinitatem
3264 4098 3317 4153 in
3360 4099 3507 4154 omni
3550 4115 3813 4173 re‘quam

2232 4180 2370 4237 Deus
2398 4193 2674 4253 operatur,
2703 4194 2758 4240 et
2788 4195 2962 4242 tamen
2990 4188 3272 4258 quamdam
3300 4204 3486 4246 vocem
3510 4190 3683 4246 Patris
3718 4206 3812 4247 so-

2228 4272 2429 4338 nuisse,
2455 4288 2575 4344 qua:
2595 4291 2695 4331 vox
2723 4275 2843 4332 Filii
2864 4292 2973 4333 non
3000 4279 3103 4347 sit;
3136 4278 3188 4334 in
3216 4295 3380 4338 carne
3407 4291 3579 4338 autem
3598 4292 3811 4351 natum,

2228 4371 2283 4417 et
2310 4377 2525 4434 passum
2550 4406 2567 4431 ,
2608 4375 2663 4421 et
2688 4369 3075 4437 resurrexisse,
3109 4379 3163 4425 et
3188 4370 3241 4425 in
3280 4373 3475 4428 coelum
3501 4374 3813 4430 ascendisse

2228 4455 2443 4510 nonnisi
2483 4455 2711 4524 Filium;
2763 4458 2814 4514 in
2854 4460 3116 4517 columba:
3159 4472 3336 4518 autem
3378 4465 3554 4535 specie
3598 4466 3813 4523 venisse

2228 4548 2443 4603 nonnisi
2472 4547 2729 4617 Spiritum
2758 4560 3000 4607 sanetum
3028 4570 3042 4606 :
3072 4553 3371 4625 intelligere
3418 4556 3601 4611 volunt
3624 4598 3642 4624 ,
3673 4573 3811 4627 quo-

2231 4639 2391 4696 modo
2418 4648 2473 4696 et
2498 4640 2640 4696 illam
2668 4657 2874 4708 vocem,
2902 4659 3021 4714 quae
3048 4647 3259 4702 nonnisi
3287 4647 3460 4703 Patris
3485 4649 3601 4717 fuit,
3629 4649 3810 4706 Trini-

2223 4738 2306 4785 tas
2348 4730 2578 4797 fecerit;
2624 4742 2678 4788 et
2708 4733 2851 4788 illam
2882 4750 3117 4803 carnem,
3153 4738 3206 4791 in
3251 4754 3355 4809 qua
3386 4740 3599 4796 nonnisi
3644 4741 3811 4797 Filius

2225 4821 2296 4878 de
2324 4819 2539 4895 Virgine
2567 4832 2724 4880 natus
2750 4835 2869 4892 est,
2917 4827 3105 4884 eadem
3149 4828 3383 4886 Trinitas
3429 4832 3726 4899 creaverit;
3758 4841 3813 4888 et

2225 4911 2370 4966 illam
2403 4912 2669 4968 columba:
2695 4915 2951 4985 speciem.
2984 4918 3161 4988 inqua
3188 4920 3401 4976 nonnisi
3424 4921 3655 4991 Spiritus
3684 4937 3810 4980 san-

2224 5013 2344 5061 etus
2369 5008 2633 5076 apparuit,
2665 5008 2753 5063 illa
2783 5008 2895 5080 ipsa
2920 5008 3153 5066 Trinitas
3180 5020 3398 5082 operata
3441 5013 3531 5068 sit.
3559 5014 3809 5085 Alioquin

2225 5114 2331 5154 non
2359 5099 2794 5170 inseparabiliter
2834 5101 3069 5157 Trinitas
3094 5112 3367 5174 operatur,
3393 5105 3491 5161 sed
3518 5106 3620 5162 alia
3652 5106 3812 5163 Pater
3890 5120 3925 5187 ff

2224 5189 2368 5257 facit,
2399 5193 2503 5247 alia
2541 5192 2733 5261 Filius,
2778 5194 2883 5250 alia
2910 5194 3142 5266 Spiritus
3179 5205 3396 5252 sanctus
3424 5215 3438 5252 :
3465 5206 3557 5253 aut
3592 5198 3637 5253 si
3664 5213 3813 5269 (μιξε-

2222 5282 2345 5339 dam
2373 5284 2530 5339 simul
2557 5284 2780 5350 faciunt,
2813 5286 3057 5357 quaedam
3099 5288 3216 5343 sine
3260 5288 3489 5344 invicem
3513 5331 3529 5357 ,
3549 5289 3663 5361 jam
3703 5302 3809 5345 non

2224 5372 2592 5443 inseparabilis
2617 5385 2700 5431 est
2724 5376 2977 5432 Trinitas.
3007 5377 3184 5433 Movet
3208 5379 3368 5434 etiam
3398 5378 3667 5449 quomodo
3691 5380 3810 5450 Spi—

2223 5465 2357 5520 ritus
2385 5475 2598 5523 sanctns
2623 5467 2676 5522 in
2726 5467 2985 5525 Trinitatc
3023 5469 3127 5535 sit,
3172 5484 3333 5540 quem
3375 5485 3473 5526 nec
3500 5471 3680 5537 Pater,
3711 5486 3809 5527 nec

2221 5554 2410 5623 Filius,
2433 5573 2533 5613 nec
2559 5559 2718 5615 ambo
2735 5562 3036 5631 genuerint,
3065 5577 3187 5617 cum
3209 5563 3279 5617 sit
3304 5563 3531 5632 Spiritus
3557 5575 3612 5619 et
3635 5564 3809 5620 Patris
3846 5566 3877 5636 ιχ

2220 5660 2278 5706 et
2319 5646 2457 5705 Filii.
2484 5650 2619 5719 Quia
2660 5667 2789 5723 ergo
2820 5664 3067 5723 quaerunt
3106 5653 3207 5709 ista
3232 5653 3512 5723 homines,
3541 5664 3598 5711 et
3648 5655 3807 5711 taedio

2225 5743 2379 5797 nobis
2407 5750 2565 5801 sunt:
2597 5742 2643 5798 si
2669 5743 2795 5815 quid
2821 5744 2945 5801 hinc
2972 5760 3041 5802 ex
3073 5744 3215 5800 dono
3245 5746 3339 5802 Dei
3364 5746 3501 5818 sapit
3528 5746 3809 5801 inﬁrmitas

2229 5842 2438 5905 nostra,
2469 5834 2824 5895 edisseramus
2853 5838 2931 5897 eis
2954 5846 3015 5896 ut
3042 5852 3347 5912 possumus,
3385 5854 3559 5911 neque
3577 5846 3699 5895 cum
3728 5841 3807 5894 in-
