4042 6424
241 336 352 393 825

242 451 383 523 vidia
411 450 722 518 tabescente,
747 449 849 506 iter
870 447 1161 505 habeamus
1183 446 1341 519 (Sap.
1372 464 1447 514 vr,
1475 446 1589 517 23).
1614 446 1668 502 Si
1694 445 1826 502 dici-

214 536 360 600 ‘mus
391 541 525 598 nihil
557 557 658 597 nos
684 538 751 597 de
782 537 971 596 talibus
1001 538 1161 595 rebus
1188 540 1422 609 cogitare
1447 539 1643 600 solere,
1676 549 1828 590 men-

243 634 406 689 timur
439 651 452 685 :
480 632 527 688 si
558 640 735 688 autem
779 630 1009 686 fatemur
1034 629 1277 686 habitare
1299 631 1315 662 ¹
1348 630 1446 685 ista
1476 630 1529 686 in
1559 626 1831 699 cogitatio-

244 721 402 778 uibus
452 725 675 791 nostris,
718 723 971 793 quoniam
1015 721 1253 792 rapimur
1294 736 1479 776 amore
1518 718 1831 790 indagandae

211 812 523 882 veritatis,
575 813 811 886 flagitant
836 815 958 885 jure
998 813 1273 869 charitatis
1314 822 1371 868 ut
1413 813 1493 869 eis
1534 812 1830 868 indicenqu

240 906 367 979 quid
400 905 529 963 hinc
556 905 861 977 excogitare
905 904 1235 976 potuerimus
1262 920 1276 957 :
1308 918 1413 959 non
1440 903 1559 974 quia
1599 902 1710 973 jam
1736 914 1829 957 ac—

241 996 503 1066 ceperim,
534 1004 629 1051 aut
673 995 944 1068 perfectus
973 996 1109 1061 sim;
1136 996 1155 1067 (
1182 1011 1302 1050 nam
1327 995 1372 1050 si
1400 995 1595 1051 Paulus
1619 1003 1830 1065 aposto-

244 1087 351 1155 lus,
380 1097 586 1158 quanto
614 1089 783 1158 magis
812 1104 913 1161 ego
941 1089 1097 1160 longe
1124 1088 1258 1143 infra
1291 1088 1430 1143 illius
1458 1086 1619 1157 pedes
1645 1084 1830 1157 jacens

242 1196 349 1235 non
392 1196 483 1245 tne
529 1180 764 1236 arbitror
791 1179 1281 1252 apprehendisse?)
1327 1179 1425 1241 sed
1471 1195 1569 1251 pro
1613 1179 1835 1236 modulo

241 1288 384 1339 meo,
418 1272 464 1328 si
494 1288 558 1329 ea
582 1288 703 1344 qua:
733 1284 877 1329 retro
909 1284 1030 1329 sunt
1056 1257 1363 1340 obliviscor,
1394 1283 1447 1329 et
1474 1274 1526 1329 in
1565 1273 1832 1329 anteriora

241 1377 331 1419 me
353 1363 609 1428 extendo,
640 1372 695 1420 et
719 1364 1010 1420 secundum
1039 1365 1383 1429 intentionem
1413 1378 1608 1435 sequor
1628 1361 1695 1419 ad
1722 1362 1835 1434 pal-

240 1468 384 1508 mam
406 1468 658 1524 superna:
686 1454 983 1509 vocationis
1009 1452 1273 1525 (Philipp.
1302 1470 1380 1521 ιιι,
1421 1454 1629 1520 ιε-ιι),
1659 1468 1833 1524 quan-

243 1553 355 1599 tum
378 1543 623 1613 ejusdem
650 1544 750 1599 via:
776 1545 1090 1615 peregerim,
1111 1555 1291 1616 etquo
1315 1545 1668 1615 pervenerim,
1694 1543 1835 1600 unde

244 1634 377 1690 mihi
413 1635 468 1690 in
498 1636 658 1690 linem
707 1636 944 1705 reliquus
968 1651 1159 1691 cursus
1186 1646 1268 1692 est
1288 1677 1306 1706 ,
1352 1645 1409 1692 ut
1434 1642 1666 1707 aperiam
1693 1636 1835 1692 desi-

218 1723 462 1779 deratur
489 1739 521 1779 a
552 1740 638 1779 me
664 1765 681 1792 ,
716 1724 819 1781 illis
846 1725 1274 1781 desiderantibus
1298 1727 1490 1798 quibus
1515 1742 1600 1783 me
1628 1726 1835 1783 servire

241 1816 383 1886 cogit
402 1815 569 1871 libera
589 1816 842 1873 charitas.
870 1818 1093 1889 Oportet
1118 1828 1319 1885 autem,
1349 1828 1402 1874 et
1426 1818 1643 1874 donabit
1671 1818 1831 1885 Deus,

243 1916 300 1963 ut
326 1908 405 1963 eis
431 1908 786 1962 ministrando
809 1924 928 1979 qua:
950 1910 1149 1979 legant,
1174 1909 1286 1980 ipse
1306 1925 1518 1981 quoque
1539 1909 1832 1981 proficiam;

242 2008 297 2055 et
335 1998 414 2054 eis
458 2000 681 2071 cupiens
722 1999 1050 2069 respondere
1076 2002 1457 2071 quan-cutibus,
1488 2002 1600 2072 ipse
1626 2017 1835 2073 quoque

244 2090 515 2146 inveniam
540 2091 680 2161 quod
703 2091 1028 2162 qumrcham.
1055 2092 1192 2163 Ergo
1218 2093 1425 2163 suscepi
1456 2092 1591 2158 hare,
1612 2093 1836 2162 jubente

246 2194 402 2255 atque
429 2183 713 2254 adjuvante
742 2184 964 2239 Domino
991 2184 1100 2239 Deo
1127 2195 1331 2249 nostro,
1363 2201 1468 2239 non
1497 2195 1602 2239 tam
1624 2186 1836 2257 cognita

245 2262 715 2329 éﬂm’a'uctoritate
742 2273 1007 2331 disserere
1029 2316 1042 2340 ,
1071 2289 1229 2346 quant
1271 2289 1333 2330 ea
1360 2289 1479 2329 cum
1507 2274 1700 2345 pietate
1728 2275 1837 2331 dis-

250 2366 479 2422 serendo
501 2380 845 2435 ceguOscere.
1376 2418 1381 2423 .

312 2456 540 2514 CAPUT
572 2455 657 2510 \‘i.
684 2487 755 2498 —
795 2458 850 2514 9.
902 2454 1091 2511 Filium
1131 2473 1239 2511 esse
1279 2474 1445 2512 rerum
1489 2454 1648 2511 Deum
1691 2459 1827 2529 ejus-

249 2550 355 2603 dem
378 2566 493 2603 cum
528 2548 680 2603 Putre
705 2549 1014 2604 substantiw.
1051 2548 1168 2603 Non
1191 2550 1327 2604 solus
1353 2547 1524 2613 I’atcr,
1548 2549 1637 2603 sed
1666 2548 1836 2603 Triui—

244 2654 319 2697 tas
363 2643 501 2695 dicta
547 2643 869 2696 immortalis.
915 2640 1035 2696 Non
1072 2658 1133 2695 ex
1170 2642 1277 2696 solo
1325 2640 1479 2695 Patre
1517 2642 1705 2706 omnia,
1748 2643 1836 2696 sed

242 2734 394 2786 etiam
443 2750 508 2787 ex
545 2732 703 2787 Filio.
748 2732 1001 2804 Spiritum
1040 2744 1268 2787 sanctum
1312 2748 1418 2787 csse
1462 2748 1631 2786 rerum
1672 2731 1836 2786 Deum

249 2822 396 2877 Patri
441 2833 489 2878 et
523 2822 659 2878 Filio
683 2824 948 2893 a'qualem.
995 2822 1094 2890 Qui
1133 2822 1383 2877 dixerunt
1422 2822 1702 2877 Dominum
1733 2839 1835 2877 no-

247 2928 414 2970 strum
442 2916 628 2973 Jcsum
656 2918 926 2973 Christum
963 2932 1068 2971 non
1097 2931 1230 2986 esse,
1251 2914 1437 2982 Deum,
1465 2924 1555 2969 aut
1583 2930 1687 2970 non
1715 2930 1836 2971 esse

244 3024 431 3065 verum
482 3011 672 3072 Deum,
725 3018 816 3064 aut
860 3025 964 3065 non
1002 3024 1121 3065 cum
1175 3008 1329 3064 Patre
1362 3025 1526 3063 unutn
1567 3018 1621 3063 ct
1662 3008 1834 3064 solum

250 3101 446 3168 Deum,
480 3110 576 3156 aut
620 3118 725 3157 non
759 3117 886 3157 vere
929 3101 1313 3166 immortalem,
1346 3102 1468 3171 quia
1499 3101 1832 3168 mutabilem,

250 3193 678 3248 manifestisstma
710 3192 1006 3247 divinorum
1049 3191 1475 3248 testimoniormn
1509 3201 1565 3246 et
1601 3206 1835 3246 consona

249 3300 377 3341 voce
398 3284 573 3339 convh
596 3286 631 3339 ti
658 3295 815 3350 sunt;
857 3283 997 3339 mule
1026 3294 1148 3338 sunt
1178 3283 1265 3337 illa
1299 3300 1312 3335 :
1353 3282 1417 3336 lu
1449 3282 1697 3353 principio
1730 3292 1836 3335 crat

256 3375 493 3443 Verbum,
542 3386 588 3432 et
640 3376 850 3431 Verbum
886 3387 993 3430 erat
1040 3375 1181 3446 apud
1236 3375 1417 3441 Deum,
1466 3386 1511 3429 et
1551 3374 1689 3430 Deus
1728 3384 1836 3430 erat

256 3466 496 3522 Verbum.
527 3466 861 3522 Manifestum
884 3477 964 3522 est
993 3465 1135 3521 enim
1166 3465 1308 3536 quod
1343 3464 1571 3521 Verbum
1604 3466 1719 3530 Dei,
1750 3464 1837 3520 Fi-

247 3559 369 3615 lium
419 3561 513 3617 Dei
552 3561 765 3616 unicum
812 3561 1138 3630 accipimus,
1171 3558 1238 3614 de
1265 3574 1372 3629 quo
1402 3568 1521 3629 post
1565 3557 1730 3626 dicit,
1767 3557 1835 3612 Et

260 3651 473 3707 Verbum
494 3669 616 3707 caro
642 3656 831 3723 factum
858 3662 931 3705 est
948 3692 963 3717 ,
991 3661 1038 3705 et
1076 3650 1314 3704 habitavit
1343 3650 1395 3703 iu
1422 3650 1582 3714 nobis,
1620 3658 1838 3718 propter

250 3743 580 3797 nativitatem
612 3742 986 3797 incarnationis
1014 3741 1132 3811 ejus
1152 3784 1167 3807 ,
1198 3756 1320 3810 qua!
1349 3739 1481 3794 facta
1508 3750 1590 3794 est
1617 3744 1668 3793 in
1697 3748 1835 3794 tem-

250 3848 370 3902 pore
400 3850 473 3887 ex
504 3832 741 3902 Virgine.
793 3832 848 3887 lu
890 3846 957 3887 eo
986 3840 1162 3886 autem
1190 3830 1456 3894 declarat,
1498 3846 1604 3884 non
1633 3840 1834 3884 tantum

250 3922 408 3979 Deum
437 3939 581 3990 esse,
600 3922 693 3978 sed
722 3923 881 3977 etiam
905 3922 1141 3992 ejusdem
1172 3938 1290 3976 cum
1322 3922 1478 3977 Patre
1504 3920 1833 3987 Substattlim,

250 4018 361 4085 quia
388 4031 517 4073 cum
538 4015 778 4082 dixisset,
793 4014 859 4069 Et
884 4013 1016 4070 Deus
1041 4024 1147 4069 erat
1188 4013 1398 4069 Verbum
1421 4030 1440 4069 :
1463 4012 1575 4068 lloc
1606 4023 1731 4078 erat,
1758 4013 1838 4068 iu-

250 4110 374 4178 quit,
389 4111 443 4163 in
454 4109 707 4180 principio
721 4108 857 4179 apud
876 4105 1062 4172 Deum;
1079 4107 1245 4161 omnia
1259 4122 1347 4177 per
1363 4107 1527 4176 ipsum
1550 4110 1683 4177 facta
1696 4114 1832 4172 sunt,

251 4213 293 4255 et
316 4204 425 4257 sine
452 4203 566 4273 ipso
593 4202 781 4271 factum
807 4210 877 4254 est
900 4200 1027 4253 nihil
1055 4198 1232 4270 (Joau.
1258 4214 1296 4264 t,
1327 4199 1379 4261 1,
1411 4197 1496 4263 Η,
1521 4196 1577 4264 2,
1615 4198 1697 4267 5).
1727 4195 1836 4252 Ne-

252 4307 346 4363 que
369 4293 518 4349 enim
563 4290 711 4355 dicit,
744 4291 949 4355 onmia;
990 4290 1090 4344 nisi
1132 4305 1250 4359 qutu
1282 4286 1416 4342 facta
1460 4296 1604 4354 sunt,
1655 4286 1705 4342 id
1754 4296 1840 4343 est

253 4403 459 4442 onmem
504 4394 826 4441 creaturam.
857 4383 1011 4440 Unde
1052 4382 1253 4452 liquido
1278 4389 1497 4452 apparet
1535 4381 1708 4450 ipsqu
1750 4378 1831 4434 fa-

256 4490 393 4536 ctum
426 4495 534 4533 non
562 4493 683 4533 esse
719 4492 813 4548 per
840 4491 998 4547 quem
1040 4476 1173 4530 facta
1204 4484 1328 4528 sunt
1355 4473 1554 4528 omnia.
1590 4472 1656 4528 Et
1682 4473 1727 4528 si
1753 4472 1835 4528 fa-

256 4580 363 4627 ctus
388 4570 501 4627 n'on
536 4577 641 4635 est,
682 4576 923 4623 creatura
961 4582 1067 4621 non
1114 4572 1240 4620 est:
1292 4578 1336 4617 st
1378 4572 1553 4618 autem
1594 4572 1837 4617 creatura

259 4680 353 4719 non
393 4672 498 4730 εει,
546 4661 789 4732 ejusdem
814 4675 933 4715 cum
981 4660 1137 4714 Patre
1176 4655 1489 4711 substantiae
1514 4664 1615 4710 est.
1648 4654 1837 4711 Dnmis

260 4755 389 4809 enim
415 4752 713 4809 substantia
748 4766 865 4820 quae
898 4750 1035 4805 Deus
1074 4763 1179 4803 non
1206 4755 1309 4814 est,
1348 4755 1590 4801 creatura
1620 4754 1741 4810 est;
1784 4754 1838 4801 et

260 4860 368 4913 qua:
393 4853 645 4901 creatura
680 4858 784 4898 non
814 4849 916 4905 est,
948 4840 1087 4896 Deus
1114 4848 1214 4895 est.
1253 4838 1318 4893 Et
1346 4838 1391 4894 si
1423 4853 1527 4893 non
1557 4845 1641 4893 est
1674 4838 1839 4893 Filius

262 4934 489 5005 ejusdem
528 4934 841 4989 substantia:
865 4931 1015 5001 cujus
1045 4930 1233 4995 Pater;
1265 4944 1395 4999 ergo
1422 4928 1556 4985 facta
1586 4929 1838 4983 substan-

263 5027 324 5080 tia
349 5036 429 5083 est
459 5046 472 5083 :
507 5027 553 5082 si
580 5026 717 5080 facta
742 5022 1038 5079 substantia
1068 5029 1169 5085 est,
1203 5035 1307 5074 non
1337 5019 1514 5074 omnia
1542 5034 1637 5090 per
1665 5019 1836 5089 ipsum

266 5116 389 5176 facta
413 5129 541 5177 sunt
577 5138 591 5173 :
620 5127 676 5173 at
700 5118 869 5173 omnia
896 5132 986 5187 per
1012 5114 1180 5185 ipsum
1204 5117 1339 5185 facta
1375 5122 1529 5176 sunt;
1558 5112 1712 5167 unius
1740 5112 1841 5182 igi-

268 5218 346 5266 tur
379 5209 731 5282 ejusdemque
766 5222 888 5263 cum
930 5205 1087 5262 Patre
1126 5203 1436 5259 substanti;e
1479 5212 1581 5258 est.
1628 5202 1694 5257 Et
1722 5202 1841 5258 ideo

264 5317 357 5357 non
379 5313 582 5359 tantum
603 5300 765 5366 Deus,
788 5298 881 5354 sed
900 5307 954 5353 et
976 5311 1131 5353 verus
1149 5295 1306 5351 Deus.
1338 5292 1489 5362 Quod
1515 5292 1653 5348 idem
1674 5292 1839 5348 Joan-

264 5408 350 5448 nes
370 5392 707 5465 apertissime
730 5391 781 5446 iu
810 5388 1043 5460 Epistula
1071 5401 1164 5442 sua
1190 5387 1349 5442 dicit:
1374 5385 1572 5441 Scimus
1590 5386 1724 5456 quod
1748 5384 1840 5441 Fi-

259 5485 353 5540 lius
370 5485 464 5542 Dei
489 5484 697 5553 venerit,
715 5493 762 5540 et
789 5482 982 5538 dederit
1004 5479 1147 5536 nobis
1168 5480 1471 5534 intellectum
1497 5488 1551 5532 ut
1569 5494 1842 5549 cognosca-

260 5593 363 5633 snas
386 5596 549 5633 rerum
570 5577 754 5642 Deum,
776 5585 823 5632 et
849 5575 1006 5630 simus
1034 5573 1088 5627 in
1114 5588 1227 5627 vero
1254 5570 1391 5625 Filio
1412 5571 1520 5641 ejus
1542 5569 1666 5623 Iesu
1692 5569 1841 5625 Clui—

261 5676 353 5722 διο.
389 5668 487 5724 llic
514 5678 587 5724 est
614 5685 757 5723 verus
783 5666 944 5732 Deus,
968 5676 1014 5722 et
1042 5665 1141 5718 vita
1164 5675 1351 5718 (eterna
1380 5662 1422 5720 ll
1447 5660 1603 5717 Joan.
1635 5676 1700 5728 ν,
1720 5658 1837 5733 20).

297 5774 313 5812 ¹
374 5784 623 5833 Vaticanus
640 5781 818 5843 codex,
836 5778 1026 5832 habere.
1054 5776 1183 5830 Alius
1207 5779 1469 5840 vaticanus,
1497 5771 1679 5826 haberi.

1632 330 1833 388 LIBER
1872 329 2145 391 ιιιιιιιυε.

2008 448 2094 502 10.
2139 448 2271 507 liine
2293 450 2453 506 etiam
2483 461 2874 523 consequenter
2919 453 3227 526 intelligitur
3254 470 3359 513 non
3396 464 3519 511 tan-

1937 540 2213 597 tummodo
2248 542 2315 599 de
2360 542 2519 600 Patre
2558 545 2756 602 dixisse
2796 546 3099 617 apostolum
3135 546 3376 617 Paulum,
3420 549 3521 615 Qui

1935 630 2071 685 solus
2112 633 2256 688 habet
2288 636 2748 704 immortalitatem;
2786 637 2880 694 sed
2924 639 2992 696 de
3019 654 3125 697 uno
3161 649 3215 697 et
3257 641 3373 696 solo
3409 641 3522 698 Deo

1936 722 2078 792 qttod
2108 733 2191 780 est
2232 726 2343 796 ipsa
2372 726 2622 784 Trinitas.
2661 731 2845 802 Neque
2873 733 3013 788 enim
3041 733 3154 803 ipsa
3184 732 3291 790 vita
3320 744 3522 791 :eterna

1938 817 2177 873 mortalis
2194 827 2277 874 est
2299 821 2587 875 secundum
2611 822 2839 893 aliquam
2864 823 3267 880 mutabilitatem
3299 842 3312 879 :
3338 841 3400 881 ac
3425 841 3523 896 per

1940 906 2039 963 hoc
2068 906 2231 965 Filius
2259 910 2370 977 Dei,
2403 912 2522 983 quia
2554 914 2653 967 vita
2678 925 2866 969 «eterna
2892 924 2985 983 est,
3016 931 3136 970 cum
3176 910 3331 973 Patre
3360 902 3521 972 etiam

1944 1000 2056 1071 ipse
2088 1001 2425 1075 intelligitur,
2456 1004 2541 1060 ubi
2578 1005 2777 1061 dictum
2807 1016 2923 1075 est,
2958 1007 3057 1074 Qui
3083 1008 3219 1063 solus
3255 1008 3398 1064 habet
3428 1010 3525 1065 im-

1940 1092 2314 1149 mortalitatem.
2347 1093 2476 1167 Ejus
2502 1097 2657 1151 'enim
2685 1097 2808 1153 vita:
2836 1107 3049 1154 mternze
3074 1108 3129 1155 et
3170 1116 3268 1155 nos
3310 1101 3525 1171 partici—

1942 1203 2033 1255 pes
2077 1186 2201 1243 facti
2226 1231 2242 1255 ,
2273 1204 2371 1260 pro
2398 1190 2616 1246 modulo
2655 1201 2840 1247 nostro
2881 1191 3205 1251 immortales
3238 1194 3523 1252 ellicimur.

1941 1278 2047 1333 Sed
2092 1279 2233 1333 aliud
2277 1286 2363 1336 est
2406 1278 2517 1350 ipsa
2555 1280 2706 1352 cujus
2748 1282 3033 1354 participes
3075 1284 3361 1354 efficimur,
3414 1287 3522 1343 vita

1940 1382 2172 1439 aeterna;
2215 1374 2359 1429 aliud
2389 1388 2487 1429 nos
2512 1375 2601 1445 qui
2629 1376 2745 1445 ejus
2772 1376 3172 1448 participatione
3200 1379 3435 1435 vivemus
3466 1381 3520 1436 in

1940 1474 2217 1520 :eternum.
2237 1465 2291 1521 Si
2313 1465 2455 1521 enim
2484 1466 2726 1533 dixisset,
2750 1467 2920 1535 Quem
2943 1468 3267 1537 temporibus
3292 1467 3523 1543 propriis

1942 1555 2186 1610 ostendet
2225 1554 2380 1612 Pater
2403 1556 2589 1613 beatus
2616 1566 2668 1611 et
2693 1558 2839 1613 solus
2870 1570 3076 1627 potens,
3106 1558 3220 1614 Rex
3255 1576 3435 1630 regum
3466 1569 3523 1615 et

1946 1647 2199 1702 Dominus
2223 1648 2633 1715 dominantium,
2662 1648 2751 1719 qui
2780 1649 2929 1703 solus
2958 1649 3115 1704 habet
3145 1650 3520 1706 immortalita-

1944 1748 2081 1803 tem,
2119 1753 2221 1794 ncc
2253 1739 2332 1795 sic
2357 1740 2479 1795 inde
2506 1750 2807 1810 separatum
2836 1741 3027 1796 Filium
3060 1751 3329 1809 Oporteret
3370 1741 3525 1797 intel-

1945 1829 2053 1900 ligi.
2085 1829 2267 1903 Neque
2296 1831 2459 1898 enim,
2491 1833 2614 1903 quia
2655 1833 2768 1903 ipse
2796 1832 2962 1888 Filius
2990 1832 3113 1887 alibi
3146 1832 3368 1903 loquens
3393 1849 3525 1889 voce

1942 1921 2227 1993 Sapientia:
2256 1922 2273 1995 (
2300 1923 2412 1994 ipse
2431 1932 2514 1979 est
2537 1924 2678 1979 enim
2700 1923 2792 1978 Dei
2821 1924 3087 1993 Sapientia
3108 1923 3151 1998 [ι
3175 1924 3290 1980 Cor.
3322 1940 3362 1991 ι,
3386 1923 3480 1999 25]
3506 1928 3525 1996 )

1944 2016 2048 2076 ait,
2092 2013 2286 2085 (lyram
2326 2015 2438 2068 caeli
2486 2014 2690 2069 circuiri
2728 2014 2841 2068 sola
2866 2012 3052 2086 (Eccli.
3075 2029 3222 2083 xstv,
3254 2015 3342 2081 8),
3366 2029 3526 2085 sepa-

1944 2107 2080 2161 ravit
2104 2122 2134 2161 a
2152 2121 2209 2161 se
2235 2106 2442 2161 Patrem
2473 2123 2486 2160 :
2515 2116 2712 2177 quanto
2734 2108 2901 2178 magis
2922 2122 3048 2177 ergo
3069 2123 3172 2162 non
3193 2117 3275 2164 est
3303 2122 3525 2163 necesse

1944 2210 2001 2253 ut
2042 2198 2406 2255 tantummodo
2434 2198 2502 2254 de
2544 2200 2697 2253 Patre
2728 2207 2921 2269 praeter
2958 2200 3152 2255 Filium
3181 2199 3523 2271 intelligatur,

1942 2289 2081 2359 quod
2108 2288 2305 2345 dictum
2326 2299 2427 2356 est,
2455 2290 2553 2357 Qui
2578 2289 2715 2344 solus
2740 2288 2886 2343 habet
2912 2289 3332 2345 immortalitatem
3356 2332 3371 2356 ,
3400 2305 3523 2346 cum

1943 2380 2014 2434 ita
2042 2380 2240 2445 dictum
2269 2381 2339 2435 sit
2370 2397 2383 2435 :
2416 2378 2483 2436 Ut
2510 2398 2672 2436 serves
2692 2421 2708 2445 ,
2734 2381 2935 2450 inquit,
2961 2381 3256 2436 mandatum
3282 2382 3391 2435 sine
3419 2398 3527 2435 ma-

1941 2473 2078 2537 cula,
2106 2472 2556 2543 irreprchensibile,
2586 2489 2741 2542 usque
2764 2473 2816 2525 in
2840 2472 3105 2526 adventum
3137 2471 3342 2525 Domini
3367 2472 3527 2527 nostri

1940 2562 1974 2617 J
1981 2581 2067 2618 esu
2090 2563 2277 2620 Christi
2300 2580 2317 2618 :
2342 2581 2489 2634 quem
2511 2565 2815 2635 temporibus
2841 2564 3058 2634 propriis
3096 2564 3315 2618 ostendet
3345 2562 3521 2618 beatus

1941 2668 1989 2712 et
2014 2658 2152 2713 solus
2176 2667 2368 2727 potius,
2414 2656 2529 2713 Rea:
2555 2673 2730 2729 regum
2767 2664 2811 2710 ct
2840 2655 3088 2711 Dominus
3119 2655 3527 2716 dominantium;

1941 2750 2027 2818 qui
2046 2749 2182 2805 solus
2209 2750 2352 2803 habet
2378 2749 2818 2814 immortalitatem,
2844 2757 2890 2800 et
2913 2748 3073 2801 lucem
3092 2746 3283 2800 habitat
3304 2747 3526 2802 inacccs-

1942 2840 2132 2896 sibilent
2147 2855 2167 2905 ;
2203 2856 2347 2911 quem
2371 2856 2515 2895 nemo
2543 2839 2802 2895 hominum
2839 2839 2983 2901 vidit,
3020 2855 3111 2893 nec
3139 2838 3303 2892 videre
3331 2846 3528 2908 potest;

1942 2933 2023 2984 cui
2064 2940 2137 2986 est
2175 2931 2335 2985 honor
2379 2940 2426 2985 et
2463 2931 2627 3003 gloria
2675 2931 2728 2984 in
2775 2928 2961 2983 saecula
3002 2929 3323 2983 seculorum.
3363 2927 3524 2981 Amen

1947 3021 1989 3093 (l
2018 3019 2151 3076 Tim.
2186 3036 2236 3075 vr
2258 3063 2274 3088 ,
2306 3020 2515 3093 H—ib).
2551 3021 2605 3075 In
2635 3020 2825 3091 quibus
2853 3020 3059 3083 verbis,
3090 3034 3189 3074 nec
3219 3019 3373 3074 Pater
3400 3033 3528 3087 pro-
3620 3024 3627 3039 ‘

1945 3116 2059 3186 prie
2088 3114 2391 3170 nominatus
2420 3123 2523 3181 est,
2554 3128 2653 3169 nec
2679 3113 2868 3178 Filius,
2896 3128 2998 3169 nec
3020 3112 3250 3182 Spiritus
3274 3120 3524 3172 sanctus;

1941 3208 2036 3262 sed
2066 3208 2237 3261 beatus
2274 3216 2321 3261 et
2356 3206 2494 3261 solus
2533 3216 2727 3276 potens,
2756 3205 2868 3260 Rea:
2892 3222 3067 3277 regum
3091 3214 3138 3259 et
3164 3202 3412 3258 Dominus
3435 3203 3527 3257 do-

1942 3300 2263 3367 minantium,
2293 3299 2435 3371 quod
2462 3308 2546 3355 est
2570 3315 2705 3354 unus
2725 3307 2779 3353 et
2803 3298 2950 3353 solus
2979 3307 3032 3354 et
3060 3312 3217 3353 verus
3243 3297 3382 3351 Deus
3411 3295 3524 3366 ipsa

1943 3392 2196 3449 Trinitas.

2017 3486 2105 3540 ll.
2144 3484 2256 3539 Nisi
2306 3484 2439 3539 forte
2467 3498 2585 3553 quze
2614 3490 2931 3552 sequuntur,
2972 3478 3355 3550 perturbabuut
3378 3475 3523 3531 hunc

1944 3576 2289 3643 intellectum,
2334 3577 2459 3647 quia
2506 3575 2659 3639 dixit,
2707 3576 2864 3640 Quem
2906 3588 3048 3628 nemo
3089 3572 3345 3627 hominum
3380 3568 3521 3634 vidit,

1914 3726 1915 3729 η
1943 3686 2034 3724 nec
2060 3669 2227 3724 videre
2248 3676 2405 3739 potest
2431 3684 2449 3722 :
2478 3682 2600 3722 cum
2640 3666 2740 3720 hoc
2768 3665 2929 3721 etiam
2958 3663 3023 3719 ad
3052 3660 3319 3716 Christum
3359 3662 3528 3730 perti—

1944 3775 2073 3816 nere
2097 3759 2389 3816 secundum
2411 3759 2525 3828 ejus
2550 3757 2878 3812 divinitatem
2903 3754 3215 3823 accipiatur,
3233 3766 3391 3821 quam
3414 3765 3521 3805 non

1943 3853 2191 3908 viderunt
2214 3850 2404 3916 Judzri,
2431 3850 2517 3919 qui
2546 3858 2723 3903 tamen
2751 3862 2966 3901 carnem
2993 3843 3237 3898 viderunt
3262 3850 3316 3896 et
3349 3840 3526 3896 cruci-

1945 3944 2194 3999 lixeruut.
2226 3939 2403 3995 Videri
2429 3948 2607 3993 autem
2648 3936 2896 3992 divinitas
2924 3938 2939 3967 ι
2975 3934 3207 3987 humano
3236 3931 3350 3985 visu
3380 3931 3527 3985 nullo

1943 4034 2105 4089 modo
2135 4042 2308 4105 potest
2349 4050 2364 4089 :
2409 4031 2503 4086 sed
2539 4045 2606 4087 eo
2634 4029 2751 4085 visu
2779 4028 2990 4084 videtur
3012 4069 3025 4089 ,
3054 4042 3160 4097 quo
3183 4025 3293 4096 jam
3323 4024 3412 4095 qui
3442 4025 3526 4079 vi-

1943 4125 2093 4191 dent,
2134 4140 2239 4180 non
2272 4123 2517 4178 homines
2559 4121 2653 4177 sed
2696 4122 2834 4176 ultra
2886 4118 3130 4174 homines
3171 4126 3313 4174 sunt.
3361 4117 3527 4172 Recte

1941 4234 2070 4290 ergo
2100 4218 2213 4288 ipse
2259 4217 2399 4272 Deus
2428 4214 2705 4271 Trinitatis
2740 4212 3045 4282 intelligitur
3090 4211 3261 4265 beatus
3300 4218 3346 4263 et
3388 4208 3528 4262 solus

1945 4324 2139 4385 potens,
2172 4310 2459 4367 ostendens
2484 4309 2748 4363 aduentum
2774 4305 2978 4361 Domini
3003 4304 3161 4359 nostri
3187 4302 3312 4357 Iesu
3340 4300 3527 4356 Christi

1945 4406 2248 4478 (corporibus
2274 4403 2513 4475 propriis.
2541 4402 2630 4458 Sic
2654 4400 2796 4456 enim
2821 4398 3019 4454 dictum
3045 4406 3129 4453 est
3149 4438 3164 4461 ,
3200 4396 3355 4451 Solus
3381 4393 3529 4448 habet

1944 4498 2367 4554 immortalitatem
2391 4512 2411 4560 ;
2439 4494 2708 4565 quomodo
2735 4493 2933 4547 dictum
2961 4500 3063 4554 est,
3095 4489 3195 4557 Qui
3225 4490 3345 4560 facit
3374 4487 3530 4541 mira-

1941 4593 2064 4647 bilia
2090 4592 2229 4646 solus
2267 4589 2441 4662 (Psal.
2472 4603 2615 4653 uxr,
2646 4583 2757 4656 18).
2795 4583 2947 4651 Quod
2982 4583 3139 4638 velim
3165 4581 3303 4636 scire
3330 4579 3397 4634 de
3422 4594 3528 4648 quo

1941 4684 2142 4739 dictum
2170 4680 2432 4751 accipiant
2462 4697 2475 4734 :
2504 4679 2547 4732 si
2573 4678 2641 4733 de
2667 4677 2825 4731 Patre
2855 4684 3081 4737 tantum,
3113 4670 3382 4743 quomodo
3400 4681 3530 4737 ergo

1943 4790 2126 4831 vermu
2169 4781 2272 4839 est,
2302 4771 2442 4843 quod
2478 4771 2592 4839 ipse
2636 4768 2804 4823 Filius
2836 4767 2988 4833 dicit,
3022 4765 3356 4832 Quaecumque
3395 4760 3529 4813 enim

1946 4867 2105 4923 Pater
2148 4867 2288 4938 facit,
2321 4866 2428 4919 lucc
2466 4863 2643 4918 eadem
2669 4872 2717 4917 et
2758 4859 2933 4914 Filius
2975 4857 3097 4925 facit
3138 4852 3411 4909 similiter?
3444 4852 3526 4904 An

1943 4961 2231 5031 quidquam
2263 4966 2347 5012 est
2371 4957 2509 5011 inter
2540 4952 2797 5009 mirabilia
2828 4948 3121 5005 mirabilius
3148 4957 3307 5015 quam
3339 4955 3525 4996 resus-

1944 5054 2110 5108 citare
2128 5062 2183 5106 et
2202 5049 2468 5106 vivillcare
2493 5045 2771 5103 mortuos?
2800 5041 2935 5098 Dicit
2958 5048 3134 5094 autem
3161 5036 3300 5091 idem
3334 5033 3526 5097 Filius,

1918 5142 2092 5197 .Sicut
2137 5139 2292 5196 Pater
2335 5140 2547 5194 suscitat
2572 5145 2794 5190 mortuos
2816 5142 2859 5187 et
2896 5131 3131 5198 aioifirat,
3169 5127 3240 5180 sic
3278 5135 3323 5179 et
3366 5122 3529 5178 Filius

1944 5251 2069 5305 quos
2116 5234 2224 5288 rult
2265 5232 2484 5301 vivi/ient
2518 5228 2695 5302 (Joan.
2733 5242 2786 5291 ν,
2820 5225 2908 5289 i9,
2932 5222 3049 5290 2|).
3086 5218 3368 5289 Quomodo
3396 5231 3526 5284 ergo

1947 5326 2094 5379 solus
2119 5324 2278 5379 Pater
2306 5322 2430 5379 facit
2469 5317 2749 5379 mirabilia,
2790 5330 2911 5370 eum
2942 5313 3057 5367 hzee
3094 5309 3255 5391 verba
3299 5323 3399 5364 nec
3425 5308 3528 5363 Pa.

1948 5426 2081 5470 trem
2112 5422 2340 5477 tantum,
2370 5426 2467 5466 nec
2490 5408 2680 5464 Filium
2714 5414 2917 5460 tantum
2948 5401 3260 5473 permittant
3286 5396 3527 5467 intelligi,

1947 5505 2040 5563 sed
2064 5505 2244 5575 utique
2272 5504 2437 5557 Deum
2465 5512 2625 5553 unum
2652 5510 2836 5551 verum
2866 5494 3057 5559 solum,
3092 5490 3145 5547 id
3173 5499 3275 5556 est,
3316 5488 3529 5563 Patrem

1946 5605 2000 5652 ct
2028 5595 2220 5651 Filium
2244 5600 2300 5648 et
2322 5590 2578 5662 Spiritum
2603 5597 2842 5643 sanctum
2869 5585 2895 5640 ’ἶ

2013 5777 2029 5810 ι
2063 5776 2136 5826 Sic
2159 5774 2207 5825 in
2222 5779 2330 5825 Mss.
2350 5777 2405 5823 At
2427 5770 2475 5822 in
2498 5767 2661 5831 editis,
2675 5766 2796 5829 loco,
2809 5763 3054 5829 dimittas,
3070 5754 3528 5823 habetur,1‘rmitas.
