  <div class='ocr_page' id='page_1' title='image "/cluster/home/n/w/nwhite01/storage/ocr_20150623/42/hvd.32044015471493/419.png"; bbox 0 0 2021 3220; ppageno 0'>
   <div class='ocr_carea' id='block_1_1' title="bbox 256 200 307 229">
    <p class='ocr_par' dir='ltr' id='par_1_1' title="bbox 256 200 307 229">
     <span class='ocr_line' id='line_1_1' title="bbox 256 200 307 229; baseline -0.02 0"><span class='ocrx_word' id='word_1_1' title='bbox 256 200 307 229; x_wconf 71' lang='lat'><strong>8‘17</strong></span> 
     </span>
    </p>
   </div>
   <div class='ocr_carea' id='block_1_2' title="bbox 290 250 1045 289">
    <p class='ocr_par' dir='ltr' id='par_1_2' title="bbox 290 250 1045 289">
     <span class='ocr_line' id='line_1_2' title="bbox 290 250 1045 289; baseline -0.009 -4"><span class='ocrx_word' id='word_1_2' title='bbox 290 256 334 286; x_wconf 75' lang='grc' dir='ltr'><strong>η.</strong></span> <span class='ocrx_word' id='word_1_3' title='bbox 354 256 419 285; x_wconf 90' lang='lat' dir='ltr'><strong>Item</strong></span> <span class='ocrx_word' id='word_1_4' title='bbox 438 263 499 284; x_wconf 92' lang='lat' dir='ltr'><strong>cum</strong></span> <span class='ocrx_word' id='word_1_5' title='bbox 519 255 583 283; x_wconf 93' lang='lat' dir='ltr'><strong>dicit</strong></span> <span class='ocrx_word' id='word_1_6' title='bbox 606 253 675 282; x_wconf 89' lang='lat' dir='ltr'><strong>idem</strong></span> <span class='ocrx_word' id='word_1_7' title='bbox 698 252 846 289; x_wconf 69' lang='lat' dir='ltr'><strong>apostolus,</strong></span> <span class='ocrx_word' id='word_1_8' title='bbox 874 250 954 278; x_wconf 73' lang='lat' dir='ltr'><strong>Nobis</strong></span> <span class='ocrx_word' id='word_1_9' title='bbox 979 259 1045 278; x_wconf 75' lang='lat' dir='ltr'><strong>unus</strong></span> 
     </span>
    </p>
   </div>
   <div class='ocr_carea' id='block_1_3' title="bbox 255 296 1045 337">
    <p class='ocr_par' dir='ltr' id='par_1_3' title="bbox 255 296 1045 337">
     <span class='ocr_line' id='line_1_3' title="bbox 255 296 1045 337; baseline -0.013 -5"><span class='ocrx_word' id='word_1_10' title='bbox 255 303 324 331; x_wconf 75' lang='lat' dir='ltr'><strong>Deus</strong></span> <span class='ocrx_word' id='word_1_11' title='bbox 341 302 427 336; x_wconf 83' lang='lat' dir='ltr'><strong>Pater,</strong></span> <span class='ocrx_word' id='word_1_12' title='bbox 440 311 472 330; x_wconf 73' lang='lat' dir='ltr'><strong>ex</strong></span> <span class='ocrx_word' id='word_1_13' title='bbox 481 310 529 337; x_wconf 86' lang='lat' dir='ltr'><strong>quo</strong></span> <span class='ocrx_word' id='word_1_14' title='bbox 541 301 635 331; x_wconf 86' lang='lat' dir='ltr'><strong>omnia.</strong></span> <span class='ocrx_word' id='word_1_15' title='bbox 651 304 673 327; x_wconf 78' lang='lat' dir='ltr'><strong>et</strong></span> <span class='ocrx_word' id='word_1_16' title='bbox 688 308 733 326; x_wconf 76' lang='lat' dir='ltr'><strong>nos</strong></span> <span class='ocrx_word' id='word_1_17' title='bbox 747 299 773 325; x_wconf 83' lang='lat' dir='ltr'><strong>in</strong></span> <span class='ocrx_word' id='word_1_18' title='bbox 788 298 861 334; x_wconf 82' lang='lat' dir='ltr'><strong>ipso;</strong></span> <span class='ocrx_word' id='word_1_19' title='bbox 875 301 898 324; x_wconf 82' lang='lat' dir='ltr'><strong>et</strong></span> <span class='ocrx_word' id='word_1_20' title='bbox 912 304 977 323; x_wconf 68' lang='lat' dir='ltr'><strong>unus</strong></span> <span class='ocrx_word' id='word_1_21' title='bbox 992 296 1045 322; x_wconf 89' lang='lat' dir='ltr'><strong>Do—</strong></span> 
     </span>
    </p>
   </div>
   <div class='ocr_carea' id='block_1_4' title="bbox 256 343 1046 380">
    <p class='ocr_par' dir='ltr' id='par_1_4' title="bbox 256 343 1046 380">
     <span class='ocr_line' id='line_1_4' title="bbox 256 343 1046 380; baseline -0.01 -4"><span class='ocrx_word' id='word_1_22' title='bbox 256 349 337 376; x_wconf 77' lang='lat' dir='ltr'><strong>minus</strong></span> <span class='ocrx_word' id='word_1_23' title='bbox 363 348 439 375; x_wconf 74' lang='lat' dir='ltr'><strong>Iesus</strong></span> <span class='ocrx_word' id='word_1_24' title='bbox 464 346 587 378; x_wconf 73' lang='lat' dir='ltr'><strong>Christus,</strong></span> <span class='ocrx_word' id='word_1_25' title='bbox 609 354 653 380; x_wconf 76' lang='lat' dir='ltr'><strong>per</strong></span> <span class='ocrx_word' id='word_1_26' title='bbox 675 353 747 380; x_wconf 82' lang='lat' dir='ltr'><strong>quem</strong></span> <span class='ocrx_word' id='word_1_27' title='bbox 771 343 866 375; x_wconf 89' lang='lat' dir='ltr'><strong>omnia,</strong></span> <span class='ocrx_word' id='word_1_28' title='bbox 893 347 916 369; x_wconf 79' lang='lat' dir='ltr'><strong>et</strong></span> <span class='ocrx_word' id='word_1_29' title='bbox 936 350 980 368; x_wconf 73' lang='lat' dir='ltr'><strong>nos</strong></span> <span class='ocrx_word' id='word_1_30' title='bbox 1001 349 1046 376; x_wconf 78' lang='lat' dir='ltr'><strong>per</strong></span> 
     </span>
    </p>
   </div>
   <div class='ocr_carea' id='block_1_5' title="bbox 256 388 1045 430">
    <p class='ocr_par' dir='ltr' id='par_1_5' title="bbox 256 388 1045 430">
     <span class='ocr_line' id='line_1_5' title="bbox 256 388 1045 430; baseline -0.011 -8"><span class='ocrx_word' id='word_1_31' title='bbox 256 395 339 430; x_wconf 78' lang='lat' dir='ltr'><strong>ipsum</strong></span> <span class='ocrx_word' id='word_1_32' title='bbox 352 393 373 430; x_wconf 80' lang='grc' dir='ltr'><strong>(Ι</strong></span> <span class='ocrx_word' id='word_1_33' title='bbox 390 393 448 421; x_wconf 82' lang='lat' dir='ltr'><strong>Cor.</strong></span> <span class='ocrx_word' id='word_1_34' title='bbox 463 401 520 425; x_wconf 82' lang='lat' dir='ltr'><strong>vui,</strong></span> <span class='ocrx_word' id='word_1_35' title='bbox 537 392 563 427; x_wconf 89' lang='lat'><strong>6)</strong></span> <span class='ocrx_word' id='word_1_36' title='bbox 577 399 583 423; x_wconf 91' lang='lat'><strong>;</strong></span> <span class='ocrx_word' id='word_1_37' title='bbox 607 390 666 426; x_wconf 84' lang='lat' dir='ltr'><strong>quis</strong></span> <span class='ocrx_word' id='word_1_38' title='bbox 680 389 782 417; x_wconf 89' lang='lat' dir='ltr'><strong>dubitet</strong></span> <span class='ocrx_word' id='word_1_39' title='bbox 800 397 860 416; x_wconf 90' lang='lat' dir='ltr'><strong>eum</strong></span> <span class='ocrx_word' id='word_1_40' title='bbox 880 388 968 415; x_wconf 80' lang='lat' dir='ltr'><strong>omnia</strong></span> <span class='ocrx_word' id='word_1_41' title='bbox 985 395 1045 422; x_wconf 79' lang='lat' dir='ltr'><strong>qua:</strong></span> 
     </span>
    </p>
   </div>
   <div class='ocr_carea' id='block_1_6' title="bbox 255 433 1046 471">
    <p class='ocr_par' dir='ltr' id='par_1_6' title="bbox 255 433 1046 471">
     <span class='ocr_line' id='line_1_6' title="bbox 255 433 1046 471; baseline -0.011 -4"><span class='ocrx_word' id='word_1_42' title='bbox 255 444 343 467; x_wconf 83' lang='lat' dir='ltr'><strong>creata</strong></span> <span class='ocrx_word' id='word_1_43' title='bbox 356 443 417 467; x_wconf 90' lang='lat' dir='ltr'><strong>sunt</strong></span> <span class='ocrx_word' id='word_1_44' title='bbox 436 437 534 471; x_wconf 81' lang='lat' dir='ltr'><strong>dicere,</strong></span> <span class='ocrx_word' id='word_1_45' title='bbox 556 437 624 464; x_wconf 91' lang='lat' dir='ltr'><strong>sicut</strong></span> <span class='ocrx_word' id='word_1_46' title='bbox 641 433 767 468; x_wconf 71' lang='lat' dir='ltr'><strong>Joannes,</strong></span> <span class='ocrx_word' id='word_1_47' title='bbox 788 434 880 461; x_wconf 81' lang='lat' dir='ltr'><strong>Omnia</strong></span> <span class='ocrx_word' id='word_1_48' title='bbox 899 442 943 468; x_wconf 80' lang='lat' dir='ltr'><strong>per</strong></span> <span class='ocrx_word' id='word_1_49' title='bbox 962 433 1046 468; x_wconf 70' lang='lat' dir='ltr'><strong>ipsum</strong></span> 
     </span>
    </p>
   </div>
   <div class='ocr_carea' id='block_1_7' title="bbox 256 477 1047 521">
    <p class='ocr_par' dir='ltr' id='par_1_7' title="bbox 256 477 1047 521">
     <span class='ocr_line' id='line_1_7' title="bbox 256 477 1047 521; baseline -0.011 -8"><span class='ocrx_word' id='word_1_50' title='bbox 256 486 322 521; x_wconf 77' lang='lat' dir='ltr'><strong>facta</strong></span> <span class='ocrx_word' id='word_1_51' title='bbox 335 484 413 513; x_wconf 76' lang='lat' dir='ltr'><strong>sunt?</strong></span> <span class='ocrx_word' id='word_1_52' title='bbox 426 484 522 518; x_wconf 73' lang='lat' dir='ltr'><strong>Qumro</strong></span> <span class='ocrx_word' id='word_1_53' title='bbox 537 483 623 517; x_wconf 79' lang='lat' dir='ltr'><strong>itaque</strong></span> <span class='ocrx_word' id='word_1_54' title='bbox 636 480 669 509; x_wconf 92' lang='lat' dir='ltr'><strong>de</strong></span> <span class='ocrx_word' id='word_1_55' title='bbox 683 488 736 516; x_wconf 89' lang='lat' dir='ltr'><strong>quo</strong></span> <span class='ocrx_word' id='word_1_56' title='bbox 746 479 816 507; x_wconf 80' lang='lat' dir='ltr'><strong>dicat</strong></span> <span class='ocrx_word' id='word_1_57' title='bbox 828 480 880 506; x_wconf 90' lang='lat' dir='ltr'><strong>alio</strong></span> <span class='ocrx_word' id='word_1_58' title='bbox 894 479 963 512; x_wconf 88' lang='lat' dir='ltr'><strong>loco,</strong></span> <span class='ocrx_word' id='word_1_59' title='bbox 977 477 1047 510; x_wconf 84' lang='lat' dir='ltr'><strong>Quo-</strong></span> 
     </span>
    </p>
   </div>
   <div class='ocr_carea' id='block_1_8' title="bbox 257 522 1046 564">
    <p class='ocr_par' dir='ltr' id='par_1_8' title="bbox 257 522 1046 564">
     <span class='ocr_line' id='line_1_8' title="bbox 257 522 1046 564; baseline -0.01 -7"><span class='ocrx_word' id='word_1_60' title='bbox 257 530 325 557; x_wconf 87' lang='lat' dir='ltr'><strong>niam</strong></span> <span class='ocrx_word' id='word_1_61' title='bbox 339 538 370 556; x_wconf 73' lang='lat' dir='ltr'><strong>ea:</strong></span> <span class='ocrx_word' id='word_1_62' title='bbox 382 529 447 564; x_wconf 80' lang='lat' dir='ltr'><strong>ipso,</strong></span> <span class='ocrx_word' id='word_1_63' title='bbox 464 533 486 555; x_wconf 82' lang='lat' dir='ltr'><strong>el</strong></span> <span class='ocrx_word' id='word_1_64' title='bbox 499 536 544 564; x_wconf 77' lang='lat' dir='ltr'><strong>per</strong></span> <span class='ocrx_word' id='word_1_65' title='bbox 557 527 651 561; x_wconf 79' lang='lat' dir='ltr'><strong>ipsum,</strong></span> <span class='ocrx_word' id='word_1_66' title='bbox 665 531 688 554; x_wconf 85' lang='lat' dir='ltr'><strong>et</strong></span> <span class='ocrx_word' id='word_1_67' title='bbox 702 526 728 553; x_wconf 81' lang='lat' dir='ltr'><strong>iu</strong></span> <span class='ocrx_word' id='word_1_68' title='bbox 741 526 798 561; x_wconf 77' lang='lat' dir='ltr'><strong>ipso</strong></span> <span class='ocrx_word' id='word_1_69' title='bbox 808 527 867 551; x_wconf 75' lang='lat' dir='ltr'><strong>sunt</strong></span> <span class='ocrx_word' id='word_1_70' title='bbox 878 524 962 551; x_wconf 82' lang='lat' dir='ltr'><strong>omnia</strong></span> <span class='ocrx_word' id='word_1_71' title='bbox 975 531 984 550; x_wconf 88' lang='lat'><strong><em>:</em></strong></span> <span class='ocrx_word' id='word_1_72' title='bbox 996 522 1046 558; x_wconf 80' lang='lat' dir='ltr'><strong>ipsi</strong></span> 
     </span>
    </p>
   </div>
   <div class='ocr_carea' id='block_1_9' title="bbox 256 568 1047 611">
    <p class='ocr_par' dir='ltr' id='par_1_9' title="bbox 256 568 1047 611">
     <span class='ocr_line' id='line_1_9' title="bbox 256 568 1047 611; baseline -0.006 -10"><span class='ocrx_word' id='word_1_73' title='bbox 256 575 338 610; x_wconf 78' lang='lat' dir='ltr'><strong>gloria</strong></span> <span class='ocrx_word' id='word_1_74' title='bbox 357 575 383 601; x_wconf 88' lang='lat' dir='ltr'><strong>in</strong></span> <span class='ocrx_word' id='word_1_75' title='bbox 396 574 488 600; x_wconf 75' lang='lat' dir='ltr'><strong>uacula</strong></span> <span class='ocrx_word' id='word_1_76' title='bbox 502 572 663 600; x_wconf 63' lang='lat' dir='ltr'><strong>saeculorum.</strong></span> <span class='ocrx_word' id='word_1_77' title='bbox 679 571 768 598; x_wconf 81' lang='lat' dir='ltr'><strong>Amen.</strong></span> <span class='ocrx_word' id='word_1_78' title='bbox 789 568 818 597; x_wconf 87' lang='lat' dir='ltr'><strong>Si</strong></span> <span class='ocrx_word' id='word_1_79' title='bbox 832 569 903 597; x_wconf 91' lang='lat' dir='ltr'><strong>enim</strong></span> <span class='ocrx_word' id='word_1_80' title='bbox 921 568 955 611; x_wconf 68' lang='lat' dir='ltr'><strong>de</strong></span> <span class='ocrx_word' id='word_1_81' title='bbox 969 568 1047 608; x_wconf 73' lang='lat' dir='ltr'><strong>Patre</strong></span> 
     </span>
    </p>
   </div>
   <div class='ocr_carea' id='block_1_10' title="bbox 255 614 1043 654">
    <p class='ocr_par' dir='ltr' id='par_1_10' title="bbox 255 614 1043 654">
     <span class='ocr_line' id='line_1_10' title="bbox 255 614 1043 654; baseline -0.006 -8"><span class='ocrx_word' id='word_1_82' title='bbox 255 625 281 647; x_wconf 86' lang='lat' dir='ltr'><strong>et</strong></span> <span class='ocrx_word' id='word_1_83' title='bbox 294 620 362 648; x_wconf 81' lang='lat' dir='ltr'><strong>Filio</strong></span> <span class='ocrx_word' id='word_1_84' title='bbox 372 624 399 647; x_wconf 90' lang='lat' dir='ltr'><strong>et</strong></span> <span class='ocrx_word' id='word_1_85' title='bbox 410 619 511 654; x_wconf 86' lang='lat' dir='ltr'><strong>Spiritu</strong></span> <span class='ocrx_word' id='word_1_86' title='bbox 524 623 626 650; x_wconf 88' lang='lat' dir='ltr'><strong>sancto,</strong></span> <span class='ocrx_word' id='word_1_87' title='bbox 643 621 672 645; x_wconf 94' lang='lat' dir='ltr'><strong>ut</strong></span> <span class='ocrx_word' id='word_1_88' title='bbox 686 617 797 652; x_wconf 81' lang='lat' dir='ltr'><strong>singulis</strong></span> <span class='ocrx_word' id='word_1_89' title='bbox 810 616 932 651; x_wconf 80' lang='lat' dir='ltr'><strong>personis</strong></span> <span class='ocrx_word' id='word_1_90' title='bbox 941 614 1043 649; x_wconf 76' lang='lat' dir='ltr'><strong>singula</strong></span> 
     </span>
    </p>
   </div>
   <div class='ocr_carea' id='block_1_11' title="bbox 255 660 1045 700">
    <p class='ocr_par' dir='ltr' id='par_1_11' title="bbox 255 660 1045 700">
     <span class='ocr_line' id='line_1_11' title="bbox 255 660 1045 700; baseline -0.008 -7"><span class='ocrx_word' id='word_1_91' title='bbox 255 665 418 699; x_wconf 86' lang='lat' dir='ltr'><strong>tribuantur;</strong></span> <span class='ocrx_word' id='word_1_92' title='bbox 435 664 475 692; x_wconf 79' lang='lat' dir='ltr'><strong>Ea:</strong></span> <span class='ocrx_word' id='word_1_93' title='bbox 486 662 551 700; x_wconf 74' lang='lat' dir='ltr'><strong>ipso,</strong></span> <span class='ocrx_word' id='word_1_94' title='bbox 560 667 594 692; x_wconf 76' lang='lat' dir='ltr'><strong>e&#39;x</strong></span> <span class='ocrx_word' id='word_1_95' title='bbox 601 663 683 691; x_wconf 81' lang='lat' dir='ltr'><strong>Patre</strong></span> <span class='ocrx_word' id='word_1_96' title='bbox 694 672 701 696; x_wconf 85' lang='lat'><strong>;</strong></span> <span class='ocrx_word' id='word_1_97' title='bbox 715 672 759 699; x_wconf 83' lang='lat' dir='ltr'><strong>per</strong></span> <span class='ocrx_word' id='word_1_98' title='bbox 770 663 863 698; x_wconf 78' lang='lat' dir='ltr'><strong>ipsum,</strong></span> <span class='ocrx_word' id='word_1_99' title='bbox 873 669 921 696; x_wconf 90' lang='lat' dir='ltr'><strong>per</strong></span> <span class='ocrx_word' id='word_1_100' title='bbox 930 660 1045 692; x_wconf 81' lang='lat' dir='ltr'><strong>Filium;</strong></span> 
     </span>
    </p>
   </div>
   <div class='ocr_carea' id='block_1_12' title="bbox 256 703 1047 746">
    <p class='ocr_par' dir='ltr' id='par_1_12' title="bbox 256 703 1047 746">
     <span class='ocr_line' id='line_1_12' title="bbox 256 703 1047 746; baseline -0.005 -8"><span class='ocrx_word' id='word_1_101' title='bbox 256 711 281 737; x_wconf 87' lang='lat' dir='ltr'><strong>in</strong></span> <span class='ocrx_word' id='word_1_102' title='bbox 295 703 401 746; x_wconf 38' lang='lat' dir='ltr'><strong>ipso,‘in</strong></span> <span class='ocrx_word' id='word_1_103' title='bbox 415 709 512 745; x_wconf 85' lang='lat' dir='ltr'><strong>Spiritu</strong></span> <span class='ocrx_word' id='word_1_104' title='bbox 529 715 621 737; x_wconf 88' lang='lat' dir='ltr'><strong>sancto</strong></span> <span class='ocrx_word' id='word_1_105' title='bbox 634 719 640 736; x_wconf 88' lang='lat'>:</span> <span class='ocrx_word' id='word_1_106' title='bbox 657 708 826 736; x_wconf 81' lang='lat' dir='ltr'><strong>manifestum</strong></span> <span class='ocrx_word' id='word_1_107' title='bbox 840 707 917 744; x_wconf 87' lang='lat' dir='ltr'><strong>quod</strong></span> <span class='ocrx_word' id='word_1_108' title='bbox 927 707 1004 744; x_wconf 75' lang='lat' dir='ltr'><strong>Pater</strong></span> <span class='ocrx_word' id='word_1_109' title='bbox 1018 710 1047 734; x_wconf 87' lang='lat' dir='ltr'><strong>et</strong></span> 
     </span>
    </p>
   </div>
   <div class='ocr_carea' id='block_1_13' title="bbox 239 753 1047 792">
    <p class='ocr_par' dir='ltr' id='par_1_13' title="bbox 239 753 1047 792">
     <span class='ocr_line' id='line_1_13' title="bbox 239 753 1047 792; baseline -0.006 -7"><span class='ocrx_word' id='word_1_110' title='bbox 239 757 241 760; x_wconf 84' lang='grc'><strong>’</strong></span> <span class='ocrx_word' id='word_1_111' title='bbox 257 757 340 792; x_wconf 75' lang='lat' dir='ltr'><strong>Filius</strong></span> <span class='ocrx_word' id='word_1_112' title='bbox 354 762 382 785; x_wconf 88' lang='lat' dir='ltr'><strong>et</strong></span> <span class='ocrx_word' id='word_1_113' title='bbox 394 757 507 792; x_wconf 84' lang='lat' dir='ltr'><strong>Spiritus</strong></span> <span class='ocrx_word' id='word_1_114' title='bbox 518 760 624 784; x_wconf 84' lang='lat' dir='ltr'><strong>sanctus</strong></span> <span class='ocrx_word' id='word_1_115' title='bbox 641 763 709 783; x_wconf 89' lang='lat' dir='ltr'><strong>unus</strong></span> <span class='ocrx_word' id='word_1_116' title='bbox 725 755 795 782; x_wconf 90' lang='lat' dir='ltr'><strong>Deus</strong></span> <span class='ocrx_word' id='word_1_117' title='bbox 805 758 856 786; x_wconf 83' lang='lat' dir='ltr'><strong>est,</strong></span> <span class='ocrx_word' id='word_1_118' title='bbox 869 753 975 790; x_wconf 86' lang='lat' dir='ltr'><strong>quando</strong></span> <span class='ocrx_word' id='word_1_119' title='bbox 990 753 1047 781; x_wconf 85' lang='lat' dir='ltr'><strong>sitt-</strong></span> 
     </span>
    </p>
   </div>
   <div class='ocr_carea' id='block_1_14' title="bbox 255 799 1045 838">
    <p class='ocr_par' dir='ltr' id='par_1_14' title="bbox 255 799 1045 838">
     <span class='ocr_line' id='line_1_14' title="bbox 255 799 1045 838; baseline -0.006 -8"><span class='ocrx_word' id='word_1_120' title='bbox 255 800 382 838; x_wconf 29' lang='lat' dir='ltr'><strong>gularit‘er</strong></span> <span class='ocrx_word' id='word_1_121' title='bbox 404 803 510 835; x_wconf 92' lang='lat' dir='ltr'><strong>intulit,</strong></span> <span class='ocrx_word' id='word_1_122' title='bbox 538 801 594 838; x_wconf 76' lang='lat' dir='ltr'><strong>Ipsi</strong></span> <span class='ocrx_word' id='word_1_123' title='bbox 614 800 696 837; x_wconf 79' lang='lat' dir='ltr'><strong>gloria</strong></span> <span class='ocrx_word' id='word_1_124' title='bbox 719 800 746 827; x_wconf 82' lang='lat' dir='ltr'><strong>in</strong></span> <span class='ocrx_word' id='word_1_125' title='bbox 768 800 861 828; x_wconf 73' lang='lat' dir='ltr'><strong>swcula</strong></span> <span class='ocrx_word' id='word_1_126' title='bbox 885 799 1045 827; x_wconf 77' lang='lat' dir='ltr'><strong>ueculorum.</strong></span> 
     </span>
    </p>
   </div>
   <div class='ocr_carea' id='block_1_15' title="bbox 258 843 1047 883">
    <p class='ocr_par' dir='ltr' id='par_1_15' title="bbox 258 843 1047 883">
     <span class='ocr_line' id='line_1_15' title="bbox 258 843 1047 883; baseline -0.006 -8"><span class='ocrx_word' id='word_1_127' title='bbox 258 846 334 876; x_wconf 85' lang='lat' dir='ltr'><strong>Unde</strong></span> <span class='ocrx_word' id='word_1_128' title='bbox 348 848 418 876; x_wconf 90' lang='lat' dir='ltr'><strong>enim</strong></span> <span class='ocrx_word' id='word_1_129' title='bbox 432 849 513 883; x_wconf 57' lang='lat' dir='ltr'><strong>carpit</strong></span> <span class='ocrx_word' id='word_1_130' title='bbox 527 847 598 875; x_wconf 87' lang='lat' dir='ltr'><strong>hunc</strong></span> <span class='ocrx_word' id='word_1_131' title='bbox 611 854 732 879; x_wconf 87' lang='lat' dir='ltr'><strong>sensum,</strong></span> <span class='ocrx_word' id='word_1_132' title='bbox 755 854 808 873; x_wconf 92' lang='lat' dir='ltr'><strong>non</strong></span> <span class='ocrx_word' id='word_1_133' title='bbox 828 845 880 878; x_wconf 92' lang='lat' dir='ltr'><strong>ait,</strong></span> <span class='ocrx_word' id='word_1_134' title='bbox 905 844 927 872; x_wconf 85' lang='grc' dir='ltr'><strong><em>υ</em></strong></span> <span class='ocrx_word' id='word_1_135' title='bbox 940 843 1047 871; x_wconf 82' lang='lat' dir='ltr'><strong>altitudo</strong></span> 
     </span>
    </p>
   </div>
   <div class='ocr_carea' id='block_1_16' title="bbox 257 889 1048 929">
    <p class='ocr_par' dir='ltr' id='par_1_16' title="bbox 257 889 1048 929">
     <span class='ocr_line' id='line_1_16' title="bbox 257 889 1048 929; baseline -0.005 -9"><span class='ocrx_word' id='word_1_136' title='bbox 257 894 401 920; x_wconf 76' lang='lat' dir='ltr'><strong>divitiarum</strong></span> <span class='ocrx_word' id='word_1_137' title='bbox 418 893 549 929; x_wconf 68' lang='lat' dir='ltr'><strong>sapientite</strong></span> <span class='ocrx_word' id='word_1_138' title='bbox 565 897 589 920; x_wconf 81' lang='lat' dir='ltr'><strong>et</strong></span> <span class='ocrx_word' id='word_1_139' title='bbox 610 892 720 919; x_wconf 65' lang='lat' dir='ltr'><strong>scientia</strong></span> <span class='ocrx_word' id='word_1_140' title='bbox 733 890 819 918; x_wconf 87' lang='lat' dir='ltr'><strong>Patris</strong></span> <span class='ocrx_word' id='word_1_141' title='bbox 831 911 839 923; x_wconf 96' lang='lat'><strong>,</strong></span> <span class='ocrx_word' id='word_1_142' title='bbox 854 894 898 917; x_wconf 87' lang='lat' dir='ltr'><strong>aut</strong></span> <span class='ocrx_word' id='word_1_143' title='bbox 913 889 985 922; x_wconf 80' lang='lat' dir='ltr'><strong>Filii,</strong></span> <span class='ocrx_word' id='word_1_144' title='bbox 1002 893 1048 916; x_wconf 87' lang='lat' dir='ltr'><strong>aut</strong></span> 
     </span>
    </p>
   </div>
   <div class='ocr_carea' id='block_1_17' title="bbox 257 933 1048 973">
    <p class='ocr_par' dir='ltr' id='par_1_17' title="bbox 257 933 1048 973">
     <span class='ocr_line' id='line_1_17' title="bbox 257 933 1048 973; baseline -0.006 -8"><span class='ocrx_word' id='word_1_145' title='bbox 257 937 371 973; x_wconf 87' lang='lat' dir='ltr'><strong>Spiritus</strong></span> <span class='ocrx_word' id='word_1_146' title='bbox 383 938 481 971; x_wconf 86' lang='lat' dir='ltr'><strong>sancti;</strong></span> <span class='ocrx_word' id='word_1_147' title='bbox 497 937 559 969; x_wconf 84' lang='lat' dir='ltr'><strong>sed,</strong></span> <span class='ocrx_word' id='word_1_148' title='bbox 574 936 703 972; x_wconf 77' lang='lat' dir='ltr'><strong>sapientia:</strong></span> <span class='ocrx_word' id='word_1_149' title='bbox 719 940 742 962; x_wconf 85' lang='lat' dir='ltr'><strong>et</strong></span> <span class='ocrx_word' id='word_1_150' title='bbox 756 934 866 963; x_wconf 73' lang='lat' dir='ltr'><strong>scientiae</strong></span> <span class='ocrx_word' id='word_1_151' title='bbox 880 933 950 961; x_wconf 79' lang='lat' dir='ltr'><strong>Dei!</strong></span> <span class='ocrx_word' id='word_1_152' title='bbox 965 934 1048 968; x_wconf 82' lang='lat' dir='ltr'><strong>Quam</strong></span> 
     </span>
    </p>
   </div>
   <div class='ocr_carea' id='block_1_18' title="bbox 257 980 1049 1019">
    <p class='ocr_par' dir='ltr' id='par_1_18' title="bbox 257 980 1049 1019">
     <span class='ocr_line' id='line_1_18' title="bbox 257 980 1049 1019; baseline -0.004 -9"><span class='ocrx_word' id='word_1_153' title='bbox 257 983 430 1011; x_wconf 77' lang='lat' dir='ltr'><strong>inscratabilia</strong></span> <span class='ocrx_word' id='word_1_154' title='bbox 442 988 500 1010; x_wconf 73' lang='lat' dir='ltr'><strong>sunt</strong></span> <span class='ocrx_word' id='word_1_155' title='bbox 506 983 605 1019; x_wconf 79' lang='lat' dir='ltr'><strong>judicia</strong></span> <span class='ocrx_word' id='word_1_156' title='bbox 617 983 680 1017; x_wconf 76' lang='lat' dir='ltr'><strong>ejus,</strong></span> <span class='ocrx_word' id='word_1_157' title='bbox 696 986 719 1009; x_wconf 83' lang='lat' dir='ltr'><strong>et</strong></span> <span class='ocrx_word' id='word_1_158' title='bbox 729 981 911 1017; x_wconf 75' lang='lat' dir='ltr'><strong>investigabiles</strong></span> <span class='ocrx_word' id='word_1_159' title='bbox 922 981 968 1008; x_wconf 71' lang='lat' dir='ltr'><strong>viae</strong></span> <span class='ocrx_word' id='word_1_160' title='bbox 978 980 1049 1016; x_wconf 76' lang='lat' dir='ltr'><strong>ejus!</strong></span> 
     </span>
    </p>
   </div>
   <div class='ocr_carea' id='block_1_19' title="bbox 260 1026 1050 1063">
    <p class='ocr_par' dir='ltr' id='par_1_19' title="bbox 260 1026 1050 1063">
     <span class='ocr_line' id='line_1_19' title="bbox 260 1026 1050 1063; baseline -0.003 -8"><span class='ocrx_word' id='word_1_161' title='bbox 260 1028 323 1061; x_wconf 74' lang='lat' dir='ltr'><strong>Quis</strong></span> <span class='ocrx_word' id='word_1_162' title='bbox 339 1030 404 1055; x_wconf 79' lang='lat' dir='ltr'><strong>enim</strong></span> <span class='ocrx_word' id='word_1_163' title='bbox 416 1029 529 1063; x_wconf 75' lang='lat' dir='ltr'><strong>cognovit</strong></span> <span class='ocrx_word' id='word_1_164' title='bbox 542 1032 647 1055; x_wconf 81' lang='lat' dir='ltr'><strong>tuentem</strong></span> <span class='ocrx_word' id='word_1_165' title='bbox 660 1026 784 1055; x_wconf 80' lang='lat' dir='ltr'><strong>Domini?</strong></span> <span class='ocrx_word' id='word_1_166' title='bbox 798 1027 848 1054; x_wconf 79' lang='lat' dir='ltr'><strong>Aut</strong></span> <span class='ocrx_word' id='word_1_167' title='bbox 862 1027 917 1062; x_wconf 73' lang='lat' dir='ltr'><strong>quis</strong></span> <span class='ocrx_word' id='word_1_168' title='bbox 931 1026 1050 1053; x_wconf 75' lang='lat' dir='ltr'><strong>consilia-</strong></span> 
     </span>
    </p>
   </div>
   <div class='ocr_carea' id='block_1_20' title="bbox 258 1071 1047 1110">
    <p class='ocr_par' dir='ltr' id='par_1_20' title="bbox 258 1071 1047 1110">
     <span class='ocr_line' id='line_1_20' title="bbox 258 1071 1047 1110; baseline -0.004 -9"><span class='ocrx_word' id='word_1_169' title='bbox 258 1074 312 1101; x_wconf 74' lang='lat' dir='ltr'><strong>rius</strong></span> <span class='ocrx_word' id='word_1_170' title='bbox 324 1075 378 1109; x_wconf 77' lang='lat' dir='ltr'><strong>ejus</strong></span> <span class='ocrx_word' id='word_1_171' title='bbox 390 1072 457 1108; x_wconf 76' lang='lat' dir='ltr'><strong>fuit?</strong></span> <span class='ocrx_word' id='word_1_172' title='bbox 469 1073 518 1100; x_wconf 77' lang='lat' dir='ltr'><strong>Aut</strong></span> <span class='ocrx_word' id='word_1_173' title='bbox 525 1074 579 1109; x_wconf 83' lang='lat' dir='ltr'><strong>quis</strong></span> <span class='ocrx_word' id='word_1_174' title='bbox 589 1074 658 1110; x_wconf 89' lang='lat' dir='ltr'><strong>prior</strong></span> <span class='ocrx_word' id='word_1_175' title='bbox 668 1072 736 1100; x_wconf 80' lang='lat' dir='ltr'><strong><em>dedit</em></strong></span> <span class='ocrx_word' id='word_1_176' title='bbox 750 1073 798 1106; x_wconf 87' lang='lat' dir='ltr'><strong>illi,</strong></span> <span class='ocrx_word' id='word_1_177' title='bbox 811 1075 835 1099; x_wconf 82' lang='lat' dir='ltr'><strong>el</strong></span> <span class='ocrx_word' id='word_1_178' title='bbox 847 1071 996 1099; x_wconf 66' lang='lat' dir='ltr'><strong>&quot;tribuetur</strong></span> <span class='ocrx_word' id='word_1_179' title='bbox 1005 1071 1047 1099; x_wconf 78' lang='lat' dir='ltr'><strong>ei?</strong></span> 
     </span>
    </p>
   </div>
   <div class='ocr_carea' id='block_1_21' title="bbox 261 1117 1050 1155">
    <p class='ocr_par' dir='ltr' id='par_1_21' title="bbox 261 1117 1050 1155">
     <span class='ocr_line' id='line_1_21' title="bbox 261 1117 1050 1155; baseline -0.004 -9"><span class='ocrx_word' id='word_1_180' title='bbox 261 1119 387 1153; x_wconf 82' lang='lat' dir='ltr'><strong>Quoniam</strong></span> <span class='ocrx_word' id='word_1_181' title='bbox 403 1128 434 1147; x_wconf 75' lang='lat' dir='ltr'><strong>ex</strong></span> <span class='ocrx_word' id='word_1_182' title='bbox 446 1120 510 1153; x_wconf 73' lang='lat' dir='ltr'><strong>ipso,</strong></span> <span class='ocrx_word' id='word_1_183' title='bbox 526 1124 548 1146; x_wconf 84' lang='lat' dir='ltr'><strong>et</strong></span> <span class='ocrx_word' id='word_1_184' title='bbox 563 1127 607 1155; x_wconf 81' lang='lat' dir='ltr'><strong>per</strong></span> <span class='ocrx_word' id='word_1_185' title='bbox 617 1119 709 1154; x_wconf 71' lang='lat' dir='ltr'><strong>ipsum,</strong></span> <span class='ocrx_word' id='word_1_186' title='bbox 724 1122 748 1146; x_wconf 85' lang='lat' dir='ltr'><strong>et</strong></span> <span class='ocrx_word' id='word_1_187' title='bbox 760 1118 786 1145; x_wconf 83' lang='lat' dir='ltr'><strong>in</strong></span> <span class='ocrx_word' id='word_1_188' title='bbox 800 1117 856 1152; x_wconf 75' lang='lat' dir='ltr'><strong>ipso</strong></span> <span class='ocrx_word' id='word_1_189' title='bbox 870 1122 927 1144; x_wconf 71' lang='lat' dir='ltr'><strong>sunt</strong></span> <span class='ocrx_word' id='word_1_190' title='bbox 940 1117 1025 1143; x_wconf 89' lang='lat' dir='ltr'><strong>omnia</strong></span> <span class='ocrx_word' id='word_1_191' title='bbox 1040 1124 1050 1144; x_wconf 86' lang='lat'><strong><em>:</em></strong></span> 
     </span>
    </p>
   </div>
   <div class='ocr_carea' id='block_1_22' title="bbox 262 1163 1050 1202">
    <p class='ocr_par' dir='ltr' id='par_1_22' title="bbox 262 1163 1050 1202">
     <span class='ocr_line' id='line_1_22' title="bbox 262 1163 1050 1202; baseline -0.003 -10"><span class='ocrx_word' id='word_1_192' title='bbox 262 1165 312 1201; x_wconf 80' lang='lat' dir='ltr'><strong>ipsi</strong></span> <span class='ocrx_word' id='word_1_193' title='bbox 323 1166 404 1202; x_wconf 83' lang='lat' dir='ltr'><strong>gloria</strong></span> <span class='ocrx_word' id='word_1_194' title='bbox 420 1166 446 1192; x_wconf 87' lang='lat' dir='ltr'><strong>in</strong></span> <span class='ocrx_word' id='word_1_195' title='bbox 461 1167 555 1193; x_wconf 63' lang='lat' dir='ltr'><strong>alecula</strong></span> <span class='ocrx_word' id='word_1_196' title='bbox 572 1165 732 1192; x_wconf 66' lang='lat' dir='ltr'><strong>saeculorum.</strong></span> <span class='ocrx_word' id='word_1_197' title='bbox 751 1164 830 1191; x_wconf 81' lang='lat' dir='ltr'><strong>Amen</strong></span> <span class='ocrx_word' id='word_1_198' title='bbox 845 1163 931 1198; x_wconf 89' lang='lat' dir='ltr'><strong>(Rom.</strong></span> <span class='ocrx_word' id='word_1_199' title='bbox 949 1172 988 1197; x_wconf 71' lang='grc' dir='ltr'><strong>χι,</strong></span> <span class='ocrx_word' id='word_1_200' title='bbox 1002 1163 1050 1191; x_wconf 74' lang='lat'><strong>&#39;55-</strong></span> 
     </span>
    </p>
   </div>
   <div class='ocr_carea' id='block_1_23' title="bbox 256 1209 1050 1245">
    <p class='ocr_par' dir='ltr' id='par_1_23' title="bbox 256 1209 1050 1245">
     <span class='ocr_line' id='line_1_23' title="bbox 256 1209 1050 1245; baseline -0.005 -6"><span class='ocrx_word' id='word_1_201' title='bbox 256 1211 317 1245; x_wconf 73' lang='grc'>56).</span> <span class='ocrx_word' id='word_1_202' title='bbox 332 1210 360 1239; x_wconf 92' lang='lat' dir='ltr'><strong>Si</strong></span> <span class='ocrx_word' id='word_1_203' title='bbox 374 1216 462 1238; x_wconf 85' lang='lat' dir='ltr'><strong>autem</strong></span> <span class='ocrx_word' id='word_1_204' title='bbox 477 1211 528 1238; x_wconf 82' lang='lat' dir='ltr'><strong>hoc</strong></span> <span class='ocrx_word' id='word_1_205' title='bbox 546 1210 580 1238; x_wconf 91' lang='lat' dir='ltr'><strong>de</strong></span> <span class='ocrx_word' id='word_1_206' title='bbox 595 1210 674 1238; x_wconf 81' lang='lat' dir='ltr'><strong>Patre</strong></span> <span class='ocrx_word' id='word_1_207' title='bbox 685 1209 868 1237; x_wconf 87' lang='lat' dir='ltr'><strong>tantummodo</strong></span> <span class='ocrx_word' id='word_1_208' title='bbox 883 1209 991 1243; x_wconf 70' lang='lat' dir='ltr'><strong>intelligi</strong></span> <span class='ocrx_word' id='word_1_209' title='bbox 1005 1216 1050 1236; x_wconf 87' lang='lat' dir='ltr'><strong>vo-</strong></span> 
     </span>
    </p>
   </div>
   <div class='ocr_carea' id='block_1_24' title="bbox 260 1254 1049 1292">
    <p class='ocr_par' dir='ltr' id='par_1_24' title="bbox 260 1254 1049 1292">
     <span class='ocr_line' id='line_1_24' title="bbox 260 1254 1049 1292; baseline -0.001 -9"><span class='ocrx_word' id='word_1_210' title='bbox 260 1257 328 1290; x_wconf 88' lang='lat' dir='ltr'><strong>lunt,</strong></span> <span class='ocrx_word' id='word_1_211' title='bbox 342 1256 475 1292; x_wconf 90' lang='lat' dir='ltr'><strong>quomodo</strong></span> <span class='ocrx_word' id='word_1_212' title='bbox 486 1263 549 1292; x_wconf 83' lang='lat' dir='ltr'><strong>ergo</strong></span> <span class='ocrx_word' id='word_1_213' title='bbox 559 1257 648 1284; x_wconf 84' lang='lat' dir='ltr'><strong>omnia</strong></span> <span class='ocrx_word' id='word_1_214' title='bbox 660 1264 709 1291; x_wconf 87' lang='lat' dir='ltr'><strong>per</strong></span> <span class='ocrx_word' id='word_1_215' title='bbox 719 1256 824 1283; x_wconf 84' lang='lat' dir='ltr'><strong>Patrem</strong></span> <span class='ocrx_word' id='word_1_216' title='bbox 839 1260 910 1287; x_wconf 81' lang='lat' dir='ltr'><strong>sunt,</strong></span> <span class='ocrx_word' id='word_1_217' title='bbox 927 1255 995 1282; x_wconf 80' lang='lat' dir='ltr'><strong>sicut</strong></span> <span class='ocrx_word' id='word_1_218' title='bbox 1005 1254 1049 1282; x_wconf 78' lang='lat' dir='ltr'><strong>hic</strong></span> 
     </span>
    </p>
   </div>
   <div class='ocr_carea' id='block_1_25' title="bbox 253 1301 1049 1339">
    <p class='ocr_par' dir='ltr' id='par_1_25' title="bbox 253 1301 1049 1339">
     <span class='ocr_line' id='line_1_25' title="bbox 253 1301 1049 1339; baseline -0.003 -10"><span class='ocrx_word' id='word_1_219' title='bbox 253 1302 370 1334; x_wconf 64' lang='lat' dir='ltr'><strong>dicitur;</strong></span> <span class='ocrx_word' id='word_1_220' title='bbox 383 1308 412 1330; x_wconf 84' lang='lat' dir='ltr'><strong>et</strong></span> <span class='ocrx_word' id='word_1_221' title='bbox 422 1303 512 1329; x_wconf 74' lang='lat' dir='ltr'><strong>orantia</strong></span> <span class='ocrx_word' id='word_1_222' title='bbox 525 1310 574 1339; x_wconf 73' lang='lat' dir='ltr'><strong>par</strong></span> <span class='ocrx_word' id='word_1_223' title='bbox 588 1302 695 1334; x_wconf 62' lang='lat' dir='ltr'><strong>ﬁlium,</strong></span> <span class='ocrx_word' id='word_1_224' title='bbox 709 1302 779 1329; x_wconf 74' lang='lat' dir='ltr'><strong>siem</strong></span> <span class='ocrx_word' id='word_1_225' title='bbox 797 1302 830 1328; x_wconf 81' lang='lat' dir='ltr'><strong>ad</strong></span> <span class='ocrx_word' id='word_1_226' title='bbox 841 1301 994 1328; x_wconf 81' lang='lat' dir='ltr'><strong>Corinthios</strong></span> <span class='ocrx_word' id='word_1_227' title='bbox 1004 1301 1049 1328; x_wconf 85' lang='lat' dir='ltr'><strong>ubi</strong></span> 
     </span>
    </p>
   </div>
   <div class='ocr_carea' id='block_1_26' title="bbox 257 1344 1048 1380">
    <p class='ocr_par' dir='ltr' id='par_1_26' title="bbox 257 1344 1048 1380">
     <span class='ocr_line' id='line_1_26' title="bbox 257 1344 1048 1380; baseline -0.003 -8"><span class='ocrx_word' id='word_1_228' title='bbox 257 1345 308 1377; x_wconf 63' lang='lat' dir='ltr'><strong>ah,</strong></span> <span class='ocrx_word' id='word_1_229' title='bbox 320 1344 433 1373; x_wconf 57' lang='lat' dir='ltr'><strong>lin-</strong></span> <span class='ocrx_word' id='word_1_230' title='bbox 443 1345 653 1373; x_wconf 54' lang='lat' dir='ltr'><strong>m’m</strong></span> <span class='ocrx_word' id='word_1_231' title='bbox 663 1345 791 1378; x_wconf 54' lang='grc' dir='ltr'><strong>Μ,</strong></span> <span class='ocrx_word' id='word_1_232' title='bbox 804 1353 849 1379; x_wconf 71' lang='lat' dir='ltr'><strong>per</strong></span> <span class='ocrx_word' id='word_1_233' title='bbox 864 1353 935 1380; x_wconf 76' lang='lat' dir='ltr'><strong>quem</strong></span> <span class='ocrx_word' id='word_1_234' title='bbox 947 1345 1048 1376; x_wconf 86' lang='lat' dir='ltr'><strong>omnia;</strong></span> 
     </span>
    </p>
   </div>
   <div class='ocr_carea' id='block_1_27' title="bbox 259 1390 1049 1427">
    <p class='ocr_par' dir='ltr' id='par_1_27' title="bbox 259 1390 1049 1427">
     <span class='ocr_line' id='line_1_27' title="bbox 259 1390 1049 1427; baseline -0.001 -9"><span class='ocrx_word' id='word_1_235' title='bbox 259 1392 361 1418; x_wconf 76' lang='lat' dir='ltr'><strong>etsicut</strong></span> <span class='ocrx_word' id='word_1_236' title='bbox 374 1391 401 1418; x_wconf 87' lang='lat' dir='ltr'><strong>in</strong></span> <span class='ocrx_word' id='word_1_237' title='bbox 416 1391 560 1427; x_wconf 78' lang='lat' dir='ltr'><strong>Evangelia</strong></span> <span class='ocrx_word' id='word_1_238' title='bbox 573 1391 692 1424; x_wconf 83' lang='lat' dir='ltr'><strong>Joannis,</strong></span> <span class='ocrx_word' id='word_1_239' title='bbox 709 1390 801 1418; x_wconf 82' lang='lat' dir='ltr'><strong>Omnia</strong></span> <span class='ocrx_word' id='word_1_240' title='bbox 815 1400 861 1425; x_wconf 83' lang='lat' dir='ltr'><strong>par</strong></span> <span class='ocrx_word' id='word_1_241' title='bbox 879 1392 961 1425; x_wconf 82' lang='lat' dir='ltr'><strong>ipsum</strong></span> <span class='ocrx_word' id='word_1_242' title='bbox 982 1393 1049 1426; x_wconf 76' lang='lat' dir='ltr'><strong>facta</strong></span> 
     </span>
    </p>
   </div>
   <div class='ocr_carea' id='block_1_28' title="bbox 261 1436 1048 1472">
    <p class='ocr_par' dir='ltr' id='par_1_28' title="bbox 261 1436 1048 1472">
     <span class='ocr_line' id='line_1_28' title="bbox 261 1436 1048 1472; baseline 0.001 -10"><span class='ocrx_word' id='word_1_243' title='bbox 261 1441 319 1462; x_wconf 79' lang='lat' dir='ltr'><strong>sunt</strong></span> <span class='ocrx_word' id='word_1_244' title='bbox 330 1436 343 1463; x_wconf 69' lang='grc' dir='ltr'><em>ἵ</em></span> <span class='ocrx_word' id='word_1_245' title='bbox 361 1436 388 1464; x_wconf 91' lang='lat' dir='ltr'><strong>Si</strong></span> <span class='ocrx_word' id='word_1_246' title='bbox 402 1438 473 1464; x_wconf 90' lang='lat' dir='ltr'><strong>enim</strong></span> <span class='ocrx_word' id='word_1_247' title='bbox 488 1437 538 1464; x_wconf 84' lang='lat' dir='ltr'><strong>alia</strong></span> <span class='ocrx_word' id='word_1_248' title='bbox 553 1443 600 1472; x_wconf 86' lang='lat' dir='ltr'><strong>per</strong></span> <span class='ocrx_word' id='word_1_249' title='bbox 613 1437 729 1470; x_wconf 84' lang='lat' dir='ltr'><strong>Patrem,</strong></span> <span class='ocrx_word' id='word_1_250' title='bbox 745 1436 795 1464; x_wconf 86' lang='lat' dir='ltr'><strong>alia</strong></span> <span class='ocrx_word' id='word_1_251' title='bbox 812 1445 859 1470; x_wconf 86' lang='lat' dir='ltr'><strong>per</strong></span> <span class='ocrx_word' id='word_1_252' title='bbox 873 1436 980 1469; x_wconf 82' lang='lat' dir='ltr'><strong>Filium,</strong></span> <span class='ocrx_word' id='word_1_253' title='bbox 995 1437 1048 1472; x_wconf 87' lang='lat' dir='ltr'><strong>jam</strong></span> 
     </span>
    </p>
   </div>
   <div class='ocr_carea' id='block_1_29' title="bbox 261 1482 1050 1521">
    <p class='ocr_par' dir='ltr' id='par_1_29' title="bbox 261 1482 1050 1521">
     <span class='ocr_line' id='line_1_29' title="bbox 261 1482 1050 1521; baseline 0.003 -14"><span class='ocrx_word' id='word_1_254' title='bbox 261 1488 314 1507; x_wconf 88' lang='lat' dir='ltr'><strong>non</strong></span> <span class='ocrx_word' id='word_1_255' title='bbox 328 1483 415 1508; x_wconf 88' lang='lat' dir='ltr'><strong>omnia</strong></span> <span class='ocrx_word' id='word_1_256' title='bbox 432 1489 478 1516; x_wconf 88' lang='lat' dir='ltr'><strong>per</strong></span> <span class='ocrx_word' id='word_1_257' title='bbox 491 1482 605 1516; x_wconf 78' lang='lat' dir='ltr'><strong>Patrem,</strong></span> <span class='ocrx_word' id='word_1_258' title='bbox 622 1489 670 1510; x_wconf 87' lang='lat' dir='ltr'><strong>nec</strong></span> <span class='ocrx_word' id='word_1_259' title='bbox 684 1482 772 1510; x_wconf 89' lang='lat' dir='ltr'><strong>omnia</strong></span> <span class='ocrx_word' id='word_1_260' title='bbox 786 1489 832 1517; x_wconf 91' lang='lat' dir='ltr'><strong>per</strong></span> <span class='ocrx_word' id='word_1_261' title='bbox 841 1482 947 1521; x_wconf 84' lang='lat' dir='ltr'><strong>Filium.</strong></span> <span class='ocrx_word' id='word_1_262' title='bbox 960 1483 988 1510; x_wconf 89' lang='lat' dir='ltr'><strong>Si</strong></span> <span class='ocrx_word' id='word_1_263' title='bbox 1001 1490 1050 1509; x_wconf 89' lang='lat' dir='ltr'><strong>au-</strong></span> 
     </span>
    </p>
   </div>
   <div class='ocr_carea' id='block_1_30' title="bbox 262 1527 1049 1562">
    <p class='ocr_par' dir='ltr' id='par_1_30' title="bbox 262 1527 1049 1562">
     <span class='ocr_line' id='line_1_30' title="bbox 262 1527 1049 1562; baseline 0.004 -10"><span class='ocrx_word' id='word_1_264' title='bbox 262 1530 315 1552; x_wconf 91' lang='lat' dir='ltr'><strong>tem</strong></span> <span class='ocrx_word' id='word_1_265' title='bbox 330 1527 418 1553; x_wconf 88' lang='lat' dir='ltr'><strong>omnia</strong></span> <span class='ocrx_word' id='word_1_266' title='bbox 431 1534 478 1561; x_wconf 87' lang='lat' dir='ltr'><strong>per</strong></span> <span class='ocrx_word' id='word_1_267' title='bbox 488 1527 603 1559; x_wconf 85' lang='lat' dir='ltr'><strong>Patrem.</strong></span> <span class='ocrx_word' id='word_1_268' title='bbox 618 1531 645 1554; x_wconf 92' lang='lat' dir='ltr'><strong>et</strong></span> <span class='ocrx_word' id='word_1_269' title='bbox 658 1528 746 1554; x_wconf 89' lang='lat' dir='ltr'><strong>omnia</strong></span> <span class='ocrx_word' id='word_1_270' title='bbox 762 1535 810 1562; x_wconf 88' lang='lat' dir='ltr'><strong>per</strong></span> <span class='ocrx_word' id='word_1_271' title='bbox 822 1527 937 1560; x_wconf 81' lang='lat' dir='ltr'><strong>Filium;</strong></span> <span class='ocrx_word' id='word_1_272' title='bbox 955 1527 1049 1555; x_wconf 87' lang='lat' dir='ltr'><strong>eadem</strong></span> 
     </span>
    </p>
   </div>
   <div class='ocr_carea' id='block_1_31' title="bbox 262 1571 1050 1608">
    <p class='ocr_par' dir='ltr' id='par_1_31' title="bbox 262 1571 1050 1608">
     <span class='ocr_line' id='line_1_31' title="bbox 262 1571 1050 1608; baseline 0.001 -10"><span class='ocrx_word' id='word_1_273' title='bbox 262 1578 309 1606; x_wconf 78' lang='lat' dir='ltr'><strong>per</strong></span> <span class='ocrx_word' id='word_1_274' title='bbox 321 1571 436 1604; x_wconf 85' lang='lat' dir='ltr'><strong>Patrem,</strong></span> <span class='ocrx_word' id='word_1_275' title='bbox 453 1580 512 1607; x_wconf 78' lang='lat' dir='ltr'><strong>qua:</strong></span> <span class='ocrx_word' id='word_1_276' title='bbox 525 1580 572 1607; x_wconf 91' lang='lat' dir='ltr'><strong>per</strong></span> <span class='ocrx_word' id='word_1_277' title='bbox 584 1573 691 1600; x_wconf 82' lang='lat' dir='ltr'><strong>Filium.</strong></span> <span class='ocrx_word' id='word_1_278' title='bbox 710 1571 831 1607; x_wconf 72' lang='lat' dir='ltr'><strong>Equalis</strong></span> <span class='ocrx_word' id='word_1_279' title='bbox 845 1577 885 1599; x_wconf 88' lang='lat' dir='ltr'><strong>est</strong></span> <span class='ocrx_word' id='word_1_280' title='bbox 899 1580 964 1608; x_wconf 76' lang='lat' dir='ltr'><strong>ergo</strong></span> <span class='ocrx_word' id='word_1_281' title='bbox 977 1572 1050 1600; x_wconf 86' lang='lat' dir='ltr'><strong>Patri</strong></span> 
     </span>
    </p>
   </div>
   <div class='ocr_carea' id='block_1_32' title="bbox 262 1617 1049 1653">
    <p class='ocr_par' dir='ltr' id='par_1_32' title="bbox 262 1617 1049 1653">
     <span class='ocr_line' id='line_1_32' title="bbox 262 1617 1049 1653; baseline -0.001 -8"><span class='ocrx_word' id='word_1_282' title='bbox 262 1618 343 1645; x_wconf 86' lang='lat' dir='ltr'><strong>Filius</strong></span> <span class='ocrx_word' id='word_1_283' title='bbox 358 1639 365 1650; x_wconf 91' lang='lat'><strong>,</strong></span> <span class='ocrx_word' id='word_1_284' title='bbox 383 1622 411 1646; x_wconf 90' lang='lat' dir='ltr'><strong>et</strong></span> <span class='ocrx_word' id='word_1_285' title='bbox 429 1618 612 1653; x_wconf 86' lang='lat' dir='ltr'><strong>inseparabilis</strong></span> <span class='ocrx_word' id='word_1_286' title='bbox 632 1619 750 1653; x_wconf 88' lang='lat' dir='ltr'><strong>operatio</strong></span> <span class='ocrx_word' id='word_1_287' title='bbox 765 1623 805 1646; x_wconf 82' lang='lat' dir='ltr'><strong>est</strong></span> <span class='ocrx_word' id='word_1_288' title='bbox 821 1617 908 1645; x_wconf 85' lang='lat' dir='ltr'><strong>Pa&#39;ris</strong></span> <span class='ocrx_word' id='word_1_289' title='bbox 931 1622 958 1645; x_wconf 93' lang='lat' dir='ltr'><strong>ct</strong></span> <span class='ocrx_word' id='word_1_290' title='bbox 978 1618 1049 1645; x_wconf 78' lang='lat' dir='ltr'><strong>Filii.</strong></span> 
     </span>
    </p>
   </div>
   <div class='ocr_carea' id='block_1_33' title="bbox 261 1664 1051 1699">
    <p class='ocr_par' dir='ltr' id='par_1_33' title="bbox 261 1664 1051 1699">
     <span class='ocr_line' id='line_1_33' title="bbox 261 1664 1051 1699; baseline 0.001 -8"><span class='ocrx_word' id='word_1_291' title='bbox 261 1664 328 1698; x_wconf 81' lang='lat' dir='ltr'><strong>Quia</strong></span> <span class='ocrx_word' id='word_1_292' title='bbox 342 1665 363 1691; x_wconf 88' lang='lat' dir='ltr'><strong>si</strong></span> <span class='ocrx_word' id='word_1_293' title='bbox 377 1665 418 1692; x_wconf 87' lang='lat' dir='ltr'><strong>vel</strong></span> <span class='ocrx_word' id='word_1_294' title='bbox 430 1664 525 1693; x_wconf 82' lang='lat' dir='ltr'><strong>Filium</strong></span> <span class='ocrx_word' id='word_1_295' title='bbox 540 1665 601 1692; x_wconf 80' lang='lat' dir='ltr'><strong>fecit</strong></span> <span class='ocrx_word' id='word_1_296' title='bbox 614 1664 691 1691; x_wconf 87' lang='lat' dir='ltr'><strong>Pater</strong></span> <span class='ocrx_word' id='word_1_297' title='bbox 700 1671 778 1699; x_wconf 84' lang='lat' dir='ltr'><strong>quem</strong></span> <span class='ocrx_word' id='word_1_298' title='bbox 792 1671 845 1691; x_wconf 89' lang='lat' dir='ltr'><strong>non</strong></span> <span class='ocrx_word' id='word_1_299' title='bbox 862 1664 922 1692; x_wconf 80' lang='lat' dir='ltr'><strong>fecit</strong></span> <span class='ocrx_word' id='word_1_300' title='bbox 936 1664 993 1699; x_wconf 90' lang='lat' dir='ltr'><strong>ipse</strong></span> <span class='ocrx_word' id='word_1_301' title='bbox 1007 1664 1051 1691; x_wconf 80' lang='lat' dir='ltr'><strong>Fi-</strong></span> 
     </span>
    </p>
   </div>
   <div class='ocr_carea' id='block_1_34' title="bbox 262 1709 1050 1744">
    <p class='ocr_par' dir='ltr' id='par_1_34' title="bbox 262 1709 1050 1744">
     <span class='ocr_line' id='line_1_34' title="bbox 262 1709 1050 1744; baseline 0.001 -9"><span class='ocrx_word' id='word_1_302' title='bbox 262 1709 324 1742; x_wconf 72' lang='lat' dir='ltr'><strong>lius,</strong></span> <span class='ocrx_word' id='word_1_303' title='bbox 340 1717 391 1736; x_wconf 88' lang='lat' dir='ltr'><strong>non</strong></span> <span class='ocrx_word' id='word_1_304' title='bbox 404 1709 491 1736; x_wconf 90' lang='lat' dir='ltr'><strong>omnia</strong></span> <span class='ocrx_word' id='word_1_305' title='bbox 507 1717 554 1744; x_wconf 89' lang='lat' dir='ltr'><strong>per</strong></span> <span class='ocrx_word' id='word_1_306' title='bbox 568 1710 664 1737; x_wconf 83' lang='lat' dir='ltr'><strong>Filium</strong></span> <span class='ocrx_word' id='word_1_307' title='bbox 680 1709 746 1736; x_wconf 82' lang='lat' dir='ltr'><strong>facta</strong></span> <span class='ocrx_word' id='word_1_308' title='bbox 760 1713 819 1736; x_wconf 89' lang='lat' dir='ltr'><strong>sunt</strong></span> <span class='ocrx_word' id='word_1_309' title='bbox 836 1718 842 1736; x_wconf 90' lang='lat'><strong>:</strong></span> <span class='ocrx_word' id='word_1_310' title='bbox 857 1714 884 1736; x_wconf 91' lang='lat' dir='ltr'><strong>at</strong></span> <span class='ocrx_word' id='word_1_311' title='bbox 897 1709 985 1736; x_wconf 84' lang='lat' dir='ltr'><strong>omnia</strong></span> <span class='ocrx_word' id='word_1_312' title='bbox 1001 1717 1050 1744; x_wconf 90' lang='lat' dir='ltr'><strong>per</strong></span> 
     </span>
    </p>
   </div>
   <div class='ocr_carea' id='block_1_35' title="bbox 263 1753 1051 1790">
    <p class='ocr_par' dir='ltr' id='par_1_35' title="bbox 263 1753 1051 1790">
     <span class='ocr_line' id='line_1_35' title="bbox 263 1753 1051 1790; baseline 0.003 -10"><span class='ocrx_word' id='word_1_313' title='bbox 263 1753 360 1781; x_wconf 80' lang='lat' dir='ltr'><strong>Filimn</strong></span> <span class='ocrx_word' id='word_1_314' title='bbox 378 1754 444 1782; x_wconf 77' lang='lat' dir='ltr'><strong>facta</strong></span> <span class='ocrx_word' id='word_1_315' title='bbox 460 1760 537 1786; x_wconf 84' lang='lat' dir='ltr'><strong>sunt;</strong></span> <span class='ocrx_word' id='word_1_316' title='bbox 551 1754 610 1790; x_wconf 82' lang='lat' dir='ltr'><strong>ipse</strong></span> <span class='ocrx_word' id='word_1_317' title='bbox 627 1754 705 1789; x_wconf 73' lang='lat' dir='ltr'><strong>igitur</strong></span> <span class='ocrx_word' id='word_1_318' title='bbox 718 1754 801 1783; x_wconf 79' lang='lat' dir='ltr'><strong>factus</strong></span> <span class='ocrx_word' id='word_1_319' title='bbox 814 1762 866 1782; x_wconf 92' lang='lat' dir='ltr'><strong>non</strong></span> <span class='ocrx_word' id='word_1_320' title='bbox 877 1759 917 1783; x_wconf 86' lang='lat' dir='ltr'><strong>est</strong></span> <span class='ocrx_word' id='word_1_321' title='bbox 927 1776 934 1789; x_wconf 90' lang='lat'><strong>,</strong></span> <span class='ocrx_word' id='word_1_322' title='bbox 951 1759 978 1782; x_wconf 94' lang='lat' dir='ltr'><strong>ut</strong></span> <span class='ocrx_word' id='word_1_323' title='bbox 988 1763 1051 1783; x_wconf 86' lang='lat' dir='ltr'><strong>cum</strong></span> 
     </span>
    </p>
   </div>
   <div class='ocr_carea' id='block_1_36' title="bbox 263 1799 1052 1835">
    <p class='ocr_par' dir='ltr' id='par_1_36' title="bbox 263 1799 1052 1835">
     <span class='ocr_line' id='line_1_36' title="bbox 263 1799 1052 1835; baseline 0.001 -8"><span class='ocrx_word' id='word_1_324' title='bbox 263 1799 340 1827; x_wconf 89' lang='lat' dir='ltr'><strong>Patre</strong></span> <span class='ocrx_word' id='word_1_325' title='bbox 356 1799 454 1827; x_wconf 82' lang='lat' dir='ltr'><strong>laceret</strong></span> <span class='ocrx_word' id='word_1_326' title='bbox 467 1800 555 1827; x_wconf 86' lang='lat' dir='ltr'><strong>omnia</strong></span> <span class='ocrx_word' id='word_1_327' title='bbox 571 1808 632 1835; x_wconf 74' lang='lat' dir='ltr'><strong>qua:</strong></span> <span class='ocrx_word' id='word_1_328' title='bbox 652 1800 719 1827; x_wconf 81' lang='lat' dir='ltr'><strong>facta</strong></span> <span class='ocrx_word' id='word_1_329' title='bbox 737 1804 810 1827; x_wconf 80' lang='lat' dir='ltr'><strong>sunt.</strong></span> <span class='ocrx_word' id='word_1_330' title='bbox 832 1800 988 1835; x_wconf 74' lang='lat' dir='ltr'><strong>Quanquam</strong></span> <span class='ocrx_word' id='word_1_331' title='bbox 1002 1807 1052 1828; x_wconf 88' lang='lat' dir='ltr'><strong>nec</strong></span> 
     </span>
    </p>
   </div>
   <div class='ocr_carea' id='block_1_37' title="bbox 261 1845 1051 1881">
    <p class='ocr_par' dir='ltr' id='par_1_37' title="bbox 261 1845 1051 1881">
     <span class='ocr_line' id='line_1_37' title="bbox 261 1845 1051 1881; baseline 0 -7"><span class='ocrx_word' id='word_1_332' title='bbox 261 1845 296 1874; x_wconf 80' lang='lat' dir='ltr'><strong>ab</strong></span> <span class='ocrx_word' id='word_1_333' title='bbox 308 1845 365 1880; x_wconf 87' lang='lat' dir='ltr'><strong>ipso</strong></span> <span class='ocrx_word' id='word_1_334' title='bbox 375 1846 456 1873; x_wconf 78' lang='lat' dir='ltr'><strong>verbo</strong></span> <span class='ocrx_word' id='word_1_335' title='bbox 471 1846 581 1873; x_wconf 84' lang='lat' dir='ltr'><strong>tacuerit</strong></span> <span class='ocrx_word' id='word_1_336' title='bbox 595 1846 737 1881; x_wconf 68' lang='lat' dir='ltr'><strong>Apostolus</strong></span> <span class='ocrx_word' id='word_1_337' title='bbox 750 1867 756 1879; x_wconf 95' lang='lat'><strong>,</strong></span> <span class='ocrx_word' id='word_1_338' title='bbox 769 1851 796 1873; x_wconf 86' lang='lat' dir='ltr'><strong>et</strong></span> <span class='ocrx_word' id='word_1_339' title='bbox 809 1846 976 1881; x_wconf 70' lang='lat' dir='ltr'><strong>apertissime</strong></span> <span class='ocrx_word' id='word_1_340' title='bbox 990 1854 1051 1874; x_wconf 87' lang='lat' dir='ltr'><strong>ont-</strong></span> 
     </span>
    </p>
   </div>
   <div class='ocr_carea' id='block_1_38' title="bbox 262 1890 1052 1927">
    <p class='ocr_par' dir='ltr' id='par_1_38' title="bbox 262 1890 1052 1927">
     <span class='ocr_line' id='line_1_38' title="bbox 262 1890 1052 1927; baseline 0.003 -10"><span class='ocrx_word' id='word_1_341' title='bbox 262 1891 325 1917; x_wconf 83' lang='lat' dir='ltr'><strong>nino</strong></span> <span class='ocrx_word' id='word_1_342' title='bbox 339 1890 444 1924; x_wconf 75' lang='lat' dir='ltr'><strong>dixerit,</strong></span> <span class='ocrx_word' id='word_1_343' title='bbox 461 1891 511 1924; x_wconf 81' lang='lat' dir='ltr'><strong>Qui</strong></span> <span class='ocrx_word' id='word_1_344' title='bbox 523 1900 580 1918; x_wconf 85' lang='lat' dir='ltr'><strong>cum</strong></span> <span class='ocrx_word' id='word_1_345' title='bbox 594 1891 621 1918; x_wconf 82' lang='lat' dir='ltr'><strong>in</strong></span> <span class='ocrx_word' id='word_1_346' title='bbox 632 1891 679 1918; x_wconf 79' lang='lat' dir='ltr'><strong>Dei</strong></span> <span class='ocrx_word' id='word_1_347' title='bbox 694 1893 776 1927; x_wconf 79' lang='lat' dir='ltr'><strong>[arma</strong></span> <span class='ocrx_word' id='word_1_348' title='bbox 788 1897 861 1924; x_wconf 70' lang='lat' dir='ltr'><strong>esset,</strong></span> <span class='ocrx_word' id='word_1_349' title='bbox 877 1900 926 1919; x_wconf 82' lang='lat' dir='ltr'><strong>non</strong></span> <span class='ocrx_word' id='word_1_350' title='bbox 936 1892 1052 1927; x_wconf 78' lang='lat' dir='ltr'><strong>rapinam</strong></span> 
     </span>
    </p>
   </div>
   <div class='ocr_carea' id='block_1_39' title="bbox 261 1934 1052 1973">
    <p class='ocr_par' dir='ltr' id='par_1_39' title="bbox 261 1934 1052 1973">
     <span class='ocr_line' id='line_1_39' title="bbox 261 1934 1052 1973; baseline 0.004 -11"><span class='ocrx_word' id='word_1_351' title='bbox 261 1934 397 1962; x_wconf 72' lang='lat' dir='ltr'><strong>arbitratus</strong></span> <span class='ocrx_word' id='word_1_352' title='bbox 418 1941 453 1963; x_wconf 73' lang='lat' dir='ltr'><strong>est</strong></span> <span class='ocrx_word' id='word_1_353' title='bbox 473 1944 527 1963; x_wconf 76' lang='lat' dir='ltr'><strong>me</strong></span> <span class='ocrx_word' id='word_1_354' title='bbox 548 1937 652 1970; x_wconf 70' lang='lat' dir='ltr'><strong>(aqualis</strong></span> <span class='ocrx_word' id='word_1_355' title='bbox 675 1936 727 1963; x_wconf 76' lang='lat' dir='ltr'><strong>Deo</strong></span> <span class='ocrx_word' id='word_1_356' title='bbox 745 1936 872 1972; x_wconf 80' lang='lat' dir='ltr'><strong>(Philipp.</strong></span> <span class='ocrx_word' id='word_1_357' title='bbox 894 1945 922 1968; x_wconf 85' lang='lat' dir='ltr'><strong>tt.</strong></span> <span class='ocrx_word' id='word_1_358' title='bbox 942 1936 971 1973; x_wconf 81' lang='grc'>6)</span> <span class='ocrx_word' id='word_1_359' title='bbox 987 1946 994 1965; x_wconf 91' lang='lat'><strong>:</strong></span> <span class='ocrx_word' id='word_1_360' title='bbox 1010 1937 1052 1965; x_wconf 90' lang='lat' dir='ltr'><strong>hic</strong></span> 
     </span>
    </p>
   </div>
   <div class='ocr_carea' id='block_1_40' title="bbox 264 1980 1053 2017">
    <p class='ocr_par' dir='ltr' id='par_1_40' title="bbox 264 1980 1053 2017">
     <span class='ocr_line' id='line_1_40' title="bbox 264 1980 1053 2017; baseline 0.004 -10"><span class='ocrx_word' id='word_1_361' title='bbox 264 1980 346 2008; x_wconf 77' lang='lat' dir='ltr'><strong>Deum</strong></span> <span class='ocrx_word' id='word_1_362' title='bbox 365 1982 471 2016; x_wconf 88' lang='lat' dir='ltr'><strong>proprie</strong></span> <span class='ocrx_word' id='word_1_363' title='bbox 490 1982 596 2009; x_wconf 85' lang='lat' dir='ltr'><strong>Patrem</strong></span> <span class='ocrx_word' id='word_1_364' title='bbox 617 1983 763 2017; x_wconf 85' lang='lat' dir='ltr'><strong>appellans,</strong></span> <span class='ocrx_word' id='word_1_365' title='bbox 786 1983 855 2010; x_wconf 91' lang='lat' dir='ltr'><strong>sicut</strong></span> <span class='ocrx_word' id='word_1_366' title='bbox 872 1982 945 2016; x_wconf 87' lang='lat' dir='ltr'><strong>alibi,</strong></span> <span class='ocrx_word' id='word_1_367' title='bbox 971 1983 1053 2017; x_wconf 78' lang='lat' dir='ltr'><strong>Caput</strong></span> 
     </span>
    </p>
   </div>
   <div class='ocr_carea' id='block_1_41' title="bbox 264 2027 757 2063">
    <p class='ocr_par' dir='ltr' id='par_1_41' title="bbox 264 2027 757 2063">
     <span class='ocr_line' id='line_1_41' title="bbox 264 2027 757 2063; baseline 0.006 -11"><span class='ocrx_word' id='word_1_368' title='bbox 264 2032 348 2053; x_wconf 78' lang='lat' dir='ltr'><strong>autem</strong></span> <span class='ocrx_word' id='word_1_369' title='bbox 360 2027 464 2060; x_wconf 73' lang='lat' dir='ltr'><strong>Christi,</strong></span> <span class='ocrx_word' id='word_1_370' title='bbox 481 2027 546 2055; x_wconf 78' lang='lat' dir='ltr'><strong>Deus</strong></span> <span class='ocrx_word' id='word_1_371' title='bbox 561 2027 581 2063; x_wconf 94' lang='grc' dir='ltr'><strong>(Ι</strong></span> <span class='ocrx_word' id='word_1_372' title='bbox 593 2027 653 2055; x_wconf 85' lang='lat' dir='ltr'><strong>Cor.</strong></span> <span class='ocrx_word' id='word_1_373' title='bbox 668 2036 704 2060; x_wconf 84' lang='lat' dir='ltr'><strong>xt,</strong></span> <span class='ocrx_word' id='word_1_374' title='bbox 717 2028 757 2063; x_wconf 79' lang='grc'>5).</span> 
     </span>
    </p>
   </div>
   <div class='ocr_carea' id='block_1_42' title="bbox 302 2072 1053 2108">
    <p class='ocr_par' dir='ltr' id='par_1_42' title="bbox 302 2072 1053 2108">
     <span class='ocr_line' id='line_1_42' title="bbox 302 2072 1053 2108; baseline 0.003 -8"><span class='ocrx_word' id='word_1_375' title='bbox 302 2073 345 2100; x_wconf 81' lang='lat' dir='ltr'><strong>l3.</strong></span> <span class='ocrx_word' id='word_1_376' title='bbox 364 2072 496 2101; x_wconf 81' lang='lat' dir='ltr'><strong>Similiter</strong></span> <span class='ocrx_word' id='word_1_377' title='bbox 510 2078 536 2101; x_wconf 89' lang='lat' dir='ltr'><strong>et</strong></span> <span class='ocrx_word' id='word_1_378' title='bbox 549 2073 582 2100; x_wconf 89' lang='lat' dir='ltr'><strong>de</strong></span> <span class='ocrx_word' id='word_1_379' title='bbox 592 2074 693 2108; x_wconf 83' lang='lat' dir='ltr'><strong>Spiritu</strong></span> <span class='ocrx_word' id='word_1_380' title='bbox 707 2079 801 2101; x_wconf 87' lang='lat' dir='ltr'><strong>saneto</strong></span> <span class='ocrx_word' id='word_1_381' title='bbox 812 2073 923 2101; x_wconf 84' lang='lat' dir='ltr'><strong>collecta</strong></span> <span class='ocrx_word' id='word_1_382' title='bbox 934 2078 998 2101; x_wconf 89' lang='lat' dir='ltr'><strong>sunt</strong></span> <span class='ocrx_word' id='word_1_383' title='bbox 1013 2078 1053 2102; x_wconf 87' lang='lat' dir='ltr'><strong>tc-</strong></span> 
     </span>
    </p>
   </div>
   <div class='ocr_carea' id='block_1_43' title="bbox 264 2119 1052 2154">
    <p class='ocr_par' dir='ltr' id='par_1_43' title="bbox 264 2119 1052 2154">
     <span class='ocr_line' id='line_1_43' title="bbox 264 2119 1052 2154; baseline -0.001 -7"><span class='ocrx_word' id='word_1_384' title='bbox 264 2119 400 2152; x_wconf 85' lang='lat' dir='ltr'><strong>stimonia,</strong></span> <span class='ocrx_word' id='word_1_385' title='bbox 423 2119 519 2153; x_wconf 86' lang='lat' dir='ltr'><strong>quibus</strong></span> <span class='ocrx_word' id='word_1_386' title='bbox 542 2124 604 2146; x_wconf 86' lang='lat' dir='ltr'><strong>ante</strong></span> <span class='ocrx_word' id='word_1_387' title='bbox 623 2126 672 2146; x_wconf 85' lang='lat' dir='ltr'><strong>nos</strong></span> <span class='ocrx_word' id='word_1_388' title='bbox 696 2119 739 2153; x_wconf 89' lang='lat' dir='ltr'><strong>qui</strong></span> <span class='ocrx_word' id='word_1_389' title='bbox 760 2119 817 2146; x_wconf 73' lang='lat' dir='ltr'><strong>hmo</strong></span> <span class='ocrx_word' id='word_1_390' title='bbox 840 2119 1052 2154; x_wconf 77' lang='lat' dir='ltr'><strong>disputaverunt,</strong></span> 
     </span>
    </p>
   </div>
   <div class='ocr_carea' id='block_1_44' title="bbox 264 2163 1053 2199">
    <p class='ocr_par' dir='ltr' id='par_1_44' title="bbox 264 2163 1053 2199">
     <span class='ocr_line' id='line_1_44' title="bbox 264 2163 1053 2199; baseline 0.001 -8"><span class='ocrx_word' id='word_1_391' title='bbox 264 2163 442 2191; x_wconf 85' lang='lat' dir='ltr'><strong>abundantius</strong></span> <span class='ocrx_word' id='word_1_392' title='bbox 455 2164 494 2190; x_wconf 79' lang='lat' dir='ltr'><strong>usi</strong></span> <span class='ocrx_word' id='word_1_393' title='bbox 510 2167 580 2196; x_wconf 86' lang='lat' dir='ltr'><strong>sunt,</strong></span> <span class='ocrx_word' id='word_1_394' title='bbox 596 2164 656 2199; x_wconf 83' lang='lat' dir='ltr'><strong>quia</strong></span> <span class='ocrx_word' id='word_1_395' title='bbox 671 2168 699 2191; x_wconf 89' lang='lat' dir='ltr'><strong>et</strong></span> <span class='ocrx_word' id='word_1_396' title='bbox 711 2164 767 2199; x_wconf 52' lang='lat' dir='ltr'><strong>ipse</strong></span> <span class='ocrx_word' id='word_1_397' title='bbox 780 2164 858 2196; x_wconf 85' lang='lat' dir='ltr'><strong>Deus,</strong></span> <span class='ocrx_word' id='word_1_398' title='bbox 873 2169 962 2192; x_wconf 85' lang='lat' dir='ltr'><strong>etnon</strong></span> <span class='ocrx_word' id='word_1_399' title='bbox 976 2172 1053 2192; x_wconf 85' lang='lat' dir='ltr'><strong>erea-</strong></span> 
     </span>
    </p>
   </div>
   <div class='ocr_carea' id='block_1_45' title="bbox 263 2209 1053 2246">
    <p class='ocr_par' dir='ltr' id='par_1_45' title="bbox 263 2209 1053 2246">
     <span class='ocr_line' id='line_1_45' title="bbox 263 2209 1053 2246; baseline 0.004 -11"><span class='ocrx_word' id='word_1_400' title='bbox 263 2214 333 2236; x_wconf 85' lang='lat' dir='ltr'><strong>tura.</strong></span> <span class='ocrx_word' id='word_1_401' title='bbox 354 2209 430 2243; x_wconf 82' lang='lat' dir='ltr'><strong>Quod</strong></span> <span class='ocrx_word' id='word_1_402' title='bbox 445 2209 467 2236; x_wconf 89' lang='lat' dir='ltr'><strong>si</strong></span> <span class='ocrx_word' id='word_1_403' title='bbox 480 2216 532 2236; x_wconf 88' lang='lat' dir='ltr'><strong>non</strong></span> <span class='ocrx_word' id='word_1_404' title='bbox 547 2213 670 2237; x_wconf 81' lang='lat' dir='ltr'><strong>creatura</strong></span> <span class='ocrx_word' id='word_1_405' title='bbox 680 2230 688 2243; x_wconf 85' lang='lat'><strong>,</strong></span> <span class='ocrx_word' id='word_1_406' title='bbox 704 2217 756 2236; x_wconf 87' lang='lat' dir='ltr'><strong>non</strong></span> <span class='ocrx_word' id='word_1_407' title='bbox 772 2213 872 2237; x_wconf 84' lang='lat' dir='ltr'><strong>tantum</strong></span> <span class='ocrx_word' id='word_1_408' title='bbox 890 2209 899 2246; x_wconf 90' lang='lat'><strong>(</strong></span> <span class='ocrx_word' id='word_1_409' title='bbox 912 2211 980 2237; x_wconf 85' lang='lat' dir='ltr'><strong>Deus</strong></span> <span class='ocrx_word' id='word_1_410' title='bbox 992 2218 1053 2239; x_wconf 86' lang='lat' dir='ltr'><strong>nam</strong></span> 
     </span>
    </p>
   </div>
   <div class='ocr_carea' id='block_1_46' title="bbox 261 2253 1053 2291">
    <p class='ocr_par' dir='ltr' id='par_1_46' title="bbox 261 2253 1053 2291">
     <span class='ocr_line' id='line_1_46' title="bbox 261 2253 1053 2291; baseline 0.004 -11"><span class='ocrx_word' id='word_1_411' title='bbox 261 2258 291 2281; x_wconf 86' lang='lat' dir='ltr'><strong>et</strong></span> <span class='ocrx_word' id='word_1_412' title='bbox 305 2254 425 2281; x_wconf 83' lang='lat' dir='ltr'><strong>homines</strong></span> <span class='ocrx_word' id='word_1_413' title='bbox 439 2254 500 2282; x_wconf 86' lang='lat' dir='ltr'><strong>dicti</strong></span> <span class='ocrx_word' id='word_1_414' title='bbox 515 2259 574 2282; x_wconf 89' lang='lat' dir='ltr'><strong>sunt</strong></span> <span class='ocrx_word' id='word_1_415' title='bbox 586 2254 621 2281; x_wconf 85' lang='lat' dir='ltr'><strong>dii</strong></span> <span class='ocrx_word' id='word_1_416' title='bbox 647 2253 733 2291; x_wconf 76' lang='lat' dir='ltr'><strong>[PsaL</strong></span> <span class='ocrx_word' id='word_1_417' title='bbox 746 2260 838 2288; x_wconf 74' lang='lat' dir='ltr'><strong>um,</strong></span> <span class='ocrx_word' id='word_1_418' title='bbox 850 2255 903 2291; x_wconf 76' lang='lat'><strong>6]),</strong></span> <span class='ocrx_word' id='word_1_419' title='bbox 916 2255 962 2283; x_wconf 83' lang='lat' dir='ltr'><strong>sed</strong></span> <span class='ocrx_word' id='word_1_420' title='bbox 975 2256 1053 2283; x_wconf 85' lang='lat' dir='ltr'><strong>etiam</strong></span> 
     </span>
    </p>
   </div>
   <div class='ocr_carea' id='block_1_47' title="bbox 265 2299 1053 2336">
    <p class='ocr_par' dir='ltr' id='par_1_47' title="bbox 265 2299 1053 2336">
     <span class='ocr_line' id='line_1_47' title="bbox 265 2299 1053 2336; baseline 0.004 -11"><span class='ocrx_word' id='word_1_421' title='bbox 265 2305 345 2325; x_wconf 78' lang='lat' dir='ltr'><strong>veras</strong></span> <span class='ocrx_word' id='word_1_422' title='bbox 358 2299 437 2327; x_wconf 86' lang='lat' dir='ltr'><strong>Deus.</strong></span> <span class='ocrx_word' id='word_1_423' title='bbox 449 2299 519 2334; x_wconf 76' lang='lat' dir='ltr'><strong>Ergo</strong></span> <span class='ocrx_word' id='word_1_424' title='bbox 533 2299 603 2327; x_wconf 85' lang='lat' dir='ltr'><strong>Patri</strong></span> <span class='ocrx_word' id='word_1_425' title='bbox 617 2304 645 2327; x_wconf 86' lang='lat' dir='ltr'><strong>et</strong></span> <span class='ocrx_word' id='word_1_426' title='bbox 657 2299 725 2327; x_wconf 81' lang='lat' dir='ltr'><strong>Filio</strong></span> <span class='ocrx_word' id='word_1_427' title='bbox 733 2307 841 2335; x_wconf 82' lang='lat' dir='ltr'><strong>prorsus</strong></span> <span class='ocrx_word' id='word_1_428' title='bbox 853 2300 973 2336; x_wconf 74' lang='lat' dir='ltr'><strong>:rqutdis,</strong></span> <span class='ocrx_word' id='word_1_429' title='bbox 986 2306 1013 2328; x_wconf 87' lang='lat' dir='ltr'><strong>et</strong></span> <span class='ocrx_word' id='word_1_430' title='bbox 1027 2300 1053 2328; x_wconf 83' lang='lat' dir='ltr'><strong>in</strong></span> 
     </span>
    </p>
   </div>
   <div class='ocr_carea' id='block_1_48' title="bbox 266 2343 1053 2374">
    <p class='ocr_par' dir='ltr' id='par_1_48' title="bbox 266 2343 1053 2374">
     <span class='ocr_line' id='line_1_48' title="bbox 266 2343 1053 2374; baseline 0.005 -4"><span class='ocrx_word' id='word_1_431' title='bbox 266 2343 404 2371; x_wconf 80' lang='lat' dir='ltr'><strong>Trinitatis</strong></span> <span class='ocrx_word' id='word_1_432' title='bbox 417 2345 517 2372; x_wconf 88' lang='lat' dir='ltr'><strong>unitate</strong></span> <span class='ocrx_word' id='word_1_433' title='bbox 530 2345 763 2372; x_wconf 81' lang='lat' dir='ltr'><strong>consubstantialis</strong></span> <span class='ocrx_word' id='word_1_434' title='bbox 779 2350 807 2372; x_wconf 93' lang='lat' dir='ltr'><strong>et</strong></span> <span class='ocrx_word' id='word_1_435' title='bbox 818 2351 979 2374; x_wconf 72' lang='lat' dir='ltr'><strong>comternus.</strong></span> <span class='ocrx_word' id='word_1_436' title='bbox 997 2347 1053 2374; x_wconf 83' lang='lat' dir='ltr'><strong>Ma-</strong></span> 
     </span>
    </p>
   </div>
   <div class='ocr_carea' id='block_1_49' title="bbox 266 2390 1052 2427">
    <p class='ocr_par' dir='ltr' id='par_1_49' title="bbox 266 2390 1052 2427">
     <span class='ocr_line' id='line_1_49' title="bbox 266 2390 1052 2427; baseline 0.005 -11"><span class='ocrx_word' id='word_1_437' title='bbox 266 2390 339 2417; x_wconf 71' lang='lat' dir='ltr'><strong>xime</strong></span> <span class='ocrx_word' id='word_1_438' title='bbox 351 2397 415 2417; x_wconf 84' lang='lat' dir='ltr'><strong>vero</strong></span> <span class='ocrx_word' id='word_1_439' title='bbox 423 2390 470 2418; x_wconf 85' lang='lat' dir='ltr'><strong>illo</strong></span> <span class='ocrx_word' id='word_1_440' title='bbox 482 2391 543 2418; x_wconf 85' lang='lat' dir='ltr'><strong>loco</strong></span> <span class='ocrx_word' id='word_1_441' title='bbox 551 2391 616 2418; x_wconf 74' lang='lat' dir='ltr'><strong>satis</strong></span> <span class='ocrx_word' id='word_1_442' title='bbox 624 2391 718 2424; x_wconf 85' lang='lat' dir='ltr'><strong>claret,</strong></span> <span class='ocrx_word' id='word_1_443' title='bbox 731 2391 802 2426; x_wconf 85' lang='lat' dir='ltr'><strong>quod</strong></span> <span class='ocrx_word' id='word_1_444' title='bbox 816 2392 931 2427; x_wconf 77' lang='lat' dir='ltr'><strong>Spiritus</strong></span> <span class='ocrx_word' id='word_1_445' title='bbox 943 2397 1052 2420; x_wconf 84' lang='lat' dir='ltr'><strong>sanctus</strong></span> 
     </span>
    </p>
   </div>
   <div class='ocr_carea' id='block_1_50' title="bbox 267 2436 1053 2471">
    <p class='ocr_par' dir='ltr' id='par_1_50' title="bbox 267 2436 1053 2471">
     <span class='ocr_line' id='line_1_50' title="bbox 267 2436 1053 2471; baseline 0.004 -10"><span class='ocrx_word' id='word_1_446' title='bbox 267 2443 320 2462; x_wconf 84' lang='lat' dir='ltr'><strong>nou</strong></span> <span class='ocrx_word' id='word_1_447' title='bbox 332 2436 369 2463; x_wconf 87' lang='lat' dir='ltr'><strong>sit</strong></span> <span class='ocrx_word' id='word_1_448' title='bbox 381 2440 503 2464; x_wconf 83' lang='lat' dir='ltr'><strong>creatura</strong></span> <span class='ocrx_word' id='word_1_449' title='bbox 512 2457 520 2470; x_wconf 84' lang='lat'><strong>,</strong></span> <span class='ocrx_word' id='word_1_450' title='bbox 534 2436 577 2464; x_wconf 89' lang='lat' dir='ltr'><strong>ubi</strong></span> <span class='ocrx_word' id='word_1_451' title='bbox 594 2436 719 2471; x_wconf 86' lang='lat' dir='ltr'><strong>jubemur</strong></span> <span class='ocrx_word' id='word_1_452' title='bbox 730 2444 783 2463; x_wconf 84' lang='lat' dir='ltr'><strong>non</strong></span> <span class='ocrx_word' id='word_1_453' title='bbox 797 2437 899 2464; x_wconf 81' lang='lat' dir='ltr'><strong>servire</strong></span> <span class='ocrx_word' id='word_1_454' title='bbox 912 2441 1053 2470; x_wconf 72' lang='lat' dir='ltr'><strong>creaturae,</strong></span> 
     </span>
    </p>
   </div>
   <div class='ocr_carea' id='block_1_51' title="bbox 264 2480 1056 2517">
    <p class='ocr_par' dir='ltr' id='par_1_51' title="bbox 264 2480 1056 2517">
     <span class='ocr_line' id='line_1_51' title="bbox 264 2480 1056 2517; baseline -0.001 -8"><span class='ocrx_word' id='word_1_455' title='bbox 264 2480 312 2509; x_wconf 78' lang='lat' dir='ltr'><strong>sed</strong></span> <span class='ocrx_word' id='word_1_456' title='bbox 321 2481 442 2508; x_wconf 83' lang='lat' dir='ltr'><strong>Creatori</strong></span> <span class='ocrx_word' id='word_1_457' title='bbox 455 2481 542 2517; x_wconf 85' lang='lat' dir='ltr'><strong>(Rom.</strong></span> <span class='ocrx_word' id='word_1_458' title='bbox 552 2489 573 2514; x_wconf 83' lang='grc' dir='ltr'>ι,</span> <span class='ocrx_word' id='word_1_459' title='bbox 588 2480 636 2517; x_wconf 77' lang='grc'>25)</span> <span class='ocrx_word' id='word_1_460' title='bbox 648 2489 656 2509; x_wconf 79' lang='lat' dir='ltr'><strong><em>z</em></strong></span> <span class='ocrx_word' id='word_1_461' title='bbox 668 2488 719 2508; x_wconf 90' lang='lat' dir='ltr'><strong>non</strong></span> <span class='ocrx_word' id='word_1_462' title='bbox 728 2489 764 2509; x_wconf 84' lang='lat' dir='ltr'><strong>eo</strong></span> <span class='ocrx_word' id='word_1_463' title='bbox 777 2481 856 2508; x_wconf 89' lang='lat' dir='ltr'><strong>modo</strong></span> <span class='ocrx_word' id='word_1_464' title='bbox 865 2489 919 2516; x_wconf 87' lang='lat' dir='ltr'><strong>quo</strong></span> <span class='ocrx_word' id='word_1_465' title='bbox 929 2481 1056 2516; x_wconf 88' lang='lat' dir='ltr'><strong>jubemur</strong></span> 
     </span>
    </p>
   </div>
   <div class='ocr_carea' id='block_1_52' title="bbox 266 2526 1056 2562">
    <p class='ocr_par' dir='ltr' id='par_1_52' title="bbox 266 2526 1056 2562">
     <span class='ocr_line' id='line_1_52' title="bbox 266 2526 1056 2562; baseline 0.004 -11"><span class='ocrx_word' id='word_1_466' title='bbox 266 2533 313 2559; x_wconf 84' lang='lat' dir='ltr'><strong>per</strong></span> <span class='ocrx_word' id='word_1_467' title='bbox 322 2526 476 2553; x_wconf 81' lang='lat' dir='ltr'><strong>charitatem</strong></span> <span class='ocrx_word' id='word_1_468' title='bbox 487 2527 587 2554; x_wconf 70' lang='lat' dir='ltr'><strong>servire</strong></span> <span class='ocrx_word' id='word_1_469' title='bbox 598 2526 710 2554; x_wconf 76' lang='lat' dir='ltr'><strong>invicem</strong></span> <span class='ocrx_word' id='word_1_470' title='bbox 722 2526 823 2561; x_wconf 52' lang='grc' dir='ltr'><strong>(ϐαιά.</strong></span> <span class='ocrx_word' id='word_1_471' title='bbox 835 2534 861 2559; x_wconf 82' lang='lat' dir='ltr'><strong>v,</strong></span> <span class='ocrx_word' id='word_1_472' title='bbox 875 2527 929 2562; x_wconf 75' lang='lat'><strong>13),</strong></span> <span class='ocrx_word' id='word_1_473' title='bbox 937 2527 1007 2562; x_wconf 88' lang='lat' dir='ltr'><strong>quod</strong></span> <span class='ocrx_word' id='word_1_474' title='bbox 1014 2531 1056 2554; x_wconf 90' lang='lat' dir='ltr'><strong>est</strong></span> 
     </span>
    </p>
   </div>
   <div class='ocr_carea' id='block_1_53' title="bbox 265 2571 1053 2607">
    <p class='ocr_par' dir='ltr' id='par_1_53' title="bbox 265 2571 1053 2607">
     <span class='ocr_line' id='line_1_53' title="bbox 265 2571 1053 2607; baseline 0.004 -10"><span class='ocrx_word' id='word_1_475' title='bbox 265 2579 352 2605; x_wconf 70' lang='lat' dir='ltr'><strong>grzuce</strong></span> <span class='ocrx_word' id='word_1_476' title='bbox 363 2574 477 2600; x_wconf 77' lang='grc' dir='ltr'>δονλιῡιιν</span> <span class='ocrx_word' id='word_1_477' title='bbox 486 2580 493 2604; x_wconf 88' lang='grc'>;</span> <span class='ocrx_word' id='word_1_478' title='bbox 508 2572 554 2599; x_wconf 91' lang='lat' dir='ltr'><strong>sed</strong></span> <span class='ocrx_word' id='word_1_479' title='bbox 566 2571 683 2599; x_wconf 79' lang='lat' dir='ltr'><strong>eomodo</strong></span> <span class='ocrx_word' id='word_1_480' title='bbox 690 2580 744 2607; x_wconf 89' lang='lat' dir='ltr'><strong>quo</strong></span> <span class='ocrx_word' id='word_1_481' title='bbox 750 2576 853 2599; x_wconf 83' lang='lat' dir='ltr'><strong>tantum</strong></span> <span class='ocrx_word' id='word_1_482' title='bbox 864 2573 920 2599; x_wconf 87' lang='lat' dir='ltr'><strong>Deo</strong></span> <span class='ocrx_word' id='word_1_483' title='bbox 928 2573 1053 2606; x_wconf 80' lang='lat' dir='ltr'><strong>servitur,</strong></span> 
     </span>
    </p>
   </div>
   <div class='ocr_carea' id='block_1_54' title="bbox 265 2616 1056 2651">
    <p class='ocr_par' dir='ltr' id='par_1_54' title="bbox 265 2616 1056 2651">
     <span class='ocr_line' id='line_1_54' title="bbox 265 2616 1056 2651; baseline 0.005 -10"><span class='ocrx_word' id='word_1_484' title='bbox 265 2616 336 2651; x_wconf 88' lang='lat' dir='ltr'><strong>quod</strong></span> <span class='ocrx_word' id='word_1_485' title='bbox 356 2621 397 2644; x_wconf 82' lang='lat' dir='ltr'><strong>est</strong></span> <span class='ocrx_word' id='word_1_486' title='bbox 411 2625 497 2651; x_wconf 73' lang='lat' dir='ltr'><strong>grtece</strong></span> <span class='ocrx_word' id='word_1_487' title='bbox 519 2620 648 2650; x_wconf 59' lang='lat' dir='ltr'><strong>tamam.</strong></span> <span class='ocrx_word' id='word_1_488' title='bbox 674 2617 749 2645; x_wconf 79' lang='lat' dir='ltr'><strong>Unde</strong></span> <span class='ocrx_word' id='word_1_489' title='bbox 769 2618 918 2645; x_wconf 75' lang='lat' dir='ltr'><strong>idololatra:</strong></span> <span class='ocrx_word' id='word_1_490' title='bbox 930 2618 1056 2646; x_wconf 88' lang='lat' dir='ltr'><strong>dicuntur</strong></span> 
     </span>
    </p>
   </div>
   <div class='ocr_carea' id='block_1_55' title="bbox 266 2662 1057 2698">
    <p class='ocr_par' dir='ltr' id='par_1_55' title="bbox 266 2662 1057 2698">
     <span class='ocr_line' id='line_1_55' title="bbox 266 2662 1057 2698; baseline 0.005 -11"><span class='ocrx_word' id='word_1_491' title='bbox 266 2663 311 2694; x_wconf 86' lang='lat' dir='ltr'><strong>qui</strong></span> <span class='ocrx_word' id='word_1_492' title='bbox 326 2662 475 2690; x_wconf 84' lang='lat' dir='ltr'><strong>simulacris</strong></span> <span class='ocrx_word' id='word_1_493' title='bbox 490 2670 547 2690; x_wconf 87' lang='lat' dir='ltr'><strong>eam</strong></span> <span class='ocrx_word' id='word_1_494' title='bbox 566 2664 719 2691; x_wconf 81' lang='lat' dir='ltr'><strong>servitutem</strong></span> <span class='ocrx_word' id='word_1_495' title='bbox 733 2663 859 2690; x_wconf 80' lang='lat' dir='ltr'><strong>exhibent</strong></span> <span class='ocrx_word' id='word_1_496' title='bbox 871 2671 931 2698; x_wconf 51' lang='lat' dir='ltr'><strong>quae.</strong></span> <span class='ocrx_word' id='word_1_497' title='bbox 943 2663 1057 2691; x_wconf 85' lang='lat' dir='ltr'><strong>debetur</strong></span> 
     </span>
    </p>
   </div>
   <div class='ocr_carea' id='block_1_56' title="bbox 272 2706 1053 2742">
    <p class='ocr_par' dir='ltr' id='par_1_56' title="bbox 272 2706 1053 2742">
     <span class='ocr_line' id='line_1_56' title="bbox 272 2706 1053 2742; baseline 0.005 -10"><span class='ocrx_word' id='word_1_498' title='bbox 272 2706 336 2732; x_wconf 87' lang='lat' dir='ltr'><strong>Deo.</strong></span> <span class='ocrx_word' id='word_1_499' title='bbox 361 2706 513 2734; x_wconf 85' lang='lat' dir='ltr'><strong>Secundum</strong></span> <span class='ocrx_word' id='word_1_500' title='bbox 537 2708 606 2735; x_wconf 86' lang='lat' dir='ltr'><strong>hanc</strong></span> <span class='ocrx_word' id='word_1_501' title='bbox 628 2708 698 2736; x_wconf 87' lang='lat' dir='ltr'><strong>enim</strong></span> <span class='ocrx_word' id='word_1_502' title='bbox 719 2709 873 2736; x_wconf 84' lang='lat' dir='ltr'><strong>servitutem</strong></span> <span class='ocrx_word' id='word_1_503' title='bbox 888 2709 988 2736; x_wconf 83' lang='lat' dir='ltr'><strong>dictum</strong></span> <span class='ocrx_word' id='word_1_504' title='bbox 1002 2713 1053 2742; x_wconf 88' lang='lat' dir='ltr'><strong>est,</strong></span> 
     </span>
    </p>
   </div>
   <div class='ocr_carea' id='block_1_57' title="bbox 268 2750 1056 2784">
    <p class='ocr_par' dir='ltr' id='par_1_57' title="bbox 268 2750 1056 2784">
     <span class='ocr_line' id='line_1_57' title="bbox 268 2750 1056 2784; baseline 0.004 -6"><span class='ocrx_word' id='word_1_505' title='bbox 268 2750 407 2778; x_wconf 64' lang='lat' dir='ltr'><strong>Dalmata</strong></span> <span class='ocrx_word' id='word_1_506' title='bbox 432 2752 514 2780; x_wconf 79' lang='lat' dir='ltr'><strong>Deum</strong></span> <span class='ocrx_word' id='word_1_507' title='bbox 538 2758 609 2780; x_wconf 77' lang='lat' dir='ltr'><strong>tum</strong></span> <span class='ocrx_word' id='word_1_508' title='bbox 628 2754 757 2784; x_wconf 74' lang='lat' dir='ltr'><strong>adorabis.</strong></span> <span class='ocrx_word' id='word_1_509' title='bbox 781 2759 805 2781; x_wconf 79' lang='lat' dir='ltr'><strong>et</strong></span> <span class='ocrx_word' id='word_1_510' title='bbox 829 2754 869 2781; x_wconf 84' lang='lat' dir='ltr'><strong>illi</strong></span> <span class='ocrx_word' id='word_1_511' title='bbox 891 2755 940 2781; x_wconf 76' lang='lat' dir='ltr'><strong>soli</strong></span> <span class='ocrx_word' id='word_1_512' title='bbox 965 2755 1056 2782; x_wconf 73' lang='lat' dir='ltr'><strong>seruies</strong></span> 
     </span>
    </p>
   </div>
   <div class='ocr_carea' id='block_1_58' title="bbox 270 2797 1056 2834">
    <p class='ocr_par' dir='ltr' id='par_1_58' title="bbox 270 2797 1056 2834">
     <span class='ocr_line' id='line_1_58' title="bbox 270 2797 1056 2834; baseline 0.003 -10"><span class='ocrx_word' id='word_1_513' title='bbox 270 2797 361 2832; x_wconf 85' lang='lat' dir='ltr'><strong>(Deut.</strong></span> <span class='ocrx_word' id='word_1_514' title='bbox 374 2806 412 2830; x_wconf 86' lang='lat' dir='ltr'><strong>vt,</strong></span> <span class='ocrx_word' id='word_1_515' title='bbox 423 2798 477 2833; x_wconf 74' lang='lat' dir='ltr'><strong>l3).</strong></span> <span class='ocrx_word' id='word_1_516' title='bbox 493 2799 557 2826; x_wconf 85' lang='lat' dir='ltr'><strong>Nam</strong></span> <span class='ocrx_word' id='word_1_517' title='bbox 567 2804 595 2827; x_wconf 86' lang='lat' dir='ltr'><strong>et</strong></span> <span class='ocrx_word' id='word_1_518' title='bbox 607 2800 657 2827; x_wconf 91' lang='lat' dir='ltr'><strong>hoc</strong></span> <span class='ocrx_word' id='word_1_519' title='bbox 670 2799 818 2826; x_wconf 79' lang='lat' dir='ltr'><strong>distinctius</strong></span> <span class='ocrx_word' id='word_1_520' title='bbox 833 2799 860 2826; x_wconf 89' lang='lat' dir='ltr'><strong>in</strong></span> <span class='ocrx_word' id='word_1_521' title='bbox 880 2807 965 2834; x_wconf 59' lang='grc' dir='ltr'>κνίδαι</span> <span class='ocrx_word' id='word_1_522' title='bbox 989 2799 1056 2827; x_wconf 68' lang='grc' dir='ltr'>εει-ἧι</span> 
     </span>
    </p>
   </div>
   <div class='ocr_carea' id='block_1_59' title="bbox 273 2842 1056 2879">
    <p class='ocr_par' dir='ltr' id='par_1_59' title="bbox 273 2842 1056 2879">
     <span class='ocr_line' id='line_1_59' title="bbox 273 2842 1056 2879; baseline 0.003 -10"><span class='ocrx_word' id='word_1_523' title='bbox 273 2848 348 2878; x_wconf 88' lang='lat' dir='ltr'><strong>ptura</strong></span> <span class='ocrx_word' id='word_1_524' title='bbox 369 2842 520 2876; x_wconf 75' lang='lat' dir='ltr'><strong>invenitur;</strong></span> <span class='ocrx_word' id='word_1_525' title='bbox 543 2848 674 2879; x_wconf 70' lang='grc' dir='ltr'><strong>ὶατριὺηις</strong></span> <span class='ocrx_word' id='word_1_526' title='bbox 689 2844 759 2872; x_wconf 90' lang='lat' dir='ltr'><strong>enim</strong></span> <span class='ocrx_word' id='word_1_527' title='bbox 774 2844 863 2872; x_wconf 83' lang='lat' dir='ltr'><strong>habet.</strong></span> <span class='ocrx_word' id='word_1_528' title='bbox 879 2844 963 2871; x_wconf 88' lang='lat' dir='ltr'><strong>Porro</strong></span> <span class='ocrx_word' id='word_1_529' title='bbox 976 2845 998 2871; x_wconf 82' lang='lat' dir='ltr'><strong>si</strong></span> <span class='ocrx_word' id='word_1_530' title='bbox 1012 2844 1056 2871; x_wconf 89' lang='lat' dir='ltr'><strong>tali</strong></span> 
     </span>
    </p>
   </div>
   <div class='ocr_carea' id='block_1_60' title="bbox 269 2888 1057 2925">
    <p class='ocr_par' dir='ltr' id='par_1_60' title="bbox 269 2888 1057 2925">
     <span class='ocr_line' id='line_1_60' title="bbox 269 2888 1057 2925; baseline -0.001 -8"><span class='ocrx_word' id='word_1_531' title='bbox 269 2889 397 2917; x_wconf 81' lang='lat' dir='ltr'><strong>servitute</strong></span> <span class='ocrx_word' id='word_1_532' title='bbox 419 2892 550 2917; x_wconf 76' lang='lat' dir='ltr'><strong>creatum</strong></span> <span class='ocrx_word' id='word_1_533' title='bbox 572 2889 671 2917; x_wconf 81' lang='lat' dir='ltr'><strong>servire</strong></span> <span class='ocrx_word' id='word_1_534' title='bbox 691 2889 873 2925; x_wconf 81' lang='lat' dir='ltr'><strong>prohibemur,</strong></span> <span class='ocrx_word' id='word_1_535' title='bbox 896 2888 1057 2924; x_wconf 87' lang='lat' dir='ltr'><strong>quandoqui-</strong></span> 
     </span>
    </p>
   </div>
   <div class='ocr_carea' id='block_1_61' title="bbox 841 192 1349 226">
    <p class='ocr_par' dir='ltr' id='par_1_61' title="bbox 841 192 1349 226">
     <span class='ocr_line' id='line_1_61' title="bbox 841 192 1349 226; baseline -0.006 -4"><span class='ocrx_word' id='word_1_536' title='bbox 841 197 884 222; x_wconf 67' lang='grc' dir='ltr'><strong>ΒΕ</strong></span> <span class='ocrx_word' id='word_1_537' title='bbox 904 192 1099 226; x_wconf 63' lang='grc' dir='ltr'><strong>ΤΠΙΝἏἸἊΤΕ,</strong></span> <span class='ocrx_word' id='word_1_538' title='bbox 1119 193 1148 220; x_wconf 86' lang='lat' dir='ltr'><strong>S.</strong></span> <span class='ocrx_word' id='word_1_539' title='bbox 1169 193 1349 221; x_wconf 73' lang='lat' dir='ltr'><strong>AUGUSTINI</strong></span> 
     </span>
    </p>
   </div>
   <div class='ocr_carea' id='block_1_62' title="bbox 1838 196 1892 225">
    <p class='ocr_par' dir='ltr' id='par_1_62' title="bbox 1838 196 1892 225">
     <span class='ocr_line' id='line_1_62' title="bbox 1838 196 1892 225; baseline 0 0"><span class='ocrx_word' id='word_1_540' title='bbox 1838 196 1892 225; x_wconf 62' lang='grc' dir='ltr'><strong>Μ</strong></span> 
     </span>
    </p>
   </div>
   <div class='ocr_carea' id='block_1_63' title="bbox 1098 242 1893 286">
    <p class='ocr_par' dir='ltr' id='par_1_63' title="bbox 1098 242 1893 286">
     <span class='ocr_line' id='line_1_63' title="bbox 1098 242 1893 286; baseline 0.004 -9"><span class='ocrx_word' id='word_1_541' title='bbox 1098 250 1160 278; x_wconf 87' lang='lat' dir='ltr'><strong>dem</strong></span> <span class='ocrx_word' id='word_1_542' title='bbox 1174 250 1272 278; x_wconf 88' lang='lat' dir='ltr'><strong>dictum</strong></span> <span class='ocrx_word' id='word_1_543' title='bbox 1283 255 1335 284; x_wconf 89' lang='lat' dir='ltr'><strong>est,</strong></span> <span class='ocrx_word' id='word_1_544' title='bbox 1351 250 1487 278; x_wconf 79' lang='lat' dir='ltr'><strong>Dominum</strong></span> <span class='ocrx_word' id='word_1_545' title='bbox 1501 249 1582 278; x_wconf 82' lang='lat' dir='ltr'><strong>Deum</strong></span> <span class='ocrx_word' id='word_1_546' title='bbox 1596 255 1667 278; x_wconf 78' lang='lat' dir='ltr'><strong>tuum</strong></span> <span class='ocrx_word' id='word_1_547' title='bbox 1677 242 1806 286; x_wconf 62' lang='lat' dir='ltr'><strong>adorabis,</strong></span> <span class='ocrx_word' id='word_1_548' title='bbox 1820 253 1893 280; x_wconf 78' lang='lat' dir='ltr'><strong>etilli</strong></span> 
     </span>
    </p>
   </div>
   <div class='ocr_carea' id='block_1_64' title="bbox 1098 296 1891 333">
    <p class='ocr_par' dir='ltr' id='par_1_64' title="bbox 1098 296 1891 333">
     <span class='ocr_line' id='line_1_64' title="bbox 1098 296 1891 333; baseline 0.005 -11"><span class='ocrx_word' id='word_1_549' title='bbox 1098 297 1146 323; x_wconf 80' lang='lat' dir='ltr'><strong>soli</strong></span> <span class='ocrx_word' id='word_1_550' title='bbox 1159 298 1267 330; x_wconf 73' lang='lat' dir='ltr'><strong>scrvies;</strong></span> <span class='ocrx_word' id='word_1_551' title='bbox 1279 296 1349 324; x_wconf 85' lang='lat' dir='ltr'><strong>unde</strong></span> <span class='ocrx_word' id='word_1_552' title='bbox 1367 301 1394 325; x_wconf 90' lang='lat' dir='ltr'><strong>et</strong></span> <span class='ocrx_word' id='word_1_553' title='bbox 1407 296 1549 331; x_wconf 79' lang='lat' dir='ltr'><strong>Apostolus</strong></span> <span class='ocrx_word' id='word_1_554' title='bbox 1560 296 1709 325; x_wconf 82' lang='lat' dir='ltr'><strong>detestatur</strong></span> <span class='ocrx_word' id='word_1_555' title='bbox 1722 305 1769 326; x_wconf 73' lang='grc' dir='ltr'><strong>θος</strong></span> <span class='ocrx_word' id='word_1_556' title='bbox 1782 298 1827 333; x_wconf 87' lang='lat' dir='ltr'><strong>qui</strong></span> <span class='ocrx_word' id='word_1_557' title='bbox 1843 305 1891 326; x_wconf 87' lang='lat' dir='ltr'><strong>co-</strong></span> 
     </span>
    </p>
   </div>
   <div class='ocr_carea' id='block_1_65' title="bbox 1098 341 1894 379">
    <p class='ocr_par' dir='ltr' id='par_1_65' title="bbox 1098 341 1894 379">
     <span class='ocr_line' id='line_1_65' title="bbox 1098 341 1894 379; baseline 0.004 -10"><span class='ocrx_word' id='word_1_558' title='bbox 1098 341 1215 376; x_wconf 87' lang='lat' dir='ltr'><strong>luerunt,</strong></span> <span class='ocrx_word' id='word_1_559' title='bbox 1237 347 1265 370; x_wconf 88' lang='lat' dir='ltr'><strong>et</strong></span> <span class='ocrx_word' id='word_1_560' title='bbox 1283 343 1434 370; x_wconf 87' lang='lat' dir='ltr'><strong>servierunt</strong></span> <span class='ocrx_word' id='word_1_561' title='bbox 1454 348 1594 376; x_wconf 71' lang='lat' dir='ltr'><strong>creatum,</strong></span> <span class='ocrx_word' id='word_1_562' title='bbox 1611 343 1698 377; x_wconf 87' lang='lat' dir='ltr'><strong>potius</strong></span> <span class='ocrx_word' id='word_1_563' title='bbox 1718 351 1797 379; x_wconf 88' lang='lat' dir='ltr'><strong>quam</strong></span> <span class='ocrx_word' id='word_1_564' title='bbox 1815 344 1894 371; x_wconf 78' lang='lat' dir='ltr'><strong>Crea-</strong></span> 
     </span>
    </p>
   </div>
   <div class='ocr_carea' id='block_1_66' title="bbox 1099 388 1894 424">
    <p class='ocr_par' dir='ltr' id='par_1_66' title="bbox 1099 388 1894 424">
     <span class='ocr_line' id='line_1_66' title="bbox 1099 388 1894 424; baseline 0.003 -9"><span class='ocrx_word' id='word_1_565' title='bbox 1099 388 1149 416; x_wconf 92' lang='lat' dir='ltr'><strong>tori</strong></span> <span class='ocrx_word' id='word_1_566' title='bbox 1166 397 1172 415; x_wconf 90' lang='lat'><strong>:</strong></span> <span class='ocrx_word' id='word_1_567' title='bbox 1186 396 1238 416; x_wconf 91' lang='lat' dir='ltr'><strong>non</strong></span> <span class='ocrx_word' id='word_1_568' title='bbox 1254 393 1295 417; x_wconf 82' lang='lat' dir='ltr'><strong>est</strong></span> <span class='ocrx_word' id='word_1_569' title='bbox 1308 389 1398 424; x_wconf 85' lang='lat' dir='ltr'><strong>utique</strong></span> <span class='ocrx_word' id='word_1_570' title='bbox 1410 392 1532 417; x_wconf 84' lang='lat' dir='ltr'><strong>creatura</strong></span> <span class='ocrx_word' id='word_1_571' title='bbox 1542 389 1657 424; x_wconf 85' lang='lat' dir='ltr'><strong>Spiritus</strong></span> <span class='ocrx_word' id='word_1_572' title='bbox 1667 395 1790 422; x_wconf 83' lang='lat' dir='ltr'><strong>sanctus,</strong></span> <span class='ocrx_word' id='word_1_573' title='bbox 1804 389 1847 418; x_wconf 90' lang='lat' dir='ltr'><strong>cui</strong></span> <span class='ocrx_word' id='word_1_574' title='bbox 1858 389 1894 417; x_wconf 84' lang='lat' dir='ltr'><strong>ab</strong></span> 
     </span>
    </p>
   </div>
   <div class='ocr_carea' id='block_1_67' title="bbox 1097 435 1895 470">
    <p class='ocr_par' dir='ltr' id='par_1_67' title="bbox 1097 435 1895 470">
     <span class='ocr_line' id='line_1_67' title="bbox 1097 435 1895 470; baseline 0.001 -8"><span class='ocrx_word' id='word_1_575' title='bbox 1097 435 1222 463; x_wconf 89' lang='lat' dir='ltr'><strong>omnibus</strong></span> <span class='ocrx_word' id='word_1_576' title='bbox 1235 436 1335 464; x_wconf 84' lang='lat' dir='ltr'><strong>sanctis</strong></span> <span class='ocrx_word' id='word_1_577' title='bbox 1349 436 1409 463; x_wconf 86' lang='lat' dir='ltr'><strong>talis</strong></span> <span class='ocrx_word' id='word_1_578' title='bbox 1420 435 1537 464; x_wconf 89' lang='lat' dir='ltr'><strong>servitus</strong></span> <span class='ocrx_word' id='word_1_579' title='bbox 1550 435 1692 464; x_wconf 74' lang='lat' dir='ltr'><strong>exhibetur</strong></span> <span class='ocrx_word' id='word_1_580' title='bbox 1702 436 1811 464; x_wconf 83' lang='lat' dir='ltr'><strong>dicente</strong></span> <span class='ocrx_word' id='word_1_581' title='bbox 1823 437 1895 470; x_wconf 84' lang='lat' dir='ltr'><strong>Apo-</strong></span> 
     </span>
    </p>
   </div>
   <div class='ocr_carea' id='block_1_68' title="bbox 1098 480 1894 517">
    <p class='ocr_par' dir='ltr' id='par_1_68' title="bbox 1098 480 1894 517">
     <span class='ocr_line' id='line_1_68' title="bbox 1098 480 1894 517; baseline 0.003 -10"><span class='ocrx_word' id='word_1_582' title='bbox 1098 481 1176 513; x_wconf 85' lang='lat' dir='ltr'><strong>stolo,</strong></span> <span class='ocrx_word' id='word_1_583' title='bbox 1199 480 1255 508; x_wconf 74' lang='lat' dir='ltr'><strong>Nos</strong></span> <span class='ocrx_word' id='word_1_584' title='bbox 1268 482 1336 508; x_wconf 74' lang='lat' dir='ltr'><strong>enim</strong></span> <span class='ocrx_word' id='word_1_585' title='bbox 1348 490 1435 509; x_wconf 74' lang='lat' dir='ltr'><strong>sumus</strong></span> <span class='ocrx_word' id='word_1_586' title='bbox 1454 481 1621 515; x_wconf 71' lang='lat' dir='ltr'><strong>circutttcisio,</strong></span> <span class='ocrx_word' id='word_1_587' title='bbox 1637 481 1748 517; x_wconf 66' lang='lat' dir='ltr'><strong>Spiritui</strong></span> <span class='ocrx_word' id='word_1_588' title='bbox 1768 481 1817 509; x_wconf 78' lang='lat' dir='ltr'><strong>Dei</strong></span> <span class='ocrx_word' id='word_1_589' title='bbox 1836 490 1894 509; x_wconf 74' lang='lat' dir='ltr'><strong>scr-</strong></span> 
     </span>
    </p>
   </div>
   <div class='ocr_carea' id='block_1_69' title="bbox 1098 524 1908 563">
    <p class='ocr_par' dir='ltr' id='par_1_69' title="bbox 1098 524 1908 563">
     <span class='ocr_line' id='line_1_69' title="bbox 1098 524 1908 563; baseline 0.001 -11"><span class='ocrx_word' id='word_1_590' title='bbox 1098 525 1189 553; x_wconf 64' lang='lat' dir='ltr'><strong>t&#39;icutes</strong></span> <span class='ocrx_word' id='word_1_591' title='bbox 1204 524 1331 561; x_wconf 80' lang='lat' dir='ltr'><strong>(Philipp.</strong></span> <span class='ocrx_word' id='word_1_592' title='bbox 1351 534 1389 559; x_wconf 82' lang='grc' dir='ltr'>ιιι,</span> <span class='ocrx_word' id='word_1_593' title='bbox 1405 527 1444 561; x_wconf 82' lang='grc'><strong>5),</strong></span> <span class='ocrx_word' id='word_1_594' title='bbox 1452 527 1522 561; x_wconf 88' lang='lat' dir='ltr'><strong>quod</strong></span> <span class='ocrx_word' id='word_1_595' title='bbox 1529 531 1570 554; x_wconf 83' lang='lat' dir='ltr'><strong>est</strong></span> <span class='ocrx_word' id='word_1_596' title='bbox 1584 527 1609 554; x_wconf 91' lang='lat' dir='ltr'><strong>in</strong></span> <span class='ocrx_word' id='word_1_597' title='bbox 1623 534 1720 562; x_wconf 65' lang='lat' dir='ltr'><strong>meo.</strong></span> <span class='ocrx_word' id='word_1_598' title='bbox 1733 530 1893 563; x_wconf 71' lang='grc' dir='ltr'><strong>λατριὺοντις.</strong></span> <span class='ocrx_word' id='word_1_599' title='bbox 1906 527 1908 529; x_wconf 72' lang='grc'><em>’</em></span> 
     </span>
    </p>
   </div>
   <div class='ocr_carea' id='block_1_70' title="bbox 1099 566 1895 610">
    <p class='ocr_par' dir='ltr' id='par_1_70' title="bbox 1099 566 1895 610">
     <span class='ocr_line' id='line_1_70' title="bbox 1099 566 1895 610; baseline 0.003 -12"><span class='ocrx_word' id='word_1_600' title='bbox 1099 571 1191 600; x_wconf 84' lang='lat' dir='ltr'><strong>Plures</strong></span> <span class='ocrx_word' id='word_1_601' title='bbox 1204 572 1275 599; x_wconf 85' lang='lat' dir='ltr'><strong>enim</strong></span> <span class='ocrx_word' id='word_1_602' title='bbox 1289 572 1396 601; x_wconf 84' lang='lat' dir='ltr'><strong>codices</strong></span> <span class='ocrx_word' id='word_1_603' title='bbox 1413 573 1495 601; x_wconf 86' lang='lat' dir='ltr'><strong>etiam</strong></span> <span class='ocrx_word' id='word_1_604' title='bbox 1512 573 1586 601; x_wconf 89' lang='lat' dir='ltr'><strong>latini</strong></span> <span class='ocrx_word' id='word_1_605' title='bbox 1601 572 1640 601; x_wconf 88' lang='lat' dir='ltr'><strong>sic</strong></span> <span class='ocrx_word' id='word_1_606' title='bbox 1653 566 1763 607; x_wconf 78' lang='lat' dir='ltr'><strong>habent,</strong></span> <span class='ocrx_word' id='word_1_607' title='bbox 1776 573 1820 610; x_wconf 87' lang='lat' dir='ltr'><strong>qui</strong></span> <span class='ocrx_word' id='word_1_608' title='bbox 1834 573 1895 608; x_wconf 85' lang='lat' dir='ltr'><strong>Spi-</strong></span> 
     </span>
    </p>
   </div>
   <div class='ocr_carea' id='block_1_71' title="bbox 1098 615 1896 653">
    <p class='ocr_par' dir='ltr' id='par_1_71' title="bbox 1098 615 1896 653">
     <span class='ocr_line' id='line_1_71' title="bbox 1098 615 1896 653; baseline 0.003 -10"><span class='ocrx_word' id='word_1_609' title='bbox 1098 617 1158 643; x_wconf 83' lang='lat' dir='ltr'><strong>ritui</strong></span> <span class='ocrx_word' id='word_1_610' title='bbox 1174 615 1222 644; x_wconf 71' lang='lat' dir='ltr'><strong>Dei</strong></span> <span class='ocrx_word' id='word_1_611' title='bbox 1243 616 1365 645; x_wconf 69' lang='lat' dir='ltr'><strong>mum.</strong></span> <span class='ocrx_word' id='word_1_612' title='bbox 1386 626 1396 645; x_wconf 90' lang='lat'><strong><em>:</em></strong></span> <span class='ocrx_word' id='word_1_613' title='bbox 1416 618 1496 653; x_wconf 67' lang='grc' dir='ltr'>ιιι-ποὶ</span> <span class='ocrx_word' id='word_1_614' title='bbox 1515 623 1605 646; x_wconf 88' lang='lat' dir='ltr'><strong>autem</strong></span> <span class='ocrx_word' id='word_1_615' title='bbox 1629 625 1735 651; x_wconf 80' lang='lat' dir='ltr'><strong>omnes,</strong></span> <span class='ocrx_word' id='word_1_616' title='bbox 1756 622 1802 645; x_wconf 89' lang='lat' dir='ltr'><strong>aut</strong></span> <span class='ocrx_word' id='word_1_617' title='bbox 1823 626 1896 653; x_wconf 84' lang='lat' dir='ltr'><strong>pene</strong></span> 
     </span>
    </p>
   </div>
   <div class='ocr_carea' id='block_1_72' title="bbox 1098 658 1897 699">
    <p class='ocr_par' dir='ltr' id='par_1_72' title="bbox 1098 658 1897 699">
     <span class='ocr_line' id='line_1_72' title="bbox 1098 658 1897 699; baseline 0.001 -11"><span class='ocrx_word' id='word_1_618' title='bbox 1098 670 1203 691; x_wconf 89' lang='lat' dir='ltr'><strong>omnes.</strong></span> <span class='ocrx_word' id='word_1_619' title='bbox 1226 662 1254 690; x_wconf 94' lang='lat' dir='ltr'><strong>In</strong></span> <span class='ocrx_word' id='word_1_620' title='bbox 1272 658 1407 692; x_wconf 81' lang='lat' dir='ltr'><strong>nonnullis</strong></span> <span class='ocrx_word' id='word_1_621' title='bbox 1429 668 1517 691; x_wconf 86' lang='lat' dir='ltr'><strong>autem</strong></span> <span class='ocrx_word' id='word_1_622' title='bbox 1532 663 1729 699; x_wconf 81' lang='lat' dir='ltr'><strong>exemplaribus</strong></span> <span class='ocrx_word' id='word_1_623' title='bbox 1749 664 1840 692; x_wconf 86' lang='lat' dir='ltr'><strong>latinis</strong></span> <span class='ocrx_word' id='word_1_624' title='bbox 1855 664 1897 691; x_wconf 86' lang='lat' dir='ltr'><strong>in-</strong></span> 
     </span>
    </p>
   </div>
   <div class='ocr_carea' id='block_1_73' title="bbox 1079 705 1897 751">
    <p class='ocr_par' dir='ltr' id='par_1_73' title="bbox 1079 705 1897 751">
     <span class='ocr_line' id='line_1_73' title="bbox 1079 705 1897 751; baseline 0.002 -16"><span class='ocrx_word' id='word_1_625' title='bbox 1079 747 1080 750; x_wconf 10' lang='lat'><strong>)</strong></span> <span class='ocrx_word' id='word_1_626' title='bbox 1098 705 1219 749; x_wconf 80' lang='lat' dir='ltr'><strong>venimus</strong></span> <span class='ocrx_word' id='word_1_627' title='bbox 1230 716 1295 751; x_wconf 87' lang='lat' dir='ltr'><strong>non,</strong></span> <span class='ocrx_word' id='word_1_628' title='bbox 1312 708 1420 744; x_wconf 75' lang='lat' dir='ltr'><strong>Spiritui</strong></span> <span class='ocrx_word' id='word_1_629' title='bbox 1439 707 1488 736; x_wconf 80' lang='lat' dir='ltr'><strong>Dei</strong></span> <span class='ocrx_word' id='word_1_630' title='bbox 1501 710 1640 743; x_wconf 68' lang='lat' dir='ltr'><strong>servimus;</strong></span> <span class='ocrx_word' id='word_1_631' title='bbox 1657 709 1716 744; x_wconf 88' lang='lat' dir='ltr'><strong>sed,</strong></span> <span class='ocrx_word' id='word_1_632' title='bbox 1732 710 1824 743; x_wconf 71' lang='lat' dir='ltr'><strong>spiritu</strong></span> <span class='ocrx_word' id='word_1_633' title='bbox 1838 710 1897 737; x_wconf 72' lang='lat' dir='ltr'><strong>Deo</strong></span> 
     </span>
    </p>
   </div>
   <div class='ocr_carea' id='block_1_74' title="bbox 1084 750 1895 791">
    <p class='ocr_par' dir='ltr' id='par_1_74' title="bbox 1084 750 1895 791">
     <span class='ocr_line' id='line_1_74' title="bbox 1084 750 1895 791; baseline 0.004 -11"><span class='ocrx_word' id='word_1_634' title='bbox 1084 754 1218 789; x_wconf 44' lang='lat' dir='ltr'><strong>,scrvimus</strong></span> <span class='ocrx_word' id='word_1_635' title='bbox 1243 754 1292 791; x_wconf 90' lang='lat' dir='ltr'><strong>(a).</strong></span> <span class='ocrx_word' id='word_1_636' title='bbox 1314 753 1368 786; x_wconf 86' lang='lat' dir='ltr'><strong>Sed</strong></span> <span class='ocrx_word' id='word_1_637' title='bbox 1385 750 1430 791; x_wconf 85' lang='lat' dir='ltr'><strong>qui</strong></span> <span class='ocrx_word' id='word_1_638' title='bbox 1447 755 1475 784; x_wconf 88' lang='lat' dir='ltr'><strong>in</strong></span> <span class='ocrx_word' id='word_1_639' title='bbox 1498 755 1548 784; x_wconf 87' lang='lat' dir='ltr'><strong>hoc</strong></span> <span class='ocrx_word' id='word_1_640' title='bbox 1569 760 1671 789; x_wconf 85' lang='lat' dir='ltr'><strong>errant,</strong></span> <span class='ocrx_word' id='word_1_641' title='bbox 1690 760 1719 788; x_wconf 77' lang='lat' dir='ltr'><strong>et</strong></span> <span class='ocrx_word' id='word_1_642' title='bbox 1740 756 1895 789; x_wconf 79' lang='lat' dir='ltr'><strong>auctoritati</strong></span> 
     </span>
    </p>
   </div>
   <div class='ocr_carea' id='block_1_75' title="bbox 1098 799 1896 836">
    <p class='ocr_par' dir='ltr' id='par_1_75' title="bbox 1098 799 1896 836">
     <span class='ocr_line' id='line_1_75' title="bbox 1098 799 1896 836; baseline 0.001 -9"><span class='ocrx_word' id='word_1_643' title='bbox 1098 799 1212 834; x_wconf 77' lang='lat' dir='ltr'><strong>graviori</strong></span> <span class='ocrx_word' id='word_1_644' title='bbox 1227 799 1324 829; x_wconf 85' lang='lat' dir='ltr'><strong>cedere</strong></span> <span class='ocrx_word' id='word_1_645' title='bbox 1337 800 1486 830; x_wconf 85' lang='lat' dir='ltr'><strong>detrectant</strong></span> <span class='ocrx_word' id='word_1_646' title='bbox 1495 821 1506 833; x_wconf 80' lang='lat'><strong>,</strong></span> <span class='ocrx_word' id='word_1_647' title='bbox 1528 801 1656 836; x_wconf 83' lang='lat' dir='ltr'><strong>numquid</strong></span> <span class='ocrx_word' id='word_1_648' title='bbox 1672 805 1700 829; x_wconf 89' lang='lat' dir='ltr'><strong>et</strong></span> <span class='ocrx_word' id='word_1_649' title='bbox 1712 801 1776 831; x_wconf 87' lang='lat' dir='ltr'><strong>illud</strong></span> <span class='ocrx_word' id='word_1_650' title='bbox 1790 801 1896 828; x_wconf 85' lang='lat' dir='ltr'><strong>varium</strong></span> 
     </span>
    </p>
   </div>
   <div class='ocr_carea' id='block_1_76' title="bbox 1099 845 1897 882">
    <p class='ocr_par' dir='ltr' id='par_1_76' title="bbox 1099 845 1897 882">
     <span class='ocr_line' id='line_1_76' title="bbox 1099 845 1897 882; baseline 0 -9"><span class='ocrx_word' id='word_1_651' title='bbox 1099 845 1126 873; x_wconf 92' lang='lat' dir='ltr'><strong>in</strong></span> <span class='ocrx_word' id='word_1_652' title='bbox 1140 845 1276 874; x_wconf 87' lang='lat' dir='ltr'><strong>codicibus</strong></span> <span class='ocrx_word' id='word_1_653' title='bbox 1290 846 1427 882; x_wconf 79' lang='lat' dir='ltr'><strong>reperiunt</strong></span> <span class='ocrx_word' id='word_1_654' title='bbox 1448 855 1456 872; x_wconf 73' lang='grc' dir='ltr'>ε</span> <span class='ocrx_word' id='word_1_655' title='bbox 1481 846 1591 874; x_wconf 75' lang='lat' dir='ltr'><strong>Nescitis</strong></span> <span class='ocrx_word' id='word_1_656' title='bbox 1603 847 1663 880; x_wconf 78' lang='lat' dir='ltr'><strong>quia</strong></span> <span class='ocrx_word' id='word_1_657' title='bbox 1682 854 1790 882; x_wconf 77' lang='lat' dir='ltr'><strong>corpora</strong></span> <span class='ocrx_word' id='word_1_658' title='bbox 1804 851 1897 881; x_wconf 47' lang='lat' dir='ltr'><strong>lustra</strong></span> 
     </span>
    </p>
   </div>
   <div class='ocr_carea' id='block_1_77' title="bbox 1100 891 1898 927">
    <p class='ocr_par' dir='ltr' id='par_1_77' title="bbox 1100 891 1898 927">
     <span class='ocr_line' id='line_1_77' title="bbox 1100 891 1898 927; baseline 0.001 -10"><span class='ocrx_word' id='word_1_659' title='bbox 1100 892 1220 926; x_wconf 79' lang='lat' dir='ltr'><strong>templum</strong></span> <span class='ocrx_word' id='word_1_660' title='bbox 1233 892 1259 919; x_wconf 85' lang='lat' dir='ltr'><strong>in</strong></span> <span class='ocrx_word' id='word_1_661' title='bbox 1278 891 1347 919; x_wconf 74' lang='lat' dir='ltr'><strong>vobis</strong></span> <span class='ocrx_word' id='word_1_662' title='bbox 1362 896 1398 919; x_wconf 69' lang='lat' dir='ltr'><strong>est</strong></span> <span class='ocrx_word' id='word_1_663' title='bbox 1418 892 1427 908; x_wconf 77' lang='grc'>⁸</span> <span class='ocrx_word' id='word_1_664' title='bbox 1447 892 1559 927; x_wconf 70' lang='lat' dir='ltr'><strong>Spiritus</strong></span> <span class='ocrx_word' id='word_1_665' title='bbox 1571 892 1662 924; x_wconf 70' lang='lat' dir='ltr'><strong>sancti,</strong></span> <span class='ocrx_word' id='word_1_666' title='bbox 1680 900 1755 927; x_wconf 77' lang='lat' dir='ltr'><strong>quem</strong></span> <span class='ocrx_word' id='word_1_667' title='bbox 1767 892 1869 919; x_wconf 73' lang='lat' dir='ltr'><strong>habetis</strong></span> <span class='ocrx_word' id='word_1_668' title='bbox 1880 900 1898 918; x_wconf 76' lang='grc' dir='ltr'><strong>ι</strong></span> 
     </span>
    </p>
   </div>
   <div class='ocr_carea' id='block_1_78' title="bbox 1100 937 1897 973">
    <p class='ocr_par' dir='ltr' id='par_1_78' title="bbox 1100 937 1897 973">
     <span class='ocr_line' id='line_1_78' title="bbox 1100 937 1897 973; baseline -0.003 -7"><span class='ocrx_word' id='word_1_669' title='bbox 1100 937 1177 966; x_wconf 79' lang='lat' dir='ltr'><strong>Deo?</strong></span> <span class='ocrx_word' id='word_1_670' title='bbox 1195 937 1264 971; x_wconf 86' lang='lat' dir='ltr'><strong>Quid</strong></span> <span class='ocrx_word' id='word_1_671' title='bbox 1278 941 1367 966; x_wconf 84' lang='lat' dir='ltr'><strong>autem</strong></span> <span class='ocrx_word' id='word_1_672' title='bbox 1387 937 1507 966; x_wconf 87' lang='lat' dir='ltr'><strong>insanius</strong></span> <span class='ocrx_word' id='word_1_673' title='bbox 1520 937 1655 973; x_wconf 77' lang='lat' dir='ltr'><strong>magisque</strong></span> <span class='ocrx_word' id='word_1_674' title='bbox 1668 937 1825 972; x_wconf 72' lang='lat' dir='ltr'><strong>sacrilegum</strong></span> <span class='ocrx_word' id='word_1_675' title='bbox 1841 941 1897 970; x_wconf 80' lang='lat' dir='ltr'><strong>est,</strong></span> 
     </span>
    </p>
   </div>
   <div class='ocr_carea' id='block_1_79' title="bbox 1100 981 1898 1018">
    <p class='ocr_par' dir='ltr' id='par_1_79' title="bbox 1100 981 1898 1018">
     <span class='ocr_line' id='line_1_79' title="bbox 1100 981 1898 1018; baseline 0 -9"><span class='ocrx_word' id='word_1_676' title='bbox 1100 989 1180 1018; x_wconf 87' lang='lat' dir='ltr'><strong>quam</strong></span> <span class='ocrx_word' id='word_1_677' title='bbox 1204 985 1232 1009; x_wconf 93' lang='lat' dir='ltr'><strong>ut</strong></span> <span class='ocrx_word' id='word_1_678' title='bbox 1252 982 1391 1018; x_wconf 85' lang='lat' dir='ltr'><strong>quisquam</strong></span> <span class='ocrx_word' id='word_1_679' title='bbox 1413 982 1502 1010; x_wconf 87' lang='lat' dir='ltr'><strong>dicere</strong></span> <span class='ocrx_word' id='word_1_680' title='bbox 1523 982 1621 1010; x_wconf 86' lang='lat' dir='ltr'><strong>audeat</strong></span> <span class='ocrx_word' id='word_1_681' title='bbox 1651 981 1771 1009; x_wconf 88' lang='lat' dir='ltr'><strong>membra</strong></span> <span class='ocrx_word' id='word_1_682' title='bbox 1795 982 1898 1017; x_wconf 74' lang='lat' dir='ltr'><strong>Christi</strong></span> 
     </span>
    </p>
   </div>
   <div class='ocr_carea' id='block_1_80' title="bbox 1101 1026 1897 1063">
    <p class='ocr_par' dir='ltr' id='par_1_80' title="bbox 1101 1026 1897 1063">
     <span class='ocr_line' id='line_1_80' title="bbox 1101 1026 1897 1063; baseline 0.003 -8"><span class='ocrx_word' id='word_1_683' title='bbox 1101 1026 1228 1063; x_wconf 87' lang='lat' dir='ltr'><strong>templum</strong></span> <span class='ocrx_word' id='word_1_684' title='bbox 1252 1035 1313 1056; x_wconf 57' lang='lat' dir='ltr'><strong>esse</strong></span> <span class='ocrx_word' id='word_1_685' title='bbox 1336 1032 1464 1055; x_wconf 74' lang='lat' dir='ltr'><strong>creatum</strong></span> <span class='ocrx_word' id='word_1_686' title='bbox 1488 1027 1600 1055; x_wconf 84' lang='lat' dir='ltr'><strong>minoris</strong></span> <span class='ocrx_word' id='word_1_687' title='bbox 1632 1027 1778 1057; x_wconf 66' lang='lat' dir='ltr'><strong>secundo.</strong></span> <span class='ocrx_word' id='word_1_688' title='bbox 1803 1027 1897 1062; x_wconf 50' lang='lat' dir='ltr'><strong>hu.</strong></span> 
     </span>
    </p>
   </div>
   <div class='ocr_carea' id='block_1_81' title="bbox 1100 1072 1899 1109">
    <p class='ocr_par' dir='ltr' id='par_1_81' title="bbox 1100 1072 1899 1109">
     <span class='ocr_line' id='line_1_81' title="bbox 1100 1072 1899 1109; baseline 0.003 -9"><span class='ocrx_word' id='word_1_689' title='bbox 1100 1081 1181 1109; x_wconf 90' lang='lat' dir='ltr'><strong>quam</strong></span> <span class='ocrx_word' id='word_1_690' title='bbox 1194 1072 1317 1102; x_wconf 80' lang='lat' dir='ltr'><strong>Christus</strong></span> <span class='ocrx_word' id='word_1_691' title='bbox 1332 1074 1393 1102; x_wconf 83' lang='lat' dir='ltr'><strong>est?</strong></span> <span class='ocrx_word' id='word_1_692' title='bbox 1417 1074 1477 1101; x_wconf 79' lang='lat' dir='ltr'><strong>Alio</strong></span> <span class='ocrx_word' id='word_1_693' title='bbox 1490 1073 1562 1101; x_wconf 87' lang='lat' dir='ltr'><strong>enim</strong></span> <span class='ocrx_word' id='word_1_694' title='bbox 1583 1074 1643 1102; x_wconf 75' lang='grc' dir='ltr'><strong>Ιωο</strong></span> <span class='ocrx_word' id='word_1_695' title='bbox 1660 1073 1725 1103; x_wconf 72' lang='lat' dir='ltr'><strong>dicit</strong></span> <span class='ocrx_word' id='word_1_696' title='bbox 1744 1083 1755 1101; x_wconf 84' lang='lat'><strong>:</strong></span> <span class='ocrx_word' id='word_1_697' title='bbox 1775 1073 1899 1109; x_wconf 59' lang='grc' dir='ltr'>(ὕφει</span> 
     </span>
    </p>
   </div>
   <div class='ocr_carea' id='block_1_82' title="bbox 1101 1113 1898 1156">
    <p class='ocr_par' dir='ltr' id='par_1_82' title="bbox 1101 1113 1898 1156">
     <span class='ocr_line' id='line_1_82' title="bbox 1101 1113 1898 1156; baseline -0.001 -8"><span class='ocrx_word' id='word_1_698' title='bbox 1101 1124 1183 1148; x_wconf 72' lang='lat' dir='ltr'><strong>vestra</strong></span> <span class='ocrx_word' id='word_1_699' title='bbox 1203 1119 1313 1148; x_wconf 84' lang='lat' dir='ltr'><strong>membra</strong></span> <span class='ocrx_word' id='word_1_700' title='bbox 1336 1125 1393 1147; x_wconf 79' lang='lat' dir='ltr'><strong>sunt</strong></span> <span class='ocrx_word' id='word_1_701' title='bbox 1528 1120 1557 1149; x_wconf 77' lang='lat' dir='ltr'><strong>Si</strong></span> <span class='ocrx_word' id='word_1_702' title='bbox 1578 1124 1670 1150; x_wconf 57' lang='lat' dir='ltr'><strong>alma</strong></span> <span class='ocrx_word' id='word_1_703' title='bbox 1691 1127 1756 1156; x_wconf 58' lang='grc' dir='ltr'><strong>μ</strong></span> <span class='ocrx_word' id='word_1_704' title='bbox 1772 1113 1898 1149; x_wconf 57' lang='lat' dir='ltr'><strong>hemhra</strong></span> 
     </span>
    </p>
   </div>
   <div class='ocr_carea' id='block_1_83' title="bbox 1101 1166 1900 1201">
    <p class='ocr_par' dir='ltr' id='par_1_83' title="bbox 1101 1166 1900 1201">
     <span class='ocr_line' id='line_1_83' title="bbox 1101 1166 1900 1201; baseline 0.001 -8"><span class='ocrx_word' id='word_1_705' title='bbox 1101 1171 1164 1193; x_wconf 86' lang='lat' dir='ltr'><strong>sunt</strong></span> <span class='ocrx_word' id='word_1_706' title='bbox 1186 1166 1294 1199; x_wconf 81' lang='lat' dir='ltr'><strong>Christi,</strong></span> <span class='ocrx_word' id='word_1_707' title='bbox 1313 1167 1441 1201; x_wconf 59' lang='lat' dir='ltr'><strong>templum</strong></span> <span class='ocrx_word' id='word_1_708' title='bbox 1455 1171 1505 1195; x_wconf 64' lang='lat' dir='ltr'><strong>at</strong></span> <span class='ocrx_word' id='word_1_709' title='bbox 1521 1167 1640 1201; x_wconf 60' lang='lat' dir='ltr'><strong>Spiritus</strong></span> <span class='ocrx_word' id='word_1_710' title='bbox 1658 1167 1755 1199; x_wconf 79' lang='lat' dir='ltr'><strong>sancti,</strong></span> <span class='ocrx_word' id='word_1_711' title='bbox 1774 1174 1829 1197; x_wconf 85' lang='lat' dir='ltr'><strong>non</strong></span> <span class='ocrx_word' id='word_1_712' title='bbox 1854 1173 1900 1195; x_wconf 85' lang='lat' dir='ltr'><strong>est</strong></span> 
     </span>
    </p>
   </div>
   <div class='ocr_carea' id='block_1_84' title="bbox 1101 1212 1899 1247">
    <p class='ocr_par' dir='ltr' id='par_1_84' title="bbox 1101 1212 1899 1247">
     <span class='ocr_line' id='line_1_84' title="bbox 1101 1212 1899 1247; baseline 0 -8"><span class='ocrx_word' id='word_1_713' title='bbox 1101 1217 1222 1240; x_wconf 81' lang='lat' dir='ltr'><strong>creatura</strong></span> <span class='ocrx_word' id='word_1_714' title='bbox 1241 1212 1357 1246; x_wconf 79' lang='lat' dir='ltr'><strong>Spiritus</strong></span> <span class='ocrx_word' id='word_1_715' title='bbox 1377 1216 1486 1241; x_wconf 65' lang='lat' dir='ltr'><strong>sanans</strong></span> <span class='ocrx_word' id='word_1_716' title='bbox 1499 1221 1509 1240; x_wconf 86' lang='lat'><strong>:</strong></span> <span class='ocrx_word' id='word_1_717' title='bbox 1525 1212 1588 1247; x_wconf 84' lang='lat' dir='ltr'><strong>quia</strong></span> <span class='ocrx_word' id='word_1_718' title='bbox 1603 1212 1645 1239; x_wconf 85' lang='lat' dir='ltr'><strong>cui</strong></span> <span class='ocrx_word' id='word_1_719' title='bbox 1660 1219 1758 1246; x_wconf 81' lang='lat' dir='ltr'><strong>corpus</strong></span> <span class='ocrx_word' id='word_1_720' title='bbox 1771 1216 1899 1239; x_wconf 85' lang='lat' dir='ltr'><strong>nostrum</strong></span> 
     </span>
    </p>
   </div>
   <div class='ocr_carea' id='block_1_85' title="bbox 1099 1257 1899 1293">
    <p class='ocr_par' dir='ltr' id='par_1_85' title="bbox 1099 1257 1899 1293">
     <span class='ocr_line' id='line_1_85' title="bbox 1099 1257 1899 1293; baseline -0.001 -7"><span class='ocrx_word' id='word_1_721' title='bbox 1099 1259 1228 1293; x_wconf 77' lang='lat' dir='ltr'><strong>mphun</strong></span> <span class='ocrx_word' id='word_1_722' title='bbox 1240 1257 1411 1289; x_wconf 75' lang='lat' dir='ltr'><strong>exhibemus,</strong></span> <span class='ocrx_word' id='word_1_723' title='bbox 1429 1265 1538 1286; x_wconf 82' lang='lat' dir='ltr'><strong>necesse</strong></span> <span class='ocrx_word' id='word_1_724' title='bbox 1552 1262 1593 1286; x_wconf 89' lang='lat' dir='ltr'><strong>est</strong></span> <span class='ocrx_word' id='word_1_725' title='bbox 1608 1262 1637 1285; x_wconf 91' lang='lat' dir='ltr'><strong>ut</strong></span> <span class='ocrx_word' id='word_1_726' title='bbox 1655 1257 1717 1285; x_wconf 90' lang='lat' dir='ltr'><strong>huic</strong></span> <span class='ocrx_word' id='word_1_727' title='bbox 1729 1265 1790 1286; x_wconf 84' lang='lat' dir='ltr'><strong>eam</strong></span> <span class='ocrx_word' id='word_1_728' title='bbox 1808 1257 1899 1285; x_wconf 79' lang='lat' dir='ltr'><strong>servi-</strong></span> 
     </span>
    </p>
   </div>
   <div class='ocr_carea' id='block_1_86' title="bbox 1101 1303 1898 1338">
    <p class='ocr_par' dir='ltr' id='par_1_86' title="bbox 1101 1303 1898 1338">
     <span class='ocr_line' id='line_1_86' title="bbox 1101 1303 1898 1338; baseline -0.003 -6"><span class='ocrx_word' id='word_1_729' title='bbox 1101 1310 1184 1332; x_wconf 82' lang='lat' dir='ltr'><strong>tutem</strong></span> <span class='ocrx_word' id='word_1_730' title='bbox 1205 1305 1361 1337; x_wconf 81' lang='lat' dir='ltr'><strong>debeamus,</strong></span> <span class='ocrx_word' id='word_1_731' title='bbox 1380 1313 1429 1338; x_wconf 83' lang='lat' dir='ltr'><strong>qua</strong></span> <span class='ocrx_word' id='word_1_732' title='bbox 1450 1304 1555 1332; x_wconf 88' lang='lat' dir='ltr'><strong>nonnisi</strong></span> <span class='ocrx_word' id='word_1_733' title='bbox 1578 1304 1632 1331; x_wconf 88' lang='lat' dir='ltr'><strong>Deo</strong></span> <span class='ocrx_word' id='word_1_734' title='bbox 1653 1303 1826 1332; x_wconf 85' lang='lat' dir='ltr'><strong>serviendum</strong></span> <span class='ocrx_word' id='word_1_735' title='bbox 1843 1307 1898 1335; x_wconf 84' lang='lat' dir='ltr'><strong>est,</strong></span> 
     </span>
    </p>
   </div>
   <div class='ocr_carea' id='block_1_87' title="bbox 1103 1349 1901 1385">
    <p class='ocr_par' dir='ltr' id='par_1_87' title="bbox 1103 1349 1901 1385">
     <span class='ocr_line' id='line_1_87' title="bbox 1103 1349 1901 1385; baseline 0 -9"><span class='ocrx_word' id='word_1_736' title='bbox 1103 1359 1161 1384; x_wconf 67' lang='lat' dir='ltr'><strong>qua:</strong></span> <span class='ocrx_word' id='word_1_737' title='bbox 1184 1358 1270 1384; x_wconf 69' lang='lat' dir='ltr'><strong>grmcc</strong></span> <span class='ocrx_word' id='word_1_738' title='bbox 1294 1350 1440 1385; x_wconf 71' lang='lat' dir='ltr'><strong>appellatur</strong></span> <span class='ocrx_word' id='word_1_739' title='bbox 1469 1354 1573 1383; x_wconf 67' lang='lat' dir='ltr'><strong>)ar;stz.</strong></span> <span class='ocrx_word' id='word_1_740' title='bbox 1594 1349 1670 1376; x_wconf 84' lang='lat' dir='ltr'><strong>Unde</strong></span> <span class='ocrx_word' id='word_1_741' title='bbox 1696 1352 1901 1383; x_wconf 84' lang='lat' dir='ltr'><strong>consequenter</strong></span> 
     </span>
    </p>
   </div>
   <div class='ocr_carea' id='block_1_88' title="bbox 1102 1395 1898 1432">
    <p class='ocr_par' dir='ltr' id='par_1_88' title="bbox 1102 1395 1898 1432">
     <span class='ocr_line' id='line_1_88' title="bbox 1102 1395 1898 1432; baseline -0.003 -9"><span class='ocrx_word' id='word_1_742' title='bbox 1102 1397 1165 1423; x_wconf 83' lang='lat' dir='ltr'><strong>dicit</strong></span> <span class='ocrx_word' id='word_1_743' title='bbox 1183 1406 1188 1423; x_wconf 85' lang='lat'><strong>:</strong></span> <span class='ocrx_word' id='word_1_744' title='bbox 1202 1396 1348 1430; x_wconf 73' lang='lat' dir='ltr'><strong>Gloriﬁcute</strong></span> <span class='ocrx_word' id='word_1_745' title='bbox 1360 1405 1418 1431; x_wconf 69' lang='lat' dir='ltr'><strong>ergo</strong></span> <span class='ocrx_word' id='word_1_746' title='bbox 1431 1398 1439 1411; x_wconf 86' lang='lat'>&#39;</span> <span class='ocrx_word' id='word_1_747' title='bbox 1454 1396 1534 1423; x_wconf 69' lang='lat' dir='ltr'><strong>Deum</strong></span> <span class='ocrx_word' id='word_1_748' title='bbox 1546 1397 1571 1423; x_wconf 88' lang='lat' dir='ltr'><strong>in</strong></span> <span class='ocrx_word' id='word_1_749' title='bbox 1584 1404 1689 1431; x_wconf 82' lang='lat' dir='ltr'><strong>corpore</strong></span> <span class='ocrx_word' id='word_1_750' title='bbox 1704 1401 1785 1422; x_wconf 76' lang='lat' dir='ltr'><strong>uestro</strong></span> <span class='ocrx_word' id='word_1_751' title='bbox 1800 1395 1821 1432; x_wconf 95' lang='lat' dir='ltr'><strong>(I</strong></span> <span class='ocrx_word' id='word_1_752' title='bbox 1835 1395 1898 1423; x_wconf 88' lang='lat' dir='ltr'><strong>Cor.</strong></span> 
     </span>
    </p>
   </div>
   <div class='ocr_carea' id='block_1_89' title="bbox 1103 1442 1326 1475">
    <p class='ocr_par' dir='ltr' id='par_1_89' title="bbox 1103 1442 1326 1475">
     <span class='ocr_line' id='line_1_89' title="bbox 1103 1442 1326 1475; baseline 0 -7"><span class='ocrx_word' id='word_1_753' title='bbox 1103 1450 1138 1473; x_wconf 86' lang='lat' dir='ltr'><strong>vt,</strong></span> <span class='ocrx_word' id='word_1_754' title='bbox 1153 1442 1194 1472; x_wconf 85' lang='lat' dir='ltr'><strong>l9,</strong></span> <span class='ocrx_word' id='word_1_755' title='bbox 1212 1442 1254 1474; x_wconf 78' lang='grc'><strong>15,</strong></span> <span class='ocrx_word' id='word_1_756' title='bbox 1268 1442 1326 1475; x_wconf 78' lang='lat'><strong>‘20).</strong></span> 
     </span>
    </p>
   </div>
   <div class='ocr_carea' id='block_1_90' title="bbox 1135 1485 1901 1521">
    <p class='ocr_par' dir='ltr' id='par_1_90' title="bbox 1135 1485 1901 1521">
     <span class='ocr_line' id='line_1_90' title="bbox 1135 1485 1901 1521; baseline -0.003 -6"><span class='ocrx_word' id='word_1_757' title='bbox 1135 1487 1250 1515; x_wconf 77' lang='lat' dir='ltr'><strong>CAPUT</strong></span> <span class='ocrx_word' id='word_1_758' title='bbox 1270 1487 1324 1514; x_wconf 86' lang='lat' dir='ltr'><strong>Vll.</strong></span> <span class='ocrx_word' id='word_1_759' title='bbox 1334 1501 1369 1507; x_wconf 90' lang='lat'><strong>——</strong></span> <span class='ocrx_word' id='word_1_760' title='bbox 1381 1487 1415 1515; x_wconf 75' lang='grc' dir='ltr'>Η</span> <span class='ocrx_word' id='word_1_761' title='bbox 1433 1485 1517 1514; x_wconf 72' lang='lat' dir='ltr'><strong>Filius</strong></span> <span class='ocrx_word' id='word_1_762' title='bbox 1533 1486 1659 1521; x_wconf 83' lang='lat' dir='ltr'><strong>quomodo</strong></span> <span class='ocrx_word' id='word_1_763' title='bbox 1672 1487 1755 1513; x_wconf 86' lang='lat' dir='ltr'><strong>minor</strong></span> <span class='ocrx_word' id='word_1_764' title='bbox 1770 1486 1852 1513; x_wconf 79' lang='lat' dir='ltr'><strong>Patre</strong></span> <span class='ocrx_word' id='word_1_765' title='bbox 1867 1494 1901 1513; x_wconf 74' lang='lat' dir='ltr'><strong>ac</strong></span> 
     </span>
    </p>
   </div>
   <div class='ocr_carea' id='block_1_91' title="bbox 1101 1532 1899 1568">
    <p class='ocr_par' dir='ltr' id='par_1_91' title="bbox 1101 1532 1899 1568">
     <span class='ocr_line' id='line_1_91' title="bbox 1101 1532 1899 1568; baseline -0.001 -7"><span class='ocrx_word' id='word_1_766' title='bbox 1101 1541 1129 1561; x_wconf 75' lang='lat' dir='ltr'><strong>se</strong></span> <span class='ocrx_word' id='word_1_767' title='bbox 1142 1534 1207 1568; x_wconf 77' lang='lat' dir='ltr'><strong>ipsa.</strong></span> <span class='ocrx_word' id='word_1_768' title='bbox 1226 1533 1274 1561; x_wconf 85' lang='lat' dir='ltr'><strong>His</strong></span> <span class='ocrx_word' id='word_1_769' title='bbox 1289 1537 1317 1562; x_wconf 89' lang='lat' dir='ltr'><strong>et</strong></span> <span class='ocrx_word' id='word_1_770' title='bbox 1333 1533 1427 1561; x_wconf 88' lang='lat' dir='ltr'><strong>talibus</strong></span> <span class='ocrx_word' id='word_1_771' title='bbox 1441 1533 1589 1560; x_wconf 89' lang='lat' dir='ltr'><strong>divinarum</strong></span> <span class='ocrx_word' id='word_1_772' title='bbox 1604 1532 1802 1567; x_wconf 84' lang='lat' dir='ltr'><strong>Scripturarum</strong></span> <span class='ocrx_word' id='word_1_773' title='bbox 1817 1533 1899 1560; x_wconf 82' lang='lat' dir='ltr'><strong>testi-</strong></span> 
     </span>
    </p>
   </div>
   <div class='ocr_carea' id='block_1_92' title="bbox 1102 1578 1899 1615">
    <p class='ocr_par' dir='ltr' id='par_1_92' title="bbox 1102 1578 1899 1615">
     <span class='ocr_line' id='line_1_92' title="bbox 1102 1578 1899 1615; baseline -0.003 -8"><span class='ocrx_word' id='word_1_774' title='bbox 1102 1579 1210 1612; x_wconf 85' lang='lat' dir='ltr'><strong>moniis,</strong></span> <span class='ocrx_word' id='word_1_775' title='bbox 1226 1579 1332 1615; x_wconf 87' lang='lat' dir='ltr'><strong>quibus,</strong></span> <span class='ocrx_word' id='word_1_776' title='bbox 1347 1583 1376 1607; x_wconf 95' lang='lat' dir='ltr'><strong>ut</strong></span> <span class='ocrx_word' id='word_1_777' title='bbox 1387 1579 1440 1606; x_wconf 80' lang='lat' dir='ltr'><strong>dixi</strong></span> <span class='ocrx_word' id='word_1_778' title='bbox 1452 1600 1459 1612; x_wconf 88' lang='grc'>,</span> <span class='ocrx_word' id='word_1_779' title='bbox 1475 1579 1576 1614; x_wconf 88' lang='lat' dir='ltr'><strong>priores</strong></span> <span class='ocrx_word' id='word_1_780' title='bbox 1591 1579 1673 1606; x_wconf 89' lang='lat' dir='ltr'><strong>nostri</strong></span> <span class='ocrx_word' id='word_1_781' title='bbox 1688 1578 1825 1613; x_wconf 85' lang='lat' dir='ltr'><strong>copiosius</strong></span> <span class='ocrx_word' id='word_1_782' title='bbox 1838 1578 1899 1612; x_wconf 81' lang='lat' dir='ltr'><strong>usi,</strong></span> 
     </span>
    </p>
   </div>
   <div class='ocr_carea' id='block_1_93' title="bbox 1102 1624 1901 1660">
    <p class='ocr_par' dir='ltr' id='par_1_93' title="bbox 1102 1624 1901 1660">
     <span class='ocr_line' id='line_1_93' title="bbox 1102 1624 1901 1660; baseline 0 -8"><span class='ocrx_word' id='word_1_783' title='bbox 1102 1629 1320 1660; x_wconf 75' lang='lat' dir='ltr'><strong>expugnaverunt</strong></span> <span class='ocrx_word' id='word_1_784' title='bbox 1340 1624 1524 1652; x_wconf 75' lang='lat' dir='ltr'><strong>ltmreticorum</strong></span> <span class='ocrx_word' id='word_1_785' title='bbox 1545 1624 1612 1651; x_wconf 83' lang='lat' dir='ltr'><strong>tales</strong></span> <span class='ocrx_word' id='word_1_786' title='bbox 1626 1624 1774 1651; x_wconf 85' lang='lat' dir='ltr'><strong>calumnias</strong></span> <span class='ocrx_word' id='word_1_787' title='bbox 1791 1624 1834 1652; x_wconf 85' lang='lat' dir='ltr'><strong>vel</strong></span> <span class='ocrx_word' id='word_1_788' title='bbox 1853 1632 1901 1652; x_wconf 83' lang='lat' dir='ltr'><strong>er-</strong></span> 
     </span>
    </p>
   </div>
   <div class='ocr_carea' id='block_1_94' title="bbox 1103 1669 1902 1705">
    <p class='ocr_par' dir='ltr' id='par_1_94' title="bbox 1103 1669 1902 1705">
     <span class='ocr_line' id='line_1_94' title="bbox 1103 1669 1902 1705; baseline 0 -8"><span class='ocrx_word' id='word_1_789' title='bbox 1103 1677 1197 1703; x_wconf 87' lang='lat' dir='ltr'><strong>rores,</strong></span> <span class='ocrx_word' id='word_1_790' title='bbox 1219 1669 1369 1697; x_wconf 86' lang='lat' dir='ltr'><strong>insinuatur</strong></span> <span class='ocrx_word' id='word_1_791' title='bbox 1400 1669 1458 1696; x_wconf 83' lang='lat' dir='ltr'><strong>ﬁdei</strong></span> <span class='ocrx_word' id='word_1_792' title='bbox 1483 1674 1581 1696; x_wconf 81' lang='lat' dir='ltr'><strong>nostra:</strong></span> <span class='ocrx_word' id='word_1_793' title='bbox 1600 1670 1687 1697; x_wconf 89' lang='lat' dir='ltr'><strong>ttnitas</strong></span> <span class='ocrx_word' id='word_1_794' title='bbox 1710 1673 1736 1696; x_wconf 91' lang='lat' dir='ltr'><strong>et</strong></span> <span class='ocrx_word' id='word_1_795' title='bbox 1759 1670 1902 1705; x_wconf 65' lang='lat' dir='ltr'><strong>inqualitas</strong></span> 
     </span>
    </p>
   </div>
   <div class='ocr_carea' id='block_1_95' title="bbox 1102 1714 1902 1750">
    <p class='ocr_par' dir='ltr' id='par_1_95' title="bbox 1102 1714 1902 1750">
     <span class='ocr_line' id='line_1_95' title="bbox 1102 1714 1902 1750; baseline 0 -8"><span class='ocrx_word' id='word_1_796' title='bbox 1102 1714 1250 1742; x_wconf 78' lang='lat' dir='ltr'><strong>Trinitatis.</strong></span> <span class='ocrx_word' id='word_1_797' title='bbox 1271 1714 1324 1742; x_wconf 89' lang='lat' dir='ltr'><strong>Sed</strong></span> <span class='ocrx_word' id='word_1_798' title='bbox 1344 1715 1405 1749; x_wconf 88' lang='lat' dir='ltr'><strong>quia</strong></span> <span class='ocrx_word' id='word_1_799' title='bbox 1425 1714 1507 1741; x_wconf 88' lang='lat' dir='ltr'><strong>multa</strong></span> <span class='ocrx_word' id='word_1_800' title='bbox 1527 1715 1555 1742; x_wconf 88' lang='lat' dir='ltr'><strong>in</strong></span> <span class='ocrx_word' id='word_1_801' title='bbox 1572 1715 1671 1742; x_wconf 86' lang='lat' dir='ltr'><strong>sanctis</strong></span> <span class='ocrx_word' id='word_1_802' title='bbox 1686 1714 1772 1742; x_wconf 92' lang='lat' dir='ltr'><strong>Libris</strong></span> <span class='ocrx_word' id='word_1_803' title='bbox 1788 1719 1902 1750; x_wconf 84' lang='lat' dir='ltr'><strong>propter</strong></span> 
     </span>
    </p>
   </div>
   <div class='ocr_carea' id='block_1_96' title="bbox 1103 1759 1901 1795">
    <p class='ocr_par' dir='ltr' id='par_1_96' title="bbox 1103 1759 1901 1795">
     <span class='ocr_line' id='line_1_96' title="bbox 1103 1759 1901 1795; baseline 0.001 -8"><span class='ocrx_word' id='word_1_804' title='bbox 1103 1760 1317 1787; x_wconf 86' lang='lat' dir='ltr'><strong>incarnationem</strong></span> <span class='ocrx_word' id='word_1_805' title='bbox 1338 1759 1417 1787; x_wconf 83' lang='lat' dir='ltr'><strong>Verbi</strong></span> <span class='ocrx_word' id='word_1_806' title='bbox 1440 1760 1497 1793; x_wconf 88' lang='lat' dir='ltr'><strong>Dei,</strong></span> <span class='ocrx_word' id='word_1_807' title='bbox 1512 1768 1571 1794; x_wconf 75' lang='lat' dir='ltr'><strong>qua:</strong></span> <span class='ocrx_word' id='word_1_808' title='bbox 1586 1767 1633 1795; x_wconf 88' lang='lat' dir='ltr'><strong>pro</strong></span> <span class='ocrx_word' id='word_1_809' title='bbox 1648 1760 1732 1787; x_wconf 82' lang='lat' dir='ltr'><strong>salute</strong></span> <span class='ocrx_word' id='word_1_810' title='bbox 1748 1765 1840 1788; x_wconf 87' lang='lat' dir='ltr'><strong>nostra</strong></span> <span class='ocrx_word' id='word_1_811' title='bbox 1854 1768 1901 1788; x_wconf 80' lang='lat' dir='ltr'><strong>rc-</strong></span> 
     </span>
    </p>
   </div>
   <div class='ocr_carea' id='block_1_97' title="bbox 1099 1805 1901 1846">
    <p class='ocr_par' dir='ltr' id='par_1_97' title="bbox 1099 1805 1901 1846">
     <span class='ocr_line' id='line_1_97' title="bbox 1099 1805 1901 1846; baseline 0.001 -13"><span class='ocrx_word' id='word_1_812' title='bbox 1099 1806 1218 1846; x_wconf 85' lang='lat' dir='ltr'><strong>_parauda</strong></span> <span class='ocrx_word' id='word_1_813' title='bbox 1231 1805 1297 1833; x_wconf 77' lang='lat' dir='ltr'><strong>facta</strong></span> <span class='ocrx_word' id='word_1_814' title='bbox 1312 1809 1352 1833; x_wconf 87' lang='lat' dir='ltr'><strong>est</strong></span> <span class='ocrx_word' id='word_1_815' title='bbox 1362 1827 1369 1838; x_wconf 83' lang='lat'><strong>,</strong></span> <span class='ocrx_word' id='word_1_816' title='bbox 1385 1810 1412 1833; x_wconf 88' lang='lat' dir='ltr'><strong>ut</strong></span> <span class='ocrx_word' id='word_1_817' title='bbox 1428 1806 1556 1833; x_wconf 87' lang='lat' dir='ltr'><strong>mediator</strong></span> <span class='ocrx_word' id='word_1_818' title='bbox 1572 1806 1616 1833; x_wconf 90' lang='lat' dir='ltr'><strong>Dei</strong></span> <span class='ocrx_word' id='word_1_819' title='bbox 1633 1810 1661 1834; x_wconf 89' lang='lat' dir='ltr'><strong>et</strong></span> <span class='ocrx_word' id='word_1_820' title='bbox 1674 1806 1813 1834; x_wconf 85' lang='lat' dir='ltr'><strong>hominum</strong></span> <span class='ocrx_word' id='word_1_821' title='bbox 1827 1811 1901 1834; x_wconf 82' lang='lat' dir='ltr'><strong>esset</strong></span> 
     </span>
    </p>
   </div>
   <div class='ocr_carea' id='block_1_98' title="bbox 1104 1850 1902 1887">
    <p class='ocr_par' dir='ltr' id='par_1_98' title="bbox 1104 1850 1902 1887">
     <span class='ocr_line' id='line_1_98' title="bbox 1104 1850 1902 1887; baseline 0.001 -9"><span class='ocrx_word' id='word_1_822' title='bbox 1104 1851 1185 1878; x_wconf 85' lang='lat' dir='ltr'><strong>homo</strong></span> <span class='ocrx_word' id='word_1_823' title='bbox 1203 1850 1322 1878; x_wconf 86' lang='lat' dir='ltr'><strong>Christus</strong></span> <span class='ocrx_word' id='word_1_824' title='bbox 1337 1850 1414 1878; x_wconf 87' lang='lat' dir='ltr'><strong>Jesus</strong></span> <span class='ocrx_word' id='word_1_825' title='bbox 1429 1850 1449 1887; x_wconf 93' lang='grc' dir='ltr'><strong>(Ι</strong></span> <span class='ocrx_word' id='word_1_826' title='bbox 1465 1850 1529 1877; x_wconf 86' lang='lat' dir='ltr'><strong>Tim.</strong></span> <span class='ocrx_word' id='word_1_827' title='bbox 1546 1859 1562 1878; x_wconf 89' lang='grc' dir='ltr'><strong>ιι</strong></span> <span class='ocrx_word' id='word_1_828' title='bbox 1575 1872 1583 1884; x_wconf 85' lang='grc'><em>,</em></span> <span class='ocrx_word' id='word_1_829' title='bbox 1597 1851 1644 1886; x_wconf 83' lang='grc'>5),</span> <span class='ocrx_word' id='word_1_830' title='bbox 1660 1851 1694 1878; x_wconf 88' lang='lat' dir='ltr'><strong>ita</strong></span> <span class='ocrx_word' id='word_1_831' title='bbox 1710 1851 1854 1883; x_wconf 73' lang='lat' dir='ltr'><strong>dicuntur.</strong></span> <span class='ocrx_word' id='word_1_832' title='bbox 1871 1856 1902 1879; x_wconf 84' lang='lat' dir='ltr'><strong>ut</strong></span> 
     </span>
    </p>
   </div>
   <div class='ocr_carea' id='block_1_99' title="bbox 1104 1895 1898 1932">
    <p class='ocr_par' dir='ltr' id='par_1_99' title="bbox 1104 1895 1898 1932">
     <span class='ocr_line' id='line_1_99' title="bbox 1104 1895 1898 1932; baseline 0.001 -9"><span class='ocrx_word' id='word_1_833' title='bbox 1104 1896 1231 1930; x_wconf 85' lang='lat' dir='ltr'><strong>majorem</strong></span> <span class='ocrx_word' id='word_1_834' title='bbox 1247 1895 1313 1923; x_wconf 87' lang='lat' dir='ltr'><strong>Filio</strong></span> <span class='ocrx_word' id='word_1_835' title='bbox 1328 1895 1432 1923; x_wconf 84' lang='lat' dir='ltr'><strong>Patrem</strong></span> <span class='ocrx_word' id='word_1_836' title='bbox 1447 1896 1609 1932; x_wconf 78' lang='lat' dir='ltr'><strong>signiﬁcent,</strong></span> <span class='ocrx_word' id='word_1_837' title='bbox 1627 1897 1668 1923; x_wconf 88' lang='lat' dir='ltr'><strong>vel</strong></span> <span class='ocrx_word' id='word_1_838' title='bbox 1681 1897 1762 1924; x_wconf 88' lang='lat' dir='ltr'><strong>etiam</strong></span> <span class='ocrx_word' id='word_1_839' title='bbox 1777 1897 1898 1931; x_wconf 83' lang='lat' dir='ltr'><strong>apertis-</strong></span> 
     </span>
    </p>
   </div>
   <div class='ocr_carea' id='block_1_100' title="bbox 1105 1941 1903 1977">
    <p class='ocr_par' dir='ltr' id='par_1_100' title="bbox 1105 1941 1903 1977">
     <span class='ocr_line' id='line_1_100' title="bbox 1105 1941 1903 1977; baseline 0.003 -8"><span class='ocrx_word' id='word_1_840' title='bbox 1105 1942 1172 1969; x_wconf 85' lang='lat' dir='ltr'><strong>sime</strong></span> <span class='ocrx_word' id='word_1_841' title='bbox 1184 1941 1342 1974; x_wconf 83' lang='lat' dir='ltr'><strong>ostendant;</strong></span> <span class='ocrx_word' id='word_1_842' title='bbox 1355 1946 1511 1969; x_wconf 86' lang='lat' dir='ltr'><strong>erraverunt</strong></span> <span class='ocrx_word' id='word_1_843' title='bbox 1523 1941 1643 1969; x_wconf 84' lang='lat' dir='ltr'><strong>homines</strong></span> <span class='ocrx_word' id='word_1_844' title='bbox 1657 1942 1744 1969; x_wconf 90' lang='lat' dir='ltr'><strong>minus</strong></span> <span class='ocrx_word' id='word_1_845' title='bbox 1756 1942 1903 1977; x_wconf 71' lang='lat' dir='ltr'><strong>diligenter</strong></span> 
     </span>
    </p>
   </div>
   <div class='ocr_carea' id='block_1_101' title="bbox 1104 1987 1900 2023">
    <p class='ocr_par' dir='ltr' id='par_1_101' title="bbox 1104 1987 1900 2023">
     <span class='ocr_line' id='line_1_101' title="bbox 1104 1987 1900 2023; baseline 0.004 -10"><span class='ocrx_word' id='word_1_846' title='bbox 1104 1991 1254 2014; x_wconf 77' lang='lat' dir='ltr'><strong>scrutantes</strong></span> <span class='ocrx_word' id='word_1_847' title='bbox 1268 1987 1309 2014; x_wconf 85' lang='lat' dir='ltr'><strong>vel</strong></span> <span class='ocrx_word' id='word_1_848' title='bbox 1324 1987 1455 2014; x_wconf 80' lang='lat' dir='ltr'><strong>intuentes</strong></span> <span class='ocrx_word' id='word_1_849' title='bbox 1469 1987 1617 2015; x_wconf 82' lang='lat' dir='ltr'><strong>universam</strong></span> <span class='ocrx_word' id='word_1_850' title='bbox 1631 1987 1728 2015; x_wconf 86' lang='lat' dir='ltr'><strong>seriem</strong></span> <span class='ocrx_word' id='word_1_851' title='bbox 1743 1988 1900 2023; x_wconf 81' lang='lat' dir='ltr'><strong>Scriptura-</strong></span> 
     </span>
    </p>
   </div>
   <div class='ocr_carea' id='block_1_102' title="bbox 1105 2032 1897 2068">
    <p class='ocr_par' dir='ltr' id='par_1_102' title="bbox 1105 2032 1897 2068">
     <span class='ocr_line' id='line_1_102' title="bbox 1105 2032 1897 2068; baseline 0.001 -9"><span class='ocrx_word' id='word_1_852' title='bbox 1105 2040 1173 2065; x_wconf 89' lang='lat' dir='ltr'><strong>rum,</strong></span> <span class='ocrx_word' id='word_1_853' title='bbox 1190 2037 1218 2059; x_wconf 89' lang='lat' dir='ltr'><strong>et</strong></span> <span class='ocrx_word' id='word_1_854' title='bbox 1231 2040 1260 2060; x_wconf 90' lang='lat' dir='ltr'><strong>ea</strong></span> <span class='ocrx_word' id='word_1_855' title='bbox 1276 2040 1335 2068; x_wconf 77' lang='lat' dir='ltr'><strong>qua:</strong></span> <span class='ocrx_word' id='word_1_856' title='bbox 1352 2032 1385 2060; x_wconf 90' lang='lat' dir='ltr'><strong>de</strong></span> <span class='ocrx_word' id='word_1_857' title='bbox 1402 2032 1506 2060; x_wconf 90' lang='lat' dir='ltr'><strong>Christo</strong></span> <span class='ocrx_word' id='word_1_858' title='bbox 1521 2032 1582 2060; x_wconf 85' lang='lat' dir='ltr'><strong>Jesu</strong></span> <span class='ocrx_word' id='word_1_859' title='bbox 1597 2032 1740 2060; x_wconf 88' lang='lat' dir='ltr'><strong>secundum</strong></span> <span class='ocrx_word' id='word_1_860' title='bbox 1756 2033 1897 2061; x_wconf 87' lang='lat' dir='ltr'><strong>hominem</strong></span> 
     </span>
    </p>
   </div>
   <div class='ocr_carea' id='block_1_103' title="bbox 1105 2077 1901 2113">
    <p class='ocr_par' dir='ltr' id='par_1_103' title="bbox 1105 2077 1901 2113">
     <span class='ocr_line' id='line_1_103' title="bbox 1105 2077 1901 2113; baseline 0.001 -8"><span class='ocrx_word' id='word_1_861' title='bbox 1105 2077 1173 2105; x_wconf 84' lang='lat' dir='ltr'><strong>dicta</strong></span> <span class='ocrx_word' id='word_1_862' title='bbox 1188 2083 1266 2110; x_wconf 89' lang='lat' dir='ltr'><strong>sunt,</strong></span> <span class='ocrx_word' id='word_1_863' title='bbox 1280 2077 1312 2104; x_wconf 89' lang='lat' dir='ltr'><strong>ad</strong></span> <span class='ocrx_word' id='word_1_864' title='bbox 1325 2077 1383 2113; x_wconf 87' lang='lat' dir='ltr'><strong>ejus</strong></span> <span class='ocrx_word' id='word_1_865' title='bbox 1396 2078 1568 2105; x_wconf 87' lang='lat' dir='ltr'><strong>substantiam</strong></span> <span class='ocrx_word' id='word_1_866' title='bbox 1581 2086 1639 2113; x_wconf 70' lang='lat' dir='ltr'><strong>qua‘.</strong></span> <span class='ocrx_word' id='word_1_867' title='bbox 1653 2083 1714 2105; x_wconf 84' lang='lat' dir='ltr'><strong>ante</strong></span> <span class='ocrx_word' id='word_1_868' title='bbox 1730 2078 1901 2106; x_wconf 86' lang='lat' dir='ltr'><strong>incarnatio-</strong></span> 
     </span>
    </p>
   </div>
   <div class='ocr_carea' id='block_1_104' title="bbox 1105 2125 1903 2161">
    <p class='ocr_par' dir='ltr' id='par_1_104' title="bbox 1105 2125 1903 2161">
     <span class='ocr_line' id='line_1_104' title="bbox 1105 2125 1903 2161; baseline 0.003 -10"><span class='ocrx_word' id='word_1_869' title='bbox 1105 2133 1166 2152; x_wconf 87' lang='lat' dir='ltr'><strong>nem</strong></span> <span class='ocrx_word' id='word_1_870' title='bbox 1182 2125 1341 2159; x_wconf 78' lang='lat' dir='ltr'><strong>sempiterna</strong></span> <span class='ocrx_word' id='word_1_871' title='bbox 1355 2131 1413 2153; x_wconf 87' lang='lat' dir='ltr'><strong>erat</strong></span> <span class='ocrx_word' id='word_1_872' title='bbox 1425 2146 1433 2158; x_wconf 93' lang='lat'><strong>,</strong></span> <span class='ocrx_word' id='word_1_873' title='bbox 1455 2131 1482 2153; x_wconf 89' lang='lat' dir='ltr'><strong>et</strong></span> <span class='ocrx_word' id='word_1_874' title='bbox 1499 2126 1658 2161; x_wconf 84' lang='lat' dir='ltr'><strong>sempiterna</strong></span> <span class='ocrx_word' id='word_1_875' title='bbox 1674 2130 1734 2159; x_wconf 86' lang='lat' dir='ltr'><strong>est,</strong></span> <span class='ocrx_word' id='word_1_876' title='bbox 1751 2125 1903 2153; x_wconf 79' lang='lat' dir='ltr'><strong>transferre</strong></span> 
     </span>
    </p>
   </div>
   <div class='ocr_carea' id='block_1_105' title="bbox 1105 2170 1898 2206">
    <p class='ocr_par' dir='ltr' id='par_1_105' title="bbox 1105 2170 1898 2206">
     <span class='ocr_line' id='line_1_105' title="bbox 1105 2170 1898 2206; baseline -0.001 -8"><span class='ocrx_word' id='word_1_877' title='bbox 1105 2171 1192 2198; x_wconf 85' lang='lat' dir='ltr'><strong>conati</strong></span> <span class='ocrx_word' id='word_1_878' title='bbox 1211 2176 1283 2198; x_wconf 87' lang='lat' dir='ltr'><strong>sunt.</strong></span> <span class='ocrx_word' id='word_1_879' title='bbox 1304 2171 1338 2198; x_wconf 85' lang='lat' dir='ltr'><strong>Et</strong></span> <span class='ocrx_word' id='word_1_880' title='bbox 1360 2171 1396 2198; x_wconf 80' lang='lat' dir='ltr'><strong>illi</strong></span> <span class='ocrx_word' id='word_1_881' title='bbox 1412 2171 1517 2206; x_wconf 85' lang='lat' dir='ltr'><strong>quidem</strong></span> <span class='ocrx_word' id='word_1_882' title='bbox 1537 2171 1627 2198; x_wconf 86' lang='lat' dir='ltr'><strong>dicunt</strong></span> <span class='ocrx_word' id='word_1_883' title='bbox 1646 2172 1773 2198; x_wconf 86' lang='lat' dir='ltr'><strong>minorem</strong></span> <span class='ocrx_word' id='word_1_884' title='bbox 1793 2170 1898 2197; x_wconf 87' lang='lat' dir='ltr'><strong>Filium</strong></span> 
     </span>
    </p>
   </div>
   <div class='ocr_carea' id='block_1_106' title="bbox 1105 2213 1902 2252">
    <p class='ocr_par' dir='ltr' id='par_1_106' title="bbox 1105 2213 1902 2252">
     <span class='ocr_line' id='line_1_106' title="bbox 1105 2213 1902 2252; baseline 0 -8"><span class='ocrx_word' id='word_1_885' title='bbox 1105 2224 1164 2244; x_wconf 75' lang='lat' dir='ltr'><strong>esse</strong></span> <span class='ocrx_word' id='word_1_886' title='bbox 1179 2224 1255 2252; x_wconf 87' lang='lat' dir='ltr'><strong>quam</strong></span> <span class='ocrx_word' id='word_1_887' title='bbox 1271 2217 1348 2244; x_wconf 86' lang='lat' dir='ltr'><strong>Pater</strong></span> <span class='ocrx_word' id='word_1_888' title='bbox 1367 2221 1423 2249; x_wconf 85' lang='lat' dir='ltr'><strong>est,</strong></span> <span class='ocrx_word' id='word_1_889' title='bbox 1438 2216 1497 2251; x_wconf 88' lang='lat' dir='ltr'><strong>quia</strong></span> <span class='ocrx_word' id='word_1_890' title='bbox 1512 2217 1639 2251; x_wconf 83' lang='lat' dir='ltr'><strong>scriptum</strong></span> <span class='ocrx_word' id='word_1_891' title='bbox 1653 2221 1694 2244; x_wconf 90' lang='lat' dir='ltr'><strong>cst</strong></span> <span class='ocrx_word' id='word_1_892' title='bbox 1709 2213 1765 2251; x_wconf 77' lang='lat' dir='ltr'><strong>ipso</strong></span> <span class='ocrx_word' id='word_1_893' title='bbox 1781 2216 1902 2244; x_wconf 82' lang='lat' dir='ltr'><strong>Domino</strong></span> 
     </span>
    </p>
   </div>
   <div class='ocr_carea' id='block_1_107' title="bbox 1105 2261 1904 2299">
    <p class='ocr_par' dir='ltr' id='par_1_107' title="bbox 1105 2261 1904 2299">
     <span class='ocr_line' id='line_1_107' title="bbox 1105 2261 1904 2299; baseline 0.005 -11"><span class='ocrx_word' id='word_1_894' title='bbox 1105 2261 1209 2290; x_wconf 83' lang='lat' dir='ltr'><strong>dicente</strong></span> <span class='ocrx_word' id='word_1_895' title='bbox 1221 2283 1228 2295; x_wconf 91' lang='lat'><strong>,</strong></span> <span class='ocrx_word' id='word_1_896' title='bbox 1245 2261 1320 2289; x_wconf 84' lang='lat' dir='ltr'><strong>Pater</strong></span> <span class='ocrx_word' id='word_1_897' title='bbox 1337 2262 1418 2297; x_wconf 84' lang='lat' dir='ltr'><strong>major</strong></span> <span class='ocrx_word' id='word_1_898' title='bbox 1431 2271 1469 2288; x_wconf 84' lang='lat' dir='ltr'><strong>me</strong></span> <span class='ocrx_word' id='word_1_899' title='bbox 1481 2268 1517 2289; x_wconf 76' lang='lat' dir='ltr'><strong>est</strong></span> <span class='ocrx_word' id='word_1_900' title='bbox 1537 2262 1627 2297; x_wconf 84' lang='lat' dir='ltr'><strong>(Joau.</strong></span> <span class='ocrx_word' id='word_1_901' title='bbox 1644 2271 1688 2290; x_wconf 75' lang='lat' dir='ltr'><strong>XIV</strong></span> <span class='ocrx_word' id='word_1_902' title='bbox 1699 2284 1705 2294; x_wconf 86' lang='lat'><strong>,</strong></span> <span class='ocrx_word' id='word_1_903' title='bbox 1720 2263 1777 2299; x_wconf 71' lang='grc'>28).</span> <span class='ocrx_word' id='word_1_904' title='bbox 1795 2263 1904 2292; x_wconf 80' lang='lat' dir='ltr'><strong>Veritas</strong></span> 
     </span>
    </p>
   </div>
   <div class='ocr_carea' id='block_1_108' title="bbox 1105 2308 1905 2337">
    <p class='ocr_par' dir='ltr' id='par_1_108' title="bbox 1105 2308 1905 2337">
     <span class='ocr_line' id='line_1_108' title="bbox 1105 2308 1905 2337; baseline 0.003 -2"><span class='ocrx_word' id='word_1_905' title='bbox 1105 2313 1193 2336; x_wconf 81' lang='lat' dir='ltr'><strong>autem</strong></span> <span class='ocrx_word' id='word_1_906' title='bbox 1222 2308 1336 2336; x_wconf 89' lang='lat' dir='ltr'><strong>ostendit</strong></span> <span class='ocrx_word' id='word_1_907' title='bbox 1361 2309 1505 2336; x_wconf 84' lang='lat' dir='ltr'><strong>secundum</strong></span> <span class='ocrx_word' id='word_1_908' title='bbox 1532 2309 1610 2336; x_wconf 87' lang='lat' dir='ltr'><strong>istum</strong></span> <span class='ocrx_word' id='word_1_909' title='bbox 1638 2309 1746 2336; x_wconf 88' lang='lat' dir='ltr'><strong>modum</strong></span> <span class='ocrx_word' id='word_1_910' title='bbox 1770 2309 1858 2337; x_wconf 87' lang='lat' dir='ltr'><strong>etiam</strong></span> <span class='ocrx_word' id='word_1_911' title='bbox 1873 2317 1905 2337; x_wconf 83' lang='lat' dir='ltr'><strong>se</strong></span> 
     </span>
    </p>
   </div>
   <div class='ocr_carea' id='block_1_109' title="bbox 1107 2353 1900 2389">
    <p class='ocr_par' dir='ltr' id='par_1_109' title="bbox 1107 2353 1900 2389">
     <span class='ocr_line' id='line_1_109' title="bbox 1107 2353 1900 2389; baseline 0.003 -9"><span class='ocrx_word' id='word_1_912' title='bbox 1107 2353 1165 2389; x_wconf 88' lang='lat' dir='ltr'><strong>ipso</strong></span> <span class='ocrx_word' id='word_1_913' title='bbox 1188 2354 1316 2381; x_wconf 88' lang='lat' dir='ltr'><strong>minorem</strong></span> <span class='ocrx_word' id='word_1_914' title='bbox 1339 2354 1443 2381; x_wconf 83' lang='lat' dir='ltr'><strong>Filium.</strong></span> <span class='ocrx_word' id='word_1_915' title='bbox 1466 2353 1604 2387; x_wconf 88' lang='lat' dir='ltr'><strong>Quomodo</strong></span> <span class='ocrx_word' id='word_1_916' title='bbox 1618 2354 1689 2381; x_wconf 88' lang='lat' dir='ltr'><strong>enim</strong></span> <span class='ocrx_word' id='word_1_917' title='bbox 1706 2362 1757 2381; x_wconf 90' lang='lat' dir='ltr'><strong>non</strong></span> <span class='ocrx_word' id='word_1_918' title='bbox 1771 2355 1856 2381; x_wconf 84' lang='lat' dir='ltr'><strong>etiam</strong></span> <span class='ocrx_word' id='word_1_919' title='bbox 1867 2362 1900 2382; x_wconf 83' lang='lat' dir='ltr'><strong>se</strong></span> 
     </span>
    </p>
   </div>
   <div class='ocr_carea' id='block_1_110' title="bbox 1107 2398 1906 2435">
    <p class='ocr_par' dir='ltr' id='par_1_110' title="bbox 1107 2398 1906 2435">
     <span class='ocr_line' id='line_1_110' title="bbox 1107 2398 1906 2435; baseline 0 -9"><span class='ocrx_word' id='word_1_920' title='bbox 1107 2399 1164 2434; x_wconf 88' lang='lat' dir='ltr'><strong>ipso</strong></span> <span class='ocrx_word' id='word_1_921' title='bbox 1180 2399 1266 2426; x_wconf 89' lang='lat' dir='ltr'><strong>minor</strong></span> <span class='ocrx_word' id='word_1_922' title='bbox 1279 2398 1363 2426; x_wconf 83' lang='lat' dir='ltr'><strong>lactus</strong></span> <span class='ocrx_word' id='word_1_923' title='bbox 1376 2405 1417 2426; x_wconf 85' lang='lat' dir='ltr'><strong>est</strong></span> <span class='ocrx_word' id='word_1_924' title='bbox 1427 2420 1433 2430; x_wconf 86' lang='lat'><strong>,</strong></span> <span class='ocrx_word' id='word_1_925' title='bbox 1448 2399 1493 2434; x_wconf 88' lang='lat' dir='ltr'><strong>qui</strong></span> <span class='ocrx_word' id='word_1_926' title='bbox 1507 2400 1666 2434; x_wconf 77' lang='lat' dir='ltr'><strong>semetipsum</strong></span> <span class='ocrx_word' id='word_1_927' title='bbox 1679 2400 1832 2432; x_wconf 67' lang='lat' dir='ltr'><strong>minanivit,</strong></span> <span class='ocrx_word' id='word_1_928' title='bbox 1846 2400 1906 2435; x_wconf 82' lang='lat' dir='ltr'><strong>[or-</strong></span> 
     </span>
    </p>
   </div>
   <div class='ocr_carea' id='block_1_111' title="bbox 1107 2441 1904 2480">
    <p class='ocr_par' dir='ltr' id='par_1_111' title="bbox 1107 2441 1904 2480">
     <span class='ocr_line' id='line_1_111' title="bbox 1107 2441 1904 2480; baseline 0.003 -9"><span class='ocrx_word' id='word_1_929' title='bbox 1107 2453 1174 2471; x_wconf 88' lang='lat' dir='ltr'><strong>mam</strong></span> <span class='ocrx_word' id='word_1_930' title='bbox 1192 2444 1256 2471; x_wconf 74' lang='lat' dir='ltr'><strong>servi</strong></span> <span class='ocrx_word' id='word_1_931' title='bbox 1271 2445 1416 2479; x_wconf 70' lang='lat' dir='ltr'><strong>accipiens?</strong></span> <span class='ocrx_word' id='word_1_932' title='bbox 1430 2444 1519 2480; x_wconf 85' lang='lat' dir='ltr'><strong>Neque</strong></span> <span class='ocrx_word' id='word_1_933' title='bbox 1533 2445 1603 2472; x_wconf 91' lang='lat' dir='ltr'><strong>enim</strong></span> <span class='ocrx_word' id='word_1_934' title='bbox 1616 2445 1657 2473; x_wconf 90' lang='lat' dir='ltr'><strong>sic</strong></span> <span class='ocrx_word' id='word_1_935' title='bbox 1671 2445 1772 2480; x_wconf 72' lang='lat' dir='ltr'><strong>accopit</strong></span> <span class='ocrx_word' id='word_1_936' title='bbox 1785 2441 1904 2473; x_wconf 82' lang='lat' dir='ltr'><strong>lonnam</strong></span> 
     </span>
    </p>
   </div>
   <div class='ocr_carea' id='block_1_112' title="bbox 1107 2490 1906 2526">
    <p class='ocr_par' dir='ltr' id='par_1_112' title="bbox 1107 2490 1906 2526">
     <span class='ocr_line' id='line_1_112' title="bbox 1107 2490 1906 2526; baseline 0.001 -9"><span class='ocrx_word' id='word_1_937' title='bbox 1107 2491 1175 2518; x_wconf 90' lang='lat' dir='ltr'><strong>servi</strong></span> <span class='ocrx_word' id='word_1_938' title='bbox 1188 2511 1196 2522; x_wconf 86' lang='lat'><strong>,</strong></span> <span class='ocrx_word' id='word_1_939' title='bbox 1211 2495 1239 2517; x_wconf 89' lang='lat' dir='ltr'><strong>ut</strong></span> <span class='ocrx_word' id='word_1_940' title='bbox 1253 2490 1386 2518; x_wconf 82' lang='lat' dir='ltr'><strong>amitteret</strong></span> <span class='ocrx_word' id='word_1_941' title='bbox 1402 2491 1511 2517; x_wconf 78' lang='lat' dir='ltr'><strong>formam</strong></span> <span class='ocrx_word' id='word_1_942' title='bbox 1527 2491 1571 2518; x_wconf 88' lang='lat' dir='ltr'><strong>Dei</strong></span> <span class='ocrx_word' id='word_1_943' title='bbox 1591 2512 1598 2521; x_wconf 85' lang='lat'><em>.</em></span> <span class='ocrx_word' id='word_1_944' title='bbox 1614 2491 1638 2517; x_wconf 89' lang='lat' dir='ltr'><strong>in</strong></span> <span class='ocrx_word' id='word_1_945' title='bbox 1652 2499 1703 2525; x_wconf 87' lang='lat' dir='ltr'><strong>qua</strong></span> <span class='ocrx_word' id='word_1_946' title='bbox 1716 2496 1774 2518; x_wconf 90' lang='lat' dir='ltr'><strong>erat</strong></span> <span class='ocrx_word' id='word_1_947' title='bbox 1788 2491 1906 2526; x_wconf 66' lang='lat' dir='ltr'><strong>aequalis</strong></span> 
     </span>
    </p>
   </div>
   <div class='ocr_carea' id='block_1_113' title="bbox 1108 2534 1906 2571">
    <p class='ocr_par' dir='ltr' id='par_1_113' title="bbox 1108 2534 1906 2571">
     <span class='ocr_line' id='line_1_113' title="bbox 1108 2534 1906 2571; baseline 0 -8"><span class='ocrx_word' id='word_1_948' title='bbox 1108 2536 1191 2564; x_wconf 80' lang='lat' dir='ltr'><strong>Patri.</strong></span> <span class='ocrx_word' id='word_1_949' title='bbox 1210 2536 1237 2563; x_wconf 91' lang='lat' dir='ltr'><strong>Si</strong></span> <span class='ocrx_word' id='word_1_950' title='bbox 1258 2544 1321 2571; x_wconf 76' lang='lat' dir='ltr'><strong>ergo</strong></span> <span class='ocrx_word' id='word_1_951' title='bbox 1341 2536 1377 2563; x_wconf 85' lang='lat' dir='ltr'><strong>ita</strong></span> <span class='ocrx_word' id='word_1_952' title='bbox 1397 2541 1504 2571; x_wconf 72' lang='lat' dir='ltr'><strong>accepta</strong></span> <span class='ocrx_word' id='word_1_953' title='bbox 1523 2541 1564 2563; x_wconf 85' lang='lat' dir='ltr'><strong>cst</strong></span> <span class='ocrx_word' id='word_1_954' title='bbox 1584 2534 1666 2563; x_wconf 81' lang='lat' dir='ltr'><strong>forma</strong></span> <span class='ocrx_word' id='word_1_955' title='bbox 1687 2537 1775 2569; x_wconf 83' lang='lat' dir='ltr'><strong>servi,</strong></span> <span class='ocrx_word' id='word_1_956' title='bbox 1798 2541 1828 2562; x_wconf 92' lang='lat' dir='ltr'><strong>ut</strong></span> <span class='ocrx_word' id='word_1_957' title='bbox 1848 2544 1906 2563; x_wconf 89' lang='lat' dir='ltr'><strong>non</strong></span> 
     </span>
    </p>
   </div>
   <div class='ocr_carea' id='block_1_114' title="bbox 1108 2581 1906 2613">
    <p class='ocr_par' dir='ltr' id='par_1_114' title="bbox 1108 2581 1906 2613">
     <span class='ocr_line' id='line_1_114' title="bbox 1108 2581 1906 2613; baseline 0 -4"><span class='ocrx_word' id='word_1_958' title='bbox 1108 2582 1275 2609; x_wconf 87' lang='lat' dir='ltr'><strong>amitteretur</strong></span> <span class='ocrx_word' id='word_1_959' title='bbox 1292 2581 1374 2608; x_wconf 78' lang='lat' dir='ltr'><strong>forma</strong></span> <span class='ocrx_word' id='word_1_960' title='bbox 1394 2581 1461 2613; x_wconf 90' lang='lat' dir='ltr'><strong>Dei,</strong></span> <span class='ocrx_word' id='word_1_961' title='bbox 1481 2588 1540 2608; x_wconf 87' lang='lat' dir='ltr'><strong>cum</strong></span> <span class='ocrx_word' id='word_1_962' title='bbox 1561 2585 1588 2608; x_wconf 93' lang='lat' dir='ltr'><strong>ct</strong></span> <span class='ocrx_word' id='word_1_963' title='bbox 1603 2581 1629 2608; x_wconf 92' lang='lat' dir='ltr'><strong>in</strong></span> <span class='ocrx_word' id='word_1_964' title='bbox 1649 2581 1731 2608; x_wconf 74' lang='lat' dir='ltr'><strong>{urina</strong></span> <span class='ocrx_word' id='word_1_965' title='bbox 1745 2581 1817 2608; x_wconf 73' lang='lat' dir='ltr'><strong>servi</strong></span> <span class='ocrx_word' id='word_1_966' title='bbox 1832 2587 1861 2608; x_wconf 80' lang='lat' dir='ltr'><strong>et</strong></span> <span class='ocrx_word' id='word_1_967' title='bbox 1878 2582 1906 2609; x_wconf 87' lang='lat' dir='ltr'><strong>in</strong></span> 
     </span>
    </p>
   </div>
   <div class='ocr_carea' id='block_1_115' title="bbox 1140 2625 1907 2662">
    <p class='ocr_par' dir='ltr' id='par_1_115' title="bbox 1140 2625 1907 2662">
     <span class='ocr_line' id='line_1_115' title="bbox 1140 2625 1907 2662; baseline 0.001 -11"><span class='ocrx_word' id='word_1_968' title='bbox 1140 2626 1235 2662; x_wconf 64' lang='lat' dir='ltr'><strong>_‘_Editi,</strong></span> <span class='ocrx_word' id='word_1_969' title='bbox 1248 2625 1362 2662; x_wconf 71' lang='lat' dir='ltr'><strong>templum</strong></span> <span class='ocrx_word' id='word_1_970' title='bbox 1372 2629 1406 2650; x_wconf 75' lang='lat' dir='ltr'><strong>est</strong></span> <span class='ocrx_word' id='word_1_971' title='bbox 1416 2626 1459 2662; x_wconf 64' lang='lat' dir='ltr'><strong>qui</strong></span> <span class='ocrx_word' id='word_1_972' title='bbox 1468 2625 1494 2650; x_wconf 86' lang='lat' dir='ltr'><strong>in</strong></span> <span class='ocrx_word' id='word_1_973' title='bbox 1503 2625 1565 2662; x_wconf 75' lang='lat' dir='ltr'><strong>vobis</strong></span> <span class='ocrx_word' id='word_1_974' title='bbox 1576 2628 1620 2650; x_wconf 80' lang='lat' dir='ltr'><strong>est.</strong></span> <span class='ocrx_word' id='word_1_975' title='bbox 1631 2629 1657 2650; x_wconf 82' lang='lat' dir='ltr'><strong>Al.</strong></span> <span class='ocrx_word' id='word_1_976' title='bbox 1668 2629 1712 2650; x_wconf 77' lang='lat' dir='ltr'><strong>Mss</strong></span> <span class='ocrx_word' id='word_1_977' title='bbox 1724 2643 1731 2662; x_wconf 60' lang='grc' dir='ltr'><strong>ι</strong></span> <span class='ocrx_word' id='word_1_978' title='bbox 1743 2626 1863 2662; x_wconf 81' lang='lat' dir='ltr'><strong>templum</strong></span> <span class='ocrx_word' id='word_1_979' title='bbox 1879 2626 1907 2652; x_wconf 75' lang='lat' dir='ltr'><strong>in</strong></span> 
     </span>
    </p>
   </div>
   <div class='ocr_carea' id='block_1_116' title="bbox 1108 2656 1908 2688">
    <p class='ocr_par' dir='ltr' id='par_1_116' title="bbox 1108 2656 1908 2688">
     <span class='ocr_line' id='line_1_116' title="bbox 1108 2656 1908 2688; baseline -0.001 -5"><span class='ocrx_word' id='word_1_980' title='bbox 1108 2656 1172 2683; x_wconf 65' lang='lat' dir='ltr'><strong>uobis</strong></span> <span class='ocrx_word' id='word_1_981' title='bbox 1181 2660 1227 2688; x_wconf 37' lang='lat' dir='ltr'><strong>est,</strong></span> <span class='ocrx_word' id='word_1_982' title='bbox 1238 2656 1314 2688; x_wconf 71' lang='lat' dir='ltr'><strong>atque</strong></span> <span class='ocrx_word' id='word_1_983' title='bbox 1326 2657 1358 2681; x_wconf 83' lang='lat' dir='ltr'><strong>ita</strong></span> <span class='ocrx_word' id='word_1_984' title='bbox 1371 2656 1463 2688; x_wconf 84' lang='lat' dir='ltr'><strong>profert</strong></span> <span class='ocrx_word' id='word_1_985' title='bbox 1482 2661 1621 2681; x_wconf 64' lang='lat' dir='ltr'><strong>constanter</strong></span> <span class='ocrx_word' id='word_1_986' title='bbox 1633 2657 1778 2687; x_wconf 81' lang='lat' dir='ltr'><strong>Augustinus</strong></span> <span class='ocrx_word' id='word_1_987' title='bbox 1788 2656 1814 2681; x_wconf 79' lang='lat' dir='ltr'><strong>in</strong></span> <span class='ocrx_word' id='word_1_988' title='bbox 1826 2664 1908 2688; x_wconf 80' lang='lat' dir='ltr'><strong>supe-</strong></span> 
     </span>
    </p>
   </div>
   <div class='ocr_carea' id='block_1_117' title="bbox 1107 2687 1910 2724">
    <p class='ocr_par' dir='ltr' id='par_1_117' title="bbox 1107 2687 1910 2724">
     <span class='ocr_line' id='line_1_117' title="bbox 1107 2687 1910 2724; baseline 0 -11"><span class='ocrx_word' id='word_1_989' title='bbox 1107 2689 1215 2724; x_wconf 74' lang='lat' dir='ltr'><strong>rioribus</strong></span> <span class='ocrx_word' id='word_1_990' title='bbox 1223 2687 1290 2712; x_wconf 80' lang='lat' dir='ltr'><strong>libris</strong></span> <span class='ocrx_word' id='word_1_991' title='bbox 1297 2691 1379 2712; x_wconf 83' lang='lat' dir='ltr'><strong>contra</strong></span> <span class='ocrx_word' id='word_1_992' title='bbox 1389 2688 1527 2712; x_wconf 81' lang='lat' dir='ltr'><strong>Arianorum</strong></span> <span class='ocrx_word' id='word_1_993' title='bbox 1538 2692 1688 2717; x_wconf 80' lang='lat' dir='ltr'><strong>sermonem,</strong></span> <span class='ocrx_word' id='word_1_994' title='bbox 1698 2691 1725 2712; x_wconf 87' lang='lat' dir='ltr'><strong>et</strong></span> <span class='ocrx_word' id='word_1_995' title='bbox 1734 2691 1820 2712; x_wconf 80' lang='lat' dir='ltr'><strong>conu-a</strong></span> <span class='ocrx_word' id='word_1_996' title='bbox 1831 2687 1910 2713; x_wconf 59' lang='lat' dir='ltr'><strong>Hari-</strong></span> 
     </span>
    </p>
   </div>
   <div class='ocr_carea' id='block_1_118' title="bbox 1108 2726 1910 2784">
    <p class='ocr_par' dir='ltr' id='par_1_118' title="bbox 1108 2726 1910 2784">
     <span class='ocr_line' id='line_1_118' title="bbox 1108 2726 1910 2784; baseline 0.002 -12"><span class='ocrx_word' id='word_1_997' title='bbox 1108 2726 1225 2784; x_wconf 39' lang='lat' dir='ltr'><strong>&quot;uigilia</strong></span> <span class='ocrx_word' id='word_1_998' title='bbox 1239 2748 1341 2784; x_wconf 65' lang='lat' dir='ltr'><strong>addunt,</strong></span> <span class='ocrx_word' id='word_1_999' title='bbox 1358 2751 1381 2774; x_wconf 80' lang='lat' dir='ltr'><strong>et</strong></span> <span class='ocrx_word' id='word_1_1000' title='bbox 1391 2751 1500 2780; x_wconf 83' lang='lat' dir='ltr'><strong>portate;</strong></span> <span class='ocrx_word' id='word_1_1001' title='bbox 1512 2748 1575 2781; x_wconf 89' lang='lat' dir='ltr'><strong>quod</strong></span> <span class='ocrx_word' id='word_1_1002' title='bbox 1587 2755 1601 2774; x_wconf 78' lang='grc' dir='ltr'><strong>ι</strong></span> <span class='ocrx_word' id='word_1_1003' title='bbox 1611 2753 1664 2773; x_wconf 77' lang='lat' dir='ltr'><strong>Mss.</strong></span> <span class='ocrx_word' id='word_1_1004' title='bbox 1677 2751 1704 2774; x_wconf 85' lang='lat' dir='ltr'><strong>et</strong></span> <span class='ocrx_word' id='word_1_1005' title='bbox 1714 2755 1727 2773; x_wconf 82' lang='lat' dir='ltr'><strong>a</strong></span> <span class='ocrx_word' id='word_1_1006' title='bbox 1741 2754 1823 2781; x_wconf 71' lang='lat' dir='ltr'><strong>graeco</strong></span> <span class='ocrx_word' id='word_1_1007' title='bbox 1832 2753 1910 2775; x_wconf 75' lang='lat' dir='ltr'><strong>textu</strong></span> 
     </span>
    </p>
   </div>
   <div class='ocr_carea' id='block_1_119' title="bbox 1109 2780 1909 2865">
    <p class='ocr_par' dir='ltr' id='par_1_119' title="bbox 1109 2780 1909 2865">
     <span class='ocr_line' id='line_1_119' title="bbox 1109 2780 1525 2812; baseline -0.002 -7"><span class='ocrx_word' id='word_1_1008' title='bbox 1109 2780 1213 2812; x_wconf 73' lang='lat' dir='ltr'><strong>Aposwli</strong></span> <span class='ocrx_word' id='word_1_1009' title='bbox 1225 2780 1303 2804; x_wconf 82' lang='lat' dir='ltr'><strong>abest.</strong></span> <span class='ocrx_word' id='word_1_1010' title='bbox 1522 2780 1525 2781; x_wconf 70' lang='lat'><strong><em>&#39;</em></strong></span> 
     </span>
     <span class='ocr_line' id='line_1_120' title="bbox 1133 2808 1909 2865; baseline 0.001 -31"><span class='ocrx_word' id='word_1_1011' title='bbox 1133 2812 1176 2848; x_wconf 74' lang='lat' dir='ltr'><strong>_(u)</strong></span> <span class='ocrx_word' id='word_1_1012' title='bbox 1189 2810 1315 2864; x_wconf 44' lang='lat' dir='ltr'><strong>{vili-licem</strong></span> <span class='ocrx_word' id='word_1_1013' title='bbox 1326 2809 1426 2854; x_wconf 75' lang='lat' dir='ltr'><strong>hujusce</strong></span> <span class='ocrx_word' id='word_1_1014' title='bbox 1434 2808 1480 2846; x_wconf 74' lang='lat' dir='ltr'><strong>loci</strong></span> <span class='ocrx_word' id='word_1_1015' title='bbox 1492 2809 1621 2846; x_wconf 74' lang='lat' dir='ltr'><strong>lectionem</strong></span> <span class='ocrx_word' id='word_1_1016' title='bbox 1633 2810 1704 2849; x_wconf 61' lang='grc' dir='ltr'><strong>δίζω-ι</strong></span> <span class='ocrx_word' id='word_1_1017' title='bbox 1715 2818 1810 2853; x_wconf 81' lang='lat' dir='ltr'><strong>rursum</strong></span> <span class='ocrx_word' id='word_1_1018' title='bbox 1823 2816 1909 2865; x_wconf 49' lang='lat' dir='ltr'><strong>Arign-</strong></span> 
     </span>
     <span class='ocr_line' id='line_1_121' title="bbox 1109 2841 1909 2865; baseline 0 0"><span class='ocrx_word' id='word_1_1019' title='bbox 1109 2846 1187 2865; x_wconf 70' lang='lat' dir='ltr'><strong>sltnlts</strong></span> <span class='ocrx_word' id='word_1_1020' title='bbox 1198 2848 1220 2865; x_wconf 89' lang='grc' dir='ltr'>ι.ι</span> <span class='ocrx_word' id='word_1_1021' title='bbox 1242 2842 1295 2865; x_wconf 80' lang='lat' dir='ltr'><strong>Ihm</strong></span> <span class='ocrx_word' id='word_1_1022' title='bbox 1305 2841 1334 2864; x_wconf 84' lang='lat' dir='ltr'><strong>ad</strong></span> <span class='ocrx_word' id='word_1_1023' title='bbox 1348 2844 1401 2865; x_wconf 83' lang='lat' dir='ltr'><strong>Bonl</strong></span> <span class='ocrx_word' id='word_1_1024' title='bbox 1412 2848 1486 2865; x_wconf 76' lang='lat' dir='ltr'><strong>actum</strong></span> <span class='ocrx_word' id='word_1_1025' title='bbox 1499 2845 1581 2865; x_wconf 73' lang='lat' dir='ltr'><strong>tertio.</strong></span> <span class='ocrx_word' id='word_1_1026' title='bbox 1595 2848 1646 2865; x_wconf 87' lang='lat' dir='ltr'><strong>can.</strong></span> <span class='ocrx_word' id='word_1_1027' title='bbox 1663 2850 1682 2865; x_wconf 82' lang='grc' dir='ltr'>ι.</span> <span class='ocrx_word' id='word_1_1028' title='bbox 1696 2844 1774 2865; x_wconf 74' lang='grc' dir='ltr'>Ιι·διιιιι</span> <span class='ocrx_word' id='word_1_1029' title='bbox 1785 2848 1836 2865; x_wconf 76' lang='lat' dir='ltr'><strong>eun</strong></span> <span class='ocrx_word' id='word_1_1030' title='bbox 1865 2849 1909 2865; x_wconf 79' lang='lat' dir='ltr'><strong>em</strong></span> 
     </span>
    </p>
   </div>
   <div class='ocr_carea' id='block_1_120' title="bbox 1107 2841 1909 2872">
    <p class='ocr_par' dir='ltr' id='par_1_120' title="bbox 1107 2841 1909 2872">
     <span class='ocr_line' id='line_1_122' title="bbox 1107 2841 1909 2872; baseline -0.001 -5"><span class='ocrx_word' id='word_1_1031' title='bbox 1107 2842 1187 2867; x_wconf 64' lang='lat' dir='ltr'><strong>stilus</strong></span> <span class='ocrx_word' id='word_1_1032' title='bbox 1198 2841 1220 2865; x_wconf 72' lang='lat' dir='ltr'><strong>in</strong></span> <span class='ocrx_word' id='word_1_1033' title='bbox 1234 2841 1295 2865; x_wconf 83' lang='lat' dir='ltr'><strong>libro</strong></span> <span class='ocrx_word' id='word_1_1034' title='bbox 1305 2841 1334 2864; x_wconf 88' lang='lat' dir='ltr'><strong>ad</strong></span> <span class='ocrx_word' id='word_1_1035' title='bbox 1348 2842 1401 2865; x_wconf 84' lang='lat' dir='ltr'><strong>Boni</strong></span> <span class='ocrx_word' id='word_1_1036' title='bbox 1410 2842 1486 2865; x_wconf 73' lang='lat' dir='ltr'><strong>&#39;acium</strong></span> <span class='ocrx_word' id='word_1_1037' title='bbox 1499 2841 1581 2869; x_wconf 77' lang='lat' dir='ltr'><strong>tertio,</strong></span> <span class='ocrx_word' id='word_1_1038' title='bbox 1595 2848 1646 2871; x_wconf 86' lang='lat' dir='ltr'><strong>cap.</strong></span> <span class='ocrx_word' id='word_1_1039' title='bbox 1658 2842 1682 2865; x_wconf 78' lang='lat'><strong>&#39;7.</strong></span> <span class='ocrx_word' id='word_1_1040' title='bbox 1696 2844 1774 2872; x_wconf 68' lang='lat' dir='ltr'><strong>lj-suiu</strong></span> <span class='ocrx_word' id='word_1_1041' title='bbox 1785 2841 1909 2866; x_wconf 56' lang='lat' dir='ltr'><strong>eundem</strong></span> 
     </span>
    </p>
   </div>
   <div class='ocr_carea' id='block_1_121' title="bbox 1110 2871 1909 2902">
    <p class='ocr_par' dir='ltr' id='par_1_121' title="bbox 1110 2871 1909 2902">
     <span class='ocr_line' id='line_1_123' title="bbox 1110 2871 1909 2902; baseline 0.003 -7"><span class='ocrx_word' id='word_1_1042' title='bbox 1110 2872 1187 2897; x_wconf 74' lang='lat' dir='ltr'><strong>locum</strong></span> <span class='ocrx_word' id='word_1_1043' title='bbox 1210 2873 1234 2897; x_wconf 86' lang='lat' dir='ltr'><strong>in</strong></span> <span class='ocrx_word' id='word_1_1044' title='bbox 1256 2872 1337 2897; x_wconf 71' lang='lat' dir='ltr'><strong>latinis</strong></span> <span class='ocrx_word' id='word_1_1045' title='bbox 1355 2872 1484 2902; x_wconf 70' lang='lat' dir='ltr'><strong>codicibus</strong></span> <span class='ocrx_word' id='word_1_1046' title='bbox 1502 2871 1638 2896; x_wconf 79' lang='lat' dir='ltr'><strong>lals.torum</strong></span> <span class='ocrx_word' id='word_1_1047' title='bbox 1662 2872 1760 2902; x_wconf 80' lang='lat' dir='ltr'><strong>perliJia</strong></span> <span class='ocrx_word' id='word_1_1048' title='bbox 1783 2875 1909 2897; x_wconf 77' lang='lat' dir='ltr'><strong>mutatum</strong></span> 
     </span>
    </p>
   </div>
   <div class='ocr_carea' id='block_1_122' title="bbox 1110 2901 1909 2934">
    <p class='ocr_par' dir='ltr' id='par_1_122' title="bbox 1110 2901 1909 2934">
     <span class='ocr_line' id='line_1_124' title="bbox 1110 2901 1909 2934; baseline 0 -5"><span class='ocrx_word' id='word_1_1049' title='bbox 1110 2903 1195 2934; x_wconf 65' lang='lat' dir='ltr'><strong>fuisse,</strong></span> <span class='ocrx_word' id='word_1_1050' title='bbox 1207 2906 1290 2928; x_wconf 85' lang='lat' dir='ltr'><strong>monet</strong></span> <span class='ocrx_word' id='word_1_1051' title='bbox 1299 2903 1434 2928; x_wconf 80' lang='lat' dir='ltr'><strong>Ambrosius</strong></span> <span class='ocrx_word' id='word_1_1052' title='bbox 1443 2903 1467 2927; x_wconf 89' lang='lat' dir='ltr'><strong>in</strong></span> <span class='ocrx_word' id='word_1_1053' title='bbox 1480 2901 1521 2927; x_wconf 87' lang='lat' dir='ltr'><strong>lib.</strong></span> <span class='ocrx_word' id='word_1_1054' title='bbox 1533 2902 1549 2927; x_wconf 75' lang='lat'><strong>2</strong></span> <span class='ocrx_word' id='word_1_1055' title='bbox 1564 2902 1596 2927; x_wconf 88' lang='lat' dir='ltr'><strong>de</strong></span> <span class='ocrx_word' id='word_1_1056' title='bbox 1607 2901 1694 2933; x_wconf 79' lang='lat' dir='ltr'><strong>spiritu</strong></span> <span class='ocrx_word' id='word_1_1057' title='bbox 1704 2906 1802 2933; x_wconf 80' lang='lat' dir='ltr'><strong>sancto,</strong></span> <span class='ocrx_word' id='word_1_1058' title='bbox 1811 2909 1868 2934; x_wconf 84' lang='lat' dir='ltr'><strong>cap.</strong></span> <span class='ocrx_word' id='word_1_1059' title='bbox 1881 2902 1909 2929; x_wconf 83' lang='lat'><strong>6.</strong></span> 
     </span>
    </p>
   </div>
  </div>
