2042 3210
159 183 213 212 82:!

132 245 134 247 ’
158 241 244 270 forma
255 241 306 270 Dei
319 240 389 269 idem
404 240 461 275 ipse
474 240 508 267 sit
522 239 604 268 Filius
618 239 770 274 unigenitus
783 239 829 266 Dei
844 239 930 268 Patris
942 260 950 272 .

158 288 184 315 in
202 287 290 315 forma
311 287 357 314 Dei
375 286 484 321 aequalis
495 286 587 318 Patri,
604 285 630 313 in
644 284 727 313 forma
740 285 810 313 servi
822 278 953 313 incdiator

158 334 205 362 Dei
223 338 252 362 et
269 333 407 361 hominum
421 332 501 360 homo
513 332 634 360 Christus
652 332 748 364 Jesus:
762 332 822 367 quis
841 340 893 359 non
909 332 950 360 in.

158 380 261 415 telligat
280 379 352 415 quod
370 379 398 407 in
417 378 502 407 {unua
519 378 570 407 Dei
587 379 667 407 etiam
686 379 742 414 ipse
754 386 783 407 se
797 380 854 414 ips‘o
868 378 952 413 major

152 430 198 454 est
208 446 215 458 ,
239 426 266 453 in
285 425 371 454 fama
390 429 479 453 autem
492 425 562 452 nervi
577 425 656 453 etiam
670 432 700 453 se
711 425 772 459 ipso
785 422 873 454 minor
887 424 951 452 est?

155 471 214 499 Non
237 471 326 506 itaque
346 470 480 498 immerito
501 470 639 505 Scriptura
661 473 803 505 utrumque
824 468 903 504 dicit,
923 475 950 498 et

156 516 287 551 aqualem
299 517 372 544 Patri
392 516 488 544 Filium
500 537 509 550 ,
522 520 551 544 et
565 516 670 544 Patrem
685 516 813 551 majorem
826 514 903 544 Filio.
918 516 950 544 ll-

120 580 123 581 ν
156 562 201 589 ΙΙΙύ
222 562 294 589 enim
316 566 425 597 propter
446 562 558 590 formam
580 562 644 595 Dei,
662 562 711 589 hoc
732 566 821 589 autem
841 566 951 597 propter

156 607 269 636 fortnam
279 607 361 640 servi.
373 608 431 635 sine
443 608 495 635 ulla
505 607 660 635 confusione
673 607 880 643 intelligitur.Et
889 604 949 635 lucc

153 653 233 680 nobis
246 653 338 688 regula
354 660 401 688 per
410 660 505 681 omnes
514 660 603 681 sacras
613 652 764 689 Scripturas
773 652 950 681 dissolvendae

155 699 236 734 hujus
257 700 412 734 antestium:
424 721 432 733 ,
454 708 488 728 ex
507 707 563 728 uno
582 701 701 736 capitqu
725 700 851 737 Epistotte
875 695 950 728 Pauli

154 745 269 781 apostoli
280 745 422 781 promitur,
435 745 481 774 ubi
495 746 659 774 maniieStius
672 746 722 774 ista
733 746 869 774 distinctio
881 752 951 773 com~

155 790 308 819 mentiatur.
323 791 368 819 Ait
381 791 451 819 enim
462 800 471 819 :
485 791 536 825 Qui
547 799 606 821 tum
619 792 645 819 in
658 792 740 827 forma
752 792 801 819 Dei
812 797 884 826 esset,
899 798 951 819 non

154 839 274 873 reginam
297 838 433 866 arbitratus
454 843 491 866 est
511 846 565 866 esse
581 839 685 874 aequalis
706 837 783 871 Deo;
800 838 845 867 sed
859 844 949 865 semet-

155 884 240 921 ipsum
252 884 399 917 ainanirit,
413 886 521 921 [oratam
534 885 600 912 sonti
611 884 748 920 accipiens,
764 884 790 911 in
801 883 950 911 similitudi-

154 937 212 958 nem
225 929 355 957 hominum
368 932 463 965 fructm,
475 935 502 958 et
516 929 603 957 habitu
617 930 732 957 inuentus
746 934 772 957 ut
786 931 860 957 homo
873 929 951 966 (Phi-

155 974 220 1011 lipp.
237 982 256 1002 ιι
268 996 276 1007 ,
289 975 307 1003 6
316 996 326 1010 ,
341 975 358 1002 7
368 975 389 1010 ).
404 975 455 1003 Est
467 982 532 1011 ergo
544 975 593 1004 Dei
606 974 690 1003 Filius
703 974 759 1003 Deo
773 975 843 1003 Patri
857 977 950 1003 natura

155 1021 286 1057 :cqualis,
311 1021 401 1049 habitu
420 1021 518 1050 minor.
534 1022 563 1049 In
582 1022 667 1050 forma
688 1022 759 1051 enim
781 1023 850 1050 servi
870 1030 950 1058 quant

152 1067 269 1102 accepit,
285 1067 373 1094 minor
386 1072 427 1094 est
441 1067 521 1095 Patre
536 1077 542 1095 :
558 1068 583 1095 in
596 1068 681 1095 forma
696 1073 783 1096 autem
801 1069 846 1096 Dei
861 1069 886 1096 in
900 1076 950 1103 qua

155 1117 212 1140 erat
224 1113 306 1141 etiam
320 1118 462 1149 antequam
477 1114 545 1142 hanc
558 1115 713 1149 accepisset,
727 1114 836 1151 aequalis
847 1120 888 1143 est
902 1115 951 1144 Pa-

156 1159 201 1187 tri.
216 1159 245 1186 in
260 1159 345 1187 forma
361 1160 418 1192 Dei,
433 1160 549 1189 Verbum
563 1168 610 1196 per
621 1161 693 1197 quod
708 1161 776 1189 facta
788 1165 851 1189 sunt
862 1163 951 1190 omnia

157 1203 247 1240 (Joan.
261 1213 280 1237 ι,
295 1204 322 1241 5)
335 1215 342 1233 :
354 1206 380 1232 in
392 1205 477 1235 forma
489 1211 577 1234 autem
589 1207 670 1238 servi.
686 1207 769 1234 iactus
783 1214 815 1235 ex
828 1208 949 1242 muliere,

154 1249 243 1278 factus
255 1252 307 1279 sub
321 1251 391 1287 Lege
400 1273 408 1285 ,
421 1257 452 1279 ut
464 1260 511 1280 eos
521 1250 568 1288 qui
579 1254 632 1280 sub
646 1253 717 1289 Lege
730 1258 821 1287 erant,
835 1253 951 1282 redime-

156 1302 197 1325 ret
209 1296 309 1334 (Colat.
322 1306 358 1330 tv,
370 1299 397 1332 4,
408 1298 447 1334 5).
462 1297 576 1327 Proinde
588 1299 614 1326 in
628 1299 711 1327 forma
727 1300 773 1327 Dei
785 1299 848 1327 fecit
862 1299 950 1328 homi-

155 1350 238 1375 nem;
258 1343 285 1371 in
304 1343 388 1372 forma
407 1345 476 1372 servi
492 1345 576 1375 factus
590 1349 632 1374 est
646 1345 736 1373 homo.
751 1345 817 1373 Nam
835 1346 857 1373 si
872 1345 953 1374 Pater

158 1392 260 1417 tantum
274 1389 331 1418 sine
344 1389 410 1418 Filio
423 1389 530 1419 feciSset
543 1391 689 1425 hominem,
702 1399 757 1419 non
771 1392 898 1427 scriptum
911 1399 954 1421 es-

158 1439 209 1466 set,
227 1433 364 1463 Faciamus
382 1434 508 1463 hominem
527 1436 561 1464 ad
577 1438 712 1473 imaginem
727 1442 751 1464 et
763 1438 953 1466 similitudinem

158 1485 271 1508 nostram
284 1481 366 1517 (Gen.
383 1490 412 1515 ι,
432 1482 497 1520 26).
513 1483 583 1518 ﬁgo
602 1484 662 1520 quia
683 1483 766 1512 forma
790 1484 837 1513 Dei
851 1487 954 1521 accepit

160 1526 272 1555 formam
285 1528 365 1562 servi,
378 1532 519 1563 utrumque
531 1531 599 1557 Dens
610 1535 636 1558 et
645 1537 787 1567 utrumque
796 1530 877 1559 homo
887 1541 897 1560 ι
905 1533 952 1561 sed

159 1577 303 1608 utrumque
317 1574 387 1602 Dens
399 1580 508 1610 propter
520 1577 691 1612 aocipientem
705 1577 799 1610 Deum,
811 1582 954 1614 utrumque

155 1624 249 1647 autem
263 1619 344 1647 homo
356 1626 465 1656 propter
474 1627 613 1657 acceptum
624 1622 770 1652 hominem.
782 1623 873 1659 Neque
882 1624 953 1651 enim

159 1664 206 1693 illa
219 1666 388 1701 susceptitme
400 1667 513 1695 alterum
527 1675 619 1695 eorum
632 1668 658 1696 in
670 1669 781 1696 alterum
795 1677 953 1699 conversum

114 1707 124 1721 ν’
159 1714 241 1752 atque
251 1716 379 1739 mutatum
392 1717 434 1740 est
447 1721 453 1741 :
466 1720 515 1741 nec
524 1713 648 1741 divinitas
658 1715 756 1750 quippe
767 1715 793 1742 in
805 1721 953 1744 creaturam

146 1762 148 1764 '
162 1753 263 1785 ιιιιιὶἷιιι
277 1763 333 1789 est,
348 1762 375 1785 ut
388 1757 529 1787 desisteret
540 1766 601 1788 esse
614 1758 754 1793 divinitas;
770 1767 820 1788 nec
833 1765 954 1790 creatura

162 1802 189 1831 in
204 1803 379 1837 divinitatem,
395 1810 424 1832 ut
438 1804 579 1833 desisteret
594 1813 654 1833 esse
667 1811 798 1834 creatura.

197 1848 309 1877 CAPUT
330 1849 395 1877 Vill.
407 1865 442 1870 —
455 1851 499 1878 l5.
521 1851 667 1886 Scriptura;
682 1852 713 1878 de
726 1852 879 1888 subjectione
892 1852 954 1880 Filii

161 1895 208 1921 sub
224 1893 302 1922 Patre
315 1903 446 1930 perperam
463 1896 602 1924 intellectas
615 1897 735 1933 explicat.
751 1898 866 1934 Regnum
883 1899 955 1926 Patri

162 1948 213 1968 non
227 1941 264 1967 sic
285 1941 365 1969 tradet
382 1941 516 1976 Christus,
538 1947 566 1969 ut
585 1942 680 1971 adimat
696 1943 752 1972 sibi.
770 1943 954 1979 Contemplatio

163 1986 286 2020 promisso
306 1986 364 2021 ﬁnis
384 1987 497 2014 omnium
514 1988 651 2015 actionum.
674 1988 786 2023 Spiritus
805 1993 907 2016 sanctus
920 1990 954 2016 ad

164 2033 341 2061 beatitudinem
352 2039 464 2061 nostram
474 2034 564 2070 sufﬁcit
575 2035 678 2070 perinde
688 2042 718 2062 ac
730 2034 817 2064 Pater.
828 2035 893 2063 illud
905 2043 952 2065 au-

164 2081 217 2105 tem
232 2078 301 2113 quod
317 2079 379 2106 dicit
393 2080 549 2115 Apostolus,
564 2079 628 2108 Cum
642 2086 725 2108 autem
738 2082 761 2109 ei
774 2082 859 2109 omnia
872 2083 955 2116 subie-

162 2128 204 2151 cta
221 2124 324 2159 nterim,
343 2131 402 2152 tunc
421 2132 445 2153 et
464 2127 518 2161 ipse
532 2126 556 2153 Γ
557 2127 615 2154 ilius
627 2127 753 2162 subjectus
765 2127 811 2155 erit
825 2128 848 2155 ei
860 2128 902 2163 qui
916 2128 955 2155 illi

161 2169 267 2204 subjecit
279 2169 382 2203 omnia;
395 2177 440 2199 aut
453 2172 513 2200 ideo
523 2172 623 2200 dictum
637 2177 692 2206 est,
706 2177 740 2200 ne
754 2165 893 2208 quisquam
908 2181 953 2209 pu-

162 2213 231 2242 taret
245 2215 364 2244 babitnm
377 2217 485 2250 Christi,
499 2218 544 2253 qui
559 2226 590 2245 ex
604 2218 718 2246 humana
731 2222 851 2246 creatura
865 2227 955 2248 susce-

162 2266 224 2295 ptus
236 2266 288 2295 est,
310 2269 469 2291 conversum
484 2264 515 2291 iri
529 2268 621 2299 postea
637 2264 662 2291 in
675 2264 759 2299 ipsam
773 2264 953 2299 divinitatem,

162 2307 215 2340 vel,
227 2314 256 2335 ut
272 2309 372 2336 certius
390 2311 581 2345 expresserim,
603 2310 743 2345 deitatem,
764 2319 824 2347 qua:
844 2320 896 2339 non
915 2317 955 2340 est

159 2358 294 2387 creatura,
303 2355 352 2382 sed
362 2360 403 2383 est
413 2356 499 2383 unitas
506 2352 644 2384 Trinitatis
656 2357 811 2392 incorporea
822 2362 848 2385 et
858 2357 956 2385 incom-

162 2399 296 2426 mutabilis
310 2405 338 2427 ot
349 2400 456 2428 sibimet
470 2401 703 2430 consubstantialis
715 2408 743 2430 et
756 2409 888 2431 eoa-terna
905 2410 954 2430 na-

162 2448 232 2471 tura.
246 2445 300 2473 Ant
309 2446 333 2473 si
347 2446 486 2481 quisquam
500 2448 653 2481 contendit,
668 2453 693 2475 ut
707 2449 787 2485 aliqui
800 2454 953 2484 senserunt,

163 2489 197 2516 ita
211 2489 312 2518 dictum
324 2511 331 2523 ,
347 2491 379 2520 Et
396 2492 449 2527 ipse
461 2492 544 2520 Filius
558 2493 683 2528 subjectus
696 2494 743 2521 erit
757 2495 779 2521 ei
793 2496 835 2529 qm'
848 2495 886 2522 illi
896 2496 953 2522 sub-

158 2536 220 2570 jecit
238 2537 335 2570 omnia,
351 2542 380 2564 ut
398 2538 481 2573 ipsam
497 2539 687 2573 subjectiunem
697 2560 704 2572 ,
718 2541 951 2569 commutatioaetu

162 2587 189 2609 et
208 2584 412 2613 conversionem
431 2585 523 2613 credat
541 2585 657 2614 futuram
672 2591 803 2614 creatura:
823 2587 848 2615 in
870 2588 953 2623 ipsam

161 2628 336 2656 substantiam
353 2631 394 2657 vel
408 2631 553 2659 essentiam
568 2632 703 2659 Creatoris
714 2654 721 2664 ,
737 2632 763 2660 id
778 2638 818 2660 est
831 2654 838 2666 ,
851 2638 880 2660 ut
893 2635 954 2669 qua:

162 2672 248 2702 fuerat
261 2674 408 2703 substantia
423 2682 567 2711 creaturae,
582 2677 627 2705 (lat
637 2678 784 2705 substantia
799 2679 932 2708 Creatoris
945 2688 952 2713 ;

161 2724 234 2748 certe
246 2719 288 2748 vel
302 2721 352 2748 hoc
365 2723 497 2757 concedit,
511 2723 581 2758 quod
595 2731 647 2751 non
661 2724 739 2752 habet
752 2724 833 2752 ullam
849 2726 954 2753 dubitac

162 2766 261 2793 tionem
271 2786 279 2799 ,
295 2767 411 2794 nondum
426 2768 476 2795 hoc
490 2769 571 2796 fuisse
585 2768 680 2797 factum
695 2778 755 2797 cum
771 2768 897 2798 Dominus
910 2771 952 2799 di-

147 2819 149 2821 '
161 2816 236 2839 ceret
246 2832 254 2845 ,
272 2812 351 2840 Pater
363 2815 445 2850 major
458 2822 497 2842 me
508 2820 554 2842 est.
567 2815 638 2843 Dixit
651 2817 720 2843 enim
734 2816 786 2845 lxoc
799 2825 851 2844 non
865 2818 952 2845 solum

161 2863 305 2894 antequam
327 2860 493 2888 ascendisset
511 2861 538 2888 in
563 2862 661 2889 etelum
674 2884 683 2895 ,
700 2869 791 2889 verum
807 2862 887 2890 etiam
903 2871 951 2890 an-

162 2908 269 2942 tequam
283 2912 377 2942 passus
387 2907 576 2936 rcSurrexisset
588 2915 603 2935 ιι
618 2906 739 2937 Mortuis.
755 2907 794 2937 Illi
806 2913 893 2938 autem
906 2910 951 2947 qui

849 178 947 209 LIBER
969 180 1105 210 PRIMUS.

1742 186 1795 215 850

1006 244 1099 274 putant
1110 239 1251 266 humanam
1260 239 1288 266 in
1296 244 1331 267 eo
1342 244 1462 266 naturam
1473 239 1498 266 in
1508 239 1614 267 deitatis
1622 240 1796 271 subStantiam

1005 285 1099 312 mutari
1114 288 1193 323 atque
1205 284 1335 317 convorti,
1349 289 1376 312 et
1389 284 1426 311 ita
1438 285 1548 318 dictum,
1566 285 1635 313 Tunc
1646 291 1670 313 et
1683 287 1738 321 ipse
1749 288 1796 315 Fi-

1004 329 1055 356 lius
1068 329 1193 364 subjectus
1205 330 1252 357 erit
1264 330 1286 357 ei
1298 330 1341 365 qui
1353 330 1394 357 illi
1405 330 1511 365 subjecit
1522 331 1607 358 omnia
1617 352 1625 365 ,
1640 338 1671 359 ae
1684 332 1706 359 si
1722 332 1797 361 dice—

1000 379 1088 408 retur,
1109 373 1184 403 ‘t‘une
1202 379 1232 403 et
1250 375 1306 410 ipse
1326 375 1408 403 Filius
1427 376 1543 404 hominis
1556 382 1587 404 et
1607 384 1621 404 a
1638 368 1731 406 Verbo
1748 379 1795 407 Dei

1003 425 1127 455 suscepta
1139 421 1255 448 humana
1269 427 1363 449 natura
1379 422 1587 450 commutabitur
1600 423 1630 451 ‘in
1644 424 1703 459 eius
1714 428 1796 453 natu-

999 472 1060 494 ‘ra‘m
1073 488 1080 500 ,
1101 467 1146 503 qui
1166 468 1190 495 ei
1211 468 1324 503 subjecit
1340 469 1449 501 omnia;
1468 473 1533 497 tttnc
1552 469 1667 498 futurum
1683 476 1795 506 putant,

998 506 1061 542 tum.
1073 518 1132 551 post
1144 514 1216 543 diem
1228 515 1318 550 indicii
1337 515 1468 543 tradiderit
1482 523 1586 552 regnum
1602 516 1657 544 ιιεο
1672 518 1695 544 et
1711 517 1795 546 Patri.

1003 561 1041 588 Ac
1054 568 1104 596 per
1123 560 1174 588 hoc
1189 561 1268 588 etiam
1287 561 1431 588 secundum
1444 561 1521 588 istam
1537 562 1692 597 opinionem
1710 563 1797 592 adhuc

990 600 1182 640 Patet-major
1197 610 1255 639 est,
1270 612 1350 640 quam
1368 612 1430 641 qua:
1447 606 1484 634 de
1505 606 1610 642 Virgine
1626 608 1697 636 servi
1710 609 1795 636 forma

1002 656 1110 687 accepta
1128 656 1182 679 est.
1200 651 1278 685 Quod
1295 652 1317 679 si
1333 651 1418 687 'aliqui
1438 654 1465 679 et
1481 652 1535 680 hoc
1553 652 1703 686 afﬁrmant,
1725 654 1796 688 quod

998 698 1054 734 jam
1071 699 1149 727 luem
1163 699 1189 726 in
1202 698 1249 726 Dei
1262 699 1438 727 substantiam
1451 704 1567 727 mutatus
1579 699 1660 727 homo
1674 699 1796 728 Christus

1001 744 1097 777 tenus;
1113 744 1178 772 illud
1198 748 1272 772 certe
1289 750 1388 779 negare
1406 750 1459 772 non
1479 748 1592 780 possunt
1603 766 1610 778 ,
1625 746 1695 781 quod
1709 746 1796 774 adhuc

1000 794 1097 818 natura
1111 790 1227 817 hominis
1240 790 1366 818 manebat
1376 810 1383 822 ,
1396 789 1503 825 quando
1517 796 1578 818 ante
1591 791 1741 826 passionem
1753 792 1795 819 di-

997 835 1090 870 ωλι,
1103 836 1227 870 Quoniam
1239 836 1316 864 Pater
1326 838 1411 870 major
1420 844 1459 863 me
1469 840 1505 864 est
1514 836 1601 864 :uude
1609 837 1681 864 nulla
1692 841 1795 865 cuneta-

1002 880 1040 909 tltt
1053 886 1097 910 est
1108 881 1254 910 secundum
1269 881 1320 908 hoc
1332 878 1430 909 dictum
1448 885 1509 909 cSSe
1520 903 1528 915 ,
1543 882 1614 917 quod
1628 882 1711 909 forma
1724 884 1796 910 servi

1004 928 1088 964 major
1098 932 1145 956 est
1163 927 1257 960 Pater,
1271 927 1313 955 cui
1324 924 1352 955 in
1368 928 1453 955 l‘orma
1465 928 1513 955 Dei
1527 927 1636 963 aequalis
1650 933 1689 955 est
1703 928 1794 956 Filius.

1002 974 1057 1003 Nec
1073 973 1211 1010 quisq-sm
1225 981 1286 1003 cum
1299 973 1412 1001 audierit
1424 973 1494 1009 quod
1506 974 1544 1000 ait
1556 969 1699 1009 Apostolus
1711 994 1718 1005 ,
1733 973 1796 1001 Cum

1001 1026 1086 1048 autent
1099 1020 1204 1053 dixerit,
1213 1020 1277 1055 quia
1286 1020 1374 1048 mnia
1385 1020 1496 1054 subjecta
1509 1025 1567 1046 sunt
1579 1020 1601 1046 ei
1614 1041 1620 1049 .
1635 1020 1796 1055 manifestum

1002 1067 1062 1102 quia
1075 1070 1167 1102 praeter
1180 1074 1235 1093 cum
1247 1066 1289 1101 qui
1303 1066 1343 1093 tYli
1356 1066 1460 1102 subjecit
1473 1065 1593 1101 omnia‘(l
1606 1064 1665 1093 Cor.
1678 1073 1714 1093 xv
1723 1087 1729 1098 ,
1742 1065 1778 1093 28
1788 1087 1795 1096 .

1001 1113 1039 1142 ﬂ
1052 1133 1060 1146 ,
1075 1112 1123 1148 27)
1134 1133 1140 1145 ,
1158 1113 1193 1140 ita
1208 1112 1344 1140 existimet
1356 1112 1390 1139 de
1401 1112 1481 1138 Patre
1494 1111 1692 1146 intelligendum
1705 1132 1711 1143 ,
1726 1111 1796 1145 quod

1002 1159 1147 1195 subjeeerit
1167 1159 1255 1186 omnia
1274 1159 1354 1192 Filio,
1371 1162 1402 1185 tu.
1421 1158 1509 1193 ipsum
1527 1157 1624 1184 Filiam
1642 1157 1691 1184 sibi
1708 1156 1796 1183 omnia

1003 1205 1150 1239 Subit-cisse
1166 1211 1218 1231 non
1227 1208 1313 1240 putet.
1326 1203 1401 1237 Quod
1414 1203 1556 1238 Apostolus
1564 1202 1599 1229 ad
1608 1201 1797 1236 Philippenses

1001 1250 1121 1277 ostendit
1131 1245 1224 1277 dicens
1238 1258 1244 1276 :
1257 1249 1354 1276 Nostra
1367 1253 1450 1279 autem
1459 1248 1616 1275 conversatio
1627 1247 1653 1274 in
1663 1245 1796 1279 nisi;

1004 1295 1071 1322 unde
1082 1299 1106 1322 et
1121 1295 1279 1323 Saluatore»:
1293 1297 1465 1329 exspectamus
1478 1293 1614 1320 Dominum
1624 1292 1712 1319 Iesum
1722 1289 1798 1319 Chri-

1001 1344 1081 1372 stum,
1095 1341 1138 1375 qui
1149 1340 1342 1376 transﬁgurabit
1353 1347 1447 1375 corpus
1459 1339 1609 1366 humilitatis
1621 1342 1722 1370 nosti-te,
1736 1346 1798 1365 con-

1005 1387 1085 1422 formo
1098 1391 1126 1414 ut
1141 1387 1186 1421 fiat
1198 1382 1298 1421 corpori
1309 1387 1397 1422 gloriw
1406 1394 1468 1419 stur,
1481 1386 1617 1413 secundum
1628 1384 1798 1419 operationem

1004 1438 1078 1460 suam
1089 1454 1097 1466 ,
1109 1440 1163 1469 qua
1177 1433 1256 1468 possit
1268 1433 1343 1459 etiam
1360 1433 1407 1459 sibi
1421 1432 1543 1468 subjicere
1555 1429 1639 1458 omnia
1659 1431 1667 1465 (
1680 1424 1796 1466 Philipp.

1005 1485 1033 1507 ιιι
1043 1499 1050 1510 ,
1065 1478 1101 1506 20
1110 1499 1118 1511 ,
1130 1478 1187 1514 2i).
1199 1475 1387 1514 inseparabilis
1401 1478 1471 1506 enim
1484 1477 1603 1513 operatio
1618 1481 1659 1505 est
1672 1477 1759 1504 Patris
1771 1482 1798 1504 ct

1006 1523 1076 1551 Filii.
1090 1524 1213 1559 Alioquin
1227 1530 1277 1552 nee
1289 1524 1346 1559 ipse
1359 1524 1436 1552 Pater
1447 1524 1497 1551 sibi
1511 1523 1623 1558 subjecit
1634 1523 1734 1556 omnia,
1749 1522 1797 1550 sed

1007 1570 1089 1601 Filius
1109 1571 1134 1598 ei
1155 1570 1280 1606 subjecit,
1303 1571 1347 1605 qui
1366 1571 1390 1598 ci
1408 1578 1518 1605 regnum
1538 1570 1626 1602 tradit,
1640 1573 1670 1596 et
1688 1574 1799 1597 evnruat

1006 1622 1112 1645 omnem
1134 1615 1309 1652 principatum
1327 1621 1354 1644 ct
1371 1623 1477 1644 omnem
1496 1621 1653 1651 potesmtem
1674 1620 1700 1643 ιιι
1717 1615 1800 1642 virtu-

1007 1667 1071 1693 tem.
1086 1664 1125 1691 De
1139 1663 1208 1693 Filio
1221 1663 1319 1698 quippe
1334 1663 1383 1690 ista
1397 1662 1467 1690 dicta
1481 1666 1544 1689 sunt
1557 1670 1563 1687 :
1578 1661 1640 1689 Cum
1654 1661 1797 1694 tradiderit,

1006 1708 1108 1744 inquit,
1129 1717 1234 1744 regnum
1249 1708 1303 1737 Dro
1319 1712 1342 1735 et
1356 1707 1447 1742 Patri,
1463 1716 1520 1735 cum
1535 1707 1688 1734 evocant-erit
1701 1712 1799 1734 omnem

1006 1753 1173 1788 principatum
1185 1758 1209 1780 et
1220 1761 1318 1780 omnem
1328 1757 1476 1789 potestate»:
1485 1758 1509 1780 et
1520 1752 1643 1780 rirttttem.
1656 1751 1665 1778 l
1670 1758 1716 1787 pse
1727 1752 1796 1779 cuitu

1003 1799 1122 1834 subiicit,
1136 1799 1180 1834 qui
1194 1803 1314 1827 evacnat.

1041 1845 1086 1872 ᾔδ-
1108 1843 1164 1873 Nec
1185 1845 1224 1872 sic
1242 1845 1403 1872 arbitremur
1421 1844 1554 1872 Christum
1571 1843 1730 1871 traditurum
1750 1850 1794 1870 re-

1006 1896 1086 1927 gnum
1110 1890 1165 1919 Deo
1188 1895 1214 1919 et
1235 1891 1328 1925 Patri,
1353 1895 1382 1918 ut
1406 1891 1510 1918 :rdimat’
1527 1883 1586 1918 sibi.
1606 1890 1674 1918 Nam
1696 1894 1725 1917 et
1746 1888 1798 1916 ltoe

1006 1936 1113 1971 quidam
1138 1936 1272 1971 vaniloqui
1298 1936 1477 1964 crediderunt.
1500 1936 1566 1964 Cttm
1587 1928 1657 1964 enim
1677 1933 1775 1963 dicitur
1788 1956 1796 1968 ,

1007 1982 1140 2009 tradiderit
1161 1990 1266 2017 regnum
1284 1981 1337 2009 Deo
1352 1987 1375 2009 et
1395 1982 1485 2015 Patri,
1500 1989 1554 2009 non
1570 1986 1708 2016 separatur
1718 1976 1776 2016 ipsa
1790 1990 1797 2014 ;

1007 2027 1068 2062 quia
1083 2028 1161 2055 simul
1175 2035 1237 2054 cum
1254 2028 1331 2054 Patre
1346 2035 1416 2055 unus
1431 2028 1501 2055 Deus
1515 2032 1566 2055 est.
1582 2026 1635 2054 Sed
1650 2024 1799 2055 divinarum

1006 2073 1204 2108 Seripturarum
1219 2072 1367 2100 incuriosos
1386 2073 1394 2089 ¹
1408 2077 1434 2100 et
1453 2073 1651 2100 contentionum
1667 2072 1800 2100 studiosos

1007 2119 1073 2146 fallit
1091 2118 1202 2146 verbum
1223 2118 1292 2153 quod
1310 2119 1423 2153 positum
1445 2123 1501 2150 est,
1518 2118 1604 2145 donec.
1627 2117 1800 2157 [lunamque

1007 2166 1136 2201 sequitur,
1152 2163 1255 2200 Oportet
1267 2165 1332 2191 enim
1346 2165 1418 2191 illum
1432 2173 1546 2200 regnare,
1563 2164 1641 2191 donec
1656 2168 1732 2198 ponat
1745 2171 1800 2190 om.

1005 2220 1050 2239 nas
1063 2212 1177 2238 inimicos
1191 2218 1249 2239 suos
1261 2212 1307 2238 sub
1322 2211 1425 2246 pedibus
1437 2211 1488 2238 suis
1502 2210 1522 2247 (ι
1536 2211 1594 2238 Cor.
1611 2215 1656 2242 xv,
1665 2208 1717 2242 ‘24,
1730 2207 1777 2244 95)
1791 2218 1798 2238 :

1008 2261 1131 2292 tanquam
1145 2264 1205 2284 cum
1221 2257 1348 2291 posuerit,
1361 2264 1413 2283 non
1424 2257 1460 2285 sit
1473 2261 1639 2291 regnatnms.
1653 2255 1707 2283 Nec
1718 2255 1799 2283 intel-

1007 2303 1093 2338 ligunt
1106 2303 1141 2329 ita
1150 2302 1262 2334 dictum,
1276 2303 1353 2329 sicuti
1366 2306 1408 2330 est
1420 2302 1482 2329 illud
1496 2311 1502 2328 :
1514 2301 1696 2336 Conﬁrmatum
1706 2305 1742 2327 est
1754 2307 1798 2328 cur

1006 2350 1084 2383 ejus;
1105 2354 1156 2375 non
1177 2347 1387 2381 commovebitur,
1404 2348 1483 2374 donec
1501 2347 1583 2375 videat
1598 2354 1674 2381 stiper
1684 2345 1800 2375 inimicos

1007 2400 1067 2421 suos
1081 2393 1213 2429 (Paulam
1228 2415 1235 2427 ,
1251 2394 1291 2429 8).
1306 2393 1364 2422 Non
1379 2393 1449 2421 enim
1465 2401 1524 2421 cum
1538 2393 1642 2425 viderit,
1657 2391 1710 2426 jam
1723 2398 1799 2418 com.

1008 2441 1169 2469 movebitur.
1185 2440 1253 2475 Quid
1266 2448 1329 2475 ergo
1341 2445 1392 2474 est,
1406 2440 1469 2468 Cum
1485 2438 1615 2466 tradiderit
1626 2446 1732 2474 regnum
1747 2436 1800 2466 Dee

1007 2493 1031 2515 et
1045 2487 1119 2516 Patri
1126 2488 1140 2516 .’
1151 2488 1226 2523 quasi
1241 2488 1320 2515 modo
1330 2494 1384 2515 non
1397 2487 1494 2515 habent
1507 2493 1616 2520 regnum
1630 2483 1700 2512 Deus
1712 2489 1739 2512 et
1751 2481 1812 2513 Pam

1006 2533 1071 2562 ter?
1084 2533 1136 2562 Sed
1152 2534 1323 2569 quia‘omncs
1337 2534 1425 2568 justos
1436 2555 1443 2567 ,
1464 2533 1490 2560 in
1506 2532 1601 2568 quibus
1623 2537 1694 2559 nunc
1708 2534 1816 2566 regnat-

1007 2586 1039 2607 ex
1061 2579 1114 2607 title
1132 2579 1284 2607 viventibus
1303 2579 1434 2606 mediator
1452 2577 1497 2606 Dei
1517 2582 1544 2605 et
1561 2577 1701 2604 hominum
1717 2574 1801 2605 homo

1008 2624 1130 2653 Christus
1149 2625 1227 2653 .Icsus
1239 2645 1246 2658 ,
1265 2624 1442 2660 perducturus
1459 2628 1500 2651 est
1514 2623 1547 2651 ad
1563 2622 1681 2658 speciem
1695 2643 1701 2655 ,
1720 2626 1801 2656 quam

1008 2671 1135 2698 visionem
1151 2671 1214 2699 dicit
1228 2671 1297 2698 idem
1310 2670 1455 2705 apostolus,
1472 2668 1549 2697 Facie
1560 2670 1595 2696 ad
1605 2669 1695 2705 facient
1704 2667 1728 2700 (l
1740 2667 1800 2695 Cor.

1008 2725 1053 2744 xtn
1067 2738 1073 2750 ,
1089 2715 1150 2752 l2);
1162 2717 1197 2744 ita
1212 2717 1311 2744 dictum
1325 2720 1385 2749 est,
1404 2716 1467 2744 Cum
1484 2715 1616 2744 tradiderit
1628 2722 1732 2752 regnum
1747 2715 1801 2742 ιιιιο

1008 2768 1031 2791 et
1053 2762 1136 2796 Patri,
1158 2770 1188 2790 ac
1208 2763 1228 2800 si
1243 2763 1377 2790 diceretur
1388 2783 1395 2796 ,
1411 2762 1476 2789 Cum
1492 2762 1646 2797 perduxerit
1660 2760 1802 2789 credentes

1008 2809 1040 2836 ad
1059 2800 1310 2843 contemplationem
1331 2808 1378 2836 Dei
1403 2813 1428 2836 ct
1446 2809 1540 2836 Patris.
1562 2808 1607 2837 Sic
1627 2809 1696 2835 enim
1716 2806 1799 2834 dicit:

1009 2854 1102 2882 Umnia
1119 2855 1181 2881 mihi
1196 2854 1288 2881 tradita
1305 2860 1362 2882 sunt
1383 2864 1399 2882 a
1420 2855 1496 2883 Patre
1510 2863 1564 2884 meo
1578 2855 1624 2884 τοι
1641 2862 1713 2884 nemo
1733 2854 1802 2882 novit

1043 2915 1050 2930 ¹
1069 2914 1105 2941 sic
1118 2916 1170 2940 διδ».
1183 2913 1242 2940 Edili
1251 2915 1342 2945 autem,
1352 2904 1466 2940 curiosus.
