4042 6428
478 359 604 418 851

501 475 719 542 Filium,
750 474 847 530 nisi
876 472 1069 539 Pater;
1094 483 1143 529 et
1166 488 1314 529 nemo
1341 472 1477 526 nouit
1504 470 1731 536 Patrem,
1761 468 1859 523 nisi
1890 465 2084 529 Filius,

500 575 548 623 et
575 567 659 621 cui
684 566 893 621 uoluerit
925 566 1093 620 Filius
1120 564 1343 619 reuelare
1383 564 1402 634 (
1428 561 1612 617 Matth.
1641 576 1695 616 st
1723 600 1739 627 ,
1765 558 1870 630 27)
1892 598 1906 612 .
1936 555 2089 611 Tunc

501 656 827 714 revelabitur
849 671 880 710 a
902 656 1041 712 Filio
1058 656 1232 721 Pater,
1256 671 1373 709 cum
1391 652 1699 709 euacuauerit
1720 665 1921 707 omnem
1940 648 2091 720 prin-

502 752 727 821 cipatum
764 758 811 804 et
854 765 1052 804 onmem
1089 755 1381 819 potestatem
1418 755 1464 801 et
1499 748 1768 809 virtutem;
1807 741 1859 796 id
1898 751 1999 805 est,
2031 749 2091 794 ut

503 842 804 898 necessaria
834 856 938 895 non
966 841 1035 896 sit
1070 838 1397 910 dispensatio
1433 835 1838 894 similitudinum
1869 848 1964 903 per
1987 846 2091 885 an-

502 936 706 1006 gelicos
735 934 1059 1004 principatus
1092 941 1147 987 et
1175 939 1466 1001 potestates
1492 938 1549 985 et
1574 929 1815 983 virtutes.
1848 926 1923 980 Ex
1951 938 2089 995 qua-

503 1042 623 1083 rum
665 1041 894 1098 persona
936 1039 1043 1080 non
1082 1024 1521 1080 inconvenienter
1562 1019 1873 1089 intelligitur
1900 1014 2007 1072 dici
2036 1015 2090 1070 in

502 1118 725 1174 Cantica
762 1117 1092 1172 canticorum
1137 1115 1205 1170 ad
1249 1128 1525 1185 sponsam,
1571 1110 1941 1167 Similitudines
1977 1105 2093 1161 auri

504 1213 749 1283 faciemus
787 1209 877 1265 tibi
912 1226 1027 1265 cum
1062 1208 1466 1265 distinctionibus
1506 1204 1736 1277 argenti,
1768 1200 2093 1275 quoadusque

505 1321 597 1359 rea:
620 1305 674 1358 in
700 1303 925 1358 recubitu
949 1319 1047 1358 suo
1073 1312 1146 1357 est
1174 1300 1343 1374 (Cant.
1369 1300 1522 1366 1,”,
1552 1313 1654 1351 ssc.
1680 1294 1845 1363 LXX)
1870 1312 1881 1346 ;
1909 1292 1959 1346 id
1984 1298 2088 1358 est,

503 1395 852 1467 quoadusque
874 1395 1117 1450 Christus
1143 1394 1201 1448 in
1228 1401 1437 1447 secreto
1461 1406 1559 1445 suo
1588 1398 1706 1453 est;
1734 1386 1854 1458 quia
1879 1386 1982 1440 vita
2010 1397 2094 1438 ve-

503 1499 610 1543 stra
636 1487 929 1543 abscondita
958 1494 1031 1542 est
1057 1502 1173 1540 eum
1201 1483 1396 1540 Christo
1421 1485 1475 1537 in
1503 1482 1615 1536 Deo
1639 1496 1659 1536 :
1681 1496 1796 1534 cum
1817 1477 2047 1533 Christus
2073 1477 2087 1507 '

504 1580 802 1651 apparuerit
828 1580 927 1632 vita
954 1588 1116 1632 vestra
1134 1617 1150 1643 ,
1178 1584 1298 1629 tunc
1325 1584 1370 1629 et
1397 1590 1483 1628 vos
1510 1588 1622 1627 cum
1651 1572 1762 1639 ipso
1787 1567 2095 1641 apparebitis

504 1672 559 1725 in
586 1672 750 1743 gloria
775 1670 994 1740 (Coloss.
1023 1684 1103 1735 ιιι,
1133 1669 1187 1731 3,
1217 1665 1295 1739 4).
1324 1664 1475 1734 Quod
1501 1673 1789 1733 antequam
1819 1662 1932 1727 ﬁat,
1955 1660 2094 1714 vida

507 1777 619 1814 mus
648 1776 783 1814 nunc
810 1776 900 1830 per
920 1758 1177 1831 speculum
1200 1757 1253 1810 in
1277 1756 1559 1825 amigmate,
1588 1753 1692 1808 hoc
1719 1761 1802 1808 est
1827 1752 1883 1805 in
1904 1750 2097 1806 simili-

510 1850 810 1916 tudinibus;
838 1859 958 1903 tunc
978 1859 1165 1912 autem,
1190 1848 1321 1919 facie
1337 1846 1405 1899 ad
1430 1845 1608 1916 faciem
1631 1843 1676 1917 (ι
1697 1843 1817 1898 Cor.
1840 1858 1952 1908 xm,
1979 1840 2094 1911 12).

518 1957 536 1985 ί
582 1943 675 1999 17.
704 1944 827 1998 ΙΙωο
851 1944 993 1999 enim
1018 1942 1169 1996 nobis
1191 1939 1572 2010 contemplatio
1589 1936 1911 2007 promittitur
1930 1936 2095 1990 actio-

512 2048 637 2087 num
662 2033 902 2087 omnium
931 2032 1050 2086 ﬁnis
1073 2039 1232 2101 atque
1253 2038 1451 2084 interna
1474 2026 1733 2098 perfectio
1754 2025 2091 2098 gaudiorum.

511 2123 637 2178 Filii
659 2125 800 2179 enim
823 2123 917 2178 Dei
936 2139 1131 2189 sumus,
1154 2131 1201 2176 et
1222 2121 1448 2175 nondum
1465 2118 1706 2191 apparuit
1725 2117 1848 2187 quid
1867 2117 2053 2170 erimus
2075 2132 2094 2171 :
2145 2154 2151 2161 υ

508 2218 695 2270 scimus
718 2216 836 2286 quia
859 2231 974 2269 cum
998 2214 1313 2286 apparuerit,
1340 2213 1528 2266 similes
1553 2212 1600 2265 ei
1623 2211 1831 2274 erimus,
1858 2209 2097 2279 quoniam

510 2307 787 2361 uidebimus
805 2322 919 2361 eum
943 2306 1092 2359 sicuti
1112 2315 1185 2359 est
1200 2304 1241 2375 (I
1257 2303 1415 2358 Joan.
1433 2318 1511 2369 Ill,
1529 2301 1610 2369 2).
1633 2300 1787 2368 Quod
1805 2301 1947 2355 enim
1965 2298 2099 2354 dixit

512 2400 712 2456 famulo
732 2414 831 2455 suo
851 2399 1040 2471 Moysi,
1066 2398 1176 2469 Ego
1196 2414 1306 2451 sum
1325 2397 1413 2467 qui
1431 2412 1563 2450 sum.
1586 2393 1714 2449 Haec
1730 2393 1868 2447 dices
1884 2391 2007 2461 ﬁliis
2021 2390 2098 2445 ls-

510 2491 619 2544 rael
635 2506 654 2545 :
672 2490 770 2558 Qui
782 2500 874 2556 est,
892 2490 1022 2543 misit
1037 2505 1114 2543 me
1128 2488 1196 2541 ad
1210 2504 1296 2541 vos
1307 2486 1325 2558 (
1336 2486 1499 2540 Exod.
1518 2501 1595 2551 tn,
1616 2485 1728 2556 ﬂ);
1749 2483 1849 2539 hoc
1864 2491 2101 2539 contem-

511 2581 778 2650 plabimur
804 2596 924 2635 cum
957 2580 1197 2635 vivemus
1245 2580 1297 2633 in
1329 2586 1611 2633 aeternum.
1643 2577 1720 2631 Ita
1748 2576 1945 2647 quippe
1967 2576 2044 2631 ait
2072 2589 2087 2627 :

515 2670 641 2726 Hau:
681 2681 848 2726 autem
884 2682 956 2727 est
996 2673 1095 2726 vita
1131 2682 1355 2737 (eterna,
1392 2680 1447 2723 ut
1487 2678 1790 2741 cognoscant
1847 2679 1897 2724 te
1940 2684 2099 2722 unum

511 2779 684 2818 rerum
712 2762 877 2818 Deum
896 2779 915 2829 ,°
934 2772 979 2817 et
1017 2779 1162 2835 quem
1190 2762 1368 2817 misisti
1402 2760 1440 2815 Ι
1443 2777 1581 2815 esum
1609 2760 1865 2815 Christum
1897 2758 2096 2832 (Joan.

516 2870 654 2921 xvu,
682 2855 717 2909 3
745 2857 786 2925 ).
814 2854 927 2910 Hoc
953 2854 1043 2909 ﬁet
1069 2869 1190 2909 cum
1218 2854 1424 2908 venerit
1453 2853 1726 2919 Dominus,
1751 2859 1806 2907 et
1832 2851 2102 2906 illumina-

513 2949 649 3001 verit
672 2948 878 3003 occulta
907 2947 1244 3003 tenebrarum
1285 2948 1302 3015 (
1330 2948 1346 3002 Ι
1381 2946 1498 3002 Cor.
1527 2962 1599 3013 tv,
1632 2946 1742 3019 5),
1770 2962 1893 3002 cum
1945 2956 2098 3002 tene.

512 3038 626 3092 bne
664 3038 1003 3093 mortalitatis
1051 3038 1208 3107 hujus
1258 3038 1721 3108 corruptionisque
1764 3038 2096 3093 transierint.

515 3130 666 3184 Tune
692 3130 794 3184 crit
823 3144 977 3185 mane
1002 3142 1243 3186 nostrum
1263 3174 1277 3198 ,
1308 3130 1375 3186 de
1402 3147 1509 3201 quo
1539 3132 1592 3186 in
1620 3131 1835 3186 Psalmo
1860 3131 2054 3186 dicitur
2080 3149 2100 3187 ς

515 3219 674 3275 Mane
708 3220 885 3275 astabo
924 3221 1050 3287 tibi,
1107 3233 1154 3276 et
1214 3222 1592 3292 contemplabor
1634 3221 1653 3293 (
1700 3220 1841 3276 Psal.
1886 3237 1939 3290 v,
1992 3222 2095 3293 5).

518 3310 595 3364 De
623 3309 723 3365 hac
750 3310 1202 3379 contemplatione
1229 3311 1469 3380 intelligo
1508 3311 1708 3366 dictum
1733 3352 1749 3378 ,
1776 3310 1901 3367 Cum
1942 3313 2101 3366 tradi-

512 3400 642 3454 derit
669 3416 880 3471 regnum
920 3399 1032 3454 Deo
1071 3409 1116 3454 et
1148 3399 1295 3454 Patri
1337 3418 1349 3453 :
1390 3402 1442 3455 id
1473 3410 1592 3466 est,
1623 3418 1745 3457 cum
1794 3401 2101 3472 perduxerit

508 3491 681 3560 justos
699 3532 714 3557 ,
746 3492 796 3545 in
824 3492 1016 3562 quibus
1046 3507 1187 3547 nunc
1209 3507 1275 3547 ex
1306 3493 1408 3549 lide
1434 3493 1731 3549 viventibus
1758 3504 1943 3565 regnat
1981 3510 2098 3550 me-

512 3586 688 3642 diator
736 3587 826 3642 Dei
869 3596 924 3642 et
953 3587 1224 3642 hominum
1280 3587 1440 3641 homo
1490 3587 1731 3644 Christus
1782 3588 1937 3644 Jesns
1968 3630 1985 3655 ,
2032 3589 2100 3644 ad

510 3680 1016 3750 contemplationem
1089 3680 1183 3735 Dei
1244 3689 1298 3735 et
1360 3680 1549 3736 Patris.
1606 3681 1663 3736 Si
1713 3682 1923 3751 dcsipio
1972 3681 2097 3749 hic,

511 3773 744 3843 corrigat
773 3787 858 3827 me
907 3770 996 3843 qui
1044 3772 1236 3826 melius
1287 3772 1423 3842 sapit
1469 3788 1484 3824 :
1531 3771 1657 3826 mihi
1704 3772 1843 3826 aliud
1876 3786 1980 3827 non
2023 3772 2104 3826 vi-

512 3864 690 3919 detur.
745 3862 925 3934 Neque
973 3864 1117 3918 enim
1163 3878 1467 3935 quarremus
1494 3864 1669 3929 aliud,
1697 3880 1816 3919 cum
1840 3863 1905 3919 ad
1961 3865 2100 3919 illius

512 3954 1018 4023 contemplationem
1062 3954 1490 4023 pervenerimus,
1522 3969 1639 4023 quin
1667 3969 1808 4009 nunc
1846 3970 1951 4009 non
1994 3962 2097 4021 est,

512 4042 765 4113 quamdiu
814 4043 1063 4113 gaudium
1116 4054 1356 4099 nostrum
1401 4044 1452 4097 in
1501 4057 1597 4111 spe
1644 4051 1748 4097 est.
1778 4042 1909 4110 Spes
1930 4054 2097 4099 autem

513 4148 630 4205 qua:
652 4133 865 4197 videtur,
898 4149 1001 4187 non
1032 4142 1103 4187 est
1138 4148 1290 4202 spes:
1310 4134 1443 4203 quod
1472 4133 1604 4187 enim
1622 4133 1752 4189 uidet
1784 4136 1897 4206 quis
1918 4176 1933 4200 ,
1977 4136 2101 4205 quid

514 4225 731 4296 sperat?
774 4223 837 4279 Si
894 4233 1062 4277 autent
1098 4224 1235 4293 quod
1276 4239 1378 4277 non
1433 4224 1654 4277 videmus
1681 4241 1972 4294 speramus,
2012 4243 2103 4297 per

514 4315 811 4386 patientiam
845 4325 1192 4385 exspectamus
1221 4315 1394 4384 (Rom.
1434 4330 1548 4379 vm,
1586 4314 1678 4381 24,
1720 4316 1788 4370 25
1818 4314 1860 4387 ),
1897 4318 2097 4387 quoad-

516 4421 677 4475 usque
732 4420 824 4459 rea:
857 4405 911 4459 in
953 4405 1177 4459 recubitu
1218 4421 1312 4459 suo
1354 4413 1446 4458 est.
1477 4405 1628 4461 Tunc
1651 4407 1753 4461 erit
1793 4407 1932 4475 quod
1965 4408 2100 4463 scri-

516 4505 667 4565 ptum
705 4506 788 4551 est
834 4514 847 4548 :
870 4497 1177 4568 Adimplebis
1201 4513 1281 4551 me
1307 4497 1480 4552 ltetitia
1498 4513 1613 4550 cum
1632 4498 1771 4551 vultu
1796 4508 1883 4552 tuo
1907 4498 1925 4570 (
1954 4498 2099 4554 Psal.

517 4602 613 4657 xv,
643 4590 705 4645 H
740 4588 783 4658 ).
807 4589 897 4644 llla
924 4590 1103 4644 laetitia
1127 4590 1256 4645 nihil
1282 4590 1509 4661 amplius
1529 4592 1847 4660 requiretur;
1866 4592 1985 4662 quia
2004 4606 2103 4648 nec

514 4682 621 4737 erit
643 4681 787 4753 quod
814 4682 1042 4752 amplius
1069 4684 1390 4754 requiratur.
1429 4682 1752 4739 Ostendetur
1778 4685 1919 4739 enim
1949 4685 2104 4741 nobis

520 4772 699 4839 Pater,
743 4781 800 4828 ct
848 4771 1079 4829 sufﬁciet
1134 4773 1304 4827 nobis.
1362 4772 1514 4840 Quod
1574 4773 1710 4829 bene
1772 4772 2106 4829 intellexerat

521 4865 798 4936 Philippus
820 4905 836 4930 ,
868 4874 927 4920 ut
953 4865 1157 4921 diceret
1178 4864 1431 4929 Domino,
1459 4863 1681 4919 Ostende
1706 4864 1849 4919 nobis
1874 4863 2099 4929 Patrem,

519 4968 568 5013 et
594 4958 774 5029 συθεεή
799 4956 977 5012 nobis:
1012 4956 1105 5012 sed
1131 4955 1367 5011 nondum
1408 4955 1771 5020 intellexerat,
1802 4970 1869 5011 eo
1892 4968 2105 5026 quoque

521 5048 684 5105 modo
713 5049 942 5120 idipsum
968 5063 1027 5104 se
1054 5048 1287 5118 potuisse
1329 5047 1543 5115 dicere,
1576 5048 1798 5103 Domine
1817 5090 1833 5113 ,
1882 5048 2105 5104 ostende

526 5140 680 5195 nutris
727 5149 815 5207 te,
855 5147 913 5196 et
947 5139 1144 5195 sufﬁcit
1162 5139 1334 5194 nobis.
1364 5138 1435 5195 Ut
1459 5139 1602 5194 enim
1636 5138 1739 5194 hoc
1764 5138 2100 5210 intelligeret,

523 5246 843 5303 responsum
871 5232 921 5288 ei
945 5246 976 5286 a
1016 5231 1239 5286 Domino
1262 5239 1377 5297 est,
1405 5230 1572 5284 Tanto
1595 5240 1815 5300 tempore
1853 5232 2106 5299 uobiscum

524 5342 638 5381 sum
659 5366 675 5394 ,
710 5336 757 5382 et
797 5343 901 5383 non
938 5324 1237 5397 cognauistis
1277 5341 1358 5380 me
1375 5325 1402 5379 Ρ
1428 5322 1669 5395 Philippe
1692 5363 1709 5389 ,
1734 5323 1820 5392 qui
1840 5323 1964 5378 vidit
1987 5340 2066 5379 me
2088 5363 2105 5389 ,

525 5420 651 5474 uidit
680 5428 731 5474 et
754 5419 981 5475 Patrem.
1012 5416 1118 5475 Sed
1155 5417 1277 5489 quis
1325 5416 1539 5472 volebat
1559 5431 1680 5470 eum
1707 5430 1775 5470 ex
1804 5415 1905 5471 ﬁde
1928 5415 2109 5472 vivere

529 5519 817 5582 antequam
848 5509 979 5566 illud
1008 5518 1188 5581 posset
1231 5508 1414 5564 videre
1433 5548 1449 5571 ,
1498 5515 1715 5562 secutus
1741 5514 1856 5574 est,
1883 5515 1939 5562 et
1973 5506 2049 5561 ait
2091 5525 2106 5562 :

532 5606 658 5664 Non
697 5604 862 5661 credis
915 5604 1035 5675 quia
1078 5620 1169 5675 ego
1207 5603 1260 5657 in
1305 5601 1487 5669 Patre,
1526 5608 1575 5657 et
1622 5599 1778 5655 Pater
1823 5600 1989 5654 inme
2036 5609 2112 5654 est

522 5692 551 5771 (
584 5698 742 5753 Joau.
772 5711 882 5762 nr,
904 5695 960 5764 8,
988 5693 1141 5767 10)?
1168 5695 1423 5764 Quamdiu
1441 5694 1585 5751 enim
1611 5708 1787 5748 sumus
1812 5691 1864 5747 in
1883 5706 2111 5764 corpore,

596 5815 616 5847 ¹
651 5820 726 5864 Er.
750 5812 897 5878 Lugd.
913 5820 1035 5863 Ven.
1051 5816 1160 5861 Lor.
1183 5811 1264 5863 hic
1284 5810 1483 5871 addunt,
1506 5806 1674 5873 inquit.
1725 5814 1783 5859 ﬂ.

1668 342 1757 410 nr:
1794 348 2184 417 rntxtrsru,
2222 349 2280 407 s.
2323 350 2682 412 Al’CLS'l‘lNI

2197 468 2576 537 peregrinantur
2598 488 2635 523 α
2660 470 2899 526 Domino.
2928 471 3032 526 Per
3061 472 3215 542 ﬁdem
3255 473 3401 529 enim
3427 475 3773 547 Mutamus,

2196 574 2297 612 non
2360 576 2451 630 per
2487 566 2703 631 speciem
2738 563 2807 636 (Il
2854 563 2983 619 Cor.
3030 576 3086 630 v,
3126 564 3182 632 6,
3224 565 3326 637 7).
3374 566 3771 639 Contemplatio

2194 651 2391 719 quippe
2416 666 2625 708 merces
2649 662 2732 710 est
2759 653 2882 711 ﬁdei
2902 696 2918 721 ,
2945 656 3032 711 cui
3054 657 3293 712 mercedi
3314 673 3415 728 per
3435 658 3593 715 ﬁdem
3615 660 3780 717 corda

2194 742 2551 810 mandantur;
2592 745 2728 802 sicut
2754 748 3009 818 scriptum
3055 750 3482 817 est,‘b!undans
3502 754 3779 822 Μαι-πόα

2195 851 2368 890 eorum
2392 836 2413 908 (
2433 836 2546 892 Act.
2575 854 2663 904 xv,
2689 839 2792 912 9).
2826 841 3114 898 Probatur
3140 852 3319 899 autem
3366 844 3509 915 quod
3540 846 3616 900 illi
3642 859 3780 901 cono

2198 929 2525 997 templationi
2547 932 2706 986 corda
2738 933 3079 999 mandentur,
3112 935 3197 990 illa
3225 937 3454 992 maxime
3477 937 3740 993 sententia
3762 956 3780 992 :

2195 1017 2341 1072 Beati
2410 1022 2765 1078 mundicordes
2781 1065 2797 1090 ,
2857 1026 3099 1095 quoaiam
3157 1027 3258 1099 ipsi
3308 1026 3485 1081 Deum
3542 1028 3781 1083 uidebunt

2198 1109 2219 1182 (
2249 1109 2435 1165 Matth.
2469 1129 2525 1178 ν,
2555 1112 2661 1179 8).
2694 1114 2759 1169 Et
2796 1117 2917 1185 quia
2968 1118 3083 1171 lucc
3110 1127 3192 1173 est
3220 1119 3324 1173 vita
3372 1128 3567 1175 teter-na
3594 1161 3611 1186 ,
3653 1120 3785 1175 dicit

2199 1202 2338 1258 Deus
2381 1204 2433 1258 in
2476 1205 2692 1259 Psalmo
2719 1223 2734 1262 :
2761 1206 3103 1278 Longitudine
3141 1210 3338 1264 dierum
3375 1209 3581 1281 replebo
3618 1226 3737 1265 eunt
3762 1252 3781 1276 ,

2197 1301 2246 1346 et
2280 1294 2544 1348 ostendam
2578 1295 2661 1349 illi
2687 1296 2914 1351 salutare
2939 1314 3101 1352 meum
3128 1297 3150 1371 (
3181 1297 3327 1354 Psal.
3355 1314 3445 1364 xc,
3483 1300 3553 1355 16
3576 1300 3619 1373 ).
3653 1301 3787 1357 Sive

2196 1398 2325 1454 ergo
2368 1384 2682 1452 audiamus,
2710 1387 2943 1443 Ostende
2968 1388 3123 1444 nobis
3165 1389 3389 1456 Filium;
3433 1391 3549 1446 sive
3578 1391 3788 1445 audia-

2196 1489 2315 1529 mus
2333 1515 2350 1538 ,
2393 1474 2615 1531 Ostende
2638 1478 2785 1532 nobis
2813 1478 3061 1534 Patrem:
3094 1481 3424 1536 tantumdem
3444 1482 3623 1547 valet;
3654 1482 3786 1552 quia

2197 1572 2387 1620 neuter
2409 1565 2528 1621 sine
2550 1566 2719 1621 altero
2750 1577 2922 1637 potest
2942 1570 3175 1625 ostendi.
3201 1570 3379 1627 llnmn
3405 1572 3605 1641 quippe
3624 1581 3776 1639 sunt,

2196 1654 2335 1709 sicut
2357 1667 2414 1711 et
2436 1656 2549 1726 ipse
2573 1657 2648 1711 ait
2680 1676 2695 1713 :
2724 1656 2839 1731 Ego
2870 1668 2921 1715 et
2966 1659 3123 1715 Pater
3156 1678 3316 1715 unum
3362 1678 3536 1717 simus
3581 1661 3786 1734 (locis.

2196 1760 2255 1809 ι,
2285 1746 2355 1801 50
2378 1747 2418 1816 ).
2452 1748 2689 1819 Denique
2733 1759 2951 1821 propter
3005 1752 3177 1822 ipsam
3225 1753 3741 1823 inseparabilitatem
3767 1797 3786 1823 ,

2198 1838 2526 1895 sufficienter
2553 1843 2838 1912 aliquando
2867 1846 3195 1913 nominatur,
3246 1848 3330 1902 vel
3382 1848 3544 1904 Pater
3592 1848 3745 1904 solus
3768 1891 3787 1915 ,

2197 1931 2284 1985 vel
2335 1931 2503 1988 Filius
2547 1934 2694 1990 solus
2733 1936 3119 2008 adimpleturus
3142 1953 3242 1994 nos
3280 1940 3461 1995 laetitia
3486 1956 3610 1997 cum
3634 1942 3791 1997 nutu

2198 2036 2318 2077 SUO.
2598 2044 2601 2045 '

2271 2115 2360 2171 18.
2392 2115 2501 2171 Nec
2526 2115 2651 2172 inde
2690 2128 2973 2189 separatur
2998 2120 3279 2191 utriusque
3315 2121 3544 2192 Spiritus
3566 2163 3584 2190 ,
3626 2122 3678 2178 id
3702 2132 3791 2179 est

2200 2205 2374 2262 Patris
2400 2217 2457 2263 et
2486 2208 2604 2263 Filii
2638 2209 2886 2280 Spiritus.
2916 2212 3017 2281 Qui
3062 2214 3295 2283 Spiritus
3318 2225 3535 2270 sanctus
3560 2217 3782 2286 proprie

2198 2296 2393 2353 dicitur
2416 2298 2642 2369 Spiritus
2670 2303 2891 2356 veritatis
2913 2344 2928 2370 ,
2982 2320 3127 2373 quem
3170 2306 3251 2358 hic
3280 2306 3501 2360 mundus
3551 2308 3790 2377 accipere

2200 2405 2303 2444 non
2331 2398 2489 2460 potest
2519 2390 2539 2464 (
2574 2390 2656 2445 ld.
2688 2408 2799 2457 xiv,
2826 2395 2889 2449 l7
2916 2393 2954 2464 ).
2986 2394 3099 2450 lloc
3122 2405 3205 2450 est
3227 2397 3371 2451 enim
3417 2397 3631 2465 plenum
3659 2413 3793 2467 gau-

2200 2483 2346 2538 dium
2374 2493 2643 2550 nostrum,
2668 2501 2773 2556 quo
2798 2487 3026 2557 amplius
3070 2503 3184 2543 non
3206 2498 3287 2543 est
3309 2529 3325 2555 ,
3375 2488 3482 2543 frui
3528 2489 3793 2544 Trinitatc

2203 2574 2316 2631 Deo
2360 2576 2431 2630 ad
2478 2576 2628 2646 cujus
2676 2577 2960 2648 imaginem
3009 2578 3131 2634 facti
3173 2593 3383 2634 sumus.
3426 2579 3655 2649 Propter
3688 2579 3793 2634 hoc

2201 2666 2486 2737 aliquando
2508 2668 2579 2723 ita
2606 2669 2838 2739 loquitur
2857 2669 2926 2725 de
2946 2668 3147 2739 Spiritu
3164 2681 3349 2725 sancto
3370 2680 3625 2740 tanquam
3645 2670 3794 2724 Stilus

2202 2759 2317 2829 ipse
2339 2758 2569 2815 sufﬁciat
2592 2760 2659 2815 ad
2683 2760 3065 2816 beatitudinem
3096 2771 3331 2815 nostram
3362 2778 3374 2814 :
3402 2770 3458 2815 et
3484 2759 3606 2814 ideo
3644 2760 3795 2814 solus

2202 2852 2427 2919 sufﬁcit,
2456 2853 2579 2924 quia
2613 2854 2851 2925 separari
2877 2869 2907 2908 a
2938 2853 3097 2925 Patre
3146 2863 3199 2909 et
3247 2852 3384 2908 Filio
3433 2868 3538 2907 non
3568 2861 3795 2922 potest;

2202 2947 2340 3002 sicut
2363 2946 2521 3002 Pater
2538 2946 2686 3001 solus
2713 2947 2939 3015 sufficit,
2966 2947 3087 3017 quia
3112 2947 3347 3017 separari
3374 2962 3403 3000 a
3432 2947 3564 3000 Filio
3589 2954 3649 3001 et
3673 2945 3798 3013 Spi-

2203 3039 2307 3094 ritu
2330 3046 2515 3094 sancto
2543 3053 2649 3093 non
2675 3047 2845 3109 potest
2868 3055 2884 3104 ;
2935 3047 2990 3094 et
3018 3038 3185 3093 Filius
3216 3038 3340 3093 ideo
3364 3037 3559 3093 sufﬁcit
3612 3036 3789 3103 solus,

2202 3129 2327 3200 quia
2350 3129 2590 3199 separari
2637 3144 2667 3184 a
2694 3130 2851 3185 Patre
2893 3138 2948 3185 et
2986 3129 3186 3200 Spiritu
3213 3140 3399 3184 sancto
3444 3143 3550 3183 non
3591 3137 3795 3199 potest.

2204 3220 2342 3287 Quid
2382 3221 2526 3277 enim
2573 3222 2677 3278 sibi
2701 3222 2815 3277 vult
2840 3222 2981 3292 quod
3009 3221 3118 3287 ait,
3151 3222 3213 3277 Si
3240 3222 3452 3293 diligitis
3490 3238 3572 3275 me
3593 3263 3611 3289 ,
3642 3236 3794 3275 utau-

2205 3313 2325 3366 data
2350 3328 2460 3367 mea
2482 3322 2716 3378 servate;
2742 3321 2789 3368 et
2816 3328 2907 3385 ego
2940 3316 3127 3384 rogabo
3154 3312 3362 3367 Patrem
3383 3354 3399 3379 ,
3429 3322 3475 3367 et
3504 3314 3668 3367 alium
3707 3312 3798 3367 ad-

2204 3412 2435 3458 uocatum
2487 3404 2627 3458 dabit
2673 3403 2811 3458 vobis”
2829 3444 2846 3469 ,
2888 3414 2942 3458 ut
2970 3404 3224 3459 uobiscum
3281 3404 3345 3457 sit
3406 3404 3461 3457 in
3506 3414 3796 3472 a'ternum,

2206 3496 2463 3567 Spiritum
2490 3496 2718 3550 ueritatis
2736 3537 2752 3563 ,
2778 3513 2926 3567 quem
2962 3496 3044 3548 hic
3074 3495 3293 3549 mundus
3322 3495 3551 3565 accipere
3573 3511 3677 3549 non
3701 3513 3798 3567 po-

2206 3596 2297 3640 test
2321 3584 2481 3657 (lbid.
2505 3588 2541 3644 5
2565 3586 2782 3658 15-17),
2800 3586 2850 3641 id
2877 3596 2984 3652 est,
2998 3584 3283 3640 dilectores
3301 3585 3523 3639 mundi?
3543 3586 3796 3640 Animatis

2203 3680 2346 3734 enim
2399 3679 2549 3733 homo
2594 3694 2696 3731 non
2751 3678 2963 3748 percipit
3001 3693 3059 3730 ea
3111 3686 3366 3748 quassant
3410 3676 3639 3746 Spiritus
3694 3675 3794 3731 Dei

2206 3772 2225 3841 (
2255 3771 2276 3825 ι
2307 3770 2426 3825 Cor.
2474 3786 2510 3824 ll
2537 3809 2554 3835 ,
2584 3769 2713 3839 14).
2743 3768 2850 3824 Sed
2889 3768 3062 3823 adhuc
3104 3778 3280 3839 potest
3317 3768 3489 3823 videri
3544 3769 3669 3824 ideo
3714 3769 3792 3824 di-

2203 3872 2349 3918 ctum
2369 3903 2386 3930 ,
2417 3860 2483 3915 Et
2503 3877 2597 3932 ego
2618 3861 2803 3932 rogabo
2826 3860 3058 3929 Patrem,
3083 3871 3128 3914 et
3149 3862 3307 3915 alium
3328 3862 3626 3915 aduocatum
3649 3862 3792 3916 dabit

2205 3955 2342 4008 vobis
2359 3994 2377 4019 ,
2399 3952 2550 4023 quasi
2575 3966 2682 4007 non
2711 3951 2858 4007 solus
2880 3950 3045 4007 Filius
3072 3950 3322 4006 sufﬁciat.
3354 3950 3448 4005 Illo
3473 3961 3654 4007 autem
3674 3953 3796 4007 loco

2207 4045 2277 4099 ita
2334 4044 2402 4099 de
2450 4043 2544 4099 illo
2596 4042 2793 4098 dictum
2841 4051 2925 4097 est
2948 4052 3199 4112 tanquam
3229 4042 3380 4097 solus
3417 4043 3640 4097 omnino
3681 4042 3799 4097 suf-

2206 4135 2348 4189 ﬁciat
2372 4152 2386 4190 :
2408 4134 2534 4190 Cum
2562 4135 2750 4189 venerit
2797 4134 2886 4187 ille
2907 4133 3137 4203 Spiritus
3181 4134 3433 4200 veritatis,
3460 4132 3655 4187 docebit
3706 4148 3797 4188 eos

2206 4244 2405 4283 omnem
2436 4228 2695 4282 ueritatem
2727 4225 2933 4297 (Joan.
2956 4242 3033 4293 vt,
3063 4226 3131 4281 i3
3159 4226 3200 4295 ).
3248 4226 3511 4297 Numquid
3543 4237 3793 4296 ergou-

2207 4328 2422 4391 paratur
2445 4319 2569 4374 hinc
2590 4318 2754 4373 Filius
2772 4358 2795 4384 ,
2820 4326 3068 4389 tanquam
3099 4319 3211 4388 ipse
3232 4334 3341 4373 non
3367 4319 3553 4374 doceat
3569 4333 3793 4375 omnem

2208 4410 2524 4475 veritatem,
2580 4418 2673 4465 aut
2700 4409 2854 4479 quasi
2887 4408 2990 4464 hoc
3039 4409 3257 4479 impleat
3306 4408 3535 4477 Spiritus
3570 4418 3796 4465 sanctus

2208 4503 2351 4574 quod
2401 4503 2579 4559 minus
2624 4502 2795 4572 potuit
2839 4501 3037 4556 docere
3084 4501 3294 4556 Filius?
3334 4502 3519 4556 Dicant
3556 4516 3719 4572 ergo,
3748 4502 3797 4559 si

2209 4598 2413 4669 placet,
2444 4596 2701 4665 majorem
2735 4608 2855 4650 esse
2881 4592 3016 4650 Filio
3042 4594 3295 4663 Spiritum
3321 4603 3563 4648 sanctum
3588 4636 3605 4658 ,
3632 4608 3795 4664 quem

2209 4690 2469 4745 minorem
2495 4687 2585 4743 illo
2606 4686 2783 4742 solent
2809 4685 3006 4741 dicere.
3039 4687 3129 4740 Au
3163 4686 3291 4755 quia
3309 4700 3415 4740 non
3439 4684 3643 4740 dictum
3687 4693 3796 4750 est,

2210 4783 2328 4854 ipse
2353 4781 2529 4844 solus;
2552 4791 2677 4847 aut,
2704 4779 2901 4843 Nemo,
2929 4778 3031 4833 nisi
3058 4780 3207 4849 ipse,
3226 4794 3322 4833 vos
3347 4778 3559 4833 docebit
3576 4793 3794 4833 omnem

2207 4875 2517 4937 veritatem;
2568 4871 2690 4927 ideo
2737 4870 3049 4942 permittunt
3076 4879 3134 4925 ut
3159 4885 3279 4925 cum
3325 4870 3419 4925 illo
3446 4871 3794 4926 doces-ecre-

2209 4966 2365 5022 datur
2390 4973 2443 5019 et
2468 4962 2670 5018 Filius?
2698 4962 2984 5032 Apostolus
3011 4976 3139 5031 ergo
3181 4961 3371 5015 Filium
3398 4961 3670 5031 separavit
3723 4959 3795 5015 ab

2212 5058 2442 5116 scientiis
2465 5057 2529 5112 iis
2556 5072 2677 5128 qua:
2714 5055 2808 5111 Dei
2848 5064 3002 5121 sunt,
3046 5055 3132 5109 ubi
3175 5055 3283 5119 ait,
3333 5054 3425 5109 Sic
3454 5063 3503 5108 et
3532 5068 3659 5125 quc
3700 5053 3805 5108 Dei

2210 5161 2328 5209 sunt
2350 5194 2367 5220 ,
2419 5165 2563 5204 nemo
2609 5149 2737 5216 scit,
2785 5148 2882 5202 nisi
2907 5147 3133 5218 Spiritus
3160 5145 3250 5200 Dei
3281 5145 3302 5214 (
3333 5145 3350 5199 1
3387 5146 3507 5200 Cor.
3537 5162 3594 5212 ιι,
3639 5146 3697 5200 ll
3732 5145 3801 5215 ):

2213 5253 2271 5300 ut
2292 5242 2401 5316 jam
2430 5242 2517 5298 isti
2545 5239 2779 5312 perversi
2823 5238 3029 5310 possint
3066 5253 3132 5294 es
3181 5238 3283 5293 hoc
3326 5236 3537 5303 dicere,
3566 5237 3802 5308 quodet

2215 5338 2405 5394 Filium
2432 5351 2538 5391 non
2568 5333 2897 5403 doceatqua:
2942 5331 3035 5387 Dei
3064 5339 3188 5387 sunt
3239 5330 3340 5384 nisi
3380 5328 3615 5400 Spiritus
3636 5368 3641 5369 ν
3664 5342 3799 5383 san-

2215 5439 2367 5491 ctus,
2397 5436 2651 5496 tanquam
2678 5426 2847 5493 major
2875 5422 3172 5486 minorem;
3197 5422 3281 5476 cui
3312 5420 3477 5475 Filius
3511 5418 3628 5490 ipse
3677 5429 3801 5474 tau-

2218 5529 2330 5575 tum
2360 5517 2576 5580 tribuit,
2610 5524 2667 5570 ut
2708 5514 2912 5569 diceret
2936 5554 2950 5576 ,
2976 5512 3111 5578 Quia
3136 5514 3244 5566 lucc
3268 5511 3466 5565 locutus
3486 5527 3607 5565 sum
3637 5510 3799 5573 vobis,

2217 5610 2418 5666 tristitia
2444 5607 2667 5675 implevit
2706 5622 2795 5660 cor
2836 5614 3072 5659 oestrum.
3099 5602 3208 5659 Sed
3232 5604 3324 5673 ego
3362 5602 3618 5657 ueritatem
3641 5601 3800 5655 dico:

2218 5701 2418 5773 expedit
2443 5699 2580 5755 vobis
2616 5707 2673 5754 ut
2702 5716 2793 5771 ego
2834 5713 2989 5761 eant;
3022 5712 3142 5750 nmn
3166 5696 3211 5750 si
3249 5712 3349 5748 non
3378 5694 3551 5750 abiero
3572 5736 3589 5765 ,
3638 5693 3799 5751 aduo-

2220 5804 2360 5851 catus
2387 5809 2490 5850 non
2514 5790 2672 5858 ueniet
2704 5789 2772 5845 ad
2806 5806 2890 5847 vos
2926 5786 3121 5859 (Joau.
3156 5802 3270 5856 xw,
3294 5784 3353 5854 ϐ,
3381 5786 3413 5840 7
3444 5785 3485 5854 ).
