4042 6442
232 394 344 452 833

304 501 535 563 CAPUT
580 499 769 558 IX.-—
816 496 885 555 In
934 512 1038 553 una
1089 511 1305 569 persona
1346 492 1599 551 interdum
1626 491 1821 547 intelli-

236 605 431 668 guntur
477 610 672 649 omnes.
724 591 839 647 Hoc
876 600 1054 645 autem
1106 588 1276 655 dixit,
1327 602 1435 644 non
1484 594 1701 658 propter
1746 585 1828 639 iu-

234 686 598 759 qualitatem
612 682 771 740 Verbi
790 682 882 738 Dei
898 689 955 737 et
975 680 1205 752 Spiritus
1228 678 1430 744 sancti,
1458 676 1552 733 sed
1577 687 1825 745 tanquam

237 779 627 850 impedimento
659 785 805 832 esset
834 774 1115 844 prteseutia
1142 772 1261 827 Filii
1288 770 1520 827 hominis
1546 767 1687 840 apud
1708 783 1827 833 eos,

234 871 525 942 quominus
555 868 768 924 veniret
796 866 887 921 ille
913 865 1007 935 qui
1033 865 1208 919 minor
1247 878 1352 917 non
1382 868 1560 925 esset,
1597 859 1717 929 quia
1747 873 1833 914 se-

237 962 529 1032 metipsum
575 974 682 1014 non
730 957 1058 1022 exinanivit,
1100 954 1327 1010 formam
1357 952 1497 1009 servi
1522 950 1827 1021 accipiens,

236 1053 380 1110 sicut
407 1052 574 1107 Filius
606 1049 864 1120 (Philipp.
898 1064 961 1113 tt,
988 1048 1019 1104 7
1041 1046 1087 1119 ).
1126 1045 1417 1116 Oportebat
1449 1059 1583 1116 ergo
1628 1052 1689 1099 ut
1735 1058 1833 1097 au-

237 1143 472 1201 fet-retur
518 1143 589 1197 ab
637 1141 812 1196 oculis
870 1152 1057 1196 eorum
1100 1135 1271 1192 forma
1315 1136 1494 1200 servi,
1538 1149 1713 1205 quam
1749 1134 1835 1187 in-

238 1242 504 1298 tuentes,
547 1232 651 1287 hoc
692 1229 865 1286 solum
913 1243 1032 1284 esse
1062 1226 1335 1283 Christum
1390 1225 1648 1295 putabant
1693 1222 1836 1294 quod

238 1324 522 1380 videbant.
553 1321 680 1377 lude
734 1330 820 1377 est
861 1327 916 1375 et
956 1318 1086 1374 illud
1122 1317 1263 1388 quod
1308 1317 1421 1383 ait,
1461 1316 1524 1373 Si
1563 1314 1837 1384 diligentis

239 1432 357 1481 me,
401 1413 691 1487 gaudentis
734 1412 907 1479 utique
928 1450 946 1477 ,
976 1410 1216 1480 quoidam
1253 1424 1313 1463 eo
1342 1407 1410 1461 ad
1438 1406 1643 1462 Patrem
1668 1424 1689 1472 ;
1713 1406 1839 1477 quia

241 1504 405 1561 Pater
430 1505 598 1573 major
621 1518 701 1557 me
726 1512 800 1557 est
839 1499 1018 1572 (Joan.
1038 1514 1148 1565 xiv,
1179 1497 1276 1568 '38)
1300 1515 1315 1554 :
1354 1497 1408 1552 id
1429 1506 1533 1562 est,
1556 1505 1838 1567 propterea

241 1602 569 1664 meaportet
594 1592 675 1648 ire
699 1591 766 1646 ad
796 1591 1032 1655 Patrem,
1072 1588 1200 1658 quia
1226 1587 1355 1643 dum
1394 1602 1480 1643 me
1506 1587 1577 1642 ita
1624 1585 1836 1649 videtis,

240 1702 316 1744 ex
344 1687 451 1741 hoc
475 1683 633 1755 quod.
651 1683 863 1749 videtis,
890 1681 1166 1737 :estimatis
1188 1681 1314 1751 quia
1358 1680 1532 1734 minor
1576 1694 1694 1733 sum
1733 1678 1838 1732 Pa-

241 1786 355 1845 tre,
382 1786 547 1859 atque
586 1776 658 1830 ita
687 1774 832 1829 circa
881 1780 1180 1828 creaturam
1224 1779 1642 1841 susceptumque
1683 1766 1836 1821 habi-

244 1877 365 1925 tum
392 1858 659 1937 occupati,
702 1863 1062 1934 aqualitatem
1088 1876 1246 1933 quam
1296 1876 1419 1916 cum
1464 1860 1622 1917 Patre
1672 1858 1842 1914 habeo

242 1976 356 2017 non
384 1958 711 2030 intelligitis.
763 1955 892 2012 inde
911 1965 993 2011 est
1038 1962 1091 2009 et
1119 1952 1249 2009 illud
1280 1971 1293 2007 :
1327 1952 1453 2008 Noti
1495 1969 1575 2008 me
1600 1962 1841 2023 tangere;

246 2050 489 2107 nondum.
507 2048 653 2104 enim
676 2046 880 2101 ascendi
909 2045 977 2098 ad
1000 2045 1210 2101 Patrem
1246 2042 1355 2115 (Id.
1379 2060 1470 2111 xx,
1506 2044 1618 2114 l7).
1648 2042 1843 2098 Tactus

240 2144 395 2200 enim
424 2149 680 2210 tanquam
709 2137 869 2193 linem
914 2136 1040 2192 facit
1069 2135 1322 2190 nationis.
1351 2133 1584 2204 Ideoque
1630 2133 1844 2189 nolebat

244 2235 315 2289 in.
332 2248 401 2288 eo
425 2246 554 2289 esse
580 2230 740 2285 linem
768 2228 955 2285 intenti
980 2227 1161 2282 cordis
1191 2227 1245 2282 in
1275 2242 1355 2293 se,
1386 2234 1443 2281 ut
1470 2224 1571 2281 hoc
1590 2224 1732 2296 quod
1757 2226 1838 2281 vi-

248 2326 478 2382 debatur
517 2321 882 2379 tantummodo
928 2328 1224 2391 putaretur.
1267 2319 1525 2375 Ascensio
1555 2328 1732 2374 autem
1775 2318 1842 2374 ad

248 2416 468 2472 Patrem
509 2423 627 2470 erat
655 2415 726 2468 ita
757 2412 944 2476 videri,
968 2412 1104 2466 sicut
1126 2410 1347 2481 :cqualis
1372 2418 1456 2464 est
1500 2409 1666 2476 Patri,
1692 2418 1748 2464 ut
1773 2410 1843 2465 ibi

251 2518 398 2564 esset
446 2507 570 2562 linis
609 2506 848 2571 visionis,
900 2518 1021 2574 qua:
1068 2502 1270 2557 suflicit
1321 2502 1495 2556 nobis.
1543 2501 1845 2571 Aliquando

406 2597 478 2653 de
508 2596 644 2652 Filio
673 2597 788 2651 solo
839 2595 1048 2659 dicitur,
1097 2592 1239 2664 quod
1266 2592 1377 2661 ipse
1412 2591 1659 2657 sufficiat,
1689 2600 1743 2647 et
1787 2592 1841 2647 in

248 2691 369 2761 ejus
390 2690 600 2745 visione
641 2702 848 2745 merces
892 2694 1000 2741 tota
1052 2685 1374 2755 promittitur
1409 2683 1714 2739 dilectionis
1738 2684 1754 2715 ί
1790 2695 1846 2740 et

251 2784 513 2841 desiderii
562 2783 754 2838 nostri.
793 2780 882 2837 Sic
946 2779 1089 2835 enim
1134 2780 1253 2833 ait:
1289 2779 1387 2846 Qui
1419 2779 1564 2833 habet
1606 2779 1846 2834 mandata

252 2894 365 2932 mea
383 2886 441 2932 et
468 2875 689 2931 custodit
714 2891 793 2939 ea,
820 2874 907 2928 ille
929 2882 1003 2927 est
1028 2872 1114 2945 qui
1139 2872 1306 2943 diligit
1327 2889 1422 2926 me.
1453 2872 1553 2939 Qui
1577 2883 1747 2928 autent
1769 2887 1848 2927 me

246 2970 443 3041 diligit,
474 2968 717 3040 diligetur
750 2983 786 3020 a
835 2965 989 3019 Patre
1016 2980 1124 3018 meo
1150 2973 1239 3030 ;et
1276 2980 1367 3036 ego
1410 2965 1620 3035 diligam
1638 2980 1772 3030 eum,
1798 2974 1848 3019 et

254 3062 527 3119 mandari
562 3077 642 3115 me
666 3060 835 3130 ipsum
861 3059 957 3112 illi.
986 3055 1250 3127 Numquid
1275 3056 1383 3123 hic,
1410 3057 1533 3127 quia
1554 3072 1658 3111 non
1688 3056 1845 3119 dixit,

250 3153 550 3213 Ostendam
575 3152 650 3207 illi
674 3161 726 3206 et
745 3151 984 3214 Patrem,
1015 3148 1136 3204 ideo
1161 3148 1427 3218 separavit
1457 3147 1704 3203 Patrem?
1741 3146 1848 3203 Sed

242 3249 381 3317 .quia
410 3261 604 3302 verum
643 3253 747 3310 est,
787 3242 896 3313 Ego
922 3252 968 3295 et
998 3240 1157 3297 Pater
1180 3257 1339 3297 unum
1365 3256 1578 3306 sumus;
1604 3256 1725 3297 cum
1750 3241 1850 3297 Pa-

252 3346 339 3394 ter
355 3336 683 3402 ostenditur,
722 3345 777 3388 et
802 3335 968 3389 Filius
994 3332 1300 3388 ostenditur
1328 3333 1417 3402 qtti
1449 3332 1507 3387 in
1528 3333 1618 3388 illo
1643 3342 1727 3389 est
1750 3350 1766 3399 ;
1796 3342 1852 3389 et

253 3446 379 3486 cum
404 3430 580 3485 Filius
619 3425 940 3489 ostenditur,
972 3425 1133 3479 etiam
1161 3423 1318 3478 Pater
1343 3422 1644 3479 ostenditur
1677 3428 1764 3494 qui
1797 3423 1851 3479 in

258 3521 354 3578 illo
378 3529 487 3577 est.
518 3519 671 3575 Sicut
712 3531 839 3586 ergo
889 3531 1010 3570 cum
1052 3515 1145 3579 ait,
1181 3514 1248 3568 Et
1277 3516 1538 3569 ostendam
1578 3531 1658 3568 me
1681 3516 1850 3584 ipsum

238 3614 359 3680 illi,
390 3611 705 3681 intelligitur
740 3609 861 3679 quia
896 3606 1132 3662 ostendit
1160 3615 1214 3660 ct
1241 3605 1473 3668 Patrem;
1499 3604 1570 3659 ita
1616 3614 1671 3659 et
1712 3605 1763 3659 in
1784 3620 1851 3659 eo

238 3703 402 3776 .quod
422 3702 642 3762 dicitur,
675 3697 801 3754 Cum
830 3696 1096 3752 tradiderit
1135 3711 1344 3766 regnum
1365 3693 1474 3749 Deo
1507 3704 1555 3749 et
1578 3694 1747 3761 Patri,
1768 3694 1851 3750 in-

238 3796 527 3867 telligitur
554 3792 676 3863 quia
706 3807 812 3845 non
840 3788 1029 3845 adimit
1047 3787 1169 3842 sibi.
1211 3786 1473 3853 Quoniam
1503 3801 1624 3840 cum
1654 3785 1852 3855 perdu-

261 3896 351 3943 cet
372 3884 663 3943 credentes
682 3881 750 3936 ad
776 3878 1281 3948 contemplationem
1308 3876 1401 3932 Dei
1419 3885 1474 3932 et
1504 3876 1701 3943 Patris,
1732 3892 1852 3945 pro-

260 3981 406 4036 fecto
431 3976 690 4050 perducet
711 3974 776 4029 ad
797 3970 1302 4040 contemplationem
1315 3985 1488 4032 suam,
1508 3969 1596 4038 qui
1614 3968 1765 4032 dixit,
1784 3967 1854 4022 Et

262 4072 535 4128 ostendam
563 4069 642 4123 illi
664 4083 746 4120 me
771 4068 960 4135 ipsum.
1012 4063 1078 4118 Et
1117 4061 1238 4117 ideo
1277 4069 1687 4130 consequenter,
1734 4076 1854 4116 cum

236 4163 492 4219 dixisset
511 4157 783 4222 illiJudas,
806 4155 1044 4219 Domine,
1070 4153 1193 4224 quid
1213 4157 1401 4225 factum
1429 4161 1524 4221 est,
1550 4153 1667 4224 quia
1690 4163 1857 4208 osten-

260 4270 417 4311 surus
438 4269 494 4307 es
518 4260 565 4306 te
591 4248 753 4315 nobis,
777 4260 829 4302 et
851 4262 952 4300 non
974 4244 1093 4299 huic
1123 4242 1309 4297 mundo
1324 4242 1351 4296 ?
1376 4243 1650 4312 respondit
1674 4242 1853 4311 .lcsus,

232 4398 237 4399 ,
262 4356 322 4403 et
348 4344 489 4400 dixit
527 4341 603 4396 illi
630 4358 644 4394 :
674 4338 736 4395 Si
774 4336 885 4409 quis
912 4335 1079 4407 diligit
1104 4351 1215 4399 me,
1245 4349 1527 4390 sermonem
1555 4350 1717 4387 meum
1746 4350 1855 4388 ser-

264 4439 435 4501 vabit;
460 4442 511 4488 et
546 4431 700 4486 Pater
724 4444 864 4484 meus
886 4426 1060 4496 diliget
1084 4425 1250 4490 illum,
1282 4434 1329 4477 et
1354 4424 1423 4477 ad
1451 4440 1563 4478 eum
1585 4424 1855 4490 veniemus,

265 4542 315 4586 et
340 4527 656 4584 mansionem
678 4519 817 4593 apud
835 4535 948 4575 eum
970 4518 1230 4590 faciemus.
1253 4514 1391 4571 Ecce
1411 4516 1532 4585 quia
1554 4530 1661 4570 non
1682 4516 1856 4572 solum

266 4640 332 4680 se
361 4624 539 4693 ipsum
569 4614 801 4685 ostendit
827 4611 877 4668 ei
919 4626 948 4665 a
976 4624 1083 4680 quo
1106 4608 1369 4679 diligitur,
1398 4607 1520 4678 quia
1547 4606 1706 4662 simul
1735 4622 1857 4663 cum

267 4716 434 4774 Patre
460 4710 608 4767 venit
628 4706 696 4761 ad
720 4720 863 4769 eum,
889 4711 945 4759 et
968 4699 1298 4757 mansionem
1326 4698 1451 4754 facit
1478 4697 1618 4769 apud
1643 4713 1787 4753 eum.

344 4807 435 4862 i9.
478 4804 562 4859 An
593 4800 728 4856 forte
753 4795 1021 4869 potabitur
1044 4792 1373 4855 mansionem
1409 4790 1462 4845 in
1481 4789 1736 4845 dilectore
1764 4804 1863 4847 suo

265 4894 594 4955 facientibus
621 4891 777 4947 Patre
801 4895 855 4944 et
892 4884 1029 4941 Filio
1053 4882 1299 4940 exclusus
1323 4896 1445 4939 esse
1482 4880 1550 4936 ab
1579 4880 1679 4936 hac
1709 4896 1858 4936 man-

267 4992 429 5046 sione
454 4984 685 5055 Spiritus
699 4976 944 5035 sanctus?
963 4973 1100 5044 Quid
1120 4981 1203 5029 est
1222 4987 1349 5043 ergo
1368 4970 1509 5043 quod
1524 4972 1771 5043 superius
1789 4972 1859 5026 ait

268 5083 342 5137 de
362 5076 563 5150 Spiritu
580 5081 765 5130 sancto
783 5088 798 5125 :
816 5068 975 5137 Quem
997 5066 1077 5120 hic
1088 5065 1306 5118 mundus
1322 5063 1544 5132 accipere
1560 5079 1659 5117 non
1679 5073 1860 5133 potest,

270 5173 523 5242 quosnam
571 5183 671 5221 non
702 5163 833 5219 videt
872 5160 1058 5215 illum:
1104 5157 1263 5212 nostis
1290 5157 1438 5210 illunt
1483 5171 1599 5222 vos,
1632 5157 1749 5225 quia
1774 5171 1862 5209 vo-

273 5267 477 5320 hiscum
525 5265 728 5320 manet,
775 5263 821 5308 et
856 5254 910 5308 in
950 5250 1086 5305 vobis
1115 5248 1233 5304 est?
1275 5246 1394 5302 Non
1440 5247 1618 5318 itaque
1656 5247 1721 5303 ab
1766 5247 1865 5303 hac

274 5353 560 5411 mansione
590 5355 867 5416 separatus
887 5350 969 5398 est
988 5382 1005 5408 ,
1034 5338 1103 5395 de
1125 5354 1230 5409 quo
1253 5338 1450 5393 dictum
1479 5347 1581 5403 est,
1614 5339 1864 5392 vobiscum

274 5452 473 5508 niauet,
497 5449 541 5495 et
560 5442 614 5493 in
639 5436 777 5493 vobis
796 5442 885 5489 est.
914 5431 1025 5487 Nisi
1051 5429 1186 5485 forte
1205 5429 1482 5499 quisquam
1504 5427 1582 5483 sic
1601 5429 1864 5484 absurdus

275 5546 392 5601 cst,
428 5544 485 5589 ut
523 5531 829 5589 arbitretur,
876 5539 996 5581 cum
1036 5522 1192 5577 Pater
1235 5528 1292 5575 et
1331 5519 1495 5581 Filius
1524 5520 1768 5575 venerint
1812 5530 1869 5577 nt

277 5625 617 5684 mansionem
642 5618 787 5689 apud
816 5615 1126 5670 dilectorem
1152 5626 1304 5665 suum
1336 5610 1528 5665 faciant
1550 5651 1565 5673 ,
1601 5609 1867 5667 discessu-

275 5733 408 5775 rum
436 5714 561 5771 inde
580 5710 833 5783 Spiritum
860 5714 1124 5768 sanctum,
1151 5712 1205 5757 et
1232 5710 1478 5772 tanquam
1509 5701 1681 5757 locum
1708 5702 1865 5759 datu-

351 5853 373 5885 ι
410 5850 543 5910 Fditi,
570 5849 870 5901 delectationi
900 5882 913 5896 .
936 5840 1108 5892 Melius
1126 5844 1255 5899 διεδ,
1280 5836 1564 5890 dilectionis.

1638 379 1838 438 LIBER
1872 374 2141 435 ιηιιυυε.

3413 372 3522 435 831»

1930 504 2046 544 rum
2062 501 2184 544 esse
2202 484 2509 557 majoribus.
2526 484 2635 542 Sed
2654 484 2781 541 huic
2795 483 2993 542 carnali
3009 484 3316 557 cogitationi
3334 500 3526 542 occur-

1930 581 2003 636 rit
2032 578 2338 650 Scriptura:
2363 580 2520 648 paulo
2545 578 2741 648 quippe
2760 578 3007 646 superius
3027 578 3120 642 ait,
3140 573 3207 631 Et
3222 593 3313 648 ego
3336 591 3525 649 rogaoo

1938 673 2162 739 Patrem,
2193 682 2239 727 et
2262 671 2419 726 alium
2439 670 2738 725 advocatum
2760 669 2899 723 dabit
2917 668 3053 725 vobis
3080 680 3158 735 ut,
3186 669 3436 724 vobiscum
3458 670 3525 724 sit

1934 766 1985 819 in
2001 774 2243 820 retentum
2262 762 2442 833 (Joan.
2456 777 2564 826 xlv,
2584 758 2903 832 lli-23).Non
2916 776 3042 830 ergo
3050 758 3290 815 discedet
3306 759 3459 813 Patre
3471 767 3526 814 et

1934 856 2071 913 Filio
2093 853 2444 913 venientibus.
2459 850 2556 908 sed
2575 852 2626 907 in
2641 850 2828 907 eadem
2848 851 3123 907 mansione
3137 865 3258 905 cum
3277 849 3405 919 ipsis
3422 849 3525 904 erit

1939 950 1990 1004 in
2016 957 2275 1003 aeternum
2298 946 2457 1016 ;quia
2479 959 2578 1000 nec
2601 944 2691 1000 ille
2717 944 2834 1001 sine
2858 944 2987 1014 ipsis
3004 944 3165 1009 venit,
3192 958 3292 1000 nec
3319 943 3526 997 illisine

1938 1041 2075 1110 ipso.
2104 1038 2209 1095 Sed
2236 1047 2451 1108 propter
2479 1036 2889 1092 insinuationem
2929 1035 3204 1093 Trinitatis
3225 1075 3240 1098 ,
3274 1032 3521 1105 personis

1937 1132 2099 1187 etiam
2140 1129 2359 1200 singulis
2399 1126 2685 1183 nominatis
2718 1126 2967 1181 dicuntur
3010 1125 3254 1197 quasdam
3301 1139 3525 1194 separa-

1941 1224 2033 1278 tim
2059 1223 2111 1287 ις
2142 1236 2247 1277 non
2278 1228 2452 1275 tamen
2476 1218 2597 1274 aliis
2616 1218 2875 1287 separatis
2896 1217 3281 1287 intelliguntur,
3302 1225 3521 1286 propter

1939 1314 2177 1385 ejusdem
2225 1310 2499 1367 Trinitatis
2543 1308 2798 1365 unitatem
2850 1323 3119 1379 unamque
3170 1306 3523 1365 substantiam

1938 1418 2099 1478 atque
2124 1406 2375 1461 deitatem
2406 1402 2578 1458 Patris
2602 1410 2655 1456 et
2683 1399 2798 1455 Filii
2826 1409 2881 1455 et
2909 1399 3134 1470 Spiritus
3161 1400 3352 1455 sancti.

2010 1497 2234 1554 CAPUT
2266 1496 2336 1550 Χ.
2359 1525 2430 1537 --
2452 1493 2542 1549 20.
2588 1493 2851 1562 Quomodo
2876 1491 3102 1547 Christus
3124 1492 3286 1546 tradet
3314 1508 3525 1564 regnum

1942 1590 2050 1645 Deo
2073 1599 2118 1645 et
2148 1587 2314 1642 Patri.
2350 1586 2557 1640 Tradite
2583 1601 2737 1655 regno
2758 1584 2869 1639 Deo
2896 1593 2941 1638 et
2967 1582 3136 1649 Patri,
3163 1582 3391 1638 Christus
3407 1584 3523 1653 jam

1941 1700 2043 1738 non
2068 1679 2403 1752 interpellabit
2429 1694 2519 1749 pro
2544 1678 2706 1731 nobis.
2740 1675 2934 1730 Tradet
2961 1675 3139 1745 itaque
3159 1689 3379 1745 regnum
3413 1675 3523 1729 Deo

1941 1788 1995 1832 et
2021 1775 2161 1831 Patri
2193 1773 2447 1829 Dominus
2472 1778 2654 1826 noster
2690 1767 2845 1825 Jesus
2879 1766 3122 1823 Christus
3145 1808 3160 1832 ,
3192 1783 3295 1821 non
3321 1782 3380 1821 se
3403 1766 3528 1821 inde

1942 1876 2189 1937 separato
2211 1908 2226 1931 ,
2258 1880 2355 1919 nec
2393 1864 2591 1934 Spiritu
2631 1869 2851 1927 sancto,
2874 1860 3087 1932 quando
3128 1859 3377 1928 perducet
3404 1873 3527 1914 cre-

1942 1959 2130 2015 dentes
2154 1957 2220 2011 ad
2250 1954 2750 2024 contemplationem
2777 1952 2891 2015 Dei,
2924 1951 3010 2005 ubi
3037 1958 3119 2006 est
3144 1948 3262 2004 linis
3290 1948 3528 2004 omnium

1944 2051 2201 2106 bonarum
2243 2046 2511 2102 actionum
2538 2084 2552 2108 ,
2593 2052 2648 2098 et
2676 2042 2888 2112 requies
2915 2041 3238 2108 sempiterna
3264 2080 3278 2104 ,
3309 2049 3364 2094 et
3394 2054 3529 2108 gau-

1944 2140 2090 2195 dium
2115 2136 2257 2209 quod
2286 2148 2553 2205 nunquam
2588 2131 2859 2187 auferetur
2883 2146 2912 2183 a
2944 2130 3118 2184 nobis.
3147 2128 3256 2184 lloc
3290 2129 3430 2183 enim
3457 2129 3531 2183 si-

1942 2239 2070 2302 gnat
2096 2232 2147 2285 in
2168 2246 2235 2285 eo
2258 2227 2400 2299 quod
2421 2227 2532 2281 ait:
2558 2224 2752 2279 Iterum
2779 2223 2952 2277 videbo
2980 2238 3082 2287 vos,
3113 2232 3160 2275 et
3186 2222 3420 2293 gaudebit
3441 2236 3530 2275 cor

1944 2334 2189 2385 vestrum,
2219 2329 2265 2374 et
2292 2318 2533 2391 gaudium
2555 2326 2771 2371 vestrum
2796 2329 2940 2368 nemo
2967 2316 3160 2383 auferet
3189 2328 3219 2365 a
3243 2312 3379 2366 vobis
3414 2310 3526 2382 (Id.

1946 2431 2067 2481 xv1,
2113 2412 2229 2483 αα).
2285 2410 2454 2479 llujus
2499 2406 2676 2479 gaudii
2726 2403 3125 2462 similitudinem
3177 2401 3531 2473 pncsignabat

1938 2506 2111 2562 Maria
2134 2504 2327 2561 sedeus
2349 2502 2417 2558 ad
2445 2500 2608 2572 pedes
2637 2498 2883 2564 Domini,
2912 2506 2967 2551 et
2991 2497 3190 2551 intenta
3221 2496 3273 2550 in
3306 2494 3529 2549 verbum

1943 2598 2103 2668 ejus;
2135 2598 2314 2668 quieta
2351 2593 2554 2649 scilicet
2590 2590 2659 2646 ab
2695 2589 2839 2645 omni
2874 2588 3099 2653 actione,
3142 2596 3197 2643 et
3240 2587 3438 2642 intenta
3476 2586 3531 2641 in

1940 2690 2225 2745 veritatem
2248 2684 2536 2741 secundum
2563 2680 2846 2753 quemdam
2872 2679 3088 2734 modum
3110 2719 3127 2745 ,
3169 2677 3322 2748 cujus
3359 2692 3527 2747 capax

1948 2790 2031 2837 est
2054 2781 2151 2834 ista
2178 2778 2308 2844 vita,
2336 2792 2441 2847 quo
2463 2785 2639 2830 tamen
2667 2773 3030 2844 praefigurarct
3061 2769 3186 2824 illud
3216 2769 3356 2841 quod
3388 2770 3531 2824 futu-

1947 2890 2066 2930 rum
2087 2872 2245 2928 estin
2271 2879 2551 2925 :etcrnum.
2579 2866 2780 2931 Martha
2805 2864 3001 2935 quippe
3025 2877 3210 2917 sorore
3234 2876 3328 2916 sua
3351 2861 3403 2915 in
3434 2875 3531 2915 ne-

1944 2964 2213 3023 cessitatis
2231 2963 2445 3018 actione
2470 2968 2821 3015 conversante
2843 2997 2859 3021 ,
2887 2954 3127 3026 quamvis
3158 2953 3292 3009 bona
3312 2964 3365 3009 et
3393 2954 3528 3018 utili,

1951 3067 2129 3113 tamen
2149 3096 2164 3121 ,
2192 3069 2316 3110 cum
2338 3051 2550 3123 requies
2574 3045 2924 3110 successerit,
2958 3044 3239 3099 transitura
3265 3084 3279 3108 ,
3308 3043 3418 3112 ipsa
3446 3058 3535 3097 re-

1946 3145 2261 3221 quiescebat
2296 3145 2351 3199 in
2374 3142 2540 3198 verbo
2578 3138 2807 3195 Domini.
2851 3136 2918 3192 Et
2955 3136 3076 3190 ideo
3122 3135 3378 3190 Dominus
3405 3148 3534 3188 con-

1950 3240 2192 3314 querenti
2245 3235 2465 3293 Marthae
2514 3233 2656 3307 quod
2710 3248 2827 3287 eam
2879 3245 3032 3286 soror
3083 3244 3190 3283 non
3235 3227 3531 3298 adjuvaret,

1954 3331 2266 3404 respondit:
2301 3327 2471 3383 Maria
2492 3326 2733 3397 optimam
2763 3332 2957 3392 partem
2982 3321 3147 3392 elegit,
3178 3335 3291 3389 quae
3316 3336 3415 3373 non
3440 3336 3535 3372 au-

1940 3428 2141 3499 feretur
2183 3422 2245 3478 ab
2288 3439 2347 3478 ea
2376 3419 2541 3493 (Luc.
2573 3435 2602 3473 x
2625 3461 2638 3484 ,
2668 3415 2840 3473 59-ιῖ
2858 3414 2901 3485 ).
2934 3415 3047 3469 Νοη
3089 3421 3293 3483 partem
3338 3412 3534 3466 malam

1952 3519 2087 3575 dixit
2127 3514 2269 3587 quod
2293 3512 2484 3584 agebat
2524 3509 2768 3573 Martha;
2816 3506 2911 3562 sed
2939 3507 3090 3562 istam
3133 3503 3387 3573 optimam
3416 3518 3535 3575 qua:

1953 3625 2062 3665 non
2087 3607 2376 3663 auferetur.
2401 3602 2492 3657 Illa
2519 3600 2661 3657 enim
2687 3614 2805 3669 qua:
2832 3598 2885 3652 in
2912 3593 3205 3651 ministerio
3230 3592 3536 3663 indigentia:

1954 3708 2058 3766 est,
2087 3713 2211 3754 cum
2244 3692 2529 3765 indigentia
2569 3691 2682 3760 ipsa
2712 3687 3019 3752 transierit,
3063 3683 3357 3739 auferetur.
3400 3682 3536 3737 Boni

1954 3794 2150 3866 quippe
2173 3788 2353 3861 operis
2391 3784 2664 3857 transituri
2691 3794 2898 3837 merces
2921 3787 3006 3835 est
3044 3776 3257 3847 requies
3283 3789 3535 3846 perman-

1936 3899 2099 3941 sura.
2128 3882 2186 3937 ln
2226 3881 2312 3935 illa
2340 3878 2500 3949 igitur
2536 3871 2982 3943 contemplatione
3028 3869 3167 3923 Deus
3212 3866 3317 3922 erit
3357 3866 3536 3922 omnia

1956 3977 2013 4032 in
2037 3973 2319 4036 omnibus;
2349 3969 2475 4041 quia
2512 3966 2641 4023 nihil
2669 3964 2738 4021 ab
2770 3963 2863 4019 illo
2887 3958 3032 4016 aliud
3061 3958 3363 4030 requiretur
3386 3998 3402 4023 ,
3442 3956 3537 4012 sed

1934 4066 2074 4122 solo
2099 4065 2217 4135 ipso
2237 4058 2490 4118 illustrari
2518 4055 2823 4126 perfruique
2844 4050 3091 4107 sufliciet.
3116 4048 3345 4119 Ideoque
3368 4048 3458 4103 ille
3483 4047 3539 4103 in

1959 4174 2070 4232 quo
2122 4156 2351 4229 Spiritus
2407 4149 2707 4220 interpellat
2760 4144 3043 4217 gemitibus
3098 4140 3542 4198 inenarrabilibus

1927 4279 1933 4283 >
1960 4230 2137 4327 (Βοηι.
2164 4262 2258 4302 vtu
2278 4287 2295 4314 ,
2322 4245 2438 4315 26),
2470 4240 2660 4307 Unam,
2692 4237 2884 4308 inquit,
2915 4234 3036 4307 petii
3060 4250 3093 4286 a
3119 4232 3337 4287 Domino
3358 4270 3377 4298 ,
3410 4230 3544 4287 hanc

1960 4322 2249 4415 requiram;
2274 4348 2329 4394 ut
2348 4336 2620 4393 inhabitem
2642 4333 2696 4387 in
2726 4331 2877 4385 domo
2898 4326 3104 4382 Domini
3134 4341 3222 4395 per
3242 4339 3430 4415 omnes
3437 4322 3544 4376 dies

1962 4408 2077 4491 vitis
2101 4447 2259 4500 mete,
2290 4438 2345 4483 ut
2368 4424 2672 4495 contempler
2710 4420 3091 4476 delectationem
3122 4414 3328 4469 Domini
3366 4408 3540 4485 (Psal.

1964 4542 2129 4591 xxvi,
2169 4522 2248 4593 ι).
2296 4514 2784 4586 Contemplabimur
2831 4510 2975 4566 enim
3021 4508 3188 4563 Deum
3236 4505 3449 4560 Patrem
3490 4510 3547 4557 et

1962 4619 2159 4675 Filium
2182 4623 2239 4671 et
2265 4612 2522 4683 Spirittun
2556 4614 2835 4671 sanctum,
2880 4618 3001 4658 cum
3047 4599 3311 4656 mediator
3355 4596 3447 4651 Dei
3489 4606 3545 4651 et

1966 4708 2241 4765 hominum
2263 4703 2426 4758 homo
2446 4698 2691 4757 Christus
2708 4695 2868 4752 Jesus
2893 4692 3168 4749 tradiderit
3188 4703 3406 4759 regnum
3436 4686 3547 4740 Deo

1964 4810 2024 4860 et
2047 4799 2225 4865 Patri,
2253 4805 2312 4854 ut
2347 4796 2458 4866 jam
2500 4808 2605 4848 non
2650 4788 2954 4859 interpellet
2982 4801 3077 4855 pro
3103 4782 3259 4838 nobis
3287 4777 3549 4833 mediator
3650 4846 3659 4851 ἡ

1965 4903 2023 4951 et
2045 4890 2295 4947 sacerdos
2325 4865 2526 4948 noster,
2561 4883 2733 4939 Filius
2759 4880 2851 4936 Dei
2881 4888 2933 4933 et
2962 4876 3127 4932 Filius
3154 4869 3418 4934 hominis;
3452 4865 3546 4924 sed

1967 4995 2029 5042 et,
2047 4985 2159 5054 ipse
2185 4983 2236 5036 in
2265 4987 2519 5051 quantum
2543 4974 2793 5031 sacerdos
2811 4979 2896 5026 est
2919 4976 3187 5037 assumpta
3209 4970 3428 5035 propter
3449 4975 3548 5016 nos

1932 5112 1935 5119 -
1970 5078 2115 5135 servi
2144 5076 2309 5130 forma
2334 5113 2352 5138 ,
2394 5070 2669 5140 subjectus
2692 5067 2764 5121 sit
2786 5065 2836 5120 ei
2865 5062 2954 5133 qui
2984 5060 3057 5115 illi
3093 5056 3315 5127 subjecit
3344 5054 3547 5113 omnia.

1969 5177 2027 5225 ct
2045 5167 2133 5224 cui
2162 5163 2387 5234 subjecit
2410 5160 2623 5225 omnia;
2664 5165 2723 5212 ut
2748 5155 2801 5209 in
2829 5158 3085 5223 quantum
3118 5149 3259 5203 Deus
3282 5153 3366 5201 est
3383 5186 3398 5210 ,
3425 5159 3550 5200 cum

1972 5262 2065 5318 illo
2095 5273 2193 5315 nos
2218 5256 2490 5326 subjectos
2514 5251 2727 5314 habeat,
2759 5248 2809 5301 in
2835 5253 3092 5316 quantum
3122 5239 3372 5296 sacerdos
3391 5278 3407 5303 ,
3446 5252 3549 5294 no-

1973 5354 2179 5410 biscum
2205 5349 2282 5404 illi
2306 5347 2577 5416 subjectus
2601 5343 2669 5397 sit
2703 5340 2761 5412 (Ι
2793 5337 2911 5393 Cor.
2938 5351 3029 5402 xv,
3058 5332 3279 5403 24-28).
3304 5330 3551 5400 Quapro-

1926 5481 1932 5487 ι
1975 5455 2092 5518 pter
2119 5456 2238 5499 cum
2264 5439 2433 5495 Filius
2463 5436 2534 5488 sit
2558 5440 2617 5489 et
2646 5432 2789 5487 Deus
2812 5439 2867 5484 et
2889 5427 3079 5489 homo,
3121 5425 3221 5479 alia
3259 5420 3555 5479 substantia

1974 5513 2151 5595 homo
2176 5532 2349 5605 potius
2378 5530 2430 5583 in
2459 5527 2597 5583 Filio
2618 5525 2639 5557 "
2684 5538 2845 5594 quam
2881 5519 3047 5575 Filius
3092 5519 3144 5573 in
3187 5517 3383 5571 Patre:
3415 5513 3554 5568 sicut

2038 5714 2056 5746 ι
2092 5711 2255 5767 Abest,
2268 5702 2548 5767 separatim,
2572 5712 2600 5749 a
2616 5706 2723 5767 Mss.

2034 5744 2055 5805 ί
2088 5744 2555 5821 €12”.B’éia3$‘é's'iig§’.
2573 5744 2793 5819 milia,
2817 5755 2916 5809 alia
2956 5752 3218 5809 substantia
3259 5758 3405 5808 Deus,
3445 5744 3547 5795 alia

1975 5834 2131 5895 homo,
2157 5832 2294 5880 homo
2310 5826 2462 5890 potius
2479 5824 2531 5879 in
2555 5821 2695 5885 Ρίιὶρ,
2720 5829 2816 5873 etc.
