  <div class='ocr_page' id='page_1' title='image "/cluster/home/n/w/nwhite01/storage/ocr_20150623/42/hvd.32044015471493/423.png"; bbox 0 0 4042 6446; ppageno 0'>
   <div class='ocr_carea' id='block_1_1' title="bbox 481 351 629 413">
    <p class='ocr_par' dir='ltr' id='par_1_1' title="bbox 481 351 629 413">
     <span class='ocr_line' id='line_1_1' title="bbox 481 351 629 413; baseline -0.034 -8"><span class='ocrx_word' id='word_1_1' title='bbox 481 351 629 413; x_wconf 66' lang='lat'><strong>833.</strong></span> 
     </span>
    </p>
   </div>
   <div class='ocr_carea' id='block_1_2' title="bbox 480 453 2070 532">
    <p class='ocr_par' dir='ltr' id='par_1_2' title="bbox 480 453 2070 532">
     <span class='ocr_line' id='line_1_2' title="bbox 480 453 2070 532; baseline -0.008 -8"><span class='ocrx_word' id='word_1_2' title='bbox 480 482 614 525; x_wconf 85' lang='lat' dir='ltr'><strong>caro</strong></span> <span class='ocrx_word' id='word_1_3' title='bbox 639 465 854 532; x_wconf 69' lang='lat' dir='ltr'><strong>animm</strong></span> <span class='ocrx_word' id='word_1_4' title='bbox 892 476 1062 530; x_wconf 69' lang='lat' dir='ltr'><strong>metu,</strong></span> <span class='ocrx_word' id='word_1_5' title='bbox 1107 459 1220 516; x_wconf 79' lang='lat' dir='ltr'><strong>alia</strong></span> <span class='ocrx_word' id='word_1_6' title='bbox 1255 456 1554 514; x_wconf 73' lang='lat' dir='ltr'><strong>substantia</strong></span> <span class='ocrx_word' id='word_1_7' title='bbox 1596 464 1681 512; x_wconf 83' lang='lat' dir='ltr'><strong>est</strong></span> <span class='ocrx_word' id='word_1_8' title='bbox 1711 454 1796 511; x_wconf 77' lang='lat' dir='ltr'><strong>ad</strong></span> <span class='ocrx_word' id='word_1_9' title='bbox 1835 453 2070 512; x_wconf 61' lang='lat' dir='ltr'><strong>auinam</strong></span> 
     </span>
    </p>
   </div>
   <div class='ocr_carea' id='block_1_3' title="bbox 481 547 2072 631">
    <p class='ocr_par' dir='ltr' id='par_1_3' title="bbox 481 547 2072 631">
     <span class='ocr_line' id='line_1_3' title="bbox 481 547 2072 631; baseline -0.009 -13"><span class='ocrx_word' id='word_1_10' title='bbox 481 577 677 626; x_wconf 80' lang='lat' dir='ltr'><strong>meum,</strong></span> <span class='ocrx_word' id='word_1_11' title='bbox 707 559 954 631; x_wconf 79' lang='lat' dir='ltr'><strong>quamvis</strong></span> <span class='ocrx_word' id='word_1_12' title='bbox 977 557 1030 611; x_wconf 90' lang='lat' dir='ltr'><strong>in</strong></span> <span class='ocrx_word' id='word_1_13' title='bbox 1061 569 1170 610; x_wconf 81' lang='lat' dir='ltr'><strong>uno</strong></span> <span class='ocrx_word' id='word_1_14' title='bbox 1195 553 1435 618; x_wconf 78' lang='lat' dir='ltr'><strong>homine,</strong></span> <span class='ocrx_word' id='word_1_15' title='bbox 1463 564 1622 623; x_wconf 84' lang='lat' dir='ltr'><strong>quam</strong></span> <span class='ocrx_word' id='word_1_16' title='bbox 1653 547 2072 605; x_wconf 66' lang='lat' dir='ltr'><strong>animaalterius</strong></span> 
     </span>
    </p>
   </div>
   <div class='ocr_carea' id='block_1_4' title="bbox 484 648 1292 708">
    <p class='ocr_par' dir='ltr' id='par_1_4' title="bbox 484 648 1292 708">
     <span class='ocr_line' id='line_1_4' title="bbox 484 648 1292 708; baseline -0.014 -1"><span class='ocrx_word' id='word_1_17' title='bbox 484 652 715 708; x_wconf 77' lang='lat' dir='ltr'><strong>hominis</strong></span> <span class='ocrx_word' id='word_1_18' title='bbox 740 648 808 704; x_wconf 88' lang='lat' dir='ltr'><strong>ad</strong></span> <span class='ocrx_word' id='word_1_19' title='bbox 833 649 1069 703; x_wconf 84' lang='lat' dir='ltr'><strong>animam</strong></span> <span class='ocrx_word' id='word_1_20' title='bbox 1093 659 1292 700; x_wconf 83' lang='lat' dir='ltr'><strong>meam.</strong></span> 
     </span>
    </p>
   </div>
   <div class='ocr_carea' id='block_1_5' title="bbox 552 729 2081 810">
    <p class='ocr_par' dir='ltr' id='par_1_5' title="bbox 552 729 2081 810">
     <span class='ocr_line' id='line_1_5' title="bbox 552 729 2081 810; baseline -0.007 -12"><span class='ocrx_word' id='word_1_21' title='bbox 552 744 642 798; x_wconf 72' lang='lat'><strong>2|.</strong></span> <span class='ocrx_word' id='word_1_22' title='bbox 687 742 816 797; x_wconf 73' lang='lat' dir='ltr'><strong>Cum</strong></span> <span class='ocrx_word' id='word_1_23' title='bbox 856 755 987 810; x_wconf 75' lang='lat' dir='ltr'><strong>ergo</strong></span> <span class='ocrx_word' id='word_1_24' title='bbox 1027 736 1298 794; x_wconf 68' lang='lat' dir='ltr'><strong>tradiderit</strong></span> <span class='ocrx_word' id='word_1_25' title='bbox 1335 749 1552 806; x_wconf 68' lang='lat' dir='ltr'><strong>reglutina</strong></span> <span class='ocrx_word' id='word_1_26' title='bbox 1590 733 1696 788; x_wconf 84' lang='lat' dir='ltr'><strong>Deo</strong></span> <span class='ocrx_word' id='word_1_27' title='bbox 1729 741 1786 790; x_wconf 76' lang='lat' dir='ltr'><strong>et</strong></span> <span class='ocrx_word' id='word_1_28' title='bbox 1809 729 1998 796; x_wconf 79' lang='lat' dir='ltr'><strong>Patri,</strong></span> <span class='ocrx_word' id='word_1_29' title='bbox 2021 731 2081 787; x_wconf 66' lang='lat' dir='ltr'><strong>id</strong></span> 
     </span>
    </p>
   </div>
   <div class='ocr_carea' id='block_1_6' title="bbox 484 821 2080 902">
    <p class='ocr_par' dir='ltr' id='par_1_6' title="bbox 484 821 2080 902">
     <span class='ocr_line' id='line_1_6' title="bbox 484 821 2080 902; baseline -0.009 -10"><span class='ocrx_word' id='word_1_30' title='bbox 484 847 567 892; x_wconf 52' lang='lat' dir='ltr'><strong>eat</strong></span> <span class='ocrx_word' id='word_1_31' title='bbox 591 878 606 902; x_wconf 95' lang='lat'><strong>,</strong></span> <span class='ocrx_word' id='word_1_32' title='bbox 635 849 756 891; x_wconf 91' lang='lat' dir='ltr'><strong>cum</strong></span> <span class='ocrx_word' id='word_1_33' title='bbox 787 831 1074 888; x_wconf 78' lang='lat' dir='ltr'><strong>credentes</strong></span> <span class='ocrx_word' id='word_1_34' title='bbox 1106 837 1164 884; x_wconf 88' lang='lat' dir='ltr'><strong>et</strong></span> <span class='ocrx_word' id='word_1_35' title='bbox 1199 828 1443 883; x_wconf 82' lang='lat' dir='ltr'><strong>viventes</strong></span> <span class='ocrx_word' id='word_1_36' title='bbox 1480 841 1550 880; x_wconf 76' lang='lat' dir='ltr'><strong>ex</strong></span> <span class='ocrx_word' id='word_1_37' title='bbox 1581 824 1729 889; x_wconf 72' lang='lat' dir='ltr'><strong>lida,</strong></span> <span class='ocrx_word' id='word_1_38' title='bbox 1759 839 1859 895; x_wconf 81' lang='lat' dir='ltr'><strong>pro</strong></span> <span class='ocrx_word' id='word_1_39' title='bbox 1883 821 2080 894; x_wconf 76' lang='lat' dir='ltr'><strong>quibus</strong></span> 
     </span>
    </p>
   </div>
   <div class='ocr_carea' id='block_1_7' title="bbox 487 914 2078 991">
    <p class='ocr_par' dir='ltr' id='par_1_7' title="bbox 487 914 2078 991">
     <span class='ocr_line' id='line_1_7' title="bbox 487 914 2078 991; baseline -0.011 -7"><span class='ocrx_word' id='word_1_40' title='bbox 487 943 634 984; x_wconf 89' lang='lat' dir='ltr'><strong>nunc</strong></span> <span class='ocrx_word' id='word_1_41' title='bbox 659 925 922 981; x_wconf 81' lang='lat' dir='ltr'><strong>mediator</strong></span> <span class='ocrx_word' id='word_1_42' title='bbox 943 920 1251 991; x_wconf 82' lang='lat' dir='ltr'><strong>interpellat</strong></span> <span class='ocrx_word' id='word_1_43' title='bbox 1271 961 1287 985; x_wconf 92' lang='lat'><strong>,</strong></span> <span class='ocrx_word' id='word_1_44' title='bbox 1319 916 1628 989; x_wconf 71' lang='lat' dir='ltr'><strong>perduxerit</strong></span> <span class='ocrx_word' id='word_1_45' title='bbox 1655 915 1724 974; x_wconf 84' lang='lat' dir='ltr'><strong>ad</strong></span> <span class='ocrx_word' id='word_1_46' title='bbox 1749 927 1958 972; x_wconf 82' lang='lat' dir='ltr'><strong>contem</strong></span> <span class='ocrx_word' id='word_1_47' title='bbox 1969 914 2078 984; x_wconf 75' lang='lat' dir='ltr'><strong>pla-</strong></span> 
     </span>
    </p>
   </div>
   <div class='ocr_carea' id='block_1_8' title="bbox 451 1006 2079 1087">
    <p class='ocr_par' dir='ltr' id='par_1_8' title="bbox 451 1006 2079 1087">
     <span class='ocr_line' id='line_1_8' title="bbox 451 1006 2079 1087; baseline -0.008 -11"><span class='ocrx_word' id='word_1_48' title='bbox 451 1068 458 1075; x_wconf 94' lang='lat'><strong>.</strong></span> <span class='ocrx_word' id='word_1_49' title='bbox 489 1023 688 1076; x_wconf 84' lang='lat' dir='ltr'><strong>tionem</strong></span> <span class='ocrx_word' id='word_1_50' title='bbox 713 1059 734 1082; x_wconf 84' lang='lat'><strong>,</strong></span> <span class='ocrx_word' id='word_1_51' title='bbox 757 1012 1230 1087; x_wconf 68' lang='lat' dir='ltr'><strong>ouipereipiemlte</strong></span> <span class='ocrx_word' id='word_1_52' title='bbox 1256 1011 1592 1080; x_wconf 79' lang='lat' dir='ltr'><strong>suspirsmus</strong></span> <span class='ocrx_word' id='word_1_53' title='bbox 1615 1017 1669 1064; x_wconf 87' lang='lat' dir='ltr'><strong>et</strong></span> <span class='ocrx_word' id='word_1_54' title='bbox 1695 1006 1961 1079; x_wconf 70' lang='lat' dir='ltr'><strong>gemimus</strong></span> <span class='ocrx_word' id='word_1_55' title='bbox 1979 1047 1995 1073; x_wconf 94' lang='lat'><strong>,</strong></span> <span class='ocrx_word' id='word_1_56' title='bbox 2023 1013 2079 1063; x_wconf 81' lang='lat' dir='ltr'><strong>et</strong></span> 
     </span>
    </p>
   </div>
   <div class='ocr_carea' id='block_1_9' title="bbox 490 1097 2082 1175">
    <p class='ocr_par' dir='ltr' id='par_1_9' title="bbox 490 1097 2082 1175">
     <span class='ocr_line' id='line_1_9' title="bbox 490 1097 2082 1175; baseline -0.012 -6"><span class='ocrx_word' id='word_1_57' title='bbox 490 1128 619 1169; x_wconf 86' lang='lat' dir='ltr'><strong>curn</strong></span> <span class='ocrx_word' id='word_1_58' title='bbox 644 1109 915 1166; x_wconf 84' lang='lat' dir='ltr'><strong>transierit</strong></span> <span class='ocrx_word' id='word_1_59' title='bbox 941 1108 1094 1165; x_wconf 78' lang='lat' dir='ltr'><strong>labor</strong></span> <span class='ocrx_word' id='word_1_60' title='bbox 1119 1113 1173 1160; x_wconf 85' lang='lat' dir='ltr'><strong>et</strong></span> <span class='ocrx_word' id='word_1_61' title='bbox 1199 1103 1431 1175; x_wconf 72' lang='lat' dir='ltr'><strong>gemitus</strong></span> <span class='ocrx_word' id='word_1_62' title='bbox 1453 1139 1470 1167; x_wconf 88' lang='lat'><strong>,</strong></span> <span class='ocrx_word' id='word_1_63' title='bbox 1492 1101 1604 1170; x_wconf 85' lang='lat' dir='ltr'><strong>jam</strong></span> <span class='ocrx_word' id='word_1_64' title='bbox 1635 1114 1741 1155; x_wconf 85' lang='lat' dir='ltr'><strong>non</strong></span> <span class='ocrx_word' id='word_1_65' title='bbox 1767 1097 2082 1167; x_wconf 47' lang='lat' dir='ltr'><strong>interpellas</strong></span> 
     </span>
    </p>
   </div>
   <div class='ocr_carea' id='block_1_10' title="bbox 488 1188 2078 1275">
    <p class='ocr_par' dir='ltr' id='par_1_10' title="bbox 488 1188 2078 1275">
     <span class='ocr_line' id='line_1_10' title="bbox 488 1188 2078 1275; baseline -0.013 -15"><span class='ocrx_word' id='word_1_66' title='bbox 488 1205 567 1260; x_wconf 83' lang='lat' dir='ltr'><strong>bit</strong></span> <span class='ocrx_word' id='word_1_67' title='bbox 595 1219 690 1275; x_wconf 93' lang='lat' dir='ltr'><strong>pro</strong></span> <span class='ocrx_word' id='word_1_68' title='bbox 715 1201 870 1258; x_wconf 88' lang='lat' dir='ltr'><strong>nobis</strong></span> <span class='ocrx_word' id='word_1_69' title='bbox 899 1199 1098 1254; x_wconf 87' lang='lat' dir='ltr'><strong>tradito</strong></span> <span class='ocrx_word' id='word_1_70' title='bbox 1120 1210 1289 1268; x_wconf 75' lang='lat' dir='ltr'><strong>regno</strong></span> <span class='ocrx_word' id='word_1_71' title='bbox 1317 1193 1430 1252; x_wconf 83' lang='lat' dir='ltr'><strong>Deo</strong></span> <span class='ocrx_word' id='word_1_72' title='bbox 1453 1202 1508 1248; x_wconf 88' lang='lat' dir='ltr'><strong>et</strong></span> <span class='ocrx_word' id='word_1_73' title='bbox 1533 1192 1699 1247; x_wconf 80' lang='lat' dir='ltr'><strong>Patri.</strong></span> <span class='ocrx_word' id='word_1_74' title='bbox 1739 1191 1852 1246; x_wconf 84' lang='lat' dir='ltr'><strong>Hoc</strong></span> <span class='ocrx_word' id='word_1_75' title='bbox 1874 1188 2078 1259; x_wconf 55' lang='lat' dir='ltr'><strong>signiti-~</strong></span> 
     </span>
    </p>
   </div>
   <div class='ocr_carea' id='block_1_11' title="bbox 488 1281 2078 1359">
    <p class='ocr_par' dir='ltr' id='par_1_11' title="bbox 488 1281 2078 1359">
     <span class='ocr_line' id='line_1_11' title="bbox 488 1281 2078 1359; baseline -0.011 -7"><span class='ocrx_word' id='word_1_76' title='bbox 488 1311 619 1352; x_wconf 87' lang='lat' dir='ltr'><strong>cans</strong></span> <span class='ocrx_word' id='word_1_77' title='bbox 647 1296 720 1349; x_wconf 89' lang='lat' dir='ltr'><strong>ait</strong></span> <span class='ocrx_word' id='word_1_78' title='bbox 741 1335 756 1359; x_wconf 90' lang='lat'><strong>,</strong></span> <span class='ocrx_word' id='word_1_79' title='bbox 788 1292 917 1346; x_wconf 64' lang='lat' dir='ltr'><strong>Hora</strong></span> <span class='ocrx_word' id='word_1_80' title='bbox 952 1289 1205 1345; x_wconf 82' lang='lat' dir='ltr'><strong>vobiscum</strong></span> <span class='ocrx_word' id='word_1_81' title='bbox 1226 1288 1438 1343; x_wconf 75' lang='lat' dir='ltr'><strong>locutus</strong></span> <span class='ocrx_word' id='word_1_82' title='bbox 1463 1285 1620 1344; x_wconf 53' lang='lat' dir='ltr'><strong>sum?</strong></span> <span class='ocrx_word' id='word_1_83' title='bbox 1651 1283 1705 1337; x_wconf 88' lang='lat' dir='ltr'><strong>in</strong></span> <span class='ocrx_word' id='word_1_84' title='bbox 1727 1281 2078 1344; x_wconf 79' lang='lat' dir='ltr'><strong>similitudini-</strong></span> 
     </span>
    </p>
   </div>
   <div class='ocr_carea' id='block_1_12' title="bbox 491 1372 2080 1452">
    <p class='ocr_par' dir='ltr' id='par_1_12' title="bbox 491 1372 2080 1452">
     <span class='ocr_line' id='line_1_12' title="bbox 491 1372 2080 1452; baseline -0.009 -10"><span class='ocrx_word' id='word_1_85' title='bbox 491 1389 582 1443; x_wconf 84' lang='lat' dir='ltr'><strong>bus</strong></span> <span class='ocrx_word' id='word_1_86' title='bbox 604 1404 623 1442; x_wconf 93' lang='lat'><em>:</em></span> <span class='ocrx_word' id='word_1_87' title='bbox 649 1387 818 1441; x_wconf 69' lang='lat' dir='ltr'><strong>ueniet.</strong></span> <span class='ocrx_word' id='word_1_88' title='bbox 849 1384 976 1438; x_wconf 79' lang='lat' dir='ltr'><strong>hora</strong></span> <span class='ocrx_word' id='word_1_89' title='bbox 999 1421 1016 1448; x_wconf 91' lang='lat'><strong>,</strong></span> <span class='ocrx_word' id='word_1_90' title='bbox 1057 1379 1273 1452; x_wconf 15' lang='lat' dir='ltr'><strong>quando.</strong></span> <span class='ocrx_word' id='word_1_91' title='bbox 1297 1378 1412 1448; x_wconf 73' lang='lat' dir='ltr'><strong>iam</strong></span> <span class='ocrx_word' id='word_1_92' title='bbox 1449 1392 1552 1430; x_wconf 81' lang='lat' dir='ltr'><strong>non</strong></span> <span class='ocrx_word' id='word_1_93' title='bbox 1589 1375 1641 1430; x_wconf 85' lang='lat' dir='ltr'><strong>in</strong></span> <span class='ocrx_word' id='word_1_94' title='bbox 1667 1372 2080 1430; x_wconf 81' lang='lat' dir='ltr'><strong>similitudinibus</strong></span> 
     </span>
    </p>
   </div>
   <div class='ocr_carea' id='block_1_13' title="bbox 493 1461 2080 1549">
    <p class='ocr_par' dir='ltr' id='par_1_13' title="bbox 493 1461 2080 1549">
     <span class='ocr_line' id='line_1_13' title="bbox 493 1461 2080 1549; baseline -0.01 -15"><span class='ocrx_word' id='word_1_95' title='bbox 493 1479 675 1549; x_wconf 79' lang='lat' dir='ltr'><strong>loquar</strong></span> <span class='ocrx_word' id='word_1_96' title='bbox 692 1478 830 1532; x_wconf 80' lang='lat' dir='ltr'><strong>uobis</strong></span> <span class='ocrx_word' id='word_1_97' title='bbox 847 1516 863 1543; x_wconf 91' lang='lat'><strong>,</strong></span> <span class='ocrx_word' id='word_1_98' title='bbox 893 1475 985 1529; x_wconf 87' lang='lat' dir='ltr'><strong>sed</strong></span> <span class='ocrx_word' id='word_1_99' title='bbox 1011 1473 1274 1544; x_wconf 74' lang='lat' dir='ltr'><strong>manifeste</strong></span> <span class='ocrx_word' id='word_1_100' title='bbox 1295 1469 1360 1524; x_wconf 89' lang='lat' dir='ltr'><strong>de</strong></span> <span class='ocrx_word' id='word_1_101' title='bbox 1379 1467 1538 1522; x_wconf 84' lang='lat' dir='ltr'><strong>Patre</strong></span> <span class='ocrx_word' id='word_1_102' title='bbox 1565 1467 1806 1521; x_wconf 78' lang='lat' dir='ltr'><strong>nuntiabo</strong></span> <span class='ocrx_word' id='word_1_103' title='bbox 1830 1464 2004 1528; x_wconf 83' lang='lat' dir='ltr'><strong>vobis;</strong></span> <span class='ocrx_word' id='word_1_104' title='bbox 2028 1461 2080 1518; x_wconf 85' lang='lat' dir='ltr'><strong>id</strong></span> 
     </span>
    </p>
   </div>
   <div class='ocr_carea' id='block_1_14' title="bbox 492 1555 2082 1642">
    <p class='ocr_par' dir='ltr' id='par_1_14' title="bbox 492 1555 2082 1642">
     <span class='ocr_line' id='line_1_14' title="bbox 492 1555 2082 1642; baseline -0.009 -14"><span class='ocrx_word' id='word_1_105' title='bbox 492 1582 576 1628; x_wconf 89' lang='lat' dir='ltr'><strong>est</strong></span> <span class='ocrx_word' id='word_1_106' title='bbox 602 1613 616 1638; x_wconf 84' lang='grc'>,</span> <span class='ocrx_word' id='word_1_107' title='bbox 646 1573 754 1642; x_wconf 74' lang='lat' dir='ltr'><strong>iam</strong></span> <span class='ocrx_word' id='word_1_108' title='bbox 796 1584 903 1624; x_wconf 87' lang='lat' dir='ltr'><strong>non</strong></span> <span class='ocrx_word' id='word_1_109' title='bbox 941 1575 1099 1623; x_wconf 90' lang='lat' dir='ltr'><strong>erunt</strong></span> <span class='ocrx_word' id='word_1_110' title='bbox 1135 1561 1511 1619; x_wconf 76' lang='lat' dir='ltr'><strong>similitudines</strong></span> <span class='ocrx_word' id='word_1_111' title='bbox 1535 1601 1550 1623; x_wconf 87' lang='lat'><strong>,</strong></span> <span class='ocrx_word' id='word_1_112' title='bbox 1587 1574 1716 1614; x_wconf 86' lang='lat' dir='ltr'><strong>cum</strong></span> <span class='ocrx_word' id='word_1_113' title='bbox 1755 1557 1889 1612; x_wconf 85' lang='lat' dir='ltr'><strong>visio</strong></span> <span class='ocrx_word' id='word_1_114' title='bbox 1925 1555 2082 1613; x_wconf 82' lang='lat' dir='ltr'><strong>fuerit</strong></span> 
     </span>
    </p>
   </div>
   <div class='ocr_carea' id='block_1_15' title="bbox 493 1647 2084 1723">
    <p class='ocr_par' dir='ltr' id='par_1_15' title="bbox 493 1647 2084 1723">
     <span class='ocr_line' id='line_1_15' title="bbox 493 1647 2084 1723; baseline -0.009 -5"><span class='ocrx_word' id='word_1_115' title='bbox 493 1661 722 1719; x_wconf 80' lang='lat' dir='ltr'><strong>faciead</strong></span> <span class='ocrx_word' id='word_1_116' title='bbox 750 1661 959 1716; x_wconf 89' lang='lat' dir='ltr'><strong>faciem.</strong></span> <span class='ocrx_word' id='word_1_117' title='bbox 983 1657 1096 1712; x_wconf 81' lang='lat' dir='ltr'><strong>Hoc</strong></span> <span class='ocrx_word' id='word_1_118' title='bbox 1120 1661 1203 1711; x_wconf 86' lang='lat' dir='ltr'><strong>est</strong></span> <span class='ocrx_word' id='word_1_119' title='bbox 1228 1654 1374 1710; x_wconf 87' lang='lat' dir='ltr'><strong>enim</strong></span> <span class='ocrx_word' id='word_1_120' title='bbox 1397 1650 1540 1723; x_wconf 87' lang='lat' dir='ltr'><strong>quod</strong></span> <span class='ocrx_word' id='word_1_121' title='bbox 1561 1651 1678 1716; x_wconf 82' lang='lat' dir='ltr'><strong>ait,</strong></span> <span class='ocrx_word' id='word_1_122' title='bbox 1707 1651 1796 1704; x_wconf 87' lang='lat' dir='ltr'><strong>sed</strong></span> <span class='ocrx_word' id='word_1_123' title='bbox 1822 1647 2084 1719; x_wconf 75' lang='lat' dir='ltr'><strong>manifeste</strong></span> 
     </span>
    </p>
   </div>
   <div class='ocr_carea' id='block_1_16' title="bbox 494 1737 2084 1813">
    <p class='ocr_par' dir='ltr' id='par_1_16' title="bbox 494 1737 2084 1813">
     <span class='ocr_line' id='line_1_16' title="bbox 494 1737 2084 1813; baseline -0.01 -1"><span class='ocrx_word' id='word_1_124' title='bbox 494 1757 559 1812; x_wconf 86' lang='lat' dir='ltr'><strong>de</strong></span> <span class='ocrx_word' id='word_1_125' title='bbox 585 1756 744 1810; x_wconf 85' lang='lat' dir='ltr'><strong>Patre</strong></span> <span class='ocrx_word' id='word_1_126' title='bbox 763 1752 1009 1808; x_wconf 72' lang='lat' dir='ltr'><strong>nuntiabo</strong></span> <span class='ocrx_word' id='word_1_127' title='bbox 1037 1750 1215 1813; x_wconf 65' lang='lat' dir='ltr'><strong>vobis;</strong></span> <span class='ocrx_word' id='word_1_128' title='bbox 1243 1763 1307 1804; x_wconf 88' lang='lat' dir='ltr'><strong>ac</strong></span> <span class='ocrx_word' id='word_1_129' title='bbox 1329 1746 1634 1810; x_wconf 86' lang='lat' dir='ltr'><strong>sidiceret,</strong></span> <span class='ocrx_word' id='word_1_130' title='bbox 1667 1741 1945 1799; x_wconf 72' lang='lat' dir='ltr'><strong>manifeste</strong></span> <span class='ocrx_word' id='word_1_131' title='bbox 1984 1737 2084 1797; x_wconf 39' lang='lat' dir='ltr'><strong>Pas</strong></span> 
     </span>
    </p>
   </div>
   <div class='ocr_carea' id='block_1_17' title="bbox 495 1828 2082 1911">
    <p class='ocr_par' dir='ltr' id='par_1_17' title="bbox 495 1828 2082 1911">
     <span class='ocr_line' id='line_1_17' title="bbox 495 1828 2082 1911; baseline -0.008 -8"><span class='ocrx_word' id='word_1_132' title='bbox 495 1858 631 1903; x_wconf 86' lang='lat' dir='ltr'><strong>trem</strong></span> <span class='ocrx_word' id='word_1_133' title='bbox 661 1845 940 1901; x_wconf 82' lang='lat' dir='ltr'><strong>ostendam</strong></span> <span class='ocrx_word' id='word_1_134' title='bbox 961 1843 1134 1898; x_wconf 87' lang='lat' dir='ltr'><strong>vobis.</strong></span> <span class='ocrx_word' id='word_1_135' title='bbox 1168 1828 1438 1911; x_wconf 55' lang='lat' dir='ltr'><strong>Nam»</strong></span> <span class='ocrx_word' id='word_1_136' title='bbox 1461 1838 1656 1908; x_wconf 81' lang='lat' dir='ltr'><strong>quippe</strong></span> <span class='ocrx_word' id='word_1_137' title='bbox 1682 1835 1774 1900; x_wconf 88' lang='lat' dir='ltr'><strong>ait,</strong></span> <span class='ocrx_word' id='word_1_138' title='bbox 1803 1835 1923 1904; x_wconf 88' lang='lat' dir='ltr'><strong>quia</strong></span> <span class='ocrx_word' id='word_1_139' title='bbox 1951 1833 2082 1891; x_wconf 79' lang='lat' dir='ltr'><strong>Ver.-</strong></span> 
     </span>
    </p>
   </div>
   <div class='ocr_carea' id='block_1_18' title="bbox 496 1924 2083 2008">
    <p class='ocr_par' dir='ltr' id='par_1_18' title="bbox 496 1924 2083 2008">
     <span class='ocr_line' id='line_1_18' title="bbox 496 1924 2083 2008; baseline -0.01 -13"><span class='ocrx_word' id='word_1_140' title='bbox 496 1939 776 2008; x_wconf 78' lang='lat' dir='ltr'><strong>bum-ejus</strong></span> <span class='ocrx_word' id='word_1_141' title='bbox 819 1946 922 1991; x_wconf 85' lang='lat' dir='ltr'><strong>est.</strong></span> <span class='ocrx_word' id='word_1_142' title='bbox 971 1933 1220 2004; x_wconf 81' lang='lat' dir='ltr'><strong>Sequitur</strong></span> <span class='ocrx_word' id='word_1_143' title='bbox 1262 1930 1406 1986; x_wconf 79' lang='lat' dir='ltr'><strong>enim</strong></span> <span class='ocrx_word' id='word_1_144' title='bbox 1459 1940 1516 1984; x_wconf 79' lang='lat' dir='ltr'><strong>et</strong></span> <span class='ocrx_word' id='word_1_145' title='bbox 1565 1928 1734 1983; x_wconf 87' lang='lat' dir='ltr'><strong>dicit:</strong></span> <span class='ocrx_word' id='word_1_146' title='bbox 1775 1924 1880 1981; x_wconf 86' lang='lat' dir='ltr'><strong>Illa</strong></span> <span class='ocrx_word' id='word_1_147' title='bbox 1911 1925 1992 1982; x_wconf 88' lang='lat' dir='ltr'><strong>die</strong></span> <span class='ocrx_word' id='word_1_148' title='bbox 2028 1924 2083 1980; x_wconf 82' lang='lat' dir='ltr'><strong>in</strong></span> 
     </span>
    </p>
   </div>
   <div class='ocr_carea' id='block_1_19' title="bbox 493 2019 2084 2100">
    <p class='ocr_par' dir='ltr' id='par_1_19' title="bbox 493 2019 2084 2100">
     <span class='ocr_line' id='line_1_19' title="bbox 493 2019 2084 2100; baseline -0.009 -13"><span class='ocrx_word' id='word_1_149' title='bbox 493 2033 701 2087; x_wconf 81' lang='lat' dir='ltr'><strong>nomine</strong></span> <span class='ocrx_word' id='word_1_150' title='bbox 723 2045 831 2084; x_wconf 87' lang='lat' dir='ltr'><strong>meo</strong></span> <span class='ocrx_word' id='word_1_151' title='bbox 856 2028 1038 2100; x_wconf 83' lang='lat' dir='ltr'><strong>petetis</strong></span> <span class='ocrx_word' id='word_1_152' title='bbox 1055 2066 1071 2090; x_wconf 91' lang='lat'><strong>,</strong></span> <span class='ocrx_word' id='word_1_153' title='bbox 1103 2033 1152 2080; x_wconf 87' lang='lat' dir='ltr'><strong>et</strong></span> <span class='ocrx_word' id='word_1_154' title='bbox 1179 2040 1283 2080; x_wconf 83' lang='lat' dir='ltr'><strong>non</strong></span> <span class='ocrx_word' id='word_1_155' title='bbox 1305 2023 1424 2076; x_wconf 79' lang='lat' dir='ltr'><strong>dico</strong></span> <span class='ocrx_word' id='word_1_156' title='bbox 1446 2021 1584 2076; x_wconf 80' lang='lat' dir='ltr'><strong>vobis</strong></span> <span class='ocrx_word' id='word_1_157' title='bbox 1609 2020 1728 2088; x_wconf 82' lang='lat' dir='ltr'><strong>quia</strong></span> <span class='ocrx_word' id='word_1_158' title='bbox 1762 2035 1854 2090; x_wconf 82' lang='lat' dir='ltr'><strong>ego</strong></span> <span class='ocrx_word' id='word_1_159' title='bbox 1895 2019 2084 2088; x_wconf 80' lang='lat' dir='ltr'><strong>rogabo</strong></span> 
     </span>
    </p>
   </div>
   <div class='ocr_carea' id='block_1_20' title="bbox 495 2112 2086 2191">
    <p class='ocr_par' dir='ltr' id='par_1_20' title="bbox 495 2112 2086 2191">
     <span class='ocr_line' id='line_1_20' title="bbox 495 2112 2086 2191; baseline -0.009 -13"><span class='ocrx_word' id='word_1_160' title='bbox 495 2123 707 2179; x_wconf 81' lang='lat' dir='ltr'><strong>Patrem</strong></span> <span class='ocrx_word' id='word_1_161' title='bbox 731 2137 749 2175; x_wconf 90' lang='lat'><strong><em>:</em></strong></span> <span class='ocrx_word' id='word_1_162' title='bbox 776 2122 883 2191; x_wconf 81' lang='lat' dir='ltr'><strong>ipse</strong></span> <span class='ocrx_word' id='word_1_163' title='bbox 904 2119 1038 2172; x_wconf 88' lang='lat' dir='ltr'><strong>enim</strong></span> <span class='ocrx_word' id='word_1_164' title='bbox 1068 2115 1221 2171; x_wconf 83' lang='lat' dir='ltr'><strong>Pater</strong></span> <span class='ocrx_word' id='word_1_165' title='bbox 1241 2123 1378 2169; x_wconf 77' lang='lat' dir='ltr'><strong>autat</strong></span> <span class='ocrx_word' id='word_1_166' title='bbox 1407 2129 1514 2175; x_wconf 67' lang='lat' dir='ltr'><strong>vos,</strong></span> <span class='ocrx_word' id='word_1_167' title='bbox 1554 2112 1674 2182; x_wconf 82' lang='lat' dir='ltr'><strong>quia</strong></span> <span class='ocrx_word' id='word_1_168' title='bbox 1701 2122 1790 2164; x_wconf 67' lang='lat' dir='ltr'><strong>eos</strong></span> <span class='ocrx_word' id='word_1_169' title='bbox 1828 2125 1905 2163; x_wconf 78' lang='lat' dir='ltr'><strong>nte</strong></span> <span class='ocrx_word' id='word_1_170' title='bbox 1941 2124 2086 2164; x_wconf 68' lang='lat' dir='ltr'><strong>om</strong></span> 
     </span>
    </p>
   </div>
   <div class='ocr_carea' id='block_1_21' title="bbox 492 2199 2085 2280">
    <p class='ocr_par' dir='ltr' id='par_1_21' title="bbox 492 2199 2085 2280">
     <span class='ocr_line' id='line_1_21' title="bbox 492 2199 2085 2280; baseline -0.009 -12"><span class='ocrx_word' id='word_1_171' title='bbox 492 2214 584 2268; x_wconf 87' lang='lat' dir='ltr'><strong>stis</strong></span> <span class='ocrx_word' id='word_1_172' title='bbox 609 2254 622 2278; x_wconf 94' lang='lat'><strong>,</strong></span> <span class='ocrx_word' id='word_1_173' title='bbox 649 2221 698 2267; x_wconf 89' lang='lat' dir='ltr'><strong>et</strong></span> <span class='ocrx_word' id='word_1_174' title='bbox 721 2209 1006 2266; x_wconf 69' lang='lat' dir='ltr'><strong>credidistis</strong></span> <span class='ocrx_word' id='word_1_175' title='bbox 1029 2207 1150 2280; x_wconf 76' lang='lat' dir='ltr'><strong>quia</strong></span> <span class='ocrx_word' id='word_1_176' title='bbox 1191 2223 1236 2260; x_wconf 77' lang='grc' dir='ltr'><strong>α·</strong></span> <span class='ocrx_word' id='word_1_177' title='bbox 1262 2205 1374 2258; x_wconf 84' lang='lat' dir='ltr'><strong>Deo</strong></span> <span class='ocrx_word' id='word_1_178' title='bbox 1408 2204 1559 2259; x_wconf 71' lang='lat' dir='ltr'><strong>exivi.</strong></span> <span class='ocrx_word' id='word_1_179' title='bbox 1590 2200 1740 2256; x_wconf 72' lang='lat' dir='ltr'><strong>Exivi</strong></span> <span class='ocrx_word' id='word_1_180' title='bbox 1761 2218 1794 2255; x_wconf 91' lang='lat' dir='ltr'><strong>a</strong></span> <span class='ocrx_word' id='word_1_181' title='bbox 1824 2199 2012 2267; x_wconf 83' lang='lat' dir='ltr'><strong>Patre,</strong></span> <span class='ocrx_word' id='word_1_182' title='bbox 2038 2208 2085 2254; x_wconf 79' lang='lat' dir='ltr'><strong>et</strong></span> 
     </span>
    </p>
   </div>
   <div class='ocr_carea' id='block_1_22' title="bbox 492 2293 2084 2366">
    <p class='ocr_par' dir='ltr' id='par_1_22' title="bbox 492 2293 2084 2366">
     <span class='ocr_line' id='line_1_22' title="bbox 492 2293 2084 2366; baseline -0.009 -4"><span class='ocrx_word' id='word_1_183' title='bbox 492 2307 605 2362; x_wconf 71' lang='lat' dir='ltr'><strong>ueni</strong></span> <span class='ocrx_word' id='word_1_184' title='bbox 644 2306 698 2360; x_wconf 84' lang='lat' dir='ltr'><strong>in</strong></span> <span class='ocrx_word' id='word_1_185' title='bbox 737 2306 871 2358; x_wconf 79' lang='lat' dir='ltr'><strong>hunc</strong></span> <span class='ocrx_word' id='word_1_186' title='bbox 911 2302 1157 2356; x_wconf 78' lang='lat' dir='ltr'><strong>mundum</strong></span> <span class='ocrx_word' id='word_1_187' title='bbox 1181 2315 1202 2354; x_wconf 91' lang='lat'><strong><em>:</em></strong></span> <span class='ocrx_word' id='word_1_188' title='bbox 1227 2299 1409 2354; x_wconf 81' lang='lat' dir='ltr'><strong>iterum</strong></span> <span class='ocrx_word' id='word_1_189' title='bbox 1447 2297 1674 2366; x_wconf 76' lang='lat' dir='ltr'><strong>relinquo</strong></span> <span class='ocrx_word' id='word_1_190' title='bbox 1715 2293 2001 2356; x_wconf 79' lang='lat' dir='ltr'><strong>mundam,</strong></span> <span class='ocrx_word' id='word_1_191' title='bbox 2034 2302 2084 2348; x_wconf 87' lang='lat' dir='ltr'><strong>et</strong></span> 
     </span>
    </p>
   </div>
   <div class='ocr_carea' id='block_1_23' title="bbox 494 2384 2086 2466">
    <p class='ocr_par' dir='ltr' id='par_1_23' title="bbox 494 2384 2086 2466">
     <span class='ocr_line' id='line_1_23' title="bbox 494 2384 2086 2466; baseline -0.009 -12"><span class='ocrx_word' id='word_1_192' title='bbox 494 2400 625 2455; x_wconf 80' lang='lat' dir='ltr'><strong>uado</strong></span> <span class='ocrx_word' id='word_1_193' title='bbox 650 2398 717 2451; x_wconf 86' lang='lat' dir='ltr'><strong>ad</strong></span> <span class='ocrx_word' id='word_1_194' title='bbox 744 2396 950 2450; x_wconf 81' lang='lat' dir='ltr'><strong>Patrem</strong></span> <span class='ocrx_word' id='word_1_195' title='bbox 983 2393 1161 2466; x_wconf 70' lang='lat' dir='ltr'><strong>(Joan.</strong></span> <span class='ocrx_word' id='word_1_196' title='bbox 1190 2407 1299 2454; x_wconf 67' lang='lat' dir='ltr'><strong>avt,</strong></span> <span class='ocrx_word' id='word_1_197' title='bbox 1327 2386 1538 2462; x_wconf 74' lang='lat'><strong>95—28).</strong></span> <span class='ocrx_word' id='word_1_198' title='bbox 1569 2386 1706 2455; x_wconf 84' lang='lat' dir='ltr'><strong>Quid</strong></span> <span class='ocrx_word' id='word_1_199' title='bbox 1727 2396 1838 2451; x_wconf 87' lang='lat' dir='ltr'><strong>est,</strong></span> <span class='ocrx_word' id='word_1_200' title='bbox 1860 2384 1904 2439; x_wconf 80' lang='grc' dir='ltr'><strong><em>Δ</em></strong></span> <span class='ocrx_word' id='word_1_201' title='bbox 1931 2385 2086 2460; x_wconf 62' lang='lat' dir='ltr'><strong>Patre</strong></span> 
     </span>
    </p>
   </div>
   <div class='ocr_carea' id='block_1_24' title="bbox 497 2477 2084 2556">
    <p class='ocr_par' dir='ltr' id='par_1_24' title="bbox 497 2477 2084 2556">
     <span class='ocr_line' id='line_1_24' title="bbox 497 2477 2084 2556; baseline -0.009 -10"><span class='ocrx_word' id='word_1_202' title='bbox 497 2491 631 2546; x_wconf 76' lang='lat' dir='ltr'><strong>exivi</strong></span> <span class='ocrx_word' id='word_1_203' title='bbox 647 2507 670 2556; x_wconf 80' lang='lat'><em>;</em></span> <span class='ocrx_word' id='word_1_204' title='bbox 693 2489 796 2543; x_wconf 86' lang='lat' dir='ltr'><strong>nisi</strong></span> <span class='ocrx_word' id='word_1_205' title='bbox 823 2524 840 2555; x_wconf 87' lang='lat'><strong>,</strong></span> <span class='ocrx_word' id='word_1_206' title='bbox 867 2503 973 2541; x_wconf 85' lang='lat' dir='ltr'><strong>non</strong></span> <span class='ocrx_word' id='word_1_207' title='bbox 1001 2486 1052 2539; x_wconf 87' lang='lat' dir='ltr'><strong>in</strong></span> <span class='ocrx_word' id='word_1_208' title='bbox 1080 2500 1148 2539; x_wconf 83' lang='lat' dir='ltr'><strong>ea</strong></span> <span class='ocrx_word' id='word_1_209' title='bbox 1169 2483 1337 2538; x_wconf 87' lang='lat' dir='ltr'><strong>forma</strong></span> <span class='ocrx_word' id='word_1_210' title='bbox 1366 2496 1470 2551; x_wconf 88' lang='lat' dir='ltr'><strong>qua</strong></span> <span class='ocrx_word' id='word_1_211' title='bbox 1497 2479 1718 2549; x_wconf 58' lang='lat' dir='ltr'><strong>aequalis</strong></span> <span class='ocrx_word' id='word_1_212' title='bbox 1741 2493 1859 2532; x_wconf 88' lang='lat' dir='ltr'><strong>sum</strong></span> <span class='ocrx_word' id='word_1_213' title='bbox 1897 2477 2084 2544; x_wconf 84' lang='lat' dir='ltr'><strong>Patri,</strong></span> 
     </span>
    </p>
   </div>
   <div class='ocr_carea' id='block_1_25' title="bbox 494 2572 2086 2648">
    <p class='ocr_par' dir='ltr' id='par_1_25' title="bbox 494 2572 2086 2648">
     <span class='ocr_line' id='line_1_25' title="bbox 494 2572 2086 2648; baseline -0.01 -10"><span class='ocrx_word' id='word_1_214' title='bbox 494 2584 590 2639; x_wconf 86' lang='lat' dir='ltr'><strong>sed</strong></span> <span class='ocrx_word' id='word_1_215' title='bbox 615 2583 774 2637; x_wconf 80' lang='lat' dir='ltr'><strong>aliter</strong></span> <span class='ocrx_word' id='word_1_216' title='bbox 793 2620 810 2648; x_wconf 91' lang='lat'><strong>,</strong></span> <span class='ocrx_word' id='word_1_217' title='bbox 839 2579 890 2635; x_wconf 90' lang='lat' dir='ltr'><strong>id</strong></span> <span class='ocrx_word' id='word_1_218' title='bbox 929 2589 1011 2635; x_wconf 85' lang='lat' dir='ltr'><strong>est</strong></span> <span class='ocrx_word' id='word_1_219' title='bbox 1035 2617 1051 2642; x_wconf 87' lang='lat'><strong>,</strong></span> <span class='ocrx_word' id='word_1_220' title='bbox 1080 2579 1136 2631; x_wconf 89' lang='lat' dir='ltr'><strong>in</strong></span> <span class='ocrx_word' id='word_1_221' title='bbox 1159 2585 1432 2645; x_wconf 80' lang='lat' dir='ltr'><strong>assumpta</strong></span> <span class='ocrx_word' id='word_1_222' title='bbox 1457 2583 1702 2629; x_wconf 82' lang='lat' dir='ltr'><strong>creatura</strong></span> <span class='ocrx_word' id='word_1_223' title='bbox 1725 2572 1901 2626; x_wconf 81' lang='lat' dir='ltr'><strong>minor</strong></span> <span class='ocrx_word' id='word_1_224' title='bbox 1921 2585 2086 2640; x_wconf 57' lang='lat' dir='ltr'><strong>appar</strong></span> 
     </span>
    </p>
   </div>
   <div class='ocr_carea' id='block_1_26' title="bbox 494 2661 2083 2745">
    <p class='ocr_par' dir='ltr' id='par_1_26' title="bbox 494 2661 2083 2745">
     <span class='ocr_line' id='line_1_26' title="bbox 494 2661 2083 2745; baseline -0.011 -13"><span class='ocrx_word' id='word_1_225' title='bbox 494 2677 577 2733; x_wconf 86' lang='lat' dir='ltr'><strong>rui</strong></span> <span class='ocrx_word' id='word_1_226' title='bbox 598 2676 623 2730; x_wconf 81' lang='lat'><strong>?</strong></span> <span class='ocrx_word' id='word_1_227' title='bbox 647 2676 713 2730; x_wconf 86' lang='lat' dir='ltr'><strong>Et</strong></span> <span class='ocrx_word' id='word_1_228' title='bbox 735 2672 860 2745; x_wconf 87' lang='lat' dir='ltr'><strong>quid</strong></span> <span class='ocrx_word' id='word_1_229' title='bbox 882 2682 984 2738; x_wconf 86' lang='lat' dir='ltr'><strong>est,</strong></span> <span class='ocrx_word' id='word_1_230' title='bbox 1018 2669 1143 2725; x_wconf 85' lang='lat' dir='ltr'><strong>Veni</strong></span> <span class='ocrx_word' id='word_1_231' title='bbox 1166 2671 1218 2723; x_wconf 87' lang='lat' dir='ltr'><strong>in</strong></span> <span class='ocrx_word' id='word_1_232' title='bbox 1244 2669 1379 2722; x_wconf 79' lang='lat' dir='ltr'><strong>hunc</strong></span> <span class='ocrx_word' id='word_1_233' title='bbox 1403 2664 1647 2722; x_wconf 81' lang='lat' dir='ltr'><strong>mundum</strong></span> <span class='ocrx_word' id='word_1_234' title='bbox 1667 2680 1686 2728; x_wconf 90' lang='lat'><strong><em>;</em></strong></span> <span class='ocrx_word' id='word_1_235' title='bbox 1706 2663 1827 2728; x_wconf 87' lang='lat' dir='ltr'><strong>nisi,</strong></span> <span class='ocrx_word' id='word_1_236' title='bbox 1859 2661 2083 2717; x_wconf 84' lang='lat' dir='ltr'><strong>formam</strong></span> 
     </span>
    </p>
   </div>
   <div class='ocr_carea' id='block_1_27' title="bbox 494 2757 2084 2838">
    <p class='ocr_par' dir='ltr' id='par_1_27' title="bbox 494 2757 2084 2838">
     <span class='ocr_line' id='line_1_27' title="bbox 494 2757 2084 2838; baseline -0.011 -13"><span class='ocrx_word' id='word_1_237' title='bbox 494 2769 658 2836; x_wconf 82' lang='lat' dir='ltr'><strong>servi,</strong></span> <span class='ocrx_word' id='word_1_238' title='bbox 687 2782 847 2838; x_wconf 82' lang='lat' dir='ltr'><strong>quam</strong></span> <span class='ocrx_word' id='word_1_239' title='bbox 877 2780 960 2819; x_wconf 72' lang='lat' dir='ltr'><strong>lue</strong></span> <span class='ocrx_word' id='word_1_240' title='bbox 987 2760 1302 2818; x_wconf 77' lang='lat' dir='ltr'><strong>exinaniens</strong></span> <span class='ocrx_word' id='word_1_241' title='bbox 1324 2758 1527 2828; x_wconf 85' lang='lat' dir='ltr'><strong>accepi,</strong></span> <span class='ocrx_word' id='word_1_242' title='bbox 1557 2757 1720 2812; x_wconf 85' lang='lat' dir='ltr'><strong>etiam</strong></span> <span class='ocrx_word' id='word_1_243' title='bbox 1743 2763 2084 2825; x_wconf 79' lang='lat' dir='ltr'><strong>peccatorum</strong></span> 
     </span>
    </p>
   </div>
   <div class='ocr_carea' id='block_1_28' title="bbox 497 2844 2086 2932">
    <p class='ocr_par' dir='ltr' id='par_1_28' title="bbox 497 2844 2086 2932">
     <span class='ocr_line' id='line_1_28' title="bbox 497 2844 2086 2932; baseline -0.009 -18"><span class='ocrx_word' id='word_1_244' title='bbox 497 2860 588 2932; x_wconf 89' lang='lat' dir='ltr'><strong>qui</strong></span> <span class='ocrx_word' id='word_1_245' title='bbox 617 2858 875 2913; x_wconf 82' lang='lat' dir='ltr'><strong>mundum</strong></span> <span class='ocrx_word' id='word_1_246' title='bbox 901 2855 1060 2909; x_wconf 86' lang='lat' dir='ltr'><strong>istum</strong></span> <span class='ocrx_word' id='word_1_247' title='bbox 1085 2853 1312 2921; x_wconf 81' lang='lat' dir='ltr'><strong>diligunt</strong></span> <span class='ocrx_word' id='word_1_248' title='bbox 1336 2893 1352 2917; x_wconf 91' lang='lat'><strong>,</strong></span> <span class='ocrx_word' id='word_1_249' title='bbox 1379 2848 1550 2904; x_wconf 90' lang='lat' dir='ltr'><strong>oculis</strong></span> <span class='ocrx_word' id='word_1_250' title='bbox 1589 2845 1995 2902; x_wconf 79' lang='lat' dir='ltr'><strong>demonstravi?</strong></span> <span class='ocrx_word' id='word_1_251' title='bbox 2017 2844 2086 2900; x_wconf 77' lang='lat' dir='ltr'><strong>Et</strong></span> 
     </span>
    </p>
   </div>
   <div class='ocr_carea' id='block_1_29' title="bbox 496 2937 2083 3021">
    <p class='ocr_par' dir='ltr' id='par_1_29' title="bbox 496 2937 2083 3021">
     <span class='ocr_line' id='line_1_29' title="bbox 496 2937 2083 3021; baseline -0.009 -16"><span class='ocrx_word' id='word_1_252' title='bbox 496 2949 623 3021; x_wconf 89' lang='lat' dir='ltr'><strong>quid</strong></span> <span class='ocrx_word' id='word_1_253' title='bbox 649 2957 740 3004; x_wconf 73' lang='lat' dir='ltr'><strong>est</strong></span> <span class='ocrx_word' id='word_1_254' title='bbox 769 2990 783 3013; x_wconf 90' lang='lat'><strong>,</strong></span> <span class='ocrx_word' id='word_1_255' title='bbox 813 2946 1009 3000; x_wconf 83' lang='lat' dir='ltr'><strong>Iterum</strong></span> <span class='ocrx_word' id='word_1_256' title='bbox 1044 2943 1274 3014; x_wconf 78' lang='lat' dir='ltr'><strong>relinquo</strong></span> <span class='ocrx_word' id='word_1_257' title='bbox 1310 2939 1591 3005; x_wconf 83' lang='lat' dir='ltr'><strong>mundum;</strong></span> <span class='ocrx_word' id='word_1_258' title='bbox 1620 2937 1720 2993; x_wconf 84' lang='lat' dir='ltr'><strong>nisi</strong></span> <span class='ocrx_word' id='word_1_259' title='bbox 1741 2979 1758 3004; x_wconf 93' lang='lat'><strong>,</strong></span> <span class='ocrx_word' id='word_1_260' title='bbox 1779 2937 1848 2992; x_wconf 79' lang='lat' dir='ltr'><strong>ab</strong></span> <span class='ocrx_word' id='word_1_261' title='bbox 1867 2946 2083 3004; x_wconf 84' lang='lat' dir='ltr'><strong>aspectu</strong></span> 
     </span>
    </p>
   </div>
   <div class='ocr_carea' id='block_1_30' title="bbox 498 3027 2082 3103">
    <p class='ocr_par' dir='ltr' id='par_1_30' title="bbox 498 3027 2082 3103">
     <span class='ocr_line' id='line_1_30' title="bbox 498 3027 2082 3103; baseline -0.009 -5"><span class='ocrx_word' id='word_1_262' title='bbox 498 3041 816 3098; x_wconf 77' lang='lat' dir='ltr'><strong>dilectarum</strong></span> <span class='ocrx_word' id='word_1_263' title='bbox 842 3037 1022 3092; x_wconf 87' lang='lat' dir='ltr'><strong>numdl</strong></span> <span class='ocrx_word' id='word_1_264' title='bbox 1049 3036 1234 3090; x_wconf 78' lang='lat' dir='ltr'><strong>aufero</strong></span> <span class='ocrx_word' id='word_1_265' title='bbox 1262 3032 1402 3103; x_wconf 89' lang='lat' dir='ltr'><strong>quod</strong></span> <span class='ocrx_word' id='word_1_266' title='bbox 1425 3030 1717 3087; x_wconf 80' lang='lat' dir='ltr'><strong>viderunt?</strong></span> <span class='ocrx_word' id='word_1_267' title='bbox 1740 3030 1806 3084; x_wconf 83' lang='lat' dir='ltr'><strong>Et</strong></span> <span class='ocrx_word' id='word_1_268' title='bbox 1830 3027 1956 3100; x_wconf 89' lang='lat' dir='ltr'><strong>quid</strong></span> <span class='ocrx_word' id='word_1_269' title='bbox 1979 3039 2082 3093; x_wconf 76' lang='lat' dir='ltr'><strong>est,</strong></span> 
     </span>
    </p>
   </div>
   <div class='ocr_carea' id='block_1_31' title="bbox 508 3119 2085 3194">
    <p class='ocr_par' dir='ltr' id='par_1_31' title="bbox 508 3119 2085 3194">
     <span class='ocr_line' id='line_1_31' title="bbox 508 3119 2085 3194; baseline -0.01 -5"><span class='ocrx_word' id='word_1_270' title='bbox 508 3129 654 3188; x_wconf 79' lang='lat' dir='ltr'><strong>Vada</strong></span> <span class='ocrx_word' id='word_1_271' title='bbox 679 3131 746 3185; x_wconf 85' lang='lat' dir='ltr'><strong>ad</strong></span> <span class='ocrx_word' id='word_1_272' title='bbox 776 3127 1020 3194; x_wconf 81' lang='lat' dir='ltr'><strong>Patrem;</strong></span> <span class='ocrx_word' id='word_1_273' title='bbox 1049 3127 1149 3182; x_wconf 86' lang='lat' dir='ltr'><strong>nisi</strong></span> <span class='ocrx_word' id='word_1_274' title='bbox 1175 3169 1190 3192; x_wconf 94' lang='lat'><strong>,</strong></span> <span class='ocrx_word' id='word_1_275' title='bbox 1219 3125 1388 3181; x_wconf 85' lang='lat' dir='ltr'><strong>doceo</strong></span> <span class='ocrx_word' id='word_1_276' title='bbox 1417 3139 1506 3179; x_wconf 84' lang='lat' dir='ltr'><strong>me</strong></span> <span class='ocrx_word' id='word_1_277' title='bbox 1529 3123 1607 3178; x_wconf 88' lang='lat' dir='ltr'><strong>sic</strong></span> <span class='ocrx_word' id='word_1_278' title='bbox 1631 3119 2031 3190; x_wconf 73' lang='lat' dir='ltr'><strong>intelligendum</strong></span> <span class='ocrx_word' id='word_1_279' title='bbox 2052 3133 2085 3174; x_wconf 71' lang='grc' dir='ltr'>α</span> 
     </span>
    </p>
   </div>
   <div class='ocr_carea' id='block_1_32' title="bbox 501 3213 2084 3291">
    <p class='ocr_par' dir='ltr' id='par_1_32' title="bbox 501 3213 2084 3291">
     <span class='ocr_line' id='line_1_32' title="bbox 501 3213 2084 3291; baseline -0.01 -9"><span class='ocrx_word' id='word_1_280' title='bbox 501 3226 744 3282; x_wconf 83' lang='lat' dir='ltr'><strong>fidelibus</strong></span> <span class='ocrx_word' id='word_1_281' title='bbox 770 3225 902 3278; x_wconf 83' lang='lat' dir='ltr'><strong>meis</strong></span> <span class='ocrx_word' id='word_1_282' title='bbox 921 3261 938 3290; x_wconf 86' lang='lat'><strong>,</strong></span> <span class='ocrx_word' id='word_1_283' title='bbox 963 3219 1232 3291; x_wconf 82' lang='lat' dir='ltr'><strong>quomodo</strong></span> <span class='ocrx_word' id='word_1_284' title='bbox 1255 3217 1474 3289; x_wconf 66' lang='lat' dir='ltr'><strong>arqualis</strong></span> <span class='ocrx_word' id='word_1_285' title='bbox 1496 3230 1616 3272; x_wconf 88' lang='lat' dir='ltr'><strong>sum</strong></span> <span class='ocrx_word' id='word_1_286' title='bbox 1649 3213 1835 3269; x_wconf 81' lang='lat' dir='ltr'><strong>Patri?</strong></span> <span class='ocrx_word' id='word_1_287' title='bbox 1861 3213 1972 3268; x_wconf 86' lang='lat' dir='ltr'><strong>Hoc</strong></span> <span class='ocrx_word' id='word_1_288' title='bbox 1993 3213 2084 3283; x_wconf 85' lang='lat' dir='ltr'><strong>qui</strong></span> 
     </span>
    </p>
   </div>
   <div class='ocr_carea' id='block_1_33' title="bbox 501 3305 2085 3386">
    <p class='ocr_par' dir='ltr' id='par_1_33' title="bbox 501 3305 2085 3386">
     <span class='ocr_line' id='line_1_33' title="bbox 501 3305 2085 3386; baseline -0.011 -11"><span class='ocrx_word' id='word_1_289' title='bbox 501 3317 747 3382; x_wconf 83' lang='lat' dir='ltr'><strong>credunt,</strong></span> <span class='ocrx_word' id='word_1_290' title='bbox 771 3315 913 3386; x_wconf 77' lang='lat' dir='ltr'><strong>digni</strong></span> <span class='ocrx_word' id='word_1_291' title='bbox 941 3313 1275 3368; x_wconf 79' lang='lat' dir='ltr'><strong>habebuntur</strong></span> <span class='ocrx_word' id='word_1_292' title='bbox 1298 3308 1518 3380; x_wconf 84' lang='lat' dir='ltr'><strong>perduci</strong></span> <span class='ocrx_word' id='word_1_293' title='bbox 1541 3323 1570 3361; x_wconf 87' lang='lat' dir='ltr'><strong>a</strong></span> <span class='ocrx_word' id='word_1_294' title='bbox 1597 3306 1700 3362; x_wconf 81' lang='lat' dir='ltr'><strong>fide</strong></span> <span class='ocrx_word' id='word_1_295' title='bbox 1723 3305 2085 3376; x_wconf 74' lang='lat' dir='ltr'><strong>adspeciem,</strong></span> 
     </span>
    </p>
   </div>
   <div class='ocr_carea' id='block_1_34' title="bbox 499 3396 2089 3478">
    <p class='ocr_par' dir='ltr' id='par_1_34' title="bbox 499 3396 2089 3478">
     <span class='ocr_line' id='line_1_34' title="bbox 499 3396 2089 3478; baseline -0.01 -12"><span class='ocrx_word' id='word_1_296' title='bbox 499 3405 554 3466; x_wconf 93' lang='lat' dir='ltr'><strong>id</strong></span> <span class='ocrx_word' id='word_1_297' title='bbox 582 3409 753 3466; x_wconf 90' lang='lat' dir='ltr'><strong>estad</strong></span> <span class='ocrx_word' id='word_1_298' title='bbox 783 3413 952 3478; x_wconf 78' lang='lat' dir='ltr'><strong>ipsam</strong></span> <span class='ocrx_word' id='word_1_299' title='bbox 981 3405 1241 3460; x_wconf 80' lang='lat' dir='ltr'><strong>visionem</strong></span> <span class='ocrx_word' id='word_1_300' title='bbox 1268 3444 1280 3467; x_wconf 90' lang='lat'><strong>,</strong></span> <span class='ocrx_word' id='word_1_301' title='bbox 1311 3415 1420 3471; x_wconf 86' lang='lat' dir='ltr'><strong>quo</strong></span> <span class='ocrx_word' id='word_1_302' title='bbox 1459 3397 1754 3469; x_wconf 82' lang='lat' dir='ltr'><strong>perducens</strong></span> <span class='ocrx_word' id='word_1_303' title='bbox 1789 3396 1966 3452; x_wconf 85' lang='lat' dir='ltr'><strong>dictus</strong></span> <span class='ocrx_word' id='word_1_304' title='bbox 2005 3403 2089 3452; x_wconf 82' lang='lat' dir='ltr'><strong>est</strong></span> 
     </span>
    </p>
   </div>
   <div class='ocr_carea' id='block_1_35' title="bbox 499 3488 2088 3569">
    <p class='ocr_par' dir='ltr' id='par_1_35' title="bbox 499 3488 2088 3569">
     <span class='ocr_line' id='line_1_35' title="bbox 499 3488 2088 3569; baseline -0.009 -11"><span class='ocrx_word' id='word_1_305' title='bbox 499 3501 714 3558; x_wconf 84' lang='lat' dir='ltr'><strong>tradere</strong></span> <span class='ocrx_word' id='word_1_306' title='bbox 735 3514 954 3569; x_wconf 76' lang='lat' dir='ltr'><strong>regnum</strong></span> <span class='ocrx_word' id='word_1_307' title='bbox 977 3499 1086 3552; x_wconf 88' lang='lat' dir='ltr'><strong>Deo</strong></span> <span class='ocrx_word' id='word_1_308' title='bbox 1109 3505 1164 3550; x_wconf 88' lang='lat' dir='ltr'><strong>et</strong></span> <span class='ocrx_word' id='word_1_309' title='bbox 1185 3495 1347 3550; x_wconf 80' lang='lat' dir='ltr'><strong>Patri.</strong></span> <span class='ocrx_word' id='word_1_310' title='bbox 1377 3490 1588 3546; x_wconf 77' lang='lat' dir='ltr'><strong>Fideles</strong></span> <span class='ocrx_word' id='word_1_311' title='bbox 1606 3490 1801 3560; x_wconf 77' lang='lat' dir='ltr'><strong>quippe</strong></span> <span class='ocrx_word' id='word_1_312' title='bbox 1819 3488 1938 3558; x_wconf 84' lang='lat' dir='ltr'><strong>ejus</strong></span> <span class='ocrx_word' id='word_1_313' title='bbox 1955 3502 2088 3559; x_wconf 81' lang='lat' dir='ltr'><strong>quos</strong></span> 
     </span>
    </p>
   </div>
   <div class='ocr_carea' id='block_1_36' title="bbox 499 3581 2089 3662">
    <p class='ocr_par' dir='ltr' id='par_1_36' title="bbox 499 3581 2089 3662">
     <span class='ocr_line' id='line_1_36' title="bbox 499 3581 2089 3662; baseline -0.011 -13"><span class='ocrx_word' id='word_1_314' title='bbox 499 3593 726 3649; x_wconf 82' lang='lat' dir='ltr'><strong>redemit</strong></span> <span class='ocrx_word' id='word_1_315' title='bbox 751 3590 1010 3662; x_wconf 80' lang='lat' dir='ltr'><strong>sanguine</strong></span> <span class='ocrx_word' id='word_1_316' title='bbox 1045 3601 1146 3642; x_wconf 88' lang='lat' dir='ltr'><strong>suo</strong></span> <span class='ocrx_word' id='word_1_317' title='bbox 1170 3628 1185 3652; x_wconf 92' lang='lat'><strong>,</strong></span> <span class='ocrx_word' id='word_1_318' title='bbox 1211 3584 1338 3640; x_wconf 89' lang='lat' dir='ltr'><strong>dicti</strong></span> <span class='ocrx_word' id='word_1_319' title='bbox 1384 3593 1508 3639; x_wconf 79' lang='lat' dir='ltr'><strong>sum</strong></span> <span class='ocrx_word' id='word_1_320' title='bbox 1549 3595 1769 3651; x_wconf 80' lang='lat' dir='ltr'><strong>regnum</strong></span> <span class='ocrx_word' id='word_1_321' title='bbox 1809 3581 1925 3650; x_wconf 85' lang='lat' dir='ltr'><strong>ejus</strong></span> <span class='ocrx_word' id='word_1_322' title='bbox 1948 3616 1966 3646; x_wconf 92' lang='lat'><strong>,</strong></span> <span class='ocrx_word' id='word_1_323' title='bbox 1991 3591 2089 3649; x_wconf 83' lang='lat' dir='ltr'><strong>pro</strong></span> 
     </span>
    </p>
   </div>
   <div class='ocr_carea' id='block_1_37' title="bbox 505 3671 2088 3754">
    <p class='ocr_par' dir='ltr' id='par_1_37' title="bbox 505 3671 2088 3754">
     <span class='ocr_line' id='line_1_37' title="bbox 505 3671 2088 3754; baseline -0.009 -15"><span class='ocrx_word' id='word_1_324' title='bbox 505 3686 700 3754; x_wconf 87' lang='lat' dir='ltr'><strong>quibus</strong></span> <span class='ocrx_word' id='word_1_325' title='bbox 724 3698 864 3738; x_wconf 87' lang='lat' dir='ltr'><strong>nunc</strong></span> <span class='ocrx_word' id='word_1_326' title='bbox 891 3679 1196 3750; x_wconf 80' lang='lat' dir='ltr'><strong>interpellat</strong></span> <span class='ocrx_word' id='word_1_327' title='bbox 1221 3693 1239 3732; x_wconf 67' lang='grc' dir='ltr'><strong>ς</strong></span> <span class='ocrx_word' id='word_1_328' title='bbox 1267 3686 1390 3732; x_wconf 91' lang='lat' dir='ltr'><strong>tunc</strong></span> <span class='ocrx_word' id='word_1_329' title='bbox 1413 3684 1589 3731; x_wconf 86' lang='lat' dir='ltr'><strong>autem</strong></span> <span class='ocrx_word' id='word_1_330' title='bbox 1617 3674 1728 3729; x_wconf 85' lang='lat' dir='ltr'><strong>illic</strong></span> <span class='ocrx_word' id='word_1_331' title='bbox 1744 3688 1854 3728; x_wconf 81' lang='lat' dir='ltr'><strong>eos</strong></span> <span class='ocrx_word' id='word_1_332' title='bbox 1874 3671 1977 3732; x_wconf 83' lang='lat' dir='ltr'><strong>sibi</strong></span> <span class='ocrx_word' id='word_1_333' title='bbox 2006 3672 2088 3726; x_wconf 81' lang='lat' dir='ltr'><strong>fa-</strong></span> 
     </span>
    </p>
   </div>
   <div class='ocr_carea' id='block_1_38' title="bbox 502 3764 2085 3840">
    <p class='ocr_par' dir='ltr' id='par_1_38' title="bbox 502 3764 2085 3840">
     <span class='ocr_line' id='line_1_38' title="bbox 502 3764 2085 3840; baseline -0.008 -10"><span class='ocrx_word' id='word_1_334' title='bbox 502 3776 650 3831; x_wconf 88' lang='lat' dir='ltr'><strong>ciens</strong></span> <span class='ocrx_word' id='word_1_335' title='bbox 677 3774 958 3834; x_wconf 69' lang='lat' dir='ltr'><strong>iuhzcrere,</strong></span> <span class='ocrx_word' id='word_1_336' title='bbox 991 3771 1082 3825; x_wconf 87' lang='lat' dir='ltr'><strong>ubi</strong></span> <span class='ocrx_word' id='word_1_337' title='bbox 1107 3769 1325 3840; x_wconf 71' lang='lat' dir='ltr'><strong>aequalis</strong></span> <span class='ocrx_word' id='word_1_338' title='bbox 1349 3776 1432 3823; x_wconf 83' lang='lat' dir='ltr'><strong>est</strong></span> <span class='ocrx_word' id='word_1_339' title='bbox 1462 3765 1638 3832; x_wconf 85' lang='lat' dir='ltr'><strong>Patri,</strong></span> <span class='ocrx_word' id='word_1_340' title='bbox 1665 3781 1770 3820; x_wconf 83' lang='lat' dir='ltr'><strong>non</strong></span> <span class='ocrx_word' id='word_1_341' title='bbox 1791 3764 1902 3834; x_wconf 85' lang='lat' dir='ltr'><strong>jam</strong></span> <span class='ocrx_word' id='word_1_342' title='bbox 1929 3778 2085 3832; x_wconf 74' lang='lat' dir='ltr'><strong>roga-</strong></span> 
     </span>
    </p>
   </div>
   <div class='ocr_carea' id='block_1_39' title="bbox 504 3857 2086 3933">
    <p class='ocr_par' dir='ltr' id='par_1_39' title="bbox 504 3857 2086 3933">
     <span class='ocr_line' id='line_1_39' title="bbox 504 3857 2086 3933; baseline -0.008 -14"><span class='ocrx_word' id='word_1_343' title='bbox 504 3865 822 3920; x_wconf 68' lang='lat' dir='ltr'><strong>bit&#39;Patrem</strong></span> <span class='ocrx_word' id='word_1_344' title='bbox 852 3877 950 3933; x_wconf 88' lang='lat' dir='ltr'><strong>pro</strong></span> <span class='ocrx_word' id='word_1_345' title='bbox 976 3862 1074 3916; x_wconf 85' lang='lat' dir='ltr'><strong>eis.</strong></span> <span class='ocrx_word' id='word_1_346' title='bbox 1103 3858 1227 3929; x_wconf 85' lang='lat' dir='ltr'><strong>Ipse</strong></span> <span class='ocrx_word' id='word_1_347' title='bbox 1245 3860 1404 3924; x_wconf 78' lang='lat' dir='ltr'><strong>enim,</strong></span> <span class='ocrx_word' id='word_1_348' title='bbox 1425 3857 1616 3927; x_wconf 84' lang='lat' dir='ltr'><strong>inquit,</strong></span> <span class='ocrx_word' id='word_1_349' title='bbox 1649 3857 1806 3912; x_wconf 79' lang='lat' dir='ltr'><strong>Pater</strong></span> <span class='ocrx_word' id='word_1_350' title='bbox 1824 3865 1965 3910; x_wconf 79' lang='lat' dir='ltr'><strong>amat</strong></span> <span class='ocrx_word' id='word_1_351' title='bbox 1979 3869 2086 3910; x_wconf 69' lang='lat' dir='ltr'><strong>nos.</strong></span> 
     </span>
    </p>
   </div>
   <div class='ocr_carea' id='block_1_40' title="bbox 504 3947 2090 4024">
    <p class='ocr_par' dir='ltr' id='par_1_40' title="bbox 504 3947 2090 4024">
     <span class='ocr_line' id='line_1_40' title="bbox 504 3947 2090 4024; baseline -0.007 -11"><span class='ocrx_word' id='word_1_352' title='bbox 504 3957 584 4013; x_wconf 80' lang='lat' dir='ltr'><strong>Ex</strong></span> <span class='ocrx_word' id='word_1_353' title='bbox 613 3957 714 4011; x_wconf 81' lang='lat' dir='ltr'><strong>hoc</strong></span> <span class='ocrx_word' id='word_1_354' title='bbox 740 3955 881 4009; x_wconf 88' lang='lat' dir='ltr'><strong>enim</strong></span> <span class='ocrx_word' id='word_1_355' title='bbox 913 3962 1102 4024; x_wconf 77' lang='lat' dir='ltr'><strong>rogat,</strong></span> <span class='ocrx_word' id='word_1_356' title='bbox 1140 3966 1246 4022; x_wconf 90' lang='lat' dir='ltr'><strong>quo</strong></span> <span class='ocrx_word' id='word_1_357' title='bbox 1283 3951 1459 4004; x_wconf 87' lang='lat' dir='ltr'><strong>minor</strong></span> <span class='ocrx_word' id='word_1_358' title='bbox 1478 3958 1562 4003; x_wconf 83' lang='lat' dir='ltr'><strong>est</strong></span> <span class='ocrx_word' id='word_1_359' title='bbox 1585 3947 1743 4001; x_wconf 84' lang='lat' dir='ltr'><strong>Patre</strong></span> <span class='ocrx_word' id='word_1_360' title='bbox 1769 3963 1783 4000; x_wconf 93' lang='lat'>:</span> <span class='ocrx_word' id='word_1_361' title='bbox 1827 3960 1937 4016; x_wconf 76' lang='lat' dir='ltr'><strong>quo</strong></span> <span class='ocrx_word' id='word_1_362' title='bbox 1961 3959 2090 4002; x_wconf 66' lang='lat' dir='ltr'><strong>veno</strong></span> 
     </span>
    </p>
   </div>
   <div class='ocr_carea' id='block_1_41' title="bbox 505 4035 2090 4118">
    <p class='ocr_par' dir='ltr' id='par_1_41' title="bbox 505 4035 2090 4118">
     <span class='ocr_line' id='line_1_41' title="bbox 505 4035 2090 4118; baseline -0.008 -14"><span class='ocrx_word' id='word_1_363' title='bbox 505 4048 725 4118; x_wconf 71' lang='lat' dir='ltr'><strong>mqualis</strong></span> <span class='ocrx_word' id='word_1_364' title='bbox 753 4056 837 4101; x_wconf 87' lang='lat' dir='ltr'><strong>est</strong></span> <span class='ocrx_word' id='word_1_365' title='bbox 861 4087 875 4111; x_wconf 95' lang='lat'><strong>,</strong></span> <span class='ocrx_word' id='word_1_366' title='bbox 903 4044 1121 4100; x_wconf 78' lang='lat' dir='ltr'><strong>exaudit</strong></span> <span class='ocrx_word' id='word_1_367' title='bbox 1145 4057 1264 4097; x_wconf 83' lang='lat' dir='ltr'><strong>cum</strong></span> <span class='ocrx_word' id='word_1_368' title='bbox 1293 4042 1467 4095; x_wconf 76' lang='lat' dir='ltr'><strong>Patre.</strong></span> <span class='ocrx_word' id='word_1_369' title='bbox 1504 4038 1658 4095; x_wconf 88' lang='lat' dir='ltr'><strong>Unde</strong></span> <span class='ocrx_word' id='word_1_370' title='bbox 1682 4054 1740 4092; x_wconf 85' lang='lat' dir='ltr'><strong>se</strong></span> <span class='ocrx_word' id='word_1_371' title='bbox 1767 4037 1837 4092; x_wconf 89' lang='lat' dir='ltr'><strong>ab</strong></span> <span class='ocrx_word' id='word_1_372' title='bbox 1860 4053 1925 4094; x_wconf 88' lang='lat' dir='ltr'><strong>eo</strong></span> <span class='ocrx_word' id='word_1_373' title='bbox 1946 4035 2090 4107; x_wconf 75' lang='lat' dir='ltr'><strong>qttod</strong></span> 
     </span>
    </p>
   </div>
   <div class='ocr_carea' id='block_1_42' title="bbox 505 4129 2091 4206">
    <p class='ocr_par' dir='ltr' id='par_1_42' title="bbox 505 4129 2091 4206">
     <span class='ocr_line' id='line_1_42' title="bbox 505 4129 2091 4206; baseline -0.008 -12"><span class='ocrx_word' id='word_1_374' title='bbox 505 4139 660 4205; x_wconf 88' lang='lat' dir='ltr'><strong>dixit,</strong></span> <span class='ocrx_word' id='word_1_375' title='bbox 692 4134 816 4206; x_wconf 78' lang='lat' dir='ltr'><strong>Ipse</strong></span> <span class='ocrx_word' id='word_1_376' title='bbox 838 4135 970 4190; x_wconf 84' lang='lat' dir='ltr'><strong>enim</strong></span> <span class='ocrx_word' id='word_1_377' title='bbox 996 4132 1150 4186; x_wconf 85' lang='lat' dir='ltr'><strong>Pater</strong></span> <span class='ocrx_word' id='word_1_378' title='bbox 1170 4139 1308 4185; x_wconf 85' lang='lat' dir='ltr'><strong>amat</strong></span> <span class='ocrx_word' id='word_1_379' title='bbox 1328 4145 1431 4195; x_wconf 78' lang='lat' dir='ltr'><strong>ros,</strong></span> <span class='ocrx_word' id='word_1_380' title='bbox 1453 4129 1637 4198; x_wconf 86' lang='lat' dir='ltr'><strong>utique</strong></span> <span class='ocrx_word' id='word_1_381' title='bbox 1665 4129 1778 4197; x_wconf 84' lang='lat' dir='ltr'><strong>ipse</strong></span> <span class='ocrx_word' id='word_1_382' title='bbox 1802 4141 1908 4198; x_wconf 77' lang='lat' dir='ltr'><strong>non</strong></span> <span class='ocrx_word' id='word_1_383' title='bbox 1937 4140 2091 4195; x_wconf 77' lang='lat' dir='ltr'><strong>sepa-</strong></span> 
     </span>
    </p>
   </div>
   <div class='ocr_carea' id='block_1_43' title="bbox 507 4220 2093 4297">
    <p class='ocr_par' dir='ltr' id='par_1_43' title="bbox 507 4220 2093 4297">
     <span class='ocr_line' id='line_1_43' title="bbox 507 4220 2093 4297; baseline -0.011 -9"><span class='ocrx_word' id='word_1_384' title='bbox 507 4237 622 4297; x_wconf 85' lang='lat' dir='ltr'><strong>rat;</strong></span> <span class='ocrx_word' id='word_1_385' title='bbox 647 4228 745 4285; x_wconf 80' lang='lat' dir='ltr'><strong>sed</strong></span> <span class='ocrx_word' id='word_1_386' title='bbox 772 4225 1062 4282; x_wconf 85' lang='lat' dir='ltr'><strong>secundum</strong></span> <span class='ocrx_word' id='word_1_387' title='bbox 1087 4239 1149 4278; x_wconf 86' lang='lat' dir='ltr'><strong>ea</strong></span> <span class='ocrx_word' id='word_1_388' title='bbox 1189 4223 1319 4278; x_wconf 81' lang='lat' dir='ltr'><strong>facit</strong></span> <span class='ocrx_word' id='word_1_389' title='bbox 1346 4220 1567 4290; x_wconf 74' lang='lat' dir='ltr'><strong>intelligi</strong></span> <span class='ocrx_word' id='word_1_390' title='bbox 1605 4235 1734 4290; x_wconf 67' lang='lat' dir='ltr'><strong>qua).</strong></span> <span class='ocrx_word' id='word_1_391' title='bbox 1751 4234 1912 4289; x_wconf 80' lang='lat' dir='ltr'><strong>supra</strong></span> <span class='ocrx_word' id='word_1_392' title='bbox 1941 4233 2093 4275; x_wconf 80' lang='lat' dir='ltr'><strong>com-</strong></span> 
     </span>
    </p>
   </div>
   <div class='ocr_carea' id='block_1_44' title="bbox 507 4311 2091 4388">
    <p class='ocr_par' dir='ltr' id='par_1_44' title="bbox 507 4311 2091 4388">
     <span class='ocr_line' id='line_1_44' title="bbox 507 4311 2091 4388; baseline -0.009 -8"><span class='ocrx_word' id='word_1_393' title='bbox 507 4323 821 4388; x_wconf 84' lang='lat' dir='ltr'><strong>memoravi,</strong></span> <span class='ocrx_word' id='word_1_394' title='bbox 841 4320 1076 4387; x_wconf 41' lang='lat' dir='ltr'><strong>sati&#39;Sque</strong></span> <span class='ocrx_word' id='word_1_395' title='bbox 1098 4314 1380 4378; x_wconf 75' lang='lat' dir='ltr'><strong>insinuari,</strong></span> <span class='ocrx_word' id='word_1_396' title='bbox 1401 4313 1714 4384; x_wconf 82' lang='lat' dir='ltr'><strong>plerumque</strong></span> <span class='ocrx_word' id='word_1_397' title='bbox 1733 4311 1806 4368; x_wconf 87' lang='lat' dir='ltr'><strong>ila</strong></span> <span class='ocrx_word' id='word_1_398' title='bbox 1828 4311 2091 4370; x_wconf 83' lang='lat' dir='ltr'><strong>nominari</strong></span> 
     </span>
    </p>
   </div>
   <div class='ocr_carea' id='block_1_45' title="bbox 508 4402 2094 4485">
    <p class='ocr_par' dir='ltr' id='par_1_45' title="bbox 508 4402 2094 4485">
     <span class='ocr_line' id='line_1_45' title="bbox 508 4402 2094 4485; baseline -0.008 -14"><span class='ocrx_word' id='word_1_399' title='bbox 508 4426 935 4485; x_wconf 88' lang='lat' dir='ltr'><strong>unamquamque</strong></span> <span class='ocrx_word' id='word_1_400' title='bbox 960 4411 1014 4465; x_wconf 87' lang='lat' dir='ltr'><strong>iu</strong></span> <span class='ocrx_word' id='word_1_401' title='bbox 1037 4406 1298 4464; x_wconf 80' lang='lat' dir='ltr'><strong>Triuitate</strong></span> <span class='ocrx_word' id='word_1_402' title='bbox 1319 4419 1600 4476; x_wconf 84' lang='lat' dir='ltr'><strong>personam</strong></span> <span class='ocrx_word' id='word_1_403' title='bbox 1625 4444 1642 4471; x_wconf 91' lang='lat'><strong>,</strong></span> <span class='ocrx_word' id='word_1_404' title='bbox 1671 4413 1732 4459; x_wconf 91' lang='lat' dir='ltr'><strong>ut</strong></span> <span class='ocrx_word' id='word_1_405' title='bbox 1756 4403 1958 4458; x_wconf 68' lang='lat' dir='ltr'><strong>etaliae</strong></span> <span class='ocrx_word' id='word_1_406' title='bbox 1986 4402 2094 4460; x_wconf 89' lang='lat' dir='ltr'><strong>illic</strong></span> 
     </span>
    </p>
   </div>
   <div class='ocr_carea' id='block_1_46' title="bbox 508 4489 2094 4576">
    <p class='ocr_par' dir='ltr' id='par_1_46' title="bbox 508 4489 2094 4576">
     <span class='ocr_line' id='line_1_46' title="bbox 508 4489 2094 4576; baseline -0.011 -11"><span class='ocrx_word' id='word_1_407' title='bbox 508 4507 892 4576; x_wconf 84' lang='lat' dir='ltr'><strong>intelligantur.</strong></span> <span class='ocrx_word' id='word_1_408' title='bbox 919 4503 1007 4558; x_wconf 88' lang='lat' dir='ltr'><strong>Sic</strong></span> <span class='ocrx_word' id='word_1_409' title='bbox 1035 4503 1212 4570; x_wconf 84' lang='lat' dir='ltr'><strong>itaque</strong></span> <span class='ocrx_word' id='word_1_410' title='bbox 1235 4498 1434 4554; x_wconf 83' lang='lat' dir='ltr'><strong>dictum</strong></span> <span class='ocrx_word' id='word_1_411' title='bbox 1461 4505 1585 4560; x_wconf 84' lang='lat' dir='ltr'><strong>est,</strong></span> <span class='ocrx_word' id='word_1_412' title='bbox 1623 4493 1747 4566; x_wconf 91' lang='lat' dir='ltr'><strong>Ipse</strong></span> <span class='ocrx_word' id='word_1_413' title='bbox 1767 4494 1899 4557; x_wconf 85' lang='lat' dir='ltr'><strong>enim</strong></span> <span class='ocrx_word' id='word_1_414' title='bbox 1935 4489 2094 4552; x_wconf 79' lang='lat' dir='ltr'><strong>Pater</strong></span> 
     </span>
    </p>
   </div>
   <div class='ocr_carea' id='block_1_47' title="bbox 509 4583 2091 4663">
    <p class='ocr_par' dir='ltr' id='par_1_47' title="bbox 509 4583 2091 4663">
     <span class='ocr_line' id='line_1_47' title="bbox 509 4583 2091 4663; baseline -0.009 -9"><span class='ocrx_word' id='word_1_415' title='bbox 509 4598 646 4656; x_wconf 84' lang='lat' dir='ltr'><strong>amat</strong></span> <span class='ocrx_word' id='word_1_416' title='bbox 667 4611 773 4663; x_wconf 78' lang='lat' dir='ltr'><strong>vos,</strong></span> <span class='ocrx_word' id='word_1_417' title='bbox 797 4604 856 4650; x_wconf 90' lang='lat' dir='ltr'><strong>ut</strong></span> <span class='ocrx_word' id='word_1_418' title='bbox 883 4601 1273 4662; x_wconf 83' lang='lat' dir='ltr'><strong>consequenter</strong></span> <span class='ocrx_word' id='word_1_419' title='bbox 1298 4588 1620 4658; x_wconf 74' lang='lat' dir='ltr'><strong>intelligetur</strong></span> <span class='ocrx_word' id='word_1_420' title='bbox 1638 4596 1692 4642; x_wconf 88' lang='lat' dir='ltr'><strong>et</strong></span> <span class='ocrx_word' id='word_1_421' title='bbox 1714 4585 1879 4641; x_wconf 78' lang='lat' dir='ltr'><strong>Filius</strong></span> <span class='ocrx_word' id='word_1_422' title='bbox 1898 4593 1954 4641; x_wconf 87' lang='lat' dir='ltr'><strong>et</strong></span> <span class='ocrx_word' id='word_1_423' title='bbox 1971 4583 2091 4654; x_wconf 81' lang='lat' dir='ltr'><strong>Spi-</strong></span> 
     </span>
    </p>
   </div>
   <div class='ocr_carea' id='block_1_48' title="bbox 508 4675 2089 4752">
    <p class='ocr_par' dir='ltr' id='par_1_48' title="bbox 508 4675 2089 4752">
     <span class='ocr_line' id='line_1_48' title="bbox 508 4675 2089 4752; baseline -0.009 -7"><span class='ocrx_word' id='word_1_424' title='bbox 508 4691 642 4746; x_wconf 86' lang='lat' dir='ltr'><strong>ritus</strong></span> <span class='ocrx_word' id='word_1_425' title='bbox 683 4695 935 4742; x_wconf 72' lang='lat' dir='ltr'><strong>sanctus:</strong></span> <span class='ocrx_word' id='word_1_426' title='bbox 985 4698 1092 4738; x_wconf 86' lang='lat' dir='ltr'><strong>non</strong></span> <span class='ocrx_word' id='word_1_427' title='bbox 1135 4680 1256 4752; x_wconf 86' lang='lat' dir='ltr'><strong>quia</strong></span> <span class='ocrx_word' id='word_1_428' title='bbox 1295 4678 1454 4734; x_wconf 84' lang='lat' dir='ltr'><strong>modo</strong></span> <span class='ocrx_word' id='word_1_429' title='bbox 1497 4691 1598 4734; x_wconf 82' lang='lat' dir='ltr'><strong>nos</strong></span> <span class='ocrx_word' id='word_1_430' title='bbox 1633 4692 1744 4732; x_wconf 79' lang='lat' dir='ltr'><strong>non</strong></span> <span class='ocrx_word' id='word_1_431' title='bbox 1778 4683 1964 4740; x_wconf 77' lang='lat' dir='ltr'><strong>amat,</strong></span> <span class='ocrx_word' id='word_1_432' title='bbox 2002 4675 2089 4746; x_wconf 81' lang='lat' dir='ltr'><strong>qui</strong></span> 
     </span>
    </p>
   </div>
   <div class='ocr_carea' id='block_1_49' title="bbox 509 4766 2096 4856">
    <p class='ocr_par' dir='ltr' id='par_1_49' title="bbox 509 4766 2096 4856">
     <span class='ocr_line' id='line_1_49' title="bbox 509 4766 2096 4856; baseline -0.006 -20"><span class='ocrx_word' id='word_1_433' title='bbox 509 4781 725 4856; x_wconf 82' lang='lat' dir='ltr'><strong>proprio</strong></span> <span class='ocrx_word' id='word_1_434' title='bbox 751 4777 888 4834; x_wconf 80' lang='lat' dir='ltr'><strong>Filio</strong></span> <span class='ocrx_word' id='word_1_435' title='bbox 927 4791 1031 4830; x_wconf 91' lang='lat' dir='ltr'><strong>non</strong></span> <span class='ocrx_word' id='word_1_436' title='bbox 1061 4772 1294 4844; x_wconf 86' lang='lat' dir='ltr'><strong>pepercit</strong></span> <span class='ocrx_word' id='word_1_437' title='bbox 1321 4811 1338 4837; x_wconf 93' lang='lat'><strong>,</strong></span> <span class='ocrx_word' id='word_1_438' title='bbox 1384 4769 1477 4825; x_wconf 84' lang='lat' dir='ltr'><strong>sed</strong></span> <span class='ocrx_word' id='word_1_439' title='bbox 1523 4783 1624 4838; x_wconf 82' lang='lat' dir='ltr'><strong>pro</strong></span> <span class='ocrx_word' id='word_1_440' title='bbox 1655 4766 2096 4826; x_wconf 75' lang='lat' dir='ltr'><strong>nobisomuibul</strong></span> 
     </span>
    </p>
   </div>
   <div class='ocr_carea' id='block_1_50' title="bbox 507 4856 2092 4936">
    <p class='ocr_par' dir='ltr' id='par_1_50' title="bbox 507 4856 2092 4936">
     <span class='ocr_line' id='line_1_50' title="bbox 507 4856 2092 4936; baseline -0.01 -9"><span class='ocrx_word' id='word_1_441' title='bbox 507 4869 725 4928; x_wconf 86' lang='lat' dir='ltr'><strong>tradidit</strong></span> <span class='ocrx_word' id='word_1_442' title='bbox 745 4883 869 4925; x_wconf 84' lang='lat' dir='ltr'><strong>eum</strong></span> <span class='ocrx_word' id='word_1_443' title='bbox 891 4865 1065 4936; x_wconf 77' lang='lat' dir='ltr'><strong>(Rom.</strong></span> <span class='ocrx_word' id='word_1_444' title='bbox 1086 4879 1196 4926; x_wconf 76' lang='lat' dir='ltr'><strong>vui,</strong></span> <span class='ocrx_word' id='word_1_445' title='bbox 1223 4861 1353 4932; x_wconf 64' lang='lat'><strong>33);</strong></span> <span class='ocrx_word' id='word_1_446' title='bbox 1375 4859 1469 4915; x_wconf 85' lang='lat' dir='ltr'><strong>sed</strong></span> <span class='ocrx_word' id='word_1_447' title='bbox 1494 4856 2092 4924; x_wconf 50' lang='lat' dir='ltr'><strong>uiuentes-Ituran,</strong></span> 
     </span>
    </p>
   </div>
   <div class='ocr_carea' id='block_1_51' title="bbox 509 4947 2090 5034">
    <p class='ocr_par' dir='ltr' id='par_1_51' title="bbox 509 4947 2090 5034">
     <span class='ocr_line' id='line_1_51' title="bbox 509 4947 2090 5034; baseline -0.009 -19"><span class='ocrx_word' id='word_1_448' title='bbox 509 4961 694 5034; x_wconf 86' lang='lat' dir='ltr'><strong>quales</strong></span> <span class='ocrx_word' id='word_1_449' title='bbox 719 4958 880 5014; x_wconf 77' lang='lat' dir='ltr'><strong>tutori</strong></span> <span class='ocrx_word' id='word_1_450' title='bbox 908 4969 1093 5011; x_wconf 85' lang='lat' dir='ltr'><strong>sumus</strong></span> <span class='ocrx_word' id='word_1_451' title='bbox 1117 4993 1131 5018; x_wconf 91' lang='lat'><strong>,</strong></span> <span class='ocrx_word' id='word_1_452' title='bbox 1158 4967 1264 5008; x_wconf 88' lang='lat' dir='ltr'><strong>non</strong></span> <span class='ocrx_word' id='word_1_453' title='bbox 1289 4948 1480 5020; x_wconf 58' lang='lat' dir='ltr'><strong>quia</strong></span> <span class='ocrx_word' id='word_1_454' title='bbox 1499 4963 1708 5004; x_wconf 51' lang='lat' dir='ltr'><strong>sum.</strong></span> <span class='ocrx_word' id='word_1_455' title='bbox 1731 4947 2090 5015; x_wconf 71' lang='grc' dir='ltr'><strong>Ωιιιειςωᾶη</strong></span> 
     </span>
    </p>
   </div>
   <div class='ocr_carea' id='block_1_52' title="bbox 509 5038 2089 5118">
    <p class='ocr_par' dir='ltr' id='par_1_52' title="bbox 509 5038 2089 5118">
     <span class='ocr_line' id='line_1_52' title="bbox 509 5038 2089 5118; baseline -0.009 -10"><span class='ocrx_word' id='word_1_456' title='bbox 509 5060 693 5118; x_wconf 80' lang='lat' dir='ltr'><strong>amat,</strong></span> <span class='ocrx_word' id='word_1_457' title='bbox 726 5051 859 5105; x_wconf 78' lang='lat' dir='ltr'><strong>tales</strong></span> <span class='ocrx_word' id='word_1_458' title='bbox 877 5048 932 5102; x_wconf 85' lang='lat' dir='ltr'><strong>in</strong></span> <span class='ocrx_word' id='word_1_459' title='bbox 960 5055 1224 5101; x_wconf 70' lang='lat' dir='ltr'><strong>teternum</strong></span> <span class='ocrx_word' id='word_1_460' title='bbox 1253 5049 1574 5097; x_wconf 74' lang='lat' dir='ltr'><strong>conservat:</strong></span> <span class='ocrx_word' id='word_1_461' title='bbox 1602 5039 1743 5109; x_wconf 87' lang='lat' dir='ltr'><strong>quod</strong></span> <span class='ocrx_word' id='word_1_462' title='bbox 1782 5049 1910 5096; x_wconf 86' lang='lat' dir='ltr'><strong>tunc</strong></span> <span class='ocrx_word' id='word_1_463' title='bbox 1947 5038 2052 5101; x_wconf 80' lang='lat' dir='ltr'><strong>erit</strong></span> <span class='ocrx_word' id='word_1_464' title='bbox 2072 5077 2089 5106; x_wconf 92' lang='lat'><strong>,</strong></span> 
     </span>
    </p>
   </div>
   <div class='ocr_carea' id='block_1_53' title="bbox 511 5128 2093 5212">
    <p class='ocr_par' dir='ltr' id='par_1_53' title="bbox 511 5128 2093 5212">
     <span class='ocr_line' id='line_1_53' title="bbox 511 5128 2093 5212; baseline -0.01 -11"><span class='ocrx_word' id='word_1_465' title='bbox 511 5163 626 5202; x_wconf 83' lang='lat' dir='ltr'><strong>cum</strong></span> <span class='ocrx_word' id='word_1_466' title='bbox 653 5142 920 5200; x_wconf 74' lang='lat' dir='ltr'><strong>tradiderit</strong></span> <span class='ocrx_word' id='word_1_467' title='bbox 933 5154 1152 5212; x_wconf 80' lang='lat' dir='ltr'><strong>regnum</strong></span> <span class='ocrx_word' id='word_1_468' title='bbox 1171 5135 1280 5192; x_wconf 89' lang='lat' dir='ltr'><strong>Deo</strong></span> <span class='ocrx_word' id='word_1_469' title='bbox 1299 5145 1347 5189; x_wconf 85' lang='lat' dir='ltr'><strong>et</strong></span> <span class='ocrx_word' id='word_1_470' title='bbox 1373 5128 1536 5198; x_wconf 72' lang='lat' dir='ltr'><strong>Patri,</strong></span> <span class='ocrx_word' id='word_1_471' title='bbox 1562 5133 1651 5203; x_wconf 82' lang='lat' dir='ltr'><strong>qui</strong></span> <span class='ocrx_word' id='word_1_472' title='bbox 1677 5147 1818 5187; x_wconf 83' lang='lat' dir='ltr'><strong>nunc</strong></span> <span class='ocrx_word' id='word_1_473' title='bbox 1837 5131 2093 5202; x_wconf 82' lang='lat' dir='ltr'><strong>interpel-</strong></span> 
     </span>
    </p>
   </div>
   <div class='ocr_carea' id='block_1_54' title="bbox 511 5225 2096 5308">
    <p class='ocr_par' dir='ltr' id='par_1_54' title="bbox 511 5225 2096 5308">
     <span class='ocr_line' id='line_1_54' title="bbox 511 5225 2096 5308; baseline -0.009 -14"><span class='ocrx_word' id='word_1_474' title='bbox 511 5239 585 5294; x_wconf 88' lang='lat' dir='ltr'><strong>lat</strong></span> <span class='ocrx_word' id='word_1_475' title='bbox 613 5253 711 5308; x_wconf 91' lang='lat' dir='ltr'><strong>pro</strong></span> <span class='ocrx_word' id='word_1_476' title='bbox 741 5235 894 5291; x_wconf 86' lang='lat' dir='ltr'><strong>nobis</strong></span> <span class='ocrx_word' id='word_1_477' title='bbox 918 5274 934 5301; x_wconf 95' lang='lat'><strong>,</strong></span> <span class='ocrx_word' id='word_1_478' title='bbox 981 5243 1040 5289; x_wconf 88' lang='lat' dir='ltr'><strong>ut</strong></span> <span class='ocrx_word' id='word_1_479' title='bbox 1075 5231 1186 5300; x_wconf 83' lang='lat' dir='ltr'><strong>jam</strong></span> <span class='ocrx_word' id='word_1_480' title='bbox 1215 5244 1323 5285; x_wconf 88' lang='lat' dir='ltr'><strong>non</strong></span> <span class='ocrx_word' id='word_1_481' title='bbox 1367 5234 1518 5298; x_wconf 73' lang='lat' dir='ltr'><strong>roget</strong></span> <span class='ocrx_word' id='word_1_482' title='bbox 1544 5227 1752 5280; x_wconf 79' lang='lat' dir='ltr'><strong>Patrem</strong></span> <span class='ocrx_word' id='word_1_483' title='bbox 1773 5266 1788 5289; x_wconf 89' lang='lat'><strong>,</strong></span> <span class='ocrx_word' id='word_1_484' title='bbox 1816 5226 1940 5296; x_wconf 83' lang='lat' dir='ltr'><strong>quia</strong></span> <span class='ocrx_word' id='word_1_485' title='bbox 1982 5225 2096 5295; x_wconf 89' lang='lat' dir='ltr'><strong>ipse</strong></span> 
     </span>
    </p>
   </div>
   <div class='ocr_carea' id='block_1_55' title="bbox 513 5318 2094 5392">
    <p class='ocr_par' dir='ltr' id='par_1_55' title="bbox 513 5318 2094 5392">
     <span class='ocr_line' id='line_1_55' title="bbox 513 5318 2094 5392; baseline -0.009 -5"><span class='ocrx_word' id='word_1_486' title='bbox 513 5331 669 5389; x_wconf 85' lang='lat' dir='ltr'><strong>Pater</strong></span> <span class='ocrx_word' id='word_1_487' title='bbox 690 5337 833 5384; x_wconf 86' lang='lat' dir='ltr'><strong>amat</strong></span> <span class='ocrx_word' id='word_1_488' title='bbox 861 5340 981 5381; x_wconf 87' lang='lat' dir='ltr'><strong>nos.</strong></span> <span class='ocrx_word' id='word_1_489' title='bbox 1023 5324 1144 5392; x_wconf 78' lang='lat' dir='ltr'><strong>Quo</strong></span> <span class='ocrx_word' id='word_1_490' title='bbox 1183 5331 1363 5378; x_wconf 87' lang='lat' dir='ltr'><strong>autem</strong></span> <span class='ocrx_word' id='word_1_491' title='bbox 1400 5319 1596 5376; x_wconf 81' lang='lat' dir='ltr'><strong>merito</strong></span> <span class='ocrx_word' id='word_1_492' title='bbox 1618 5361 1634 5386; x_wconf 94' lang='lat'><strong>,</strong></span> <span class='ocrx_word' id='word_1_493' title='bbox 1673 5319 1772 5374; x_wconf 89' lang='lat' dir='ltr'><strong>nisi</strong></span> <span class='ocrx_word' id='word_1_494' title='bbox 1799 5318 1921 5375; x_wconf 88' lang='lat' dir='ltr'><strong>fidei</strong></span> <span class='ocrx_word' id='word_1_495' title='bbox 1945 5357 1961 5383; x_wconf 86' lang='lat'><strong>,</strong></span> <span class='ocrx_word' id='word_1_496' title='bbox 1989 5333 2094 5389; x_wconf 84' lang='lat' dir='ltr'><strong>qua</strong></span> 
     </span>
    </p>
   </div>
   <div class='ocr_carea' id='block_1_56' title="bbox 513 5409 2098 5489">
    <p class='ocr_par' dir='ltr' id='par_1_56' title="bbox 513 5409 2098 5489">
     <span class='ocr_line' id='line_1_56' title="bbox 513 5409 2098 5489; baseline -0.011 -9"><span class='ocrx_word' id='word_1_497' title='bbox 513 5424 780 5481; x_wconf 82' lang='lat' dir='ltr'><strong>credimus</strong></span> <span class='ocrx_word' id='word_1_498' title='bbox 801 5430 1084 5489; x_wconf 89' lang='lat' dir='ltr'><strong>antequam</strong></span> <span class='ocrx_word' id='word_1_499' title='bbox 1111 5415 1238 5471; x_wconf 90' lang='lat' dir='ltr'><strong>illud</strong></span> <span class='ocrx_word' id='word_1_500' title='bbox 1261 5413 1410 5485; x_wconf 87' lang='lat' dir='ltr'><strong>quod</strong></span> <span class='ocrx_word' id='word_1_501' title='bbox 1431 5410 1759 5484; x_wconf 86' lang='lat' dir='ltr'><strong>promittitur</strong></span> <span class='ocrx_word' id='word_1_502' title='bbox 1779 5409 2051 5469; x_wconf 76' lang='lat' dir='ltr'><strong>videamus</strong></span> <span class='ocrx_word' id='word_1_503' title='bbox 2071 5409 2098 5463; x_wconf 82' lang='lat'><strong>?</strong></span> 
     </span>
    </p>
   </div>
   <div class='ocr_carea' id='block_1_57' title="bbox 516 5503 2096 5580">
    <p class='ocr_par' dir='ltr' id='par_1_57' title="bbox 516 5503 2096 5580">
     <span class='ocr_line' id='line_1_57' title="bbox 516 5503 2096 5580; baseline -0.008 -9"><span class='ocrx_word' id='word_1_504' title='bbox 516 5517 618 5574; x_wconf 81' lang='lat' dir='ltr'><strong>Per</strong></span> <span class='ocrx_word' id='word_1_505' title='bbox 663 5517 797 5569; x_wconf 85' lang='lat' dir='ltr'><strong>hanc</strong></span> <span class='ocrx_word' id='word_1_506' title='bbox 835 5514 976 5566; x_wconf 90' lang='lat' dir='ltr'><strong>enim</strong></span> <span class='ocrx_word' id='word_1_507' title='bbox 1020 5509 1392 5580; x_wconf 81' lang='lat' dir='ltr'><strong>perveniemus</strong></span> <span class='ocrx_word' id='word_1_508' title='bbox 1437 5505 1505 5561; x_wconf 86' lang='lat' dir='ltr'><strong>ad</strong></span> <span class='ocrx_word' id='word_1_509' title='bbox 1549 5504 1822 5576; x_wconf 87' lang='lat' dir='ltr'><strong>speciem,</strong></span> <span class='ocrx_word' id='word_1_510' title='bbox 1857 5514 1915 5560; x_wconf 91' lang='lat' dir='ltr'><strong>ut</strong></span> <span class='ocrx_word' id='word_1_511' title='bbox 1963 5503 2096 5564; x_wconf 84' lang='lat' dir='ltr'><strong>tales</strong></span> 
     </span>
    </p>
   </div>
   <div class='ocr_carea' id='block_1_58' title="bbox 513 5594 2094 5676">
    <p class='ocr_par' dir='ltr' id='par_1_58' title="bbox 513 5594 2094 5676">
     <span class='ocr_line' id='line_1_58' title="bbox 513 5594 2094 5676; baseline -0.009 -13"><span class='ocrx_word' id='word_1_512' title='bbox 513 5615 696 5674; x_wconf 87' lang='lat' dir='ltr'><strong>amet,</strong></span> <span class='ocrx_word' id='word_1_513' title='bbox 722 5605 905 5676; x_wconf 83' lang='lat' dir='ltr'><strong>quales</strong></span> <span class='ocrx_word' id='word_1_514' title='bbox 943 5609 1086 5656; x_wconf 85' lang='lat' dir='ltr'><strong>amat</strong></span> <span class='ocrx_word' id='word_1_515' title='bbox 1127 5609 1184 5655; x_wconf 90' lang='lat' dir='ltr'><strong>ut</strong></span> <span class='ocrx_word' id='word_1_516' title='bbox 1225 5599 1432 5664; x_wconf 89' lang='lat' dir='ltr'><strong>simus;</strong></span> <span class='ocrx_word' id='word_1_517' title='bbox 1477 5613 1584 5654; x_wconf 88' lang='lat' dir='ltr'><strong>non</strong></span> <span class='ocrx_word' id='word_1_518' title='bbox 1623 5596 1809 5668; x_wconf 84' lang='lat' dir='ltr'><strong>quales</strong></span> <span class='ocrx_word' id='word_1_519' title='bbox 1834 5595 1948 5652; x_wconf 89' lang='lat' dir='ltr'><strong>odit</strong></span> <span class='ocrx_word' id='word_1_520' title='bbox 1975 5594 2094 5667; x_wconf 86' lang='lat' dir='ltr'><strong>quia</strong></span> 
     </span>
    </p>
   </div>
   <div class='ocr_carea' id='block_1_59' title="bbox 580 5811 1534 5888">
    <p class='ocr_par' dir='ltr' id='par_1_59' title="bbox 580 5811 1534 5888">
     <span class='ocr_line' id='line_1_59' title="bbox 580 5811 1534 5888; baseline -0.013 -17"><span class='ocrx_word' id='word_1_521' title='bbox 580 5825 597 5856; x_wconf 72' lang='grc' dir='ltr'>ι</span> <span class='ocrx_word' id='word_1_522' title='bbox 632 5828 724 5888; x_wconf 78' lang='lat' dir='ltr'><strong>sex</strong></span> <span class='ocrx_word' id='word_1_523' title='bbox 749 5825 853 5868; x_wconf 78' lang='lat' dir='ltr'><strong>uss.</strong></span> <span class='ocrx_word' id='word_1_524' title='bbox 882 5829 894 5864; x_wconf 91' lang='lat'>:</span> <span class='ocrx_word' id='word_1_525' title='bbox 927 5823 1038 5865; x_wconf 80' lang='lat' dir='ltr'><strong>mre</strong></span> <span class='ocrx_word' id='word_1_526' title='bbox 1062 5811 1188 5862; x_wconf 75' lang='lat' dir='ltr'><strong>vobis</strong></span> <span class='ocrx_word' id='word_1_527' title='bbox 1210 5811 1391 5862; x_wconf 80' lang='lat' dir='ltr'><strong>locutus</strong></span> <span class='ocrx_word' id='word_1_528' title='bbox 1411 5822 1534 5862; x_wconf 80' lang='lat' dir='ltr'><strong>sum.</strong></span> 
     </span>
    </p>
   </div>
   <div class='ocr_carea' id='block_1_60' title="bbox 1607 337 2630 407">
    <p class='ocr_par' dir='ltr' id='par_1_60' title="bbox 1607 337 2630 407">
     <span class='ocr_line' id='line_1_60' title="bbox 1607 337 2630 407; baseline -0.001 -9"><span class='ocrx_word' id='word_1_529' title='bbox 1607 339 1698 398; x_wconf 84' lang='lat' dir='ltr'><strong>DE</strong></span> <span class='ocrx_word' id='word_1_530' title='bbox 1734 337 2128 407; x_wconf 75' lang='lat' dir='ltr'><strong>TRINIT‘ATE,</strong></span> <span class='ocrx_word' id='word_1_531' title='bbox 2168 337 2224 400; x_wconf 89' lang='lat' dir='ltr'><strong>S.</strong></span> <span class='ocrx_word' id='word_1_532' title='bbox 2264 339 2630 404; x_wconf 73' lang='lat' dir='ltr'><strong>AUGUSTINI</strong></span> 
     </span>
    </p>
   </div>
   <div class='ocr_carea' id='block_1_61' title="bbox 3659 345 3776 416">
    <p class='ocr_par' dir='ltr' id='par_1_61' title="bbox 3659 345 3776 416">
     <span class='ocr_line' id='line_1_61' title="bbox 3659 345 3776 416; baseline -0.017 0"><span class='ocrx_word' id='word_1_533' title='bbox 3659 345 3776 416; x_wconf 48' lang='grc' dir='ltr'><strong>θεοί</strong></span> 
     </span>
    </p>
   </div>
   <div class='ocr_carea' id='block_1_62' title="bbox 2177 458 3769 540">
    <p class='ocr_par' dir='ltr' id='par_1_62' title="bbox 2177 458 3769 540">
     <span class='ocr_line' id='line_1_62' title="bbox 2177 458 3769 540; baseline 0.014 -28"><span class='ocrx_word' id='word_1_534' title='bbox 2177 465 2364 516; x_wconf 72' lang='lat' dir='ltr'><strong>manu</strong></span> <span class='ocrx_word' id='word_1_535' title='bbox 2385 458 2402 490; x_wconf 76' lang='grc' dir='ltr'>ί</span> <span class='ocrx_word' id='word_1_536' title='bbox 2421 497 2450 525; x_wconf 85' lang='grc'><strong>,.</strong></span> <span class='ocrx_word' id='word_1_537' title='bbox 2465 468 2526 518; x_wconf 87' lang='lat' dir='ltr'><strong>et</strong></span> <span class='ocrx_word' id='word_1_538' title='bbox 2545 459 2792 522; x_wconf 69' lang='lat' dir='ltr'><strong>hortanti</strong></span> <span class='ocrx_word' id='word_1_539' title='bbox 2814 475 2880 522; x_wconf 82' lang='lat' dir='ltr'><strong>ac</strong></span> <span class='ocrx_word' id='word_1_540' title='bbox 2905 467 3123 540; x_wconf 63' lang='lat' dir='ltr'><strong>prastat</strong></span> <span class='ocrx_word' id='word_1_541' title='bbox 3141 479 3214 526; x_wconf 75' lang='lat' dir='ltr'><strong>ne</strong></span> <span class='ocrx_word' id='word_1_542' title='bbox 3239 465 3372 528; x_wconf 77' lang='lat' dir='ltr'><strong>tales</strong></span> <span class='ocrx_word' id='word_1_543' title='bbox 3394 480 3522 530; x_wconf 69' lang='lat' dir='ltr'><strong>esse</strong></span> <span class='ocrx_word' id='word_1_544' title='bbox 3546 478 3769 540; x_wconf 60' lang='lat' dir='ltr'><strong>sempr!</strong></span> 
     </span>
    </p>
   </div>
   <div class='ocr_carea' id='block_1_63' title="bbox 2177 546 2424 608">
    <p class='ocr_par' dir='ltr' id='par_1_63' title="bbox 2177 546 2424 608">
     <span class='ocr_line' id='line_1_63' title="bbox 2177 546 2424 608; baseline -0.004 -2"><span class='ocrx_word' id='word_1_545' title='bbox 2177 546 2424 608; x_wconf 74' lang='lat' dir='ltr'><strong>velimus.</strong></span> 
     </span>
    </p>
   </div>
   <div class='ocr_carea' id='block_1_64' title="bbox 2247 636 3774 722">
    <p class='ocr_par' dir='ltr' id='par_1_64' title="bbox 2247 636 3774 722">
     <span class='ocr_line' id='line_1_64' title="bbox 2247 636 3774 722; baseline 0.009 -27"><span class='ocrx_word' id='word_1_546' title='bbox 2247 636 2480 700; x_wconf 65' lang='lat' dir='ltr'><strong>CAPUT</strong></span> <span class='ocrx_word' id='word_1_547' title='bbox 2501 641 2695 706; x_wconf 75' lang='grc' dir='ltr'><strong>Χ1.,σ-ο</strong></span> <span class='ocrx_word' id='word_1_548' title='bbox 2710 643 2800 703; x_wconf 65' lang='lat'><strong>2%.</strong></span> <span class='ocrx_word' id='word_1_549' title='bbox 2842 644 3045 719; x_wconf 79' lang='lat' dir='ltr'><strong>Regula</strong></span> <span class='ocrx_word' id='word_1_550' title='bbox 3072 665 3172 722; x_wconf 81' lang='lat' dir='ltr'><strong>qua</strong></span> <span class='ocrx_word' id='word_1_551' title='bbox 3195 649 3492 721; x_wconf 75' lang='lat' dir='ltr'><strong>intelligitur</strong></span> <span class='ocrx_word' id='word_1_552' title='bbox 3517 650 3694 710; x_wconf 73' lang='lat' dir='ltr'><strong>Filius</strong></span> <span class='ocrx_word' id='word_1_553' title='bbox 3715 654 3774 718; x_wconf 69' lang='lat' dir='ltr'><strong>in</strong></span> 
     </span>
    </p>
   </div>
   <div class='ocr_carea' id='block_1_65' title="bbox 2179 730 3772 816">
    <p class='ocr_par' dir='ltr' id='par_1_65' title="bbox 2179 730 3772 816">
     <span class='ocr_line' id='line_1_65' title="bbox 2179 730 3772 816; baseline 0.007 -24"><span class='ocrx_word' id='word_1_554' title='bbox 2179 730 2459 805; x_wconf 82' lang='lat' dir='ltr'><strong>Scripturis</strong></span> <span class='ocrx_word' id='word_1_555' title='bbox 2484 752 2619 794; x_wconf 81' lang='lat' dir='ltr'><strong>nunc.</strong></span> <span class='ocrx_word' id='word_1_556' title='bbox 2639 739 2850 808; x_wconf 69' lang='lat' dir='ltr'><strong>cqualis</strong></span> <span class='ocrx_word' id='word_1_557' title='bbox 2867 779 2884 805; x_wconf 90' lang='lat'><strong>,</strong></span> <span class='ocrx_word' id='word_1_558' title='bbox 2915 757 3048 799; x_wconf 71' lang='lat' dir='ltr'><strong>nunc</strong></span> <span class='ocrx_word' id='word_1_559' title='bbox 3071 743 3255 800; x_wconf 71' lang='lat' dir='ltr'><strong>minor.</strong></span> <span class='ocrx_word' id='word_1_560' title='bbox 3286 742 3638 816; x_wconf 80' lang='lat' dir='ltr'><strong>Quapropter,</strong></span> <span class='ocrx_word' id='word_1_561' title='bbox 3671 762 3772 802; x_wconf 83' lang='lat' dir='ltr'><strong>co-</strong></span> 
     </span>
    </p>
   </div>
   <div class='ocr_carea' id='block_1_66' title="bbox 2179 826 3778 908">
    <p class='ocr_par' dir='ltr' id='par_1_66' title="bbox 2179 826 3778 908">
     <span class='ocr_line' id='line_1_66' title="bbox 2179 826 3778 908; baseline 0.011 -29"><span class='ocrx_word' id='word_1_562' title='bbox 2179 826 2323 895; x_wconf 78' lang='lat' dir='ltr'><strong>gnita</strong></span> <span class='ocrx_word' id='word_1_563' title='bbox 2369 828 2473 888; x_wconf 77' lang='lat' dir='ltr'><strong>ista</strong></span> <span class='ocrx_word' id='word_1_564' title='bbox 2515 831 2696 900; x_wconf 68' lang='lat' dir='ltr'><strong>regula</strong></span> <span class='ocrx_word' id='word_1_565' title='bbox 2751 831 3222 904; x_wconf 53' lang='lat' dir='ltr'><strong>intelligenhrum</strong></span> <span class='ocrx_word' id='word_1_566' title='bbox 3261 835 3656 908; x_wconf 81' lang='lat' dir='ltr'><strong>Scripturarum</strong></span> <span class='ocrx_word' id='word_1_567' title='bbox 3701 839 3778 896; x_wconf 77' lang='lat' dir='ltr'><strong>de</strong></span> 
     </span>
    </p>
   </div>
   <div class='ocr_carea' id='block_1_67' title="bbox 2179 915 3776 995">
    <p class='ocr_par' dir='ltr' id='par_1_67' title="bbox 2179 915 3776 995">
     <span class='ocr_line' id='line_1_67' title="bbox 2179 915 3776 995; baseline 0.006 -17"><span class='ocrx_word' id='word_1_568' title='bbox 2179 915 2318 978; x_wconf 76' lang='lat' dir='ltr'><strong>Filio</strong></span> <span class='ocrx_word' id='word_1_569' title='bbox 2347 918 2444 978; x_wconf 81' lang='lat' dir='ltr'><strong>Dei</strong></span> <span class='ocrx_word' id='word_1_570' title='bbox 2465 961 2484 984; x_wconf 87' lang='lat'><strong>.</strong></span> <span class='ocrx_word' id='word_1_571' title='bbox 2509 931 2566 977; x_wconf 84' lang='lat' dir='ltr'><strong>ut</strong></span> <span class='ocrx_word' id='word_1_572' title='bbox 2595 921 2985 994; x_wconf 70' lang='lat' dir='ltr'><strong>distinguamus</strong></span> <span class='ocrx_word' id='word_1_573' title='bbox 3023 924 3150 995; x_wconf 82' lang='lat' dir='ltr'><strong>quid</strong></span> <span class='ocrx_word' id='word_1_574' title='bbox 3194 926 3250 984; x_wconf 86' lang='lat' dir='ltr'><strong>in</strong></span> <span class='ocrx_word' id='word_1_575' title='bbox 3287 927 3368 983; x_wconf 83' lang='lat' dir='ltr'><strong>eis</strong></span> <span class='ocrx_word' id='word_1_576' title='bbox 3394 939 3558 986; x_wconf 80' lang='lat' dir='ltr'><strong>sonet</strong></span> <span class='ocrx_word' id='word_1_577' title='bbox 3576 945 3776 987; x_wconf 78' lang='lat' dir='ltr'><strong>sectiu-</strong></span> 
     </span>
    </p>
   </div>
   <div class='ocr_carea' id='block_1_68' title="bbox 2180 1007 3777 1091">
    <p class='ocr_par' dir='ltr' id='par_1_68' title="bbox 2180 1007 3777 1091">
     <span class='ocr_line' id='line_1_68' title="bbox 2180 1007 3777 1091; baseline 0.011 -28"><span class='ocrx_word' id='word_1_578' title='bbox 2180 1007 2307 1065; x_wconf 89' lang='lat' dir='ltr'><strong>dum</strong></span> <span class='ocrx_word' id='word_1_579' title='bbox 2338 1010 2569 1069; x_wconf 76' lang='lat' dir='ltr'><strong>formam</strong></span> <span class='ocrx_word' id='word_1_580' title='bbox 2609 1013 2744 1080; x_wconf 82' lang='lat' dir='ltr'><strong>Dei,</strong></span> <span class='ocrx_word' id='word_1_581' title='bbox 2775 1015 2828 1070; x_wconf 90' lang='lat' dir='ltr'><strong>in</strong></span> <span class='ocrx_word' id='word_1_582' title='bbox 2857 1031 2966 1086; x_wconf 83' lang='lat' dir='ltr'><strong>qua</strong></span> <span class='ocrx_word' id='word_1_583' title='bbox 2987 1018 3211 1089; x_wconf 60' lang='lat' dir='ltr'><strong>aequalis</strong></span> <span class='ocrx_word' id='word_1_584' title='bbox 3232 1028 3315 1080; x_wconf 86' lang='lat' dir='ltr'><strong>est</strong></span> <span class='ocrx_word' id='word_1_585' title='bbox 3339 1019 3480 1078; x_wconf 80' lang='lat' dir='ltr'><strong>Patri</strong></span> <span class='ocrx_word' id='word_1_586' title='bbox 3504 1061 3524 1087; x_wconf 89' lang='lat'><strong>,</strong></span> <span class='ocrx_word' id='word_1_587' title='bbox 3549 1029 3606 1082; x_wconf 81' lang='lat' dir='ltr'><strong>et</strong></span> <span class='ocrx_word' id='word_1_588' title='bbox 3639 1021 3777 1091; x_wconf 71' lang='lat' dir='ltr'><strong>quid</strong></span> 
     </span>
    </p>
   </div>
   <div class='ocr_carea' id='block_1_69' title="bbox 2181 1102 3775 1182">
    <p class='ocr_par' dir='ltr' id='par_1_69' title="bbox 2181 1102 3775 1182">
     <span class='ocr_line' id='line_1_69' title="bbox 2181 1102 3775 1182; baseline 0.009 -26"><span class='ocrx_word' id='word_1_589' title='bbox 2181 1102 2477 1162; x_wconf 68' lang='lat' dir='ltr'><strong>sectandum</strong></span> <span class='ocrx_word' id='word_1_590' title='bbox 2501 1105 2727 1164; x_wconf 80' lang='lat' dir='ltr'><strong>formam</strong></span> <span class='ocrx_word' id='word_1_591' title='bbox 2755 1109 2897 1164; x_wconf 82' lang='lat' dir='ltr'><strong>servi</strong></span> <span class='ocrx_word' id='word_1_592' title='bbox 2922 1124 3080 1180; x_wconf 82' lang='lat' dir='ltr'><strong>quam</strong></span> <span class='ocrx_word' id='word_1_593' title='bbox 3107 1111 3340 1181; x_wconf 84' lang='lat' dir='ltr'><strong>accepit,</strong></span> <span class='ocrx_word' id='word_1_594' title='bbox 3369 1112 3422 1167; x_wconf 90' lang='lat' dir='ltr'><strong>in</strong></span> <span class='ocrx_word' id='word_1_595' title='bbox 3463 1128 3566 1182; x_wconf 85' lang='lat' dir='ltr'><strong>qua</strong></span> <span class='ocrx_word' id='word_1_596' title='bbox 3593 1113 3775 1170; x_wconf 77' lang='lat' dir='ltr'><strong>minor</strong></span> 
     </span>
    </p>
   </div>
   <div class='ocr_carea' id='block_1_70' title="bbox 2181 1195 3776 1274">
    <p class='ocr_par' dir='ltr' id='par_1_70' title="bbox 2181 1195 3776 1274">
     <span class='ocr_line' id='line_1_70' title="bbox 2181 1195 3776 1274; baseline 0.009 -26"><span class='ocrx_word' id='word_1_597' title='bbox 2181 1202 2264 1248; x_wconf 83' lang='lat' dir='ltr'><strong>est</strong></span> <span class='ocrx_word' id='word_1_598' title='bbox 2292 1195 2480 1263; x_wconf 69' lang='lat' dir='ltr'><strong>Patre,</strong></span> <span class='ocrx_word' id='word_1_599' title='bbox 2512 1213 2622 1255; x_wconf 84' lang='lat' dir='ltr'><strong>non</strong></span> <span class='ocrx_word' id='word_1_600' title='bbox 2649 1201 3091 1258; x_wconf 79' lang='lat' dir='ltr'><strong>conturbabimur</strong></span> <span class='ocrx_word' id='word_1_601' title='bbox 3117 1212 3366 1274; x_wconf 81' lang='lat' dir='ltr'><strong>tanquam</strong></span> <span class='ocrx_word' id='word_1_602' title='bbox 3391 1206 3676 1268; x_wconf 80' lang='lat' dir='ltr'><strong>contrariis</strong></span> <span class='ocrx_word' id='word_1_603' title='bbox 3705 1216 3776 1263; x_wconf 78' lang='lat' dir='ltr'><strong>ac</strong></span> 
     </span>
    </p>
   </div>
   <div class='ocr_carea' id='block_1_71' title="bbox 2157 1289 3772 1366">
    <p class='ocr_par' dir='ltr' id='par_1_71' title="bbox 2157 1289 3772 1366">
     <span class='ocr_line' id='line_1_71' title="bbox 2157 1289 3772 1366; baseline 0.007 -27"><span class='ocrx_word' id='word_1_604' title='bbox 2157 1289 2610 1366; x_wconf 75' lang='lat' dir='ltr'><strong>repugnantibus</strong></span> <span class='ocrx_word' id='word_1_605' title='bbox 2630 1291 2768 1346; x_wconf 73' lang='lat' dir='ltr'><strong>inter.</strong></span> <span class='ocrx_word' id='word_1_606' title='bbox 2805 1307 2865 1348; x_wconf 85' lang='lat' dir='ltr'><strong>so</strong></span> <span class='ocrx_word' id='word_1_607' title='bbox 2902 1303 3210 1350; x_wconf 80' lang='lat' dir='ltr'><strong>sanctomm</strong></span> <span class='ocrx_word' id='word_1_608' title='bbox 3235 1295 3516 1359; x_wconf 79' lang='lat' dir='ltr'><strong>Librorum</strong></span> <span class='ocrx_word' id='word_1_609' title='bbox 3545 1306 3772 1354; x_wconf 62' lang='lat' dir='ltr'><strong>senten-</strong></span> 
     </span>
    </p>
   </div>
   <div class='ocr_carea' id='block_1_72' title="bbox 2183 1377 3775 1458">
    <p class='ocr_par' dir='ltr' id='par_1_72' title="bbox 2183 1377 3775 1458">
     <span class='ocr_line' id='line_1_72' title="bbox 2183 1377 3775 1458; baseline 0.009 -27"><span class='ocrx_word' id='word_1_610' title='bbox 2183 1377 2292 1432; x_wconf 88' lang='lat' dir='ltr'><strong>tiis.</strong></span> <span class='ocrx_word' id='word_1_611' title='bbox 2333 1378 2466 1436; x_wconf 82' lang='lat' dir='ltr'><strong>Nam</strong></span> <span class='ocrx_word' id='word_1_612' title='bbox 2497 1382 2790 1449; x_wconf 83' lang='lat' dir='ltr'><strong>secundum</strong></span> <span class='ocrx_word' id='word_1_613' title='bbox 2816 1383 3041 1440; x_wconf 77' lang='lat' dir='ltr'><strong>formam</strong></span> <span class='ocrx_word' id='word_1_614' title='bbox 3073 1386 3166 1445; x_wconf 86' lang='lat' dir='ltr'><strong>Dei</strong></span> <span class='ocrx_word' id='word_1_615' title='bbox 3191 1386 3414 1458; x_wconf 63' lang='lat' dir='ltr'><strong>aequalis</strong></span> <span class='ocrx_word' id='word_1_616' title='bbox 3441 1396 3527 1444; x_wconf 88' lang='lat' dir='ltr'><strong>est</strong></span> <span class='ocrx_word' id='word_1_617' title='bbox 3549 1389 3690 1446; x_wconf 76' lang='lat' dir='ltr'><strong>Patri</strong></span> <span class='ocrx_word' id='word_1_618' title='bbox 3717 1397 3775 1445; x_wconf 80' lang='lat' dir='ltr'><strong>el</strong></span> 
     </span>
    </p>
   </div>
   <div class='ocr_carea' id='block_1_73' title="bbox 2184 1461 3801 1546">
    <p class='ocr_par' dir='ltr' id='par_1_73' title="bbox 2184 1461 3801 1546">
     <span class='ocr_line' id='line_1_73' title="bbox 2184 1461 3801 1546; baseline 0.009 -23"><span class='ocrx_word' id='word_1_619' title='bbox 2184 1461 2348 1524; x_wconf 82' lang='lat' dir='ltr'><strong>Filius</strong></span> <span class='ocrx_word' id='word_1_620' title='bbox 2370 1480 2425 1526; x_wconf 89' lang='lat' dir='ltr'><strong>et</strong></span> <span class='ocrx_word' id='word_1_621' title='bbox 2446 1471 2674 1542; x_wconf 51' lang='lat' dir='ltr'><strong>gpiritus</strong></span> <span class='ocrx_word' id='word_1_622' title='bbox 2693 1481 2935 1540; x_wconf 79' lang='lat' dir='ltr'><strong>sanctus,</strong></span> <span class='ocrx_word' id='word_1_623' title='bbox 2957 1475 3082 1546; x_wconf 79' lang='lat' dir='ltr'><strong>quis</strong></span> <span class='ocrx_word' id='word_1_624' title='bbox 3106 1488 3296 1533; x_wconf 84' lang='lat' dir='ltr'><strong>neuter</strong></span> <span class='ocrx_word' id='word_1_625' title='bbox 3320 1493 3506 1536; x_wconf 77' lang='lat' dir='ltr'><strong>eorum</strong></span> <span class='ocrx_word' id='word_1_626' title='bbox 3526 1463 3801 1536; x_wconf 54' lang='lat' dir='ltr'><strong>creatura</strong></span> 
     </span>
    </p>
   </div>
   <div class='ocr_carea' id='block_1_74' title="bbox 2184 1560 3775 1632">
    <p class='ocr_par' dir='ltr' id='par_1_74' title="bbox 2184 1560 3775 1632">
     <span class='ocr_line' id='line_1_74' title="bbox 2184 1560 3775 1632; baseline 0.008 -18"><span class='ocrx_word' id='word_1_627' title='bbox 2184 1569 2288 1625; x_wconf 90' lang='lat' dir='ltr'><strong>est,</strong></span> <span class='ocrx_word' id='word_1_628' title='bbox 2319 1560 2460 1616; x_wconf 89' lang='lat' dir='ltr'><strong>sicut</strong></span> <span class='ocrx_word' id='word_1_629' title='bbox 2480 1562 2590 1632; x_wconf 85' lang='lat' dir='ltr'><strong>jam</strong></span> <span class='ocrx_word' id='word_1_630' title='bbox 2616 1564 2950 1630; x_wconf 74' lang='lat' dir='ltr'><strong>ostendimus</strong></span> <span class='ocrx_word' id='word_1_631' title='bbox 2974 1582 2999 1620; x_wconf 93' lang='lat'><strong>:.</strong></span> <span class='ocrx_word' id='word_1_632' title='bbox 3017 1567 3314 1624; x_wconf 83' lang='lat' dir='ltr'><strong>secundum</strong></span> <span class='ocrx_word' id='word_1_633' title='bbox 3337 1578 3519 1626; x_wconf 83' lang='lat' dir='ltr'><strong>autem</strong></span> <span class='ocrx_word' id='word_1_634' title='bbox 3542 1568 3775 1632; x_wconf 83' lang='lat' dir='ltr'><strong>formam</strong></span> 
     </span>
    </p>
   </div>
   <div class='ocr_carea' id='block_1_75' title="bbox 2183 1653 3780 1732">
    <p class='ocr_par' dir='ltr' id='par_1_75' title="bbox 2183 1653 3780 1732">
     <span class='ocr_line' id='line_1_75' title="bbox 2183 1653 3780 1732; baseline 0.006 -25"><span class='ocrx_word' id='word_1_635' title='bbox 2183 1653 2322 1708; x_wconf 85' lang='lat' dir='ltr'><strong>servi</strong></span> <span class='ocrx_word' id='word_1_636' title='bbox 2346 1694 2362 1720; x_wconf 96' lang='lat'><strong>,</strong></span> <span class='ocrx_word' id='word_1_637' title='bbox 2389 1655 2572 1710; x_wconf 82' lang='lat' dir='ltr'><strong>minor</strong></span> <span class='ocrx_word' id='word_1_638' title='bbox 2593 1664 2677 1712; x_wconf 84' lang='lat' dir='ltr'><strong>est</strong></span> <span class='ocrx_word' id='word_1_639' title='bbox 2702 1656 2894 1724; x_wconf 70' lang='lat' dir='ltr'><strong>Datne,</strong></span> <span class='ocrx_word' id='word_1_640' title='bbox 2927 1659 3051 1729; x_wconf 76' lang='lat' dir='ltr'><strong>quia</strong></span> <span class='ocrx_word' id='word_1_641' title='bbox 3080 1659 3193 1730; x_wconf 86' lang='lat' dir='ltr'><strong>ipse</strong></span> <span class='ocrx_word' id='word_1_642' title='bbox 3220 1659 3356 1715; x_wconf 78' lang='lat' dir='ltr'><strong>dixit</strong></span> <span class='ocrx_word' id='word_1_643' title='bbox 3382 1677 3408 1714; x_wconf 83' lang='lat'><strong>:.</strong></span> <span class='ocrx_word' id='word_1_644' title='bbox 3425 1659 3586 1716; x_wconf 80' lang='lat' dir='ltr'><strong>Pater</strong></span> <span class='ocrx_word' id='word_1_645' title='bbox 3608 1663 3780 1732; x_wconf 61' lang='lat' dir='ltr'><strong>major</strong></span> 
     </span>
    </p>
   </div>
   <div class='ocr_carea' id='block_1_76' title="bbox 2184 1746 3780 1824">
    <p class='ocr_par' dir='ltr' id='par_1_76' title="bbox 2184 1746 3780 1824">
     <span class='ocr_line' id='line_1_76' title="bbox 2184 1746 3780 1824; baseline 0.007 -24"><span class='ocrx_word' id='word_1_646' title='bbox 2184 1762 2264 1801; x_wconf 86' lang='lat' dir='ltr'><strong>me</strong></span> <span class='ocrx_word' id='word_1_647' title='bbox 2294 1757 2366 1802; x_wconf 85' lang='lat' dir='ltr'><strong>est</strong></span> <span class='ocrx_word' id='word_1_648' title='bbox 2391 1746 2587 1817; x_wconf 73' lang='lat' dir='ltr'><strong>(1m.</strong></span> <span class='ocrx_word' id='word_1_649' title='bbox 2615 1757 2727 1813; x_wconf 71' lang='lat' dir='ltr'><strong>xiv,</strong></span> <span class='ocrx_word' id='word_1_650' title='bbox 2749 1750 2820 1806; x_wconf 74' lang='lat'><strong>28</strong></span> <span class='ocrx_word' id='word_1_651' title='bbox 2844 1751 2907 1822; x_wconf 89' lang='lat'><strong>):</strong></span> <span class='ocrx_word' id='word_1_652' title='bbox 2941 1751 3118 1806; x_wconf 79' lang='lat' dir='ltr'><strong>minor</strong></span> <span class='ocrx_word' id='word_1_653' title='bbox 3159 1755 3247 1808; x_wconf 83' lang='lat' dir='ltr'><strong>est</strong></span> <span class='ocrx_word' id='word_1_654' title='bbox 3276 1767 3336 1808; x_wconf 84' lang='lat' dir='ltr'><strong>se</strong></span> <span class='ocrx_word' id='word_1_655' title='bbox 3370 1753 3487 1822; x_wconf 63' lang='lat' dir='ltr'><strong>imo</strong></span> <span class='ocrx_word' id='word_1_656' title='bbox 3509 1790 3526 1820; x_wconf 86' lang='lat'><strong>,</strong></span> <span class='ocrx_word' id='word_1_657' title='bbox 3553 1753 3678 1824; x_wconf 79' lang='lat' dir='ltr'><strong>quia</strong></span> <span class='ocrx_word' id='word_1_658' title='bbox 3705 1755 3780 1811; x_wconf 85' lang='lat' dir='ltr'><strong>de</strong></span> 
     </span>
    </p>
   </div>
   <div class='ocr_carea' id='block_1_77' title="bbox 2186 1837 3777 1916">
    <p class='ocr_par' dir='ltr' id='par_1_77' title="bbox 2186 1837 3777 1916">
     <span class='ocr_line' id='line_1_77' title="bbox 2186 1837 3777 1916; baseline 0.006 -24"><span class='ocrx_word' id='word_1_659' title='bbox 2186 1837 2277 1892; x_wconf 85' lang='lat' dir='ltr'><strong>illo</strong></span> <span class='ocrx_word' id='word_1_660' title='bbox 2301 1838 2503 1894; x_wconf 87' lang='lat' dir='ltr'><strong>dictum</strong></span> <span class='ocrx_word' id='word_1_661' title='bbox 2523 1847 2626 1905; x_wconf 77' lang='lat' dir='ltr'><strong>est,</strong></span> <span class='ocrx_word' id='word_1_662' title='bbox 2653 1840 3002 1912; x_wconf 69' lang='lat' dir='ltr'><strong>Sometipcum</strong></span> <span class='ocrx_word' id='word_1_663' title='bbox 3017 1842 3298 1896; x_wconf 71' lang='lat' dir='ltr'><strong>exinanivit</strong></span> <span class='ocrx_word' id='word_1_664' title='bbox 3321 1841 3579 1916; x_wconf 79' lang='lat' dir='ltr'><strong>(Philipp.</strong></span> <span class='ocrx_word' id='word_1_665' title='bbox 3600 1857 3660 1910; x_wconf 81' lang='lat' dir='ltr'><strong>ll,</strong></span> <span class='ocrx_word' id='word_1_666' title='bbox 3683 1842 3777 1915; x_wconf 87' lang='lat'><strong>7.):</strong></span> 
     </span>
    </p>
   </div>
   <div class='ocr_carea' id='block_1_78' title="bbox 2187 1931 3782 2008">
    <p class='ocr_par' dir='ltr' id='par_1_78' title="bbox 2187 1931 3782 2008">
     <span class='ocr_line' id='line_1_78' title="bbox 2187 1931 3782 2008; baseline 0.006 -22"><span class='ocrx_word' id='word_1_667' title='bbox 2187 1931 2362 1986; x_wconf 84' lang='lat' dir='ltr'><strong>minor</strong></span> <span class='ocrx_word' id='word_1_668' title='bbox 2383 1941 2470 1988; x_wconf 87' lang='lat' dir='ltr'><strong>est</strong></span> <span class='ocrx_word' id='word_1_669' title='bbox 2495 1931 2694 2002; x_wconf 83' lang='lat' dir='ltr'><strong>Spiritu</strong></span> <span class='ocrx_word' id='word_1_670' title='bbox 2720 1943 2906 1990; x_wconf 83' lang='lat' dir='ltr'><strong>sancto</strong></span> <span class='ocrx_word' id='word_1_671' title='bbox 2930 1976 2946 2002; x_wconf 95' lang='lat'><strong>,</strong></span> <span class='ocrx_word' id='word_1_672' title='bbox 2985 1937 3108 2008; x_wconf 85' lang='lat' dir='ltr'><strong>quia</strong></span> <span class='ocrx_word' id='word_1_673' title='bbox 3150 1936 3266 2006; x_wconf 81' lang='lat' dir='ltr'><strong>ipse</strong></span> <span class='ocrx_word' id='word_1_674' title='bbox 3301 1937 3415 2003; x_wconf 80' lang='lat' dir='ltr'><strong>ait,</strong></span> <span class='ocrx_word' id='word_1_675' title='bbox 3463 1938 3565 2006; x_wconf 73' lang='lat' dir='ltr'><strong>Qui</strong></span> <span class='ocrx_word' id='word_1_676' title='bbox 3589 1940 3782 1995; x_wconf 65' lang='lat' dir='ltr'><strong>dimi:</strong></span> 
     </span>
    </p>
   </div>
   <div class='ocr_carea' id='block_1_79' title="bbox 2181 2020 3780 2101">
    <p class='ocr_par' dir='ltr' id='par_1_79' title="bbox 2181 2020 3780 2101">
     <span class='ocr_line' id='line_1_79' title="bbox 2181 2020 3780 2101; baseline 0.007 -26"><span class='ocrx_word' id='word_1_677' title='bbox 2181 2020 2547 2093; x_wconf 68' lang='lat' dir='ltr'><strong>blasphemiam</strong></span> <span class='ocrx_word' id='word_1_678' title='bbox 2568 2024 2624 2078; x_wconf 79' lang='lat' dir='ltr'><strong>in</strong></span> <span class='ocrx_word' id='word_1_679' title='bbox 2653 2023 2845 2079; x_wconf 82' lang='lat' dir='ltr'><strong>Filium</strong></span> <span class='ocrx_word' id='word_1_680' title='bbox 2870 2026 3090 2082; x_wconf 82' lang='lat' dir='ltr'><strong>hominis</strong></span> <span class='ocrx_word' id='word_1_681' title='bbox 3110 2067 3124 2092; x_wconf 95' lang='lat'><strong>,</strong></span> <span class='ocrx_word' id='word_1_682' title='bbox 3150 2028 3430 2082; x_wconf 71' lang='lat' dir='ltr'><strong>remittetur</strong></span> <span class='ocrx_word' id='word_1_683' title='bbox 3451 2030 3544 2095; x_wconf 82' lang='lat' dir='ltr'><strong>ei;</strong></span> <span class='ocrx_word' id='word_1_684' title='bbox 3563 2031 3780 2101; x_wconf 61' lang='lat' dir='ltr'><strong>quiesse</strong></span> 
     </span>
    </p>
   </div>
   <div class='ocr_carea' id='block_1_80' title="bbox 2186 2114 3782 2188">
    <p class='ocr_par' dir='ltr' id='par_1_80' title="bbox 2186 2114 3782 2188">
     <span class='ocr_line' id='line_1_80' title="bbox 2186 2114 3782 2188; baseline 0.008 -20"><span class='ocrx_word' id='word_1_685' title='bbox 2186 2123 2288 2168; x_wconf 83' lang='lat' dir='ltr'><strong>tem</strong></span> <span class='ocrx_word' id='word_1_686' title='bbox 2327 2114 2518 2170; x_wconf 70' lang='lat' dir='ltr'><strong>dixerit</strong></span> <span class='ocrx_word' id='word_1_687' title='bbox 2551 2117 2606 2170; x_wconf 82' lang='lat' dir='ltr'><strong>in</strong></span> <span class='ocrx_word' id='word_1_688' title='bbox 2652 2115 2906 2188; x_wconf 73' lang='lat' dir='ltr'><strong>Spiritum</strong></span> <span class='ocrx_word' id='word_1_689' title='bbox 2939 2127 3180 2182; x_wconf 63' lang='lat' dir='ltr'><strong>unctum</strong></span> <span class='ocrx_word' id='word_1_690' title='bbox 3204 2162 3219 2185; x_wconf 93' lang='lat'><strong>,</strong></span> <span class='ocrx_word' id='word_1_691' title='bbox 3264 2133 3368 2176; x_wconf 70' lang='lat' dir='ltr'><strong>non</strong></span> <span class='ocrx_word' id='word_1_692' title='bbox 3401 2123 3684 2180; x_wconf 68' lang='lat' dir='ltr'><strong>remittetur</strong></span> <span class='ocrx_word' id='word_1_693' title='bbox 3731 2127 3782 2180; x_wconf 78' lang='lat' dir='ltr'><strong>ei</strong></span> 
     </span>
    </p>
   </div>
   <div class='ocr_carea' id='block_1_81' title="bbox 2189 2205 3780 2284">
    <p class='ocr_par' dir='ltr' id='par_1_81' title="bbox 2189 2205 3780 2284">
     <span class='ocr_line' id='line_1_81' title="bbox 2189 2205 3780 2284; baseline 0.008 -25"><span class='ocrx_word' id='word_1_694' title='bbox 2189 2205 2406 2278; x_wconf 70' lang='lat' dir='ltr'><strong>(Matth.</strong></span> <span class='ocrx_word' id='word_1_695' title='bbox 2432 2224 2526 2275; x_wconf 81' lang='lat' dir='ltr'><strong>xu,</strong></span> <span class='ocrx_word' id='word_1_696' title='bbox 2559 2205 2674 2280; x_wconf 65' lang='lat'><strong>32).</strong></span> <span class='ocrx_word' id='word_1_697' title='bbox 2708 2210 2776 2264; x_wconf 88' lang='lat' dir='ltr'><strong>Et</strong></span> <span class='ocrx_word' id='word_1_698' title='bbox 2799 2210 2851 2265; x_wconf 88' lang='lat' dir='ltr'><strong>in</strong></span> <span class='ocrx_word' id='word_1_699' title='bbox 2880 2211 2998 2280; x_wconf 82' lang='lat' dir='ltr'><strong>ipso</strong></span> <span class='ocrx_word' id='word_1_700' title='bbox 3025 2212 3250 2270; x_wconf 80' lang='lat' dir='ltr'><strong>virtutes</strong></span> <span class='ocrx_word' id='word_1_701' title='bbox 3273 2223 3528 2284; x_wconf 78' lang='lat' dir='ltr'><strong>operatus</strong></span> <span class='ocrx_word' id='word_1_702' title='bbox 3550 2225 3656 2283; x_wconf 80' lang='lat' dir='ltr'><strong>est,</strong></span> <span class='ocrx_word' id='word_1_703' title='bbox 3685 2217 3780 2272; x_wconf 80' lang='lat' dir='ltr'><strong>di-</strong></span> 
     </span>
    </p>
   </div>
   <div class='ocr_carea' id='block_1_82' title="bbox 2185 2300 3814 2379">
    <p class='ocr_par' dir='ltr' id='par_1_82' title="bbox 2185 2300 3814 2379">
     <span class='ocr_line' id='line_1_82' title="bbox 2185 2300 3814 2379; baseline 0.006 -25"><span class='ocrx_word' id='word_1_704' title='bbox 2185 2313 2317 2356; x_wconf 73' lang='lat' dir='ltr'><strong>cens</strong></span> <span class='ocrx_word' id='word_1_705' title='bbox 2338 2318 2352 2354; x_wconf 92' lang='lat'><strong>:</strong></span> <span class='ocrx_word' id='word_1_706' title='bbox 2379 2301 2447 2356; x_wconf 72' lang='lat' dir='ltr'><strong>Si</strong></span> <span class='ocrx_word' id='word_1_707' title='bbox 2457 2301 2624 2372; x_wconf 75' lang='lat' dir='ltr'><strong>egoin</strong></span> <span class='ocrx_word' id='word_1_708' title='bbox 2645 2300 2844 2373; x_wconf 78' lang='lat' dir='ltr'><strong>Spiritu</strong></span> <span class='ocrx_word' id='word_1_709' title='bbox 2871 2302 2966 2357; x_wconf 85' lang='lat' dir='ltr'><strong>Dei</strong></span> <span class='ocrx_word' id='word_1_710' title='bbox 2985 2303 3133 2375; x_wconf 68' lang='lat' dir='ltr'><strong>ejiaio</strong></span> <span class='ocrx_word' id='word_1_711' title='bbox 3153 2304 3422 2371; x_wconf 77' lang='lat' dir='ltr'><strong>dmaia,</strong></span> <span class='ocrx_word' id='word_1_712' title='bbox 3442 2317 3576 2362; x_wconf 80' lang='lat' dir='ltr'><strong>certe</strong></span> <span class='ocrx_word' id='word_1_713' title='bbox 3589 2325 3779 2379; x_wconf 77' lang='lat' dir='ltr'><strong>super—</strong></span> <span class='ocrx_word' id='word_1_714' title='bbox 3807 2338 3814 2344; x_wconf 66' lang='grc' dir='ltr'><strong><em>ο</em></strong></span> 
     </span>
    </p>
   </div>
   <div class='ocr_carea' id='block_1_83' title="bbox 2186 2394 3778 2473">
    <p class='ocr_par' dir='ltr' id='par_1_83' title="bbox 2186 2394 3778 2473">
     <span class='ocr_line' id='line_1_83' title="bbox 2186 2394 3778 2473; baseline 0.008 -27"><span class='ocrx_word' id='word_1_715' title='bbox 2186 2394 2330 2448; x_wconf 78' lang='lat' dir='ltr'><strong>venit</strong></span> <span class='ocrx_word' id='word_1_716' title='bbox 2363 2410 2517 2466; x_wconf 80' lang='lat' dir='ltr'><strong>super</strong></span> <span class='ocrx_word' id='word_1_717' title='bbox 2559 2411 2646 2450; x_wconf 80' lang='lat' dir='ltr'><strong>uos</strong></span> <span class='ocrx_word' id='word_1_718' title='bbox 2685 2413 2895 2466; x_wconf 74' lang='lat' dir='ltr'><strong>regnum</strong></span> <span class='ocrx_word' id='word_1_719' title='bbox 2938 2396 3034 2452; x_wconf 84' lang='lat' dir='ltr'><strong>Dei</strong></span> <span class='ocrx_word' id='word_1_720' title='bbox 3075 2398 3248 2470; x_wconf 79' lang='lat' dir='ltr'><strong>(Luc.</strong></span> <span class='ocrx_word' id='word_1_721' title='bbox 3275 2415 3364 2466; x_wconf 81' lang='lat' dir='ltr'><strong>st,</strong></span> <span class='ocrx_word' id='word_1_722' title='bbox 3389 2401 3504 2473; x_wconf 73' lang='grc'><strong>10).</strong></span> <span class='ocrx_word' id='word_1_723' title='bbox 3543 2399 3778 2472; x_wconf 75' lang='lat' dir='ltr'><strong>Etapud</strong></span> 
     </span>
    </p>
   </div>
   <div class='ocr_carea' id='block_1_84' title="bbox 2188 2486 3782 2566">
    <p class='ocr_par' dir='ltr' id='par_1_84' title="bbox 2188 2486 3782 2566">
     <span class='ocr_line' id='line_1_84' title="bbox 2188 2486 3782 2566; baseline 0.009 -26"><span class='ocrx_word' id='word_1_724' title='bbox 2188 2486 2376 2542; x_wconf 85' lang='lat' dir='ltr'><strong>Isaiam</strong></span> <span class='ocrx_word' id='word_1_725' title='bbox 2403 2488 2552 2555; x_wconf 80' lang='lat' dir='ltr'><strong>dicit,</strong></span> <span class='ocrx_word' id='word_1_726' title='bbox 2579 2505 2734 2560; x_wconf 86' lang='lat' dir='ltr'><strong>quam</strong></span> <span class='ocrx_word' id='word_1_727' title='bbox 2762 2490 3043 2546; x_wconf 78' lang='lat' dir='ltr'><strong>lectionem</strong></span> <span class='ocrx_word' id='word_1_728' title='bbox 3072 2492 3185 2563; x_wconf 88' lang='lat' dir='ltr'><strong>ipso</strong></span> <span class='ocrx_word' id='word_1_729' title='bbox 3205 2493 3258 2548; x_wconf 88' lang='lat' dir='ltr'><strong>in</strong></span> <span class='ocrx_word' id='word_1_730' title='bbox 3287 2506 3554 2566; x_wconf 67' lang='lat' dir='ltr'><strong>synagoga</strong></span> <span class='ocrx_word' id='word_1_731' title='bbox 3583 2498 3782 2554; x_wconf 79' lang='lat' dir='ltr'><strong>recita-</strong></span> 
     </span>
    </p>
   </div>
   <div class='ocr_carea' id='block_1_85' title="bbox 2186 2577 3780 2655">
    <p class='ocr_par' dir='ltr' id='par_1_85' title="bbox 2186 2577 3780 2655">
     <span class='ocr_line' id='line_1_85' title="bbox 2186 2577 3780 2655; baseline 0.009 -23"><span class='ocrx_word' id='word_1_732' title='bbox 2186 2577 2298 2644; x_wconf 90' lang='lat' dir='ltr'><strong>vit,</strong></span> <span class='ocrx_word' id='word_1_733' title='bbox 2330 2587 2383 2634; x_wconf 87' lang='lat' dir='ltr'><strong>et</strong></span> <span class='ocrx_word' id='word_1_734' title='bbox 2422 2579 2489 2634; x_wconf 91' lang='lat' dir='ltr'><strong>de</strong></span> <span class='ocrx_word' id='word_1_735' title='bbox 2528 2595 2589 2635; x_wconf 85' lang='lat' dir='ltr'><strong>se</strong></span> <span class='ocrx_word' id='word_1_736' title='bbox 2627 2581 2946 2652; x_wconf 83' lang='lat' dir='ltr'><strong>completam</strong></span> <span class='ocrx_word' id='word_1_737' title='bbox 2991 2583 3106 2638; x_wconf 86' lang='lat' dir='ltr'><strong>sine</strong></span> <span class='ocrx_word' id='word_1_738' title='bbox 3147 2585 3397 2655; x_wconf 77' lang='lat' dir='ltr'><strong>scrupulo</strong></span> <span class='ocrx_word' id='word_1_739' title='bbox 3430 2585 3780 2646; x_wconf 73' lang='lat' dir='ltr'><strong>dubitationis</strong></span> 
     </span>
    </p>
   </div>
   <div class='ocr_carea' id='block_1_86' title="bbox 2187 2666 3780 2749">
    <p class='ocr_par' dir='ltr' id='par_1_86' title="bbox 2187 2666 3780 2749">
     <span class='ocr_line' id='line_1_86' title="bbox 2187 2666 3780 2749; baseline 0.006 -26"><span class='ocrx_word' id='word_1_740' title='bbox 2187 2667 2458 2723; x_wconf 48' lang='lat' dir='ltr'><strong>ostendit</strong></span> <span class='ocrx_word' id='word_1_741' title='bbox 2471 2668 2697 2740; x_wconf 74' lang='lat' dir='ltr'><strong>Spiritus</strong></span> <span class='ocrx_word' id='word_1_742' title='bbox 2717 2711 2732 2734; x_wconf 85' lang='lat'><strong>,</strong></span> <span class='ocrx_word' id='word_1_743' title='bbox 2763 2671 2961 2740; x_wconf 85' lang='lat' dir='ltr'><strong>inquit,</strong></span> <span class='ocrx_word' id='word_1_744' title='bbox 2992 2666 3202 2727; x_wconf 80' lang='lat' dir='ltr'><strong>Domini</strong></span> <span class='ocrx_word' id='word_1_745' title='bbox 3240 2688 3394 2742; x_wconf 80' lang='lat' dir='ltr'><strong>super</strong></span> <span class='ocrx_word' id='word_1_746' title='bbox 3429 2691 3537 2739; x_wconf 70' lang='lat' dir='ltr'><strong>me;</strong></span> <span class='ocrx_word' id='word_1_747' title='bbox 3571 2687 3780 2749; x_wconf 53' lang='lat' dir='ltr'><strong>prope</strong></span> 
     </span>
    </p>
   </div>
   <div class='ocr_carea' id='block_1_87' title="bbox 2187 2759 3782 2837">
    <p class='ocr_par' dir='ltr' id='par_1_87' title="bbox 2187 2759 3782 2837">
     <span class='ocr_line' id='line_1_87' title="bbox 2187 2759 3782 2837; baseline 0.007 -25"><span class='ocrx_word' id='word_1_748' title='bbox 2187 2759 2326 2828; x_wconf 79' lang='lat' dir='ltr'><strong>quod</strong></span> <span class='ocrx_word' id='word_1_749' title='bbox 2343 2760 2488 2814; x_wconf 68' lang='lat' dir='ltr'><strong>uinxit</strong></span> <span class='ocrx_word' id='word_1_750' title='bbox 2511 2776 2591 2816; x_wconf 77' lang='lat' dir='ltr'><strong>me</strong></span> <span class='ocrx_word' id='word_1_751' title='bbox 2609 2801 2623 2825; x_wconf 97' lang='lat'><strong>,</strong></span> <span class='ocrx_word' id='word_1_752' title='bbox 2655 2761 3000 2831; x_wconf 67' lang='lat' dir='ltr'><strong>evangeliea&quot;</strong></span> <span class='ocrx_word' id='word_1_753' title='bbox 3025 2764 3334 2832; x_wconf 69' lang='lat' dir='ltr'><strong>pauperibus</strong></span> <span class='ocrx_word' id='word_1_754' title='bbox 3350 2766 3483 2820; x_wconf 85' lang='lat' dir='ltr'><strong>misit</strong></span> <span class='ocrx_word' id='word_1_755' title='bbox 3503 2782 3609 2830; x_wconf 82' lang='lat' dir='ltr'><strong>use,</strong></span> <span class='ocrx_word' id='word_1_756' title='bbox 3644 2784 3782 2837; x_wconf 68' lang='lat' dir='ltr'><strong>pra-</strong></span> 
     </span>
    </p>
   </div>
   <div class='ocr_carea' id='block_1_88' title="bbox 2188 2849 3874 2927">
    <p class='ocr_par' dir='ltr' id='par_1_88' title="bbox 2188 2849 3874 2927">
     <span class='ocr_line' id='line_1_88' title="bbox 2188 2849 3874 2927; baseline 0.005 -22"><span class='ocrx_word' id='word_1_757' title='bbox 2188 2852 2360 2907; x_wconf 82' lang='lat' dir='ltr'><strong>dieare</strong></span> <span class='ocrx_word' id='word_1_758' title='bbox 2381 2853 2590 2923; x_wconf 76' lang='lat' dir='ltr'><strong>captiuis</strong></span> <span class='ocrx_word' id='word_1_759' title='bbox 2622 2849 2964 2909; x_wconf 77' lang='lat' dir='ltr'><strong>remisin&#39;ouem</strong></span> <span class='ocrx_word' id='word_1_760' title='bbox 2993 2852 3013 2927; x_wconf 93' lang='lat'><strong>(</strong></span> <span class='ocrx_word' id='word_1_761' title='bbox 3027 2853 3153 2909; x_wconf 85' lang='lat' dir='ltr'><strong>Isai.</strong></span> <span class='ocrx_word' id='word_1_762' title='bbox 3178 2857 3342 2922; x_wconf 61' lang='lat' dir='ltr'><strong>exn—1</strong></span> <span class='ocrx_word' id='word_1_763' title='bbox 3366 2873 3383 2923; x_wconf 92' lang='lat'><strong>;</strong></span> <span class='ocrx_word' id='word_1_764' title='bbox 3407 2851 3536 2913; x_wconf 77' lang='lat' dir='ltr'><strong>Luc.</strong></span> <span class='ocrx_word' id='word_1_765' title='bbox 3563 2873 3640 2925; x_wconf 72' lang='lat' dir='ltr'><strong>is,</strong></span> <span class='ocrx_word' id='word_1_766' title='bbox 3684 2860 3776 2926; x_wconf 75' lang='lat' dir='ltr'><strong>i8,-</strong></span> <span class='ocrx_word' id='word_1_767' title='bbox 3871 2911 3874 2914; x_wconf 83' lang='lat'><strong>.</strong></span> 
     </span>
    </p>
   </div>
   <div class='ocr_carea' id='block_1_89' title="bbox 2189 2944 3779 3019">
    <p class='ocr_par' dir='ltr' id='par_1_89' title="bbox 2189 2944 3779 3019">
     <span class='ocr_line' id='line_1_89' title="bbox 2189 2944 3779 3019; baseline 0.004 -17"><span class='ocrx_word' id='word_1_768' title='bbox 2189 2944 2317 3013; x_wconf 78' lang='lat' dir='ltr'><strong>t9),</strong></span> <span class='ocrx_word' id='word_1_769' title='bbox 2362 2954 2418 3002; x_wconf 86' lang='lat' dir='ltr'><strong>ct</strong></span> <span class='ocrx_word' id='word_1_770' title='bbox 2455 2956 2694 3004; x_wconf 75' lang='lat' dir='ltr'><strong>emtera:</strong></span> <span class='ocrx_word' id='word_1_771' title='bbox 2722 2948 2790 3003; x_wconf 86' lang='lat' dir='ltr'><strong>ad</strong></span> <span class='ocrx_word' id='word_1_772' title='bbox 2816 2965 2935 3019; x_wconf 70' lang='lat' dir='ltr'><strong>qua!</strong></span> <span class='ocrx_word' id='word_1_773' title='bbox 2973 2948 3210 3005; x_wconf 62' lang='lat' dir='ltr'><strong>facienda</strong></span> <span class='ocrx_word' id='word_1_774' title='bbox 3253 2950 3374 3006; x_wconf 83' lang='lat' dir='ltr'><strong>ideo</strong></span> <span class='ocrx_word' id='word_1_775' title='bbox 3401 2951 3536 3007; x_wconf 77' lang='lat' dir='ltr'><strong>dicit</strong></span> <span class='ocrx_word' id='word_1_776' title='bbox 3559 2953 3779 3010; x_wconf 68' lang='lat' dir='ltr'><strong>soluis-</strong></span> 
     </span>
    </p>
   </div>
   <div class='ocr_carea' id='block_1_90' title="bbox 2187 3037 3876 3110">
    <p class='ocr_par' dir='ltr' id='par_1_90' title="bbox 2187 3037 3876 3110">
     <span class='ocr_line' id='line_1_90' title="bbox 2187 3037 3876 3110; baseline 0.004 -19"><span class='ocrx_word' id='word_1_777' title='bbox 2187 3052 2326 3103; x_wconf 83' lang='lat' dir='ltr'><strong>sum,</strong></span> <span class='ocrx_word' id='word_1_778' title='bbox 2354 3038 2478 3108; x_wconf 87' lang='lat' dir='ltr'><strong>quia</strong></span> <span class='ocrx_word' id='word_1_779' title='bbox 2507 3037 2972 3110; x_wconf 84' lang='lat' dir='ltr'><strong>SpiritusDomini</strong></span> <span class='ocrx_word' id='word_1_780' title='bbox 2999 3048 3082 3095; x_wconf 80' lang='lat' dir='ltr'><strong>est</strong></span> <span class='ocrx_word' id='word_1_781' title='bbox 3106 3052 3268 3110; x_wconf 85' lang='lat' dir='ltr'><strong>super</strong></span> <span class='ocrx_word' id='word_1_782' title='bbox 3291 3055 3434 3096; x_wconf 83' lang='lat' dir='ltr'><strong>eum.</strong></span> <span class='ocrx_word' id='word_1_783' title='bbox 3464 3040 3780 3098; x_wconf 71' lang='lat' dir='ltr'><strong>Secundum</strong></span> <span class='ocrx_word' id='word_1_784' title='bbox 3873 3104 3876 3106; x_wconf 17' lang='grc' dir='ltr'>γ</span> 
     </span>
    </p>
   </div>
   <div class='ocr_carea' id='block_1_91' title="bbox 2189 3127 3774 3207">
    <p class='ocr_par' dir='ltr' id='par_1_91' title="bbox 2189 3127 3774 3207">
     <span class='ocr_line' id='line_1_91' title="bbox 2189 3127 3774 3207; baseline 0.004 -25"><span class='ocrx_word' id='word_1_785' title='bbox 2189 3127 2414 3184; x_wconf 83' lang='lat' dir='ltr'><strong>formam</strong></span> <span class='ocrx_word' id='word_1_786' title='bbox 2441 3129 2551 3195; x_wconf 83' lang='lat' dir='ltr'><strong>Dei,</strong></span> <span class='ocrx_word' id='word_1_787' title='bbox 2581 3131 2758 3185; x_wconf 89' lang='lat' dir='ltr'><strong>omnia</strong></span> <span class='ocrx_word' id='word_1_788' title='bbox 2782 3145 2878 3200; x_wconf 88' lang='lat' dir='ltr'><strong>per</strong></span> <span class='ocrx_word' id='word_1_789' title='bbox 2899 3131 3072 3201; x_wconf 89' lang='lat' dir='ltr'><strong>ipsum</strong></span> <span class='ocrx_word' id='word_1_790' title='bbox 3096 3130 3230 3188; x_wconf 85' lang='lat' dir='ltr'><strong>laeta</strong></span> <span class='ocrx_word' id='word_1_791' title='bbox 3255 3141 3380 3187; x_wconf 88' lang='lat' dir='ltr'><strong>sunt</strong></span> <span class='ocrx_word' id='word_1_792' title='bbox 3401 3131 3582 3202; x_wconf 77' lang='lat' dir='ltr'><strong>(Im.</strong></span> <span class='ocrx_word' id='word_1_793' title='bbox 3610 3149 3650 3198; x_wconf 81' lang='grc' dir='ltr'>ι,</span> <span class='ocrx_word' id='word_1_794' title='bbox 3674 3135 3732 3207; x_wconf 77' lang='lat'><strong>3)</strong></span> <span class='ocrx_word' id='word_1_795' title='bbox 3760 3152 3774 3188; x_wconf 91' lang='lat'>:</span> 
     </span>
    </p>
   </div>
   <div class='ocr_carea' id='block_1_92' title="bbox 2189 3220 3860 3293">
    <p class='ocr_par' dir='ltr' id='par_1_92' title="bbox 2189 3220 3860 3293">
     <span class='ocr_line' id='line_1_92' title="bbox 2189 3220 3860 3293; baseline 0.004 -17"><span class='ocrx_word' id='word_1_796' title='bbox 2189 3221 2482 3277; x_wconf 86' lang='lat' dir='ltr'><strong>secundum</strong></span> <span class='ocrx_word' id='word_1_797' title='bbox 2509 3220 2736 3277; x_wconf 86' lang='lat' dir='ltr'><strong>formam</strong></span> <span class='ocrx_word' id='word_1_798' title='bbox 2763 3223 2940 3290; x_wconf 85' lang='lat' dir='ltr'><strong>servi,</strong></span> <span class='ocrx_word' id='word_1_799' title='bbox 2972 3222 3086 3293; x_wconf 84' lang='lat' dir='ltr'><strong>ipse</strong></span> <span class='ocrx_word' id='word_1_800' title='bbox 3113 3222 3284 3279; x_wconf 82' lang='lat' dir='ltr'><strong>factus</strong></span> <span class='ocrx_word' id='word_1_801' title='bbox 3306 3234 3389 3279; x_wconf 88' lang='lat' dir='ltr'><strong>est</strong></span> <span class='ocrx_word' id='word_1_802' title='bbox 3415 3239 3482 3279; x_wconf 85' lang='lat' dir='ltr'><strong>ex</strong></span> <span class='ocrx_word' id='word_1_803' title='bbox 3511 3224 3736 3282; x_wconf 83' lang='lat' dir='ltr'><strong>muliere</strong></span> <span class='ocrx_word' id='word_1_804' title='bbox 3757 3261 3778 3292; x_wconf 85' lang='lat'><strong>,</strong></span> <span class='ocrx_word' id='word_1_805' title='bbox 3857 3272 3860 3274; x_wconf 54' lang='grc' dir='ltr'><em>η</em></span> 
     </span>
    </p>
   </div>
   <div class='ocr_carea' id='block_1_93' title="bbox 2189 3304 3779 3384">
    <p class='ocr_par' dir='ltr' id='par_1_93' title="bbox 2189 3304 3779 3384">
     <span class='ocr_line' id='line_1_93' title="bbox 2189 3304 3779 3384; baseline 0.003 -18"><span class='ocrx_word' id='word_1_806' title='bbox 2189 3309 2366 3367; x_wconf 83' lang='lat' dir='ltr'><strong>Iactus</strong></span> <span class='ocrx_word' id='word_1_807' title='bbox 2390 3311 2490 3366; x_wconf 88' lang='lat' dir='ltr'><strong>sub</strong></span> <span class='ocrx_word' id='word_1_808' title='bbox 2514 3311 2658 3382; x_wconf 72' lang='lat' dir='ltr'><strong>Lege</strong></span> <span class='ocrx_word' id='word_1_809' title='bbox 2701 3310 2916 3383; x_wconf 77' lang='lat' dir='ltr'><strong>(Galat.</strong></span> <span class='ocrx_word' id='word_1_810' title='bbox 2945 3328 2998 3367; x_wconf 83' lang='lat' dir='ltr'><strong>tv</strong></span> <span class='ocrx_word' id='word_1_811' title='bbox 3017 3351 3033 3379; x_wconf 93' lang='lat'><strong>,</strong></span> <span class='ocrx_word' id='word_1_812' title='bbox 3059 3313 3096 3368; x_wconf 81' lang='grc'><strong>4</strong></span> <span class='ocrx_word' id='word_1_813' title='bbox 3114 3312 3158 3384; x_wconf 93' lang='grc'><strong>).</strong></span> <span class='ocrx_word' id='word_1_814' title='bbox 3205 3304 3510 3369; x_wconf 74' lang='lat' dir='ltr'><strong>Secundum</strong></span> <span class='ocrx_word' id='word_1_815' title='bbox 3550 3314 3779 3372; x_wconf 84' lang='lat' dir='ltr'><strong>formam</strong></span> 
     </span>
    </p>
   </div>
   <div class='ocr_carea' id='block_1_94' title="bbox 2191 3399 3783 3477">
    <p class='ocr_par' dir='ltr' id='par_1_94' title="bbox 2191 3399 3783 3477">
     <span class='ocr_line' id='line_1_94' title="bbox 2191 3399 3783 3477; baseline 0.003 -18"><span class='ocrx_word' id='word_1_816' title='bbox 2191 3402 2323 3471; x_wconf 87' lang='lat' dir='ltr'><strong>Dei,</strong></span> <span class='ocrx_word' id='word_1_817' title='bbox 2357 3404 2472 3474; x_wconf 84' lang='lat' dir='ltr'><strong>ipse</strong></span> <span class='ocrx_word' id='word_1_818' title='bbox 2491 3416 2548 3460; x_wconf 83' lang='lat' dir='ltr'><strong>et</strong></span> <span class='ocrx_word' id='word_1_819' title='bbox 2570 3404 2730 3460; x_wconf 82' lang='lat' dir='ltr'><strong>Pater</strong></span> <span class='ocrx_word' id='word_1_820' title='bbox 2755 3420 2917 3460; x_wconf 89' lang='lat' dir='ltr'><strong>unum</strong></span> <span class='ocrx_word' id='word_1_821' title='bbox 2944 3414 3067 3460; x_wconf 85' lang='lat' dir='ltr'><strong>sunt</strong></span> <span class='ocrx_word' id='word_1_822' title='bbox 3093 3405 3286 3477; x_wconf 79' lang='lat' dir='ltr'><strong>(Joan.</strong></span> <span class='ocrx_word' id='word_1_823' title='bbox 3319 3421 3375 3467; x_wconf 73' lang='grc' dir='ltr'><strong>ι.</strong></span> <span class='ocrx_word' id='word_1_824' title='bbox 3405 3399 3517 3474; x_wconf 65' lang='grc' dir='ltr'><strong>ω)</strong></span> <span class='ocrx_word' id='word_1_825' title='bbox 3546 3424 3560 3460; x_wconf 91' lang='lat'><strong>:</strong></span> <span class='ocrx_word' id='word_1_826' title='bbox 3585 3422 3783 3463; x_wconf 77' lang='lat' dir='ltr'><strong>secun-</strong></span> 
     </span>
    </p>
   </div>
   <div class='ocr_carea' id='block_1_95' title="bbox 2190 3492 3778 3566">
    <p class='ocr_par' dir='ltr' id='par_1_95' title="bbox 2190 3492 3778 3566">
     <span class='ocr_line' id='line_1_95' title="bbox 2190 3492 3778 3566; baseline 0.003 -14"><span class='ocrx_word' id='word_1_827' title='bbox 2190 3496 2316 3554; x_wconf 85' lang='lat' dir='ltr'><strong>dum</strong></span> <span class='ocrx_word' id='word_1_828' title='bbox 2339 3496 2562 3554; x_wconf 86' lang='lat' dir='ltr'><strong>formam</strong></span> <span class='ocrx_word' id='word_1_829' title='bbox 2584 3499 2746 3562; x_wconf 83' lang='lat' dir='ltr'><strong>servi,</strong></span> <span class='ocrx_word' id='word_1_830' title='bbox 2765 3512 2871 3552; x_wconf 75' lang='lat' dir='ltr'><strong>non</strong></span> <span class='ocrx_word' id='word_1_831' title='bbox 2894 3492 3036 3552; x_wconf 86' lang='lat' dir='ltr'><strong>venit</strong></span> <span class='ocrx_word' id='word_1_832' title='bbox 3056 3497 3232 3554; x_wconf 81' lang='lat' dir='ltr'><strong>facere</strong></span> <span class='ocrx_word' id='word_1_833' title='bbox 3251 3498 3580 3555; x_wconf 82' lang='lat' dir='ltr'><strong>voluntatem</strong></span> <span class='ocrx_word' id='word_1_834' title='bbox 3599 3515 3778 3566; x_wconf 74' lang='lat' dir='ltr'><strong>suam,</strong></span> 
     </span>
    </p>
   </div>
   <div class='ocr_carea' id='block_1_96' title="bbox 2190 3584 3784 3661">
    <p class='ocr_par' dir='ltr' id='par_1_96' title="bbox 2190 3584 3784 3661">
     <span class='ocr_line' id='line_1_96' title="bbox 2190 3584 3784 3661; baseline 0.001 -18"><span class='ocrx_word' id='word_1_835' title='bbox 2190 3589 2286 3644; x_wconf 92' lang='lat' dir='ltr'><strong>sed</strong></span> <span class='ocrx_word' id='word_1_836' title='bbox 2309 3589 2634 3645; x_wconf 79' lang='lat' dir='ltr'><strong>voluntatem</strong></span> <span class='ocrx_word' id='word_1_837' title='bbox 2659 3584 2777 3660; x_wconf 72' lang='lat' dir='ltr'><strong>eius</strong></span> <span class='ocrx_word' id='word_1_838' title='bbox 2799 3589 2886 3659; x_wconf 89' lang='lat' dir='ltr'><strong>qui</strong></span> <span class='ocrx_word' id='word_1_839' title='bbox 2908 3604 3030 3645; x_wconf 88' lang='lat' dir='ltr'><strong>eum</strong></span> <span class='ocrx_word' id='word_1_840' title='bbox 3053 3589 3198 3644; x_wconf 89' lang='lat' dir='ltr'><strong>misit</strong></span> <span class='ocrx_word' id='word_1_841' title='bbox 3216 3588 3326 3661; x_wconf 93' lang='lat' dir='ltr'><strong>(Id.</strong></span> <span class='ocrx_word' id='word_1_842' title='bbox 3345 3606 3416 3654; x_wconf 84' lang='lat' dir='ltr'><strong>vt,</strong></span> <span class='ocrx_word' id='word_1_843' title='bbox 3433 3590 3551 3661; x_wconf 73' lang='lat'><strong>38).</strong></span> <span class='ocrx_word' id='word_1_844' title='bbox 3571 3590 3623 3646; x_wconf 87' lang='lat' dir='ltr'><strong>S.</strong></span> <span class='ocrx_word' id='word_1_845' title='bbox 3643 3606 3784 3648; x_wconf 56' lang='lat' dir='ltr'><strong>cun.</strong></span> 
     </span>
    </p>
   </div>
   <div class='ocr_carea' id='block_1_97' title="bbox 2191 3677 3777 3750">
    <p class='ocr_par' dir='ltr' id='par_1_97' title="bbox 2191 3677 3777 3750">
     <span class='ocr_line' id='line_1_97' title="bbox 2191 3677 3777 3750; baseline -0.002 -14"><span class='ocrx_word' id='word_1_846' title='bbox 2191 3679 2318 3736; x_wconf 87' lang='lat' dir='ltr'><strong>dum</strong></span> <span class='ocrx_word' id='word_1_847' title='bbox 2345 3679 2569 3735; x_wconf 79' lang='lat' dir='ltr'><strong>formam</strong></span> <span class='ocrx_word' id='word_1_848' title='bbox 2595 3681 2708 3744; x_wconf 89' lang='lat' dir='ltr'><strong>Dei,</strong></span> <span class='ocrx_word' id='word_1_849' title='bbox 2739 3681 2871 3734; x_wconf 79' lang='lat' dir='ltr'><strong>sicut</strong></span> <span class='ocrx_word' id='word_1_850' title='bbox 2893 3679 3040 3734; x_wconf 83' lang='lat' dir='ltr'><strong>habet</strong></span> <span class='ocrx_word' id='word_1_851' title='bbox 3063 3677 3218 3734; x_wconf 86' lang='lat' dir='ltr'><strong>Pater</strong></span> <span class='ocrx_word' id='word_1_852' title='bbox 3235 3680 3386 3734; x_wconf 76' lang='lat' dir='ltr'><strong>vitam</strong></span> <span class='ocrx_word' id='word_1_853' title='bbox 3408 3680 3463 3733; x_wconf 83' lang='lat' dir='ltr'><strong>in</strong></span> <span class='ocrx_word' id='word_1_854' title='bbox 3486 3683 3777 3750; x_wconf 82' lang='lat' dir='ltr'><strong>sentetipso,</strong></span> 
     </span>
    </p>
   </div>
   <div class='ocr_carea' id='block_1_98' title="bbox 2191 3765 3776 3846">
    <p class='ocr_par' dir='ltr' id='par_1_98' title="bbox 2191 3765 3776 3846">
     <span class='ocr_line' id='line_1_98' title="bbox 2191 3765 3776 3846; baseline -0.001 -19"><span class='ocrx_word' id='word_1_855' title='bbox 2191 3774 2266 3828; x_wconf 86' lang='lat' dir='ltr'><strong>sic</strong></span> <span class='ocrx_word' id='word_1_856' title='bbox 2288 3771 2425 3826; x_wconf 82' lang='lat' dir='ltr'><strong>dedit</strong></span> <span class='ocrx_word' id='word_1_857' title='bbox 2450 3765 2498 3826; x_wconf 85' lang='lat' dir='ltr'><strong>et</strong></span> <span class='ocrx_word' id='word_1_858' title='bbox 2523 3771 2662 3827; x_wconf 80' lang='lat' dir='ltr'><strong>Filio</strong></span> <span class='ocrx_word' id='word_1_859' title='bbox 2682 3772 2837 3826; x_wconf 79' lang='lat' dir='ltr'><strong>vitam</strong></span> <span class='ocrx_word' id='word_1_860' title='bbox 2869 3771 3054 3828; x_wconf 74' lang='lat' dir='ltr'><strong>habere</strong></span> <span class='ocrx_word' id='word_1_861' title='bbox 3072 3772 3125 3826; x_wconf 80' lang='lat' dir='ltr'><strong>in</strong></span> <span class='ocrx_word' id='word_1_862' title='bbox 3148 3772 3412 3842; x_wconf 83' lang='lat' dir='ltr'><strong>semetipso</strong></span> <span class='ocrx_word' id='word_1_863' title='bbox 3434 3769 3544 3846; x_wconf 83' lang='lat' dir='ltr'><strong>(Id.</strong></span> <span class='ocrx_word' id='word_1_864' title='bbox 3565 3787 3622 3838; x_wconf 87' lang='lat' dir='ltr'><strong>v,</strong></span> <span class='ocrx_word' id='word_1_865' title='bbox 3643 3771 3738 3840; x_wconf 71' lang='lat'><strong>26)</strong></span> <span class='ocrx_word' id='word_1_866' title='bbox 3763 3790 3776 3826; x_wconf 89' lang='lat'><strong>:</strong></span> 
     </span>
    </p>
   </div>
   <div class='ocr_carea' id='block_1_99' title="bbox 2193 3866 3784 3937">
    <p class='ocr_par' dir='ltr' id='par_1_99' title="bbox 2193 3866 3784 3937">
     <span class='ocr_line' id='line_1_99' title="bbox 2193 3866 3784 3937; baseline 0 -16"><span class='ocrx_word' id='word_1_867' title='bbox 2193 3866 2484 3922; x_wconf 85' lang='lat' dir='ltr'><strong>secundum</strong></span> <span class='ocrx_word' id='word_1_868' title='bbox 2515 3867 2736 3921; x_wconf 84' lang='lat' dir='ltr'><strong>formam</strong></span> <span class='ocrx_word' id='word_1_869' title='bbox 2763 3866 2904 3921; x_wconf 84' lang='lat' dir='ltr'><strong>servi</strong></span> <span class='ocrx_word' id='word_1_870' title='bbox 2931 3906 2947 3932; x_wconf 94' lang='lat'><strong>,</strong></span> <span class='ocrx_word' id='word_1_871' title='bbox 2979 3866 3142 3922; x_wconf 81' lang='lat' dir='ltr'><strong>tristis</strong></span> <span class='ocrx_word' id='word_1_872' title='bbox 3169 3875 3244 3920; x_wconf 81' lang='lat' dir='ltr'><strong>est</strong></span> <span class='ocrx_word' id='word_1_873' title='bbox 3279 3866 3452 3921; x_wconf 67' lang='lat' dir='ltr'><strong>animi:</strong></span> <span class='ocrx_word' id='word_1_874' title='bbox 3477 3866 3598 3936; x_wconf 78' lang='lat' dir='ltr'><strong>ejus</strong></span> <span class='ocrx_word' id='word_1_875' title='bbox 3621 3881 3784 3937; x_wconf 77' lang='lat' dir='ltr'><strong>usque</strong></span> 
     </span>
    </p>
   </div>
   <div class='ocr_carea' id='block_1_100' title="bbox 2193 3951 3786 4029">
    <p class='ocr_par' dir='ltr' id='par_1_100' title="bbox 2193 3951 3786 4029">
     <span class='ocr_line' id='line_1_100' title="bbox 2193 3951 3786 4029; baseline 0.001 -18"><span class='ocrx_word' id='word_1_876' title='bbox 2193 3958 2262 4011; x_wconf 89' lang='lat' dir='ltr'><strong>ad</strong></span> <span class='ocrx_word' id='word_1_877' title='bbox 2289 3967 2536 4024; x_wconf 82' lang='lat' dir='ltr'><strong>mortem;</strong></span> <span class='ocrx_word' id='word_1_878' title='bbox 2564 3967 2652 4025; x_wconf 83' lang='lat' dir='ltr'><strong>et,</strong></span> <span class='ocrx_word' id='word_1_879' title='bbox 2682 3957 2859 4024; x_wconf 84' lang='lat' dir='ltr'><strong>Pater,</strong></span> <span class='ocrx_word' id='word_1_880' title='bbox 2887 3957 3058 4028; x_wconf 86' lang='lat' dir='ltr'><strong>inquit</strong></span> <span class='ocrx_word' id='word_1_881' title='bbox 3081 3999 3096 4023; x_wconf 96' lang='lat'><strong>,</strong></span> <span class='ocrx_word' id='word_1_882' title='bbox 3128 3957 3172 4012; x_wconf 87' lang='lat' dir='ltr'><strong>si</strong></span> <span class='ocrx_word' id='word_1_883' title='bbox 3194 3957 3305 4027; x_wconf 79' lang='lat' dir='ltr'><strong>ﬁeri</strong></span> <span class='ocrx_word' id='word_1_884' title='bbox 3331 3967 3494 4029; x_wconf 79' lang='lat' dir='ltr'><strong>patest</strong></span> <span class='ocrx_word' id='word_1_885' title='bbox 3511 4001 3529 4024; x_wconf 88' lang='lat'><strong>,</strong></span> <span class='ocrx_word' id='word_1_886' title='bbox 3555 3951 3786 4013; x_wconf 58' lang='lat' dir='ltr'><strong>nauseat</strong></span> 
     </span>
    </p>
   </div>
   <div class='ocr_carea' id='block_1_101' title="bbox 2193 4043 3782 4121">
    <p class='ocr_par' dir='ltr' id='par_1_101' title="bbox 2193 4043 3782 4121">
     <span class='ocr_line' id='line_1_101' title="bbox 2193 4043 3782 4121; baseline 0.001 -17"><span class='ocrx_word' id='word_1_887' title='bbox 2193 4066 2226 4104; x_wconf 92' lang='lat' dir='ltr'><strong>a</strong></span> <span class='ocrx_word' id='word_1_888' title='bbox 2249 4065 2327 4104; x_wconf 88' lang='lat' dir='ltr'><strong>me</strong></span> <span class='ocrx_word' id='word_1_889' title='bbox 2350 4050 2445 4103; x_wconf 83' lang='lat' dir='ltr'><strong>iste</strong></span> <span class='ocrx_word' id='word_1_890' title='bbox 2471 4048 2608 4103; x_wconf 76' lang='lat' dir='ltr'><strong>ralia:</strong></span> <span class='ocrx_word' id='word_1_891' title='bbox 2627 4047 2841 4114; x_wconf 76' lang='lat' dir='ltr'><strong>(Matth.</strong></span> <span class='ocrx_word' id='word_1_892' title='bbox 2873 4061 3002 4102; x_wconf 69' lang='lat' dir='ltr'><strong>xxv:</strong></span> <span class='ocrx_word' id='word_1_893' title='bbox 3023 4089 3037 4113; x_wconf 92' lang='lat'><strong>,</strong></span> <span class='ocrx_word' id='word_1_894' title='bbox 3070 4046 3160 4112; x_wconf 72' lang='lat'><strong>38,</strong></span> <span class='ocrx_word' id='word_1_895' title='bbox 3191 4043 3304 4121; x_wconf 79' lang='lat'><strong>39).</strong></span> <span class='ocrx_word' id='word_1_896' title='bbox 3330 4048 3634 4104; x_wconf 76' lang='lat' dir='ltr'><strong>Secundum</strong></span> <span class='ocrx_word' id='word_1_897' title='bbox 3667 4048 3782 4106; x_wconf 48' lang='lat' dir='ltr'><strong>fore</strong></span> 
     </span>
    </p>
   </div>
   <div class='ocr_carea' id='block_1_102' title="bbox 2195 4139 3779 4213">
    <p class='ocr_par' dir='ltr' id='par_1_102' title="bbox 2195 4139 3779 4213">
     <span class='ocr_line' id='line_1_102' title="bbox 2195 4139 3779 4213; baseline 0 -17"><span class='ocrx_word' id='word_1_898' title='bbox 2195 4156 2336 4197; x_wconf 87' lang='lat' dir='ltr'><strong>mam</strong></span> <span class='ocrx_word' id='word_1_899' title='bbox 2369 4140 2462 4196; x_wconf 87' lang='lat' dir='ltr'><strong>Dei</strong></span> <span class='ocrx_word' id='word_1_900' title='bbox 2487 4181 2503 4204; x_wconf 89' lang='lat'><strong>,</strong></span> <span class='ocrx_word' id='word_1_901' title='bbox 2529 4142 2640 4211; x_wconf 82' lang='lat' dir='ltr'><strong>ipse</strong></span> <span class='ocrx_word' id='word_1_902' title='bbox 2665 4148 2737 4194; x_wconf 89' lang='lat' dir='ltr'><strong>est</strong></span> <span class='ocrx_word' id='word_1_903' title='bbox 2764 4157 2911 4195; x_wconf 72' lang='lat' dir='ltr'><strong>verus</strong></span> <span class='ocrx_word' id='word_1_904' title='bbox 2941 4139 3080 4196; x_wconf 79' lang='lat' dir='ltr'><strong>Deus</strong></span> <span class='ocrx_word' id='word_1_905' title='bbox 3102 4149 3150 4195; x_wconf 87' lang='lat' dir='ltr'><strong>et</strong></span> <span class='ocrx_word' id='word_1_906' title='bbox 3186 4142 3290 4196; x_wconf 74' lang='lat' dir='ltr'><strong>sita</strong></span> <span class='ocrx_word' id='word_1_907' title='bbox 3320 4151 3508 4196; x_wconf 71' lang='lat' dir='ltr'><strong>interna</strong></span> <span class='ocrx_word' id='word_1_908' title='bbox 3531 4141 3590 4213; x_wconf 84' lang='lat' dir='ltr'><strong>(l</strong></span> <span class='ocrx_word' id='word_1_909' title='bbox 3616 4140 3779 4197; x_wconf 68' lang='lat' dir='ltr'><strong>locis.</strong></span> 
     </span>
    </p>
   </div>
   <div class='ocr_carea' id='block_1_103' title="bbox 2196 4229 3788 4306">
    <p class='ocr_par' dir='ltr' id='par_1_103' title="bbox 2196 4229 3788 4306">
     <span class='ocr_line' id='line_1_103' title="bbox 2196 4229 3788 4306; baseline 0.001 -18"><span class='ocrx_word' id='word_1_910' title='bbox 2196 4249 2253 4302; x_wconf 89' lang='lat' dir='ltr'><strong>v,</strong></span> <span class='ocrx_word' id='word_1_911' title='bbox 2279 4233 2374 4304; x_wconf 69' lang='lat'><strong>20)</strong></span> <span class='ocrx_word' id='word_1_912' title='bbox 2409 4251 2423 4287; x_wconf 91' lang='lat'>:</span> <span class='ocrx_word' id='word_1_913' title='bbox 2455 4233 2743 4289; x_wconf 87' lang='lat' dir='ltr'><strong>secundum</strong></span> <span class='ocrx_word' id='word_1_914' title='bbox 2773 4233 2998 4288; x_wconf 84' lang='lat' dir='ltr'><strong>formam</strong></span> <span class='ocrx_word' id='word_1_915' title='bbox 3026 4233 3200 4298; x_wconf 84' lang='lat' dir='ltr'><strong>servi,</strong></span> <span class='ocrx_word' id='word_1_916' title='bbox 3227 4229 3390 4306; x_wconf 76' lang='lat' dir='ltr'><strong>factus</strong></span> <span class='ocrx_word' id='word_1_917' title='bbox 3424 4244 3499 4288; x_wconf 87' lang='lat' dir='ltr'><strong>est</strong></span> <span class='ocrx_word' id='word_1_918' title='bbox 3543 4235 3788 4290; x_wconf 75' lang='lat' dir='ltr'><strong>obedieus</strong></span> 
     </span>
    </p>
   </div>
   <div class='ocr_carea' id='block_1_104' title="bbox 2195 4321 3782 4399">
    <p class='ocr_par' dir='ltr' id='par_1_104' title="bbox 2195 4321 3782 4399">
     <span class='ocr_line' id='line_1_104' title="bbox 2195 4321 3782 4399; baseline 0 -17"><span class='ocrx_word' id='word_1_919' title='bbox 2195 4345 2354 4399; x_wconf 78' lang='lat' dir='ltr'><strong>usque</strong></span> <span class='ocrx_word' id='word_1_920' title='bbox 2377 4328 2444 4381; x_wconf 86' lang='lat' dir='ltr'><strong>ad</strong></span> <span class='ocrx_word' id='word_1_921' title='bbox 2471 4337 2697 4392; x_wconf 79' lang='lat' dir='ltr'><strong>mortem,</strong></span> <span class='ocrx_word' id='word_1_922' title='bbox 2723 4336 2934 4381; x_wconf 81' lang='lat' dir='ltr'><strong>mortem</strong></span> <span class='ocrx_word' id='word_1_923' title='bbox 2953 4337 3126 4381; x_wconf 80' lang='lat' dir='ltr'><strong>autem</strong></span> <span class='ocrx_word' id='word_1_924' title='bbox 3145 4321 3311 4381; x_wconf 72' lang='lat' dir='ltr'><strong>crucis</strong></span> <span class='ocrx_word' id='word_1_925' title='bbox 3334 4322 3586 4397; x_wconf 81' lang='lat' dir='ltr'><strong>(Philipp.</strong></span> <span class='ocrx_word' id='word_1_926' title='bbox 3611 4343 3673 4392; x_wconf 79' lang='grc' dir='ltr'><strong>η,</strong></span> <span class='ocrx_word' id='word_1_927' title='bbox 3693 4327 3782 4396; x_wconf 68' lang='grc' dir='ltr'><strong>θ’).</strong></span> 
     </span>
    </p>
   </div>
   <div class='ocr_carea' id='block_1_105' title="bbox 2265 4418 3790 4490">
    <p class='ocr_par' dir='ltr' id='par_1_105' title="bbox 2265 4418 3790 4490">
     <span class='ocr_line' id='line_1_105' title="bbox 2265 4418 3790 4490; baseline 0 -14"><span class='ocrx_word' id='word_1_928' title='bbox 2265 4422 2357 4476; x_wconf 75' lang='grc'><strong>25.</strong></span> <span class='ocrx_word' id='word_1_929' title='bbox 2379 4419 2700 4476; x_wconf 65' lang='lat' dir='ltr'><strong>Secundum</strong></span> <span class='ocrx_word' id='word_1_930' title='bbox 2734 4418 2958 4474; x_wconf 81' lang='lat' dir='ltr'><strong>formam</strong></span> <span class='ocrx_word' id='word_1_931' title='bbox 2991 4419 3119 4486; x_wconf 86' lang='lat' dir='ltr'><strong>Dei,</strong></span> <span class='ocrx_word' id='word_1_932' title='bbox 3147 4420 3326 4475; x_wconf 84' lang='lat' dir='ltr'><strong>omnia</strong></span> <span class='ocrx_word' id='word_1_933' title='bbox 3349 4435 3468 4490; x_wconf 67' lang='lat' dir='ltr'><strong>qu</strong></span> <span class='ocrx_word' id='word_1_934' title='bbox 3495 4419 3656 4476; x_wconf 71' lang='lat' dir='ltr'><strong>hbet</strong></span> <span class='ocrx_word' id='word_1_935' title='bbox 3675 4420 3790 4476; x_wconf 62' lang='grc' dir='ltr'>ἰιι</span> 
     </span>
    </p>
   </div>
   <div class='ocr_carea' id='block_1_106' title="bbox 2197 4507 3794 4584">
    <p class='ocr_par' dir='ltr' id='par_1_106' title="bbox 2197 4507 3794 4584">
     <span class='ocr_line' id='line_1_106' title="bbox 2197 4507 3794 4584; baseline -0.001 -14"><span class='ocrx_word' id='word_1_936' title='bbox 2197 4523 2313 4581; x_wconf 90' lang='lat' dir='ltr'><strong>ter,</strong></span> <span class='ocrx_word' id='word_1_937' title='bbox 2345 4514 2510 4584; x_wconf 90' lang='lat' dir='ltr'><strong>ipsius</strong></span> <span class='ocrx_word' id='word_1_938' title='bbox 2538 4521 2660 4568; x_wconf 91' lang='lat' dir='ltr'><strong>sunt</strong></span> <span class='ocrx_word' id='word_1_939' title='bbox 2689 4511 2883 4584; x_wconf 77' lang='lat' dir='ltr'><strong>(Joan.</strong></span> <span class='ocrx_word' id='word_1_940' title='bbox 2916 4529 3002 4567; x_wconf 75' lang='lat' dir='ltr'><strong>xvi</strong></span> <span class='ocrx_word' id='word_1_941' title='bbox 3027 4554 3044 4576; x_wconf 88' lang='lat'><strong>,</strong></span> <span class='ocrx_word' id='word_1_942' title='bbox 3069 4507 3178 4583; x_wconf 61' lang='grc' dir='ltr'><strong>ιε)</strong></span> <span class='ocrx_word' id='word_1_943' title='bbox 3200 4535 3216 4568; x_wconf 90' lang='lat'><strong>:</strong></span> <span class='ocrx_word' id='word_1_944' title='bbox 3243 4521 3332 4574; x_wconf 68' lang='lat' dir='ltr'><strong>et.</strong></span> 
     </span>
    </p>
   </div>
   <div class='ocr_carea' id='block_1_107' title="bbox 2196 4602 3788 4676">
    <p class='ocr_par' dir='ltr' id='par_1_107' title="bbox 2196 4602 3788 4676">
     <span class='ocr_line' id='line_1_107' title="bbox 2196 4602 3788 4676; baseline -0.001 -16"><span class='ocrx_word' id='word_1_945' title='bbox 2196 4615 2314 4662; x_wconf 87' lang='lat' dir='ltr'><strong>sunt</strong></span> <span class='ocrx_word' id='word_1_946' title='bbox 2335 4647 2350 4672; x_wconf 96' lang='lat'><strong>,</strong></span> <span class='ocrx_word' id='word_1_947' title='bbox 2380 4605 2551 4676; x_wconf 81' lang='lat' dir='ltr'><strong>inquit</strong></span> <span class='ocrx_word' id='word_1_948' title='bbox 2569 4645 2582 4665; x_wconf 89' lang='lat'><strong>,</strong></span> <span class='ocrx_word' id='word_1_949' title='bbox 2609 4614 2658 4658; x_wconf 82' lang='lat' dir='ltr'><strong>et</strong></span> <span class='ocrx_word' id='word_1_950' title='bbox 2682 4613 2774 4658; x_wconf 69' lang='lat' dir='ltr'><strong>tua</strong></span> <span class='ocrx_word' id='word_1_951' title='bbox 2793 4605 2948 4657; x_wconf 59' lang='grc' dir='ltr'><strong>Μ’</strong></span> <span class='ocrx_word' id='word_1_952' title='bbox 2975 4602 3106 4673; x_wconf 72' lang='grc' dir='ltr'><strong>(Μ.</strong></span> <span class='ocrx_word' id='word_1_953' title='bbox 3137 4612 3280 4669; x_wconf 63' lang='lat' dir='ltr'><strong>rm,</strong></span> <span class='ocrx_word' id='word_1_954' title='bbox 3307 4604 3378 4659; x_wconf 75' lang='grc' dir='ltr'><strong>ιθ</strong></span> <span class='ocrx_word' id='word_1_955' title='bbox 3394 4603 3434 4676; x_wconf 77' lang='grc'><strong>).</strong></span> <span class='ocrx_word' id='word_1_956' title='bbox 3477 4603 3788 4661; x_wconf 73' lang='lat' dir='ltr'><strong>Secundum</strong></span> 
     </span>
    </p>
   </div>
   <div class='ocr_carea' id='block_1_108' title="bbox 2198 4694 3786 4768">
    <p class='ocr_par' dir='ltr' id='par_1_108' title="bbox 2198 4694 3786 4768">
     <span class='ocr_line' id='line_1_108' title="bbox 2198 4694 3786 4768; baseline 0 -16"><span class='ocrx_word' id='word_1_957' title='bbox 2198 4697 2426 4752; x_wconf 85' lang='lat' dir='ltr'><strong>formam</strong></span> <span class='ocrx_word' id='word_1_958' title='bbox 2453 4696 2632 4762; x_wconf 72' lang='lat' dir='ltr'><strong>servi,</strong></span> <span class='ocrx_word' id='word_1_959' title='bbox 2661 4711 2772 4751; x_wconf 70' lang='lat' dir='ltr'><strong>non</strong></span> <span class='ocrx_word' id='word_1_960' title='bbox 2794 4704 2878 4749; x_wconf 77' lang='lat' dir='ltr'><strong>est</strong></span> <span class='ocrx_word' id='word_1_961' title='bbox 2895 4694 3139 4751; x_wconf 72' lang='lat' dir='ltr'><strong>doctrina</strong></span> <span class='ocrx_word' id='word_1_962' title='bbox 3170 4697 3368 4768; x_wconf 83' lang='lat' dir='ltr'><strong>ipsius,</strong></span> <span class='ocrx_word' id='word_1_963' title='bbox 3403 4695 3496 4752; x_wconf 84' lang='lat' dir='ltr'><strong>sed</strong></span> <span class='ocrx_word' id='word_1_964' title='bbox 3526 4695 3673 4753; x_wconf 75' lang='lat' dir='ltr'><strong>illius</strong></span> <span class='ocrx_word' id='word_1_965' title='bbox 3697 4698 3786 4768; x_wconf 85' lang='lat' dir='ltr'><strong>qui</strong></span> 
     </span>
    </p>
   </div>
   <div class='ocr_carea' id='block_1_109' title="bbox 2199 4785 2909 4858">
    <p class='ocr_par' dir='ltr' id='par_1_109' title="bbox 2199 4785 2909 4858">
     <span class='ocr_line' id='line_1_109' title="bbox 2199 4785 2909 4858; baseline -0.006 -12"><span class='ocrx_word' id='word_1_966' title='bbox 2199 4805 2328 4846; x_wconf 63' lang='lat' dir='ltr'><strong>cur»</strong></span> <span class='ocrx_word' id='word_1_967' title='bbox 2345 4789 2498 4843; x_wconf 76' lang='lat' dir='ltr'><strong>misit</strong></span> <span class='ocrx_word' id='word_1_968' title='bbox 2523 4787 2638 4858; x_wconf 72' lang='lat' dir='ltr'><strong>(id.</strong></span> <span class='ocrx_word' id='word_1_969' title='bbox 2671 4803 2766 4852; x_wconf 80' lang='lat' dir='ltr'><strong>vn,</strong></span> <span class='ocrx_word' id='word_1_970' title='bbox 2795 4785 2909 4856; x_wconf 72' lang='lat' dir='ltr'><strong>t6).</strong></span> 
     </span>
    </p>
   </div>
   <div class='ocr_carea' id='block_1_110' title="bbox 2269 4873 3794 4944">
    <p class='ocr_par' dir='ltr' id='par_1_110' title="bbox 2269 4873 3794 4944">
     <span class='ocr_line' id='line_1_110' title="bbox 2269 4873 3794 4944; baseline 0 -10"><span class='ocrx_word' id='word_1_971' title='bbox 2269 4873 2498 4934; x_wconf 72' lang='lat' dir='ltr'><strong>eam</strong></span> <span class='ocrx_word' id='word_1_972' title='bbox 2523 4874 2647 4932; x_wconf 62' lang='lat' dir='ltr'><strong>&#39;Xll.</strong></span> <span class='ocrx_word' id='word_1_973' title='bbox 2685 4907 2754 4918; x_wconf 88' lang='lat'><strong>-—</strong></span> <span class='ocrx_word' id='word_1_974' title='bbox 2799 4877 2912 4944; x_wconf 82' lang='lat' dir='ltr'><strong>Qua</strong></span> <span class='ocrx_word' id='word_1_975' title='bbox 2938 4876 3134 4932; x_wconf 84' lang='lat' dir='ltr'><strong>ratione</strong></span> <span class='ocrx_word' id='word_1_976' title='bbox 3175 4876 3224 4931; x_wconf 78' lang='lat' dir='ltr'><strong>I&quot;</strong></span> <span class='ocrx_word' id='word_1_977' title='bbox 3225 4879 3346 4933; x_wconf 80' lang='lat' dir='ltr'><strong>ilius</strong></span> <span class='ocrx_word' id='word_1_978' title='bbox 3371 4879 3570 4931; x_wconf 79' lang='lat' dir='ltr'><strong>dicatur</strong></span> <span class='ocrx_word' id='word_1_979' title='bbox 3598 4879 3794 4934; x_wconf 76' lang='lat' dir='ltr'><strong>nescire</strong></span> 
     </span>
    </p>
   </div>
   <div class='ocr_carea' id='block_1_111' title="bbox 2199 4958 3794 5040">
    <p class='ocr_par' dir='ltr' id='par_1_111' title="bbox 2199 4958 3794 5040">
     <span class='ocr_line' id='line_1_111' title="bbox 2199 4958 3794 5040; baseline 0 -17"><span class='ocrx_word' id='word_1_980' title='bbox 2199 4970 2332 5024; x_wconf 81' lang='lat' dir='ltr'><strong>diem</strong></span> <span class='ocrx_word' id='word_1_981' title='bbox 2375 4978 2420 5022; x_wconf 87' lang='lat' dir='ltr'><strong>et</strong></span> <span class='ocrx_word' id='word_1_982' title='bbox 2457 4967 2635 5022; x_wconf 77' lang='lat' dir='ltr'><strong>horam</strong></span> <span class='ocrx_word' id='word_1_983' title='bbox 2675 4981 2825 5040; x_wconf 76' lang='lat' dir='ltr'><strong>quam</strong></span> <span class='ocrx_word' id='word_1_984' title='bbox 2863 4967 2958 5021; x_wconf 85' lang='lat' dir='ltr'><strong>scit</strong></span> <span class='ocrx_word' id='word_1_985' title='bbox 2985 4958 3158 5022; x_wconf 80' lang='lat' dir='ltr'><strong>Pater.</strong></span> <span class='ocrx_word' id='word_1_986' title='bbox 3191 4961 3342 5021; x_wconf 79' lang='lat' dir='ltr'><strong>Dicta</strong></span> <span class='ocrx_word' id='word_1_987' title='bbox 3369 4968 3434 5021; x_wconf 85' lang='lat' dir='ltr'><strong>de</strong></span> <span class='ocrx_word' id='word_1_988' title='bbox 3457 4963 3662 5023; x_wconf 77' lang='lat' dir='ltr'><strong>Christo</strong></span> <span class='ocrx_word' id='word_1_989' title='bbox 3687 4970 3794 5024; x_wconf 88' lang='lat' dir='ltr'><strong>alia</strong></span> 
     </span>
    </p>
   </div>
   <div class='ocr_carea' id='block_1_112' title="bbox 2201 5060 3791 5134">
    <p class='ocr_par' dir='ltr' id='par_1_112' title="bbox 2201 5060 3791 5134">
     <span class='ocr_line' id='line_1_112' title="bbox 2201 5060 3791 5134; baseline -0.001 -17"><span class='ocrx_word' id='word_1_990' title='bbox 2201 5063 2475 5117; x_wconf 79' lang='lat' dir='ltr'><strong>secundum</strong></span> <span class='ocrx_word' id='word_1_991' title='bbox 2506 5064 2722 5134; x_wconf 76' lang='lat' dir='ltr'><strong>farinam</strong></span> <span class='ocrx_word' id='word_1_992' title='bbox 2751 5060 2845 5115; x_wconf 86' lang='lat' dir='ltr'><strong>Dei</strong></span> <span class='ocrx_word' id='word_1_993' title='bbox 2869 5103 2885 5128; x_wconf 98' lang='lat'><strong>,</strong></span> <span class='ocrx_word' id='word_1_994' title='bbox 2927 5060 3051 5114; x_wconf 84' lang='lat' dir='ltr'><strong>alia</strong></span> <span class='ocrx_word' id='word_1_995' title='bbox 3073 5060 3347 5115; x_wconf 80' lang='lat' dir='ltr'><strong>secundum</strong></span> <span class='ocrx_word' id='word_1_996' title='bbox 3384 5064 3605 5132; x_wconf 77' lang='lat' dir='ltr'><strong>fonnem</strong></span> <span class='ocrx_word' id='word_1_997' title='bbox 3636 5063 3791 5117; x_wconf 73' lang='lat' dir='ltr'><strong>serti.</strong></span> 
     </span>
    </p>
   </div>
   <div class='ocr_carea' id='block_1_113' title="bbox 2202 5151 3793 5225">
    <p class='ocr_par' dir='ltr' id='par_1_113' title="bbox 2202 5151 3793 5225">
     <span class='ocr_line' id='line_1_113' title="bbox 2202 5151 3793 5225; baseline -0.001 -15"><span class='ocrx_word' id='word_1_998' title='bbox 2202 5155 2341 5210; x_wconf 87' lang='lat' dir='ltr'><strong>Dare</strong></span> <span class='ocrx_word' id='word_1_999' title='bbox 2364 5171 2575 5225; x_wconf 80' lang='lat' dir='ltr'><strong>regnum</strong></span> <span class='ocrx_word' id='word_1_1000' title='bbox 2603 5153 2853 5225; x_wconf 81' lang='lat' dir='ltr'><strong>quomodo</strong></span> <span class='ocrx_word' id='word_1_1001' title='bbox 2876 5161 2921 5207; x_wconf 88' lang='lat' dir='ltr'><strong>et</strong></span> <span class='ocrx_word' id='word_1_1002' title='bbox 2943 5151 3128 5207; x_wconf 78' lang='lat' dir='ltr'><strong>Christi</strong></span> <span class='ocrx_word' id='word_1_1003' title='bbox 3156 5161 3228 5206; x_wconf 84' lang='lat' dir='ltr'><strong>est</strong></span> <span class='ocrx_word' id='word_1_1004' title='bbox 3244 5189 3260 5218; x_wconf 80' lang='lat'><strong>,</strong></span> <span class='ocrx_word' id='word_1_1005' title='bbox 3290 5161 3341 5206; x_wconf 91' lang='lat' dir='ltr'><strong>et</strong></span> <span class='ocrx_word' id='word_1_1006' title='bbox 3366 5151 3552 5206; x_wconf 78' lang='lat' dir='ltr'><strong>Christi</strong></span> <span class='ocrx_word' id='word_1_1007' title='bbox 3572 5169 3676 5207; x_wconf 75' lang='lat' dir='ltr'><strong>non</strong></span> <span class='ocrx_word' id='word_1_1008' title='bbox 3695 5163 3793 5208; x_wconf 85' lang='lat' dir='ltr'><strong>est.</strong></span> 
     </span>
    </p>
   </div>
   <div class='ocr_carea' id='block_1_114' title="bbox 2207 5243 3800 5320">
    <p class='ocr_par' dir='ltr' id='par_1_114' title="bbox 2207 5243 3800 5320">
     <span class='ocr_line' id='line_1_114' title="bbox 2207 5243 3800 5320; baseline -0.001 -18"><span class='ocrx_word' id='word_1_1009' title='bbox 2207 5249 2470 5317; x_wconf 81' lang='lat' dir='ltr'><strong>Quomodo</strong></span> <span class='ocrx_word' id='word_1_1010' title='bbox 2495 5247 2724 5302; x_wconf 82' lang='lat' dir='ltr'><strong>Christus</strong></span> <span class='ocrx_word' id='word_1_1011' title='bbox 2749 5254 2800 5301; x_wconf 88' lang='lat' dir='ltr'><strong>et</strong></span> <span class='ocrx_word' id='word_1_1012' title='bbox 2822 5243 3213 5320; x_wconf 76' lang='lat' dir='ltr'><strong>non&#39;jndic‘abit,</strong></span> <span class='ocrx_word' id='word_1_1013' title='bbox 3237 5253 3285 5298; x_wconf 88' lang='lat' dir='ltr'><strong>et</strong></span> <span class='ocrx_word' id='word_1_1014' title='bbox 3298 5245 3571 5315; x_wconf 76' lang='lat' dir='ltr'><strong>judicabit.</strong></span> <span class='ocrx_word' id='word_1_1015' title='bbox 3603 5245 3694 5313; x_wconf 80' lang='lat' dir='ltr'><strong>Et,</strong></span> <span class='ocrx_word' id='word_1_1016' title='bbox 3732 5247 3800 5300; x_wconf 82' lang='lat' dir='ltr'><strong>de</strong></span> 
     </span>
    </p>
   </div>
   <div class='ocr_carea' id='block_1_115' title="bbox 2203 5336 3801 5410">
    <p class='ocr_par' dir='ltr' id='par_1_115' title="bbox 2203 5336 3801 5410">
     <span class='ocr_line' id='line_1_115' title="bbox 2203 5336 3801 5410; baseline -0.001 -14"><span class='ocrx_word' id='word_1_1017' title='bbox 2203 5342 2286 5396; x_wconf 85' lang='lat' dir='ltr'><strong>die</strong></span> <span class='ocrx_word' id='word_1_1018' title='bbox 2313 5349 2358 5396; x_wconf 87' lang='lat' dir='ltr'><strong>et</strong></span> <span class='ocrx_word' id='word_1_1019' title='bbox 2388 5341 2514 5394; x_wconf 89' lang='lat' dir='ltr'><strong>hora</strong></span> <span class='ocrx_word' id='word_1_1020' title='bbox 2536 5355 2680 5393; x_wconf 85' lang='lat' dir='ltr'><strong>nemo</strong></span> <span class='ocrx_word' id='word_1_1021' title='bbox 2709 5339 2835 5402; x_wconf 83' lang='lat' dir='ltr'><strong>scit,</strong></span> <span class='ocrx_word' id='word_1_1022' title='bbox 2867 5354 3026 5409; x_wconf 80' lang='lat' dir='ltr'><strong>neque</strong></span> <span class='ocrx_word' id='word_1_1023' title='bbox 3042 5336 3222 5408; x_wconf 81' lang='lat' dir='ltr'><strong>Angcli</strong></span> <span class='ocrx_word' id='word_1_1024' title='bbox 3244 5337 3297 5390; x_wconf 85' lang='lat' dir='ltr'><strong>in</strong></span> <span class='ocrx_word' id='word_1_1025' title='bbox 3316 5337 3442 5392; x_wconf 69' lang='lat' dir='ltr'><strong>coelo</strong></span> <span class='ocrx_word' id='word_1_1026' title='bbox 3459 5378 3476 5404; x_wconf 91' lang='lat'><strong>,</strong></span> <span class='ocrx_word' id='word_1_1027' title='bbox 3509 5354 3673 5410; x_wconf 78' lang='lat' dir='ltr'><strong>neque</strong></span> <span class='ocrx_word' id='word_1_1028' title='bbox 3698 5337 3801 5395; x_wconf 75' lang='lat' dir='ltr'><strong>Fi-</strong></span> 
     </span>
    </p>
   </div>
   <div class='ocr_carea' id='block_1_116' title="bbox 2271 5489 3806 5560">
    <p class='ocr_par' dir='ltr' id='par_1_116' title="bbox 2271 5489 3806 5560">
     <span class='ocr_line' id='line_1_116' title="bbox 2271 5489 3806 5560; baseline -0.003 -12"><span class='ocrx_word' id='word_1_1029' title='bbox 2271 5501 2288 5538; x_wconf 71' lang='grc' dir='ltr'>ι</span> <span class='ocrx_word' id='word_1_1030' title='bbox 2323 5499 2478 5558; x_wconf 76' lang='grc' dir='ltr'><strong>Ειιίιι,</strong></span> <span class='ocrx_word' id='word_1_1031' title='bbox 2519 5493 2636 5560; x_wconf 78' lang='lat' dir='ltr'><strong>quia</strong></span> <span class='ocrx_word' id='word_1_1032' title='bbox 2672 5493 2792 5546; x_wconf 80' lang='lat' dir='ltr'><strong>mali</strong></span> <span class='ocrx_word' id='word_1_1033' title='bbox 2828 5506 3010 5546; x_wconf 68' lang='lat' dir='ltr'><strong>senats.</strong></span> <span class='ocrx_word' id='word_1_1034' title='bbox 3054 5491 3232 5550; x_wconf 76' lang='lat' dir='ltr'><strong>Abest,</strong></span> <span class='ocrx_word' id='word_1_1035' title='bbox 3269 5489 3422 5553; x_wconf 74' lang='lat' dir='ltr'><strong>mali,</strong></span> <span class='ocrx_word' id='word_1_1036' title='bbox 3459 5503 3488 5541; x_wconf 90' lang='lat' dir='ltr'><strong>a</strong></span> <span class='ocrx_word' id='word_1_1037' title='bbox 3527 5492 3806 5543; x_wconf 64' lang='lat' dir='ltr'><strong>manuscri-</strong></span> 
     </span>
    </p>
   </div>
   <div class='ocr_carea' id='block_1_117' title="bbox 2205 5564 3814 5686">
    <p class='ocr_par' dir='ltr' id='par_1_117' title="bbox 2205 5564 3814 5686">
     <span class='ocr_line' id='line_1_117' title="bbox 2205 5564 3814 5686; baseline -0.006 -15"><span class='ocrx_word' id='word_1_1038' title='bbox 2205 5564 2372 5671; x_wconf 55' lang='lat' dir='ltr'><strong>&quot;in</strong></span> <span class='ocrx_word' id='word_1_1039' title='bbox 2403 5627 2452 5670; x_wconf 76' lang='grc' dir='ltr'><strong>Β.</strong></span> <span class='ocrx_word' id='word_1_1040' title='bbox 2475 5633 2488 5669; x_wconf 90' lang='lat'><strong>:</strong></span> <span class='ocrx_word' id='word_1_1041' title='bbox 2511 5616 2681 5686; x_wconf 78' lang='lat' dir='ltr'><strong>omnia</strong></span> <span class='ocrx_word' id='word_1_1042' title='bbox 2703 5630 2810 5668; x_wconf 88' lang='lat' dir='ltr'><strong>mea</strong></span> <span class='ocrx_word' id='word_1_1043' title='bbox 2841 5621 2923 5666; x_wconf 86' lang='lat' dir='ltr'><strong>tua</strong></span> <span class='ocrx_word' id='word_1_1044' title='bbox 2947 5619 3074 5673; x_wconf 82' lang='lat' dir='ltr'><strong>sunt,</strong></span> <span class='ocrx_word' id='word_1_1045' title='bbox 3099 5612 3280 5686; x_wconf 59' lang='lat' dir='ltr'><strong>inquit,</strong></span> <span class='ocrx_word' id='word_1_1046' title='bbox 3305 5619 3352 5664; x_wconf 86' lang='lat' dir='ltr'><strong>et</strong></span> <span class='ocrx_word' id='word_1_1047' title='bbox 3373 5627 3482 5664; x_wconf 83' lang='lat' dir='ltr'><strong>utea</strong></span> <span class='ocrx_word' id='word_1_1048' title='bbox 3503 5620 3605 5686; x_wconf 73' lang='lat' dir='ltr'><strong>tua.</strong></span> <span class='ocrx_word' id='word_1_1049' title='bbox 3630 5613 3814 5686; x_wconf 58' lang='lat' dir='ltr'><strong>lienus</strong></span> 
     </span>
    </p>
   </div>
   <div class='ocr_carea' id='block_1_118' title="bbox 2205 5682 3811 5744">
    <p class='ocr_par' dir='ltr' id='par_1_118' title="bbox 2205 5682 3811 5744">
     <span class='ocr_line' id='line_1_118' title="bbox 2205 5682 3811 5744; baseline -0.006 -9"><span class='ocrx_word' id='word_1_1050' title='bbox 2205 5689 2414 5738; x_wconf 53' lang='grc' dir='ltr'><strong>(ωηεν.</strong></span> <span class='ocrx_word' id='word_1_1051' title='bbox 2438 5682 2586 5744; x_wconf 83' lang='lat' dir='ltr'><strong>Lugd.</strong></span> <span class='ocrx_word' id='word_1_1052' title='bbox 2611 5689 2730 5729; x_wconf 73' lang='lat' dir='ltr'><strong>Ven.</strong></span> <span class='ocrx_word' id='word_1_1053' title='bbox 2757 5688 2810 5744; x_wconf 77' lang='lat' dir='ltr'><strong>et</strong></span> <span class='ocrx_word' id='word_1_1054' title='bbox 2829 5686 2960 5744; x_wconf 75' lang='lat' dir='ltr'><strong>qu.,</strong></span> <span class='ocrx_word' id='word_1_1055' title='bbox 2982 5682 3143 5744; x_wconf 65' lang='lat' dir='ltr'><strong>«mia</strong></span> <span class='ocrx_word' id='word_1_1056' title='bbox 3166 5683 3259 5744; x_wconf 64' lang='lat' dir='ltr'><strong>tua</strong></span> <span class='ocrx_word' id='word_1_1057' title='bbox 3277 5682 3537 5744; x_wconf 59' lang='lat' dir='ltr'><strong>mearum,</strong></span> <span class='ocrx_word' id='word_1_1058' title='bbox 3559 5682 3736 5740; x_wconf 77' lang='lat' dir='ltr'><strong>inquit,</strong></span> <span class='ocrx_word' id='word_1_1059' title='bbox 3755 5684 3811 5726; x_wconf 76' lang='lat' dir='ltr'><strong>es</strong></span> 
     </span>
    </p>
   </div>
   <div class='ocr_carea' id='block_1_119' title="bbox 2207 5738 3814 5808">
    <p class='ocr_par' dir='ltr' id='par_1_119' title="bbox 2207 5738 3814 5808">
     <span class='ocr_line' id='line_1_119' title="bbox 2207 5738 3814 5808; baseline -0.006 -14"><span class='ocrx_word' id='word_1_1060' title='bbox 2207 5758 2314 5797; x_wconf 84' lang='lat' dir='ltr'><strong>mea</strong></span> <span class='ocrx_word' id='word_1_1061' title='bbox 2336 5752 2417 5808; x_wconf 80' lang='lat' dir='ltr'><strong>tua</strong></span> <span class='ocrx_word' id='word_1_1062' title='bbox 2437 5756 2454 5803; x_wconf 87' lang='lat'><strong><em>;</em></strong></span> <span class='ocrx_word' id='word_1_1063' title='bbox 2477 5738 2564 5793; x_wconf 61' lang='lat' dir='ltr'><strong>scd</strong></span> <span class='ocrx_word' id='word_1_1064' title='bbox 2591 5755 2757 5808; x_wconf 67' lang='lat' dir='ltr'><strong>verum</strong></span> <span class='ocrx_word' id='word_1_1065' title='bbox 2779 5741 3038 5808; x_wconf 83' lang='lat' dir='ltr'><strong>lectionem</strong></span> <span class='ocrx_word' id='word_1_1066' title='bbox 3065 5739 3309 5808; x_wconf 73' lang='lat' dir='ltr'><strong>exbilmre</strong></span> <span class='ocrx_word' id='word_1_1067' title='bbox 3335 5738 3560 5808; x_wconf 77' lang='lat' dir='ltr'><strong>videntur</strong></span> <span class='ocrx_word' id='word_1_1068' title='bbox 3585 5738 3814 5808; x_wconf 68' lang='lat' dir='ltr'><strong>graqu</strong></span> 
     </span>
    </p>
   </div>
   <div class='ocr_carea' id='block_1_120' title="bbox 2209 5802 3738 5870">
    <p class='ocr_par' dir='ltr' id='par_1_120' title="bbox 2209 5802 3738 5870">
     <span class='ocr_line' id='line_1_120' title="bbox 2209 5802 3738 5870; baseline -0.007 -10"><span class='ocrx_word' id='word_1_1069' title='bbox 2209 5815 2261 5860; x_wconf 84' lang='lat' dir='ltr'><strong>et</strong></span> <span class='ocrx_word' id='word_1_1070' title='bbox 2280 5802 2478 5870; x_wconf 73' lang='lat' dir='ltr'><strong>Vulgata</strong></span> <span class='ocrx_word' id='word_1_1071' title='bbox 2503 5821 2514 5856; x_wconf 94' lang='lat'><strong>:</strong></span> <span class='ocrx_word' id='word_1_1072' title='bbox 2543 5802 2712 5857; x_wconf 80' lang='lat' dir='ltr'><strong>omnia</strong></span> <span class='ocrx_word' id='word_1_1073' title='bbox 2744 5815 2850 5854; x_wconf 84' lang='lat' dir='ltr'><strong>mea</strong></span> <span class='ocrx_word' id='word_1_1074' title='bbox 2873 5807 2955 5852; x_wconf 84' lang='lat' dir='ltr'><strong>tua</strong></span> <span class='ocrx_word' id='word_1_1075' title='bbox 2975 5807 3102 5862; x_wconf 83' lang='lat' dir='ltr'><strong>sunt,</strong></span> <span class='ocrx_word' id='word_1_1076' title='bbox 3127 5802 3299 5861; x_wconf 65' lang='lat' dir='ltr'><strong>inqua,</strong></span> <span class='ocrx_word' id='word_1_1077' title='bbox 3325 5805 3370 5850; x_wconf 86' lang='lat' dir='ltr'><strong>et</strong></span> <span class='ocrx_word' id='word_1_1078' title='bbox 3395 5806 3478 5850; x_wconf 85' lang='lat' dir='ltr'><strong>tua</strong></span> <span class='ocrx_word' id='word_1_1079' title='bbox 3495 5811 3621 5850; x_wconf 85' lang='lat' dir='ltr'><strong>mea.</strong></span> <span class='ocrx_word' id='word_1_1080' title='bbox 3679 5803 3738 5850; x_wconf 65' lang='grc' dir='ltr'><strong>ε.</strong></span> 
     </span>
    </p>
   </div>
  </div>
