4084 6418
299 362 368 418 57
1643 341 1840 404 LIBER

1963 340 2164 398 ιιιιιιε.

263 481 384 546 lius,
408 477 514 533 nisi
531 475 690 530 Puer
709 470 1035 546 (Ila-mut,
1059 467 1171 539 ὅθ).
1195 467 1308 524 lloe
1325 465 1468 522 enim
1497 465 1686 527 nescit,
1709 460 1852 532 quod

264 568 570 626 nescientes
595 565 752 627 acu,
791 563 845 618 id
867 570 952 618 est
969 601 984 624 .
1013 559 1156 631 quod
1183 573 1288 613 non
1319 558 1393 628 ita
1417 557 1617 612 sciebat
1643 563 1700 610 ut
1731 563 1866 608 tunc-

265 659 547 730 discipulis
575 655 838 712 indicaret
872 671 888 706 :
927 653 1070 708 sicut
1101 651 1300 706 dictum
1337 658 1418 704 est
1445 648 1513 704 ad
1553 645 1852 706 Abraham,

268 752 428 806 Nunc
455 749 668 820 cognoui
693 746 830 815 quod
866 745 1040 799 timeas
1068 743 1226 797 Deum
1256 740 1426 810 (Gen.
1455 754 1565 795 χιιι
1587 779 1602 804 ,
1630 735 1770 809 12),
1803 735 1854 789 id

267 851 374 904 εει,
399 855 545 895 nunc
572 838 674 894 Ieci
697 848 759 892 ut
786 849 1174 906 cognosceres;
1201 833 1324 902 quia
1352 841 1404 886 et
1430 830 1542 899 ipse
1564 828 1665 885 sibi
1688 828 1740 882 in
1767 826 1854 880 illa

268 934 566 988 mutatione
588 929 842 999 probatus
879 925 1124 981 innotuit.
1163 922 1293 978 Nam
1326 932 1381 978 et
1409 920 1540 976 illud
1567 920 1747 989 utique
1775 918 1856 972 di-

267 1036 462 1079 cturus
483 1030 600 1076 erat
622 1020 897 1090 discipulis
923 1027 1161 1087 tempore
1187 1024 1517 1086 opportuno,
1549 1012 1617 1066 de
1644 1025 1750 1081 quo
1773 1008 1857 1068 fne-

268 1125 400 1190 ιιιεο
425 1110 974 1183 tanuamprmterito
1005 1109 1243 1178 loquens,
1271 1107 1380 1170 ait,
1411 1103 1532 1158 Jain
1561 1120 1662 1158 non
1690 1102 1854 1156 dicant

267 1223 358 1261 nos
396 1219 566 1260 servos
585 1244 600 1270 ,
629 1203 953 1258 sedamieos.
983 1200 1169 1256 Seruus
1197 1200 1332 1258 enim
1363 1197 1518 1259 nescit
1549 1195 1876 1249 voluntatem

268 1297 466 1352 domini
490 1296 569 1348 sui
592 1311 612 1348 :
629 1310 715 1348 vos
733 1303 905 1347 autem
919 1291 1026 1347 dixi
1045 1291 1254 1355 amicos,
1277 1289 1396 1358 quia
1412 1287 1584 1340 omnia
1603 1301 1856 1356 quwcunt-

269 1406 370 1459 que
387 1388 558 1444 audivi
581 1403 615 1440 a
635 1385 796 1440 Patre
819 1400 946 1448 meo,
959 1417 964 1422 -
979 1392 1100 1438 nota
1121 1380 1260 1435 vobis
1283 1378 1380 1449 feci
1405 1376 1581 1450 (Joan.
1607 1391 1697 1443 xv,
1721 1375 1812 1445 15)
1825 1392 1853 1447 ς

270 1482 424 1554 quod
448 1480 681 1534 nomium
713 1477 948 1542 fecerat,
987 1474 1082 1530 sed
1120 1473 1242 1544 quia
1269 1481 1416 1527 certo
1443 1471 1676 1524 facturus
1702 1475 1853 1531 erat,

272 1574 427 1642 quasi
447 1572 560 1642 jam
585 1569 800 1626 fecisset
825 1569 1030 1626 locutus
1057 1573 1159 1622 est.
1198 1563 1332 1634 Ipsis
1364 1562 1508 1617 enim
1548 1559 1658 1620 ait:
1691 1557 1858 1614 Multa

273 1663 426 1728 vobis,
449 1661 612 1718 Italico
637 1661 836 1726 dicere;
873 1657 962 1715 sed
991 1672 1094 1714 non
1115 1655 1324 1725 potestis
1347 1653 1438 1708 illa
1468 1659 1670 1722 portare
1708 1646 1856 1703 modo

274 1755 388 1826 (Id.
416 1769 530 1820 xvi,
549 1753 664 1824 12).
689 1752 839 1812 inter
860 1763 980 1820 qum
1003 1745 1314 1816 intelligitur
1337 1753 1410 1806 et,
1441 1743 1514 1798 De
1529 1741 1610 1800 die
1629 1749 1673 1796 et
1708 1739 1854 1794 liora.

273 1846 492 1903 Namet
518 1843 809 1914 Apostolus
833 1859 847 1896 :
891 1839 1070 1910 Nequa
1097 1838 1228 1894 enim
1246 1835 1476 1908 jndieovi
1503 1850 1581 1888 me
1601 1874 1619 1900 ,
1649 1831 1855 1901 inquit,

275 1941 403 1994 scire
436 1936 632 2004 aliquid
657 1937 740 1989 ⁴ιιι·
761 1933 898 1996 vobis
917 1974 936 1999 ,
969 1931 1066 1990 nisi
1096 1929 1350 1990 Christum
1382 1926 1561 1984 Iesum
1585 1967 1601 1990 ,
1641 1934 1700 1997 et.
1727 1926 1859 1980 hunc

275 2027 619 2098 εηάβπιιηι(
646 2026 666 2082 ι
696 2025 813 2082 Cor.
841 2041 915 2089 ιι,
938 2023 1000 2092 2)
1027 2061 1042 2076 .
1073 2021 1166 2078 Eis
1199 2021 1346 2077 enim
1382 2017 1698 2090 loquebatur
1721 2057 1736 2079 ,
1766 2013 1860 2085 qui

273 2128 469 2190 capere
492 2119 682 2173 altiora
705 2115 1000 2175 de'Gltristi
1023 2113 1220 2174 deitate
1243 2127 1346 2174 non
1372 2118 1634 2182 poterant.
1657 2106 1859 2175 Quibus

279 2211 442 2265 etiam
469 2209 629 2279 paqu
657 2216 778 2277 post
801 2207 974 2263 dicit:
1015 2204 1138 2264 Non
1177 2204 1316 2271 potui
1357 2201 1497 2258 nobis
1538 2200 1673 2270 loqui
1715 2197 1862 2268 quasi

276 2299 643 2372 spiritalibus,
668 2298 924 2368 adaquari
951 2295 1236 2358 carnalibus
1258 2293 1369 2363 (Id.
1395 2309 1473 2359 ιιι,
1497 2293 1569 2362 l).
1602 2290 1714 2346 Hoc
1735 2303 1864 2360 ergo

279 2393 420 2448 inter
445 2391 566 2446 illos
596 2390 900 2454 nesciebat,
933 2386 1078 2458 quod
1110 2402 1206 2456 per
1232 2385 1379 2449 illum
1411 2383 1550 2439 scire
1572 2396 1674 2438 non
1707 2388 1860 2451 pete-

278 2481 520 2537 mus-.~Et
557 2480 670 2536 boc-
692 2479 868 2549 saliua
910 2493 968 2536 se
995 2476 1148 2534 scire
1187 2474 1397 2542 dicebat
1419 2515 1436 2540 ,
1476 2471 1617 2544 quod
1646 2487 1739 2526 eos
1770 2485 1864 2547 per

278 2571 916 2641 illunscireoportebat.
940 2569 1176 2638 Denique
1195 2565 1398 2631 sciebat
1419 2565 1555 2620 inter
1576 2551 1859 2632 perfectos,

277 2663 418 2733 quod
444 2664 583 2718 inter
607 2662 856 2732 parvulos
877 2659 1146 2724 nesciebat
1175 2676 1188 2716 ;
1214 2656 1288 2712 ibi
1307 2655 1502 2728 quippe
1520 2655 1614 2720 ait,
1639 2652 1861 2723 Sapien-

279 2752 405 2807 tiam
430 2750 684 2820 loquimur
710 2751 841 2808 inter
868 2753 1112 2820 periectas
1141 2744 1266 2818 (Id.
1292 2761 1328 2810 tt
1349 2785 1366 2812 ,
1384 2745 1426 2808 ,6
1450 2745 1492 2815 ).
1533 2743 1608 2798 Eu
1636 2751 1864 2812 namque

281 2857 483 2913 genere
507 2841 789 2898 locutionis
818 2840 1025 2898 nescire
1049 2839 1274 2909 quisque
1299 2837 1498 2902 dicitur
1515 2824 1661 2906 quod
1687 2832 1864 2897 occul-

278 2941 400 2999 tat,
442 2947 550 3002 quo
580 2931 774 2989 dicitur
813 2931 952 2988 fossa
993 2945 1133 3000 cauca
1173 2943 1292 2998 qua:
1320 2926 1525 3000 occulta
1552 2935 1650 3003 est.
1682 2924 1864 2994 Neque

278 3023 426 3078 enim
471 3023 652 3092 aliquo
696 3036 890 3090 genere
935 3019 1222 3090 loquuntur
1261 3016 1588 3089 Scriptum,
1629 3012 1769 3087 quod
1809 3005 1862 3069 in

278 3112 667 3184 consuetudine
710 3113 937 3174 humana
981 3125 1086 3168 non
1131 3110 1433 3168 inveniatur
1452 3126 1475 3184 ί
1514 3109 1637 3184 quia
1680 3106 1864 3179 utique

281 3204 588 3260 hominibus
615 3205 920 3274 loquuntur.
1356 3257 1357 3260 η

350 3297 465 3366 Ωιι,
485 3296 789 3354 Secundum
815 3296 1039 3355 formam
1070 3294 1162 3352 Dei
1186 3295 1385 3351 dictum
1414 3303 1516 3361 est,
1545 3293 1674 3352 Ante
1691 3309 1863 3348 omnes

279 3390 433 3444 colles
461 3389 632 3459 genuit
655 3405 733 3442 me
757 3385 936 3457 (Prov.
969 3385 1219 3458 “11.23)
1247 3426 1272 3452 ,.
1295 3386 1348 3443 id
1375 3393 1458 3442 est
1481 3427 1498 3451 ,
1526 3395 1648 3441 ante
1677 3398 1864 3440 omnes

281 3479 594 3537 altitudines.
619 3489 980 3541 creaturarum
1007 3495 1022 3543 ;
1049 3487 1105 3548 et
1124 3516 1140 3544 ,
1171 3478 1299 3531 Ante
1324 3477 1592 3548 luciferum
1623 3476 1772 3546 genui
1810 3467 1865 3529 te

285 3569 456 3641 (Psnt.
490 3585 608 3636 eis,
630 3570 685 3637 5)
709 3611 728 3635 ,
759 3570 808 3628 id
837 3577 952 3634 est,
982 3578 1105 3624 ante
1120 3569 1298 3630 οηιιιίει
1317 3577 1552 3636 tempora
1579 3576 1633 3624 et
1659 3575 1863 3636 tempo-

282 3663 412 3718 ralia
445 3679 458 3714 :
504 3661 796 3717 secundum
842 3659 1068 3720 formam
1108 3670 1284 3714 autem
1320 3659 1460 3714 servi
1503 3657 1701 3712 dictum
1738 3667 1819 3711 est
1843 3696 1861 3723 ,

280 3753 532 3809 Dominus
555 3752 740 3808 creavit
765 3768 850 3814 me~
869 3753 921 3806 in
947 3751 1196 3821 principio
1222 3750 1417 3803 uiarum
1444 3765 1649 3804 suarum
1672 3747 1860 3818 (Prov.

279 3859 374 3901 rm
402 3881 420 3909 ,
446 3841 564 3912 2‘2).
589 3843 726 3912 Quia
744 3843 1039 3905 secundum
1068 3841 1293 3897 fumium
1317 3841 1408 3898 Dci
1434 3840 1587 3906 dixit,
1615 3839 1726 3910 Ego
1751 3857 1863 3894 sum

279 3938 499 4000 ueritas;
545 3943 601 3990 et
637 3933 930 3992 secundum
985 3934 1210 4006 formam
1249 3933 1430 3998 servi,
1473 3931 1586 4004 Ego
1632 3947 1744 3985 sum
1783 3930 1864 3984 ria

279 4027 461 4094 (Iona.
492 4041 604 4092 sit],
629 4024 708 4094 6).
736 4026 866 4093 Quia
901 4026 1042 4081 enim
1090 4016 1203 4096 ipse
1243 4024 1628 4100 primogenitus
1654 4038 1686 4079 ιι
1713 4037 1861 4090 mor-

281 4119 388 4174 tuis
411 4119 598 4188 (Apoc.
630 4135 681 4181 ις,
709 4119 743 4175 5
763 4118 787 4189 ).
809 4119 910 4179 iter
934 4117 1059 4192 fecit
1092 4118 1362 4184 Ecclesia}.
1388 4132 1498 4185 sua:
1535 4101 1601 4174 ad
1640 4131 1860 4188 regnum

281 4209 377 4264 Dei
400 4209 470 4264 ad
498 4210 670 4265 vitam.
686 4219 976 4282 aeternam”
994 4209 1078 4272 cui
1102 4217 1368 4284 caputest
1387 4208 1464 4274 ad
1489 4195 1860 4266 iniriiortalita-

280 4308 392 4356 tem
419 4301 578 4356 etiam
605 4303 875 4372 corporis,
907 4302 1026 4356 ideo
1051 4311 1262 4357 creatus
1285 4310 1364 4356 est
1390 4302 1442 4356 in
1471 4299 1728 4378 principio
1751 4299 1864 4354 via-

281 4405 402 4446 rum
421 4391 512 4446 Dei
540 4391 594 4451 in
620 4407 782 4462 opera
810 4393 943 4462 ejus.
967 4391 1266 4447 Secundum
1299 4391 1521 4448 formam
1552 4393 1692 4448 enim
1723 4391 1816 4446 Dei
1841 4431 1858 4457 ,

283 4480 600 4553 principium
615 4492 707 4539 est
730 4483 870 4554 quod
890 4492 946 4540 et
965 4483 1193 4554 loquitur
1215 4483 1367 4539 nobis
1393 4481 1570 4556 (Joan.
1597 4499 1708 4548 vm,
1730 4482 1856 4554 25);

283 4573 336 4629 in
365 4588 471 4644 quo
501 4575 760 4645 principio
779 4577 910 4637 fecit
935 4575 1074 4644 Deus
1096 4573 1291 4647 emtum
1316 4583 1371 4630 et
1394 4584 1587 4630 terram
1619 4575 1770 4648 (Gen.
1804 4591 1856 4642 ι,

285 4660 339 4736 Ι)
359 4681 380 4719 :
407 4665 702 4722 secundum
735 4675 925 4730 autem
957 4665 1183 4741 formam
1221 4665 1398 4733 servi,
1429 4665 1660 4736 Sponsus
1686 4683 1861 4737 proce-

283 4753 408 4808 dens
431 4754 738 4819 deligatamo
761 4755 894 4826 suo(
921 4755 1061 4818 Psal.
1089 4773 1212 4811 sua
1231 4798 1248 4826 ,
1277 4757 1310 4813 6
1333 4757 1374 4828 ).
1416 4756 1713 4814 Secundum
1745 4754 1858 4812 for-

281 4857 424 4900 mam
451 4845 580 4910 Dei,
611 4847 986 4919 Primogeuitus
1013 4849 1175 4904 omnis
1203 4859 1481 4916 creaturae,
1513 4858 1558 4904 et
1595 4849 1705 4920 ipse
1742 4859 1861 4903 ante

280 4952 452 4994 omnes
473 4947 566 5005 est,
583 4949 630 4992 et
647 4941 814 4995 omnia
833 4941 886 4994 in
909 4941 1000 4995 illo
1018 4951 1246 4997 constant
1269 4958 1288 4997 :
1317 4941 1604 4998 secundum
1629 4941 1856 5008 formam

279 5029 419 5082 servi
441 5069 454 5091 ,
484 5026 515 5082 I
517 5045 604 5098 pse
630 5040 704 5084 est
731 5041 880 5102 caput
904 5034 1130 5104 corporis
1160 5033 1401 5088 Ecclesia:
1429 5032 1644 5104 (Coloss.
1675 5050 1688 5088 ι
1711 5075 1725 5100 ,
1759 5035 1854 5101 15,

281 5117 369 5184 Π,
402 5119 513 5190 18).
541 5119 840 5177 Secundum
869 5122 1091 5180 foratum
1121 5124 1252 5192 Dei,
1286 5125 1542 5180 Dominus
1569 5133 1652 5182 est
1674 5126 1857 5196 gloriae

282 5207 303 5281 (
327 5208 343 5262 l
372 5208 492 5268 Car.
523 5227 582 5278 ιι,
610 5212 690 5280 8).
719 5211 869 5269 Unde
889 5213 1224 5285 manifestum
1250 5223 1360 5278 est,
1387 5215 1526 5285 quod
1553 5216 1666 5285 ipse
1693 5217 1858 5286 glori-

278 5301 403 5357 licet
428 5311 643 5358 sanctos
664 5318 810 5360 suos.
846 5304 982 5370 Quos
1010 5305 1150 5360 enim
1180 5305 1551 5378 praedestinavit
1569 5347 1587 5374 ,
1631 5306 1767 5378 ipsos
1807 5316 1855 5361 ιιι

276 5392 498 5458 uocauit;
521 5403 570 5448 et
595 5410 719 5462 quos
745 5395 968 5463 vocavit,
998 5397 1134 5468 ipsos
1176 5406 1221 5452 et
1246 5397 1579 5467 justi/ienuit;
1608 5414 1730 5467 quos
1755 5415 1852 5452 au-

277 5491 378 5540 tem
397 5485 715 5556 iustiﬁcauit,
740 5488 876 5556 ipsos
902 5497 948 5542 ει
971 5487 1268 5560 gloriﬁcarit
1295 5489 1466 5560 (Rom.
1492 5506 1605 5557 vm,
1630 5491 1743 5560 50).
1779 5492 1853 5546 De

278 5573 369 5638 illo
390 5577 587 5647 quippe
609 5576 816 5646 dictum,
839 5587 923 5636 est
944 5581 1082 5651 quod
1106 5580 1358 5651 justiﬁcet
1380 5582 1597 5652 impium
1640 5581 1747 5654 (Id.
1777 5598 1850 5647 tv,

277 5665 375 5735 5);
417 5666 486 5723 de
530 5669 620 5724 illo
661 5669 860 5728 dictum
903 5681 986 5728 est
1021 5673 1161 5744 quod
1195 5674 1263 5729 sit
1285 5673 1457 5743 justus
1483 5674 1852 5744 ctjnstiticaus

279 5755 388 5828 (Id.
413 5773 492 5827 ιιι,
511 5758 628 5832 26).
659 5760 714 5817 Si
744 5745 871 5834 ergo
897 5779 1030 5834 quos
1051 5763 1373 5834 justilicavit,
1399 5766 1546 5838 (ipsos
1571 5775 1624 5822 et
1650 5765 1850 5837 gloriti-

3424 346 3530 407 838

1959 457 2116 520 cavit,
2147 456 2234 528 qui
2262 456 2509 527 iustiﬁcat
2537 457 2648 528 ipse
2676 466 2729 513 et
2758 458 3016 530 gloriﬁcat
3035 500 3050 526 ,
3079 457 3168 529 qtti
3195 468 3294 525 est,
3323 469 3374 514 ιιι
3395 461 3532 534 dixi,

1963 550 2214 603 Dominus
2237 549 2436 619 glorim.
2467 548 2769 605 Secundum
2798 549 3020 606 formam
3054 561 3228 606 tamen
3263 568 3398 607 servi
3419 571 3534 609 sat-

1960 642 2234 709 agentibus
2263 643 2535 714 discipulis
2561 643 2626 696 de
2649 645 3034 717 glorificationc
3057 662 3148 704 sua
3175 687 3189 710 ,
3218 647 3494 717 respondit
3518 665 3534 700 :

1961 735 2149 789 Sedere
2197 737 2263 789 ad
2305 737 2560 816 dexteram
2597 738 2674 792 rei
2710 738 2778 790 ad
2821 738 3075 793 sinistram
3123 755 3284 792 nteant
3325 755 3426 793 non
3465 749 3537 794 est

1961 842 2121 879 meum
2149 827 2271 882 dare
2301 830 2432 882 t-obis
2456 870 2471 895 ,
2499 830 2586 884 sed
2611 829 2788 900 quibus
2818 842 3050 901 paratum
3085 842 3157 887 est
3187 850 3218 886 a
3247 832 3403 887 Patre
3429 850 3538 890 meo

1962 916 2174 988 (Matth.
2204 935 2270 972 xx
2289 961 2305 984 ,
2331 919 2446 990 25).

2030 1009 2116 1068 ‘25.
2165 1011 2314 1079 Quod
2361 1023 2533 1066 autent
2568 1021 2806 1080 paratum
2852 1022 2932 1068 est
2956 1028 2984 1066 a
3022 1013 3178 1070 Patre
3199 1013 3317 1086 ejus
3342 1058 3356 1081 ,
3389 1025 3439 1071 et
3469 1017 3540 1072 ab

1962 1099 2080 1167 ipso
2102 1100 2235 1155 Filio
2261 1111 2497 1170 paratum
2527 1110 2609 1154 est
2641 1101 2802 1173 :quia
2833 1103 2942 1172 ipse
2972 1114 3023 1156 et
3053 1103 3205 1159 Pater
3233 1122 3391 1161 unum
3415 1115 3539 1162 sunt

1963 1192 2141 1251 (Joan.
2172 1209 2234 1257 κ,
2264 1192 2375 1265 50).
2404 1192 2518 1248 Iam
2545 1195 2686 1250 enim
2709 1196 3036 1249 ostendimus
3067 1198 3116 1249 in
3160 1196 3258 1252 hac
3282 1197 3541 1255 Trinitate
3640 1217 3642 1220 '

1962 1299 2056 1356 per
2099 1271 2299 1343 'muttos
2347 1285 2642 1339 divinarum
2680 1285 3004 1340 locutionum
3037 1286 3223 1341 modo;
3261 1289 3420 1343 etiam
3469 1288 3540 1344 de
3634 1310 3636 1313 ·

1961 1376 2178 1447 singulis
2205 1375 2306 1430 dici
2334 1375 2474 1447 quod
2503 1373 2737 1432 orantium
2769 1387 2877 1441 est,
2903 1388 3113 1446 propter
3134 1378 3541 1450 inseparabilem

1948 1468 2323 1537 operationem
2343 1468 2856 1539 uniuslejusjemqne
2876 1471 3205 1527 substantim.
3236 1473 3453 1528 Sicutet
3473 1472 3544 1528 de
3634 1466 3635 1469 “

1962 1562 2161 1631 Spiritu
2206 1571 2392 1617 sancto
2420 1561 2580 1629 dicit,
2615 1562 2754 1618 Cum.
2780 1579 2873 1635 ego
2915 1564 3018 1618 iero
3044 1605 3058 1629 ,
3080 1565 3274 1620 mittam
3304 1564 3450 1619 illum
3475 1566 3544 1620 ad

1961 1669 2046 1708 vos
2089 1651 2196 1724 (Id.
2227 1670 2347 1717 xw,
2373 1654 2448 1724 7).
2481 1652 2594 1709 Non
2623 1653 2789 1719 dixit,
2816 1653 3116 1721 Mittamus;
3144 1656 3238 1712 sed
3290 1658 3358 1711 ita
3389 1656 3545 1727 quasi

1964 1753 2166 1798 tantum
2197 1743 2362 1798 Filius
2381 1759 2501 1800 eum
2532 1743 2791 1799 missurus
2811 1754 2972 1813 esset,
3005 1755 3057 1800 et
3080 1761 3182 1800 non
3214 1746 3389 1813 Pater;
3419 1762 3540 1802 cum

1962 1839 2068 1893 alio
2105 1839 2223 1894 luco
2260 1839 2434 1906 dicat,
2466 1837 2593 1906 Ηωε
2629 1825 3128 1922 ζοειιιιιὶεηηιύοὺὶε
3157 1845 3296 1914 apud
3320 1859 3403 1898 vos
3432 1861 3544 1896 ma-

1963 1948 2122 2008 nens;
2147 1931 2416 1988 advocatus
2444 1945 2626 2011 autem
2669 1933 2895 2006 Spiritus
2939 1945 3140 1991 sanctus
3162 1977 3177 2002 ,
3205 1952 3349 2006 quem
3389 1935 3550 1990 mittet

1969 2025 2122 2080 Pater
2145 2026 2198 2080 in
2230 2026 2579 2099 nominemeo
2602 2067 2617 2092 ,
2649 2028 2736 2081 ille
2765 2027 2900 2082 vobis
2925 2027 3202 2082 declarabit
3227 2028 3397 2081 omm'a
3427 2025 3542 2095 (Id.

1964 2132 2073 2186 xw,
2101 2117 2172 2174 25
2195 2116 2312 2190 26).
2347 2117 2440 2176 llic
2462 2119 2736 2174 rursusita
2765 2119 2962 2174 dictqu
2984 2129 3084 2180 est,
3113 2120 3262 2190 quasi
3291 2134 3393 2173 non
3423 2133 3546 2172 cum

1965 2207 2226 2264 missurus
2269 2218 2412 2266 esset
2455 2218 2504 2263 et
2550 2207 2758 2274 Filius,
2792 2209 2886 2264 sed
2936 2219 3135 2262 tantum
3173 2209 3352 2263 Pater.
3399 2207 3549 2262 Sicut

1965 2313 2094 2370 ergo
2120 2298 2245 2366 ista,
2271 2298 2342 2356 ita
2370 2307 2424 2354 et
2451 2298 2575 2352 illud
2604 2297 2744 2369 quod
2770 2299 2871 2366 ait,
2900 2301 2988 2354 sed
3011 2300 3189 2370 quibus
3215 2308 3449 2370 paratum
3475 2307 3549 2352 est

1965 2406 1998 2445 ιι
2028 2388 2184 2463 Patre
2206 2406 2314 2446 meo
2346 2405 2365 2443 :
2391 2406 2510 2444 eum
2538 2388 2696 2447 Patre
2720 2405 2776 2445 se
2801 2391 3021 2462 intelligi
3052 2390 3215 2444 voluit
3242 2406 3428 2461 parare
3456 2406 3548 2446 se-

1965 2480 2063 2539 des
2087 2482 2269 2553 gloria:
2293 2481 2485 2552 quibus
2514 2480 2694 2540 vellet.
2729 2478 2834 2537 Sed
2879 2482 3007 2536 dicit
3029 2483 3220 2554 aliquis
3244 2501 3257 2536 :
3284 2481 3397 2538 Illic
3423 2498 3547 2538 cum

1966 2571 2034 2628 de
2059 2571 2256 2642 Spiritu
2287 2581 2471 2627 sancto
2493 2571 2822 2646 loqueretur,
2847 2572 2916 2627 ita
2940 2589 2996 2627 se
3033 2575 3316 2628 missurum
3341 2566 3451 2637 ait,
3488 2583 3545 2629 ut
3621 2585 3623 2591 ‘

1939 2679 2076 2732 non
2099 2655 2315 2736 negaret
2343 2663 2552 2720 Patrem
2601 2666 2924 2730 missurum;
2952 2674 3002 2722 et
3041 2665 3146 2723 alio
3187 2665 3304 2720 luco
3349 2666 3419 2720 ita
3450 2665 3550 2721 Pa-

1968 2763 2100 2827 trem
2126 2796 2143 2822 ,
2176 2764 2236 2808 ut
2259 2772 2362 2809 non
2400 2766 2614 2827 negaret
2655 2772 2714 2811 se
2748 2757 3030 2811 missurum
3057 2775 3069 2810 :
3102 2757 3184 2812 hic
3206 2773 3332 2813 vero
3366 2770 3550 2827 aperte
3609 2743 3611 2746 i

1966 2850 2061 2916 ait,
2083 2848 2198 2903 Non
2221 2858 2295 2904 est
2320 2866 2485 2903 meum
2513 2849 2660 2914 dare;
2685 2849 2854 2930 atque.
2871 2850 2941 2903 ita
2969 2854 3203 2916 secutus,
3226 2866 3254 2905 a
3288 2851 3442 2905 Patre
3466 2845 3547 2904 di?

1969 2940 2046 2996 xit
2081 2941 2176 2997 ista
2219 2948 2532 3010 prarparata.
2565 2938 2670 2996 Sed
2702 2939 2802 2994 hoc
2837 2942 3074 3013 estquod
3099 2942 3501 3009 praestruximus
3529 2940 3546 2975 ²

1966 3034 2261 3091 secundum
2284 3033 2509 3094 formam
2531 3035 2670 3094 servi
2690 3033 2919 3091 dictum:
2941 3044 2996 3089 ut
3022 3035 3090 3090 ita
3111 3033 3549 3106 intelligeremus,

1970 3124 2092 3181 Non
2119 3135 2192 3181 est
2221 3142 2384 3180 meum
2411 3125 2566 3193 dare,
2589 3125 2718 3208 aenei
2739 3126 3022 3192 diceretur,
3055 3125 3168 3181 Non
3197 3137 3278 3181 est
3304 3128 3550 3182 humana:

1969 3215 2248 3288 potestatis
2271 3217 2376 3272 hoc
2396 3209 2526 3274 dare
2556 3236 2571 3274 :
2605 3205 2770 3288 utper
2790 3215 2918 3272 illud
2938 3217 3262 3289 intelligatur
3280 3217 3379 3271 hoc
3399 3217 3545 3283 dare,

1969 3322 2065 3377 per
2085 3305 2226 3377 quod
2264 3307 2407 3362 Deus
2434 3307 2657 3378 mqualis
2687 3315 2767 3362 est
2800 3305 2962 3361 Patri.
2995 3305 3117 3361 Non
3147 3315 3220 3362 est
3251 3323 3434 3370 meum,
3468 3308 3550 3362 in-

1967 3397 2102 3469 quit,
2125 3398 2266 3462 dare,
2294 3397 2347 3452 id
2375 3406 2457 3452 est
2476 3439 2492 3466 ,
2526 3411 2630 3454 non
2659 3395 2885 3452 humana
2916 3405 3175 3466 potestate
3206 3399 3300 3452 ista
3338 3397 3439 3464 do,
3462 3399 3552 3452 sed

1966 3489 2144 3561 quibus
2164 3497 2400 3560 paratum
2429 3499 2500 3542 est
2525 3505 2557 3540 α
2593 3487 2746 3542 Patre
2773 3503 2883 3541 meo
2906 3504 2926 3542 :
2947 3487 3041 3543 sed
3059 3489 3168 3558 jam
3196 3498 3248 3542 tn
3282 3489 3512 3555 intelligo
3529 3530 3546 3556 ,

1967 3580 2090 3650 quia
2132 3581 2176 3634 si
2220 3579 2389 3634 omnia
2425 3594 2539 3652 qua:
2583 3577 2729 3634 habet
2759 3577 2934 3644 Pater,
2977 3595 3088 3633 mea
3121 3589 3234 3650 sunt
3278 3577 3395 3652 (Id.
3424 3595 3548 3648 xvt,

1970 3673 2082 3744 15),
2104 3682 2160 3728 ει
2183 3671 2284 3728 hoc
2305 3671 2485 3744 utique
2509 3687 2686 3728 meum
2707 3682 2876 3739 eSI,et
2901 3687 3019 3726 cum
3041 3671 3195 3725 l’atre
3223 3671 3318 3724 ista
3349 3672 3549 3740 paravi.
3611 3688 3613 3690 ·

2037 3764 2126 3820 26.
2151 3762 2282 3820 Nam
2296 3773 2346 3818 et
2365 3763 2491 3818 illud
2513 3777 2715 3834 qurere,
2736 3761 3000 3834 quomodo
3017 3762 3212 3816 dictum
3236 3763 3324 3824 sit,
3353 3763 3412 3816 Si
3438 3763 3552 3832 quis

1967 3873 2070 3916 non
2093 3857 2236 3912 audit
2263 3856 2408 3911 verba
2434 3873 2565 3926 utea,
2591 3873 2680 3926 ego
2708 3873 2806 3910 non
2819 3855 3062 3925 judicabo
3091 3854 3250 3907 illaut.
3282 3850 3552 3910 Fortassis

1966 3951 2108 4013 enim
2131 3951 2199 4005 ita
2232 3941 2317 4004 hic
2335 3948 2465 4004 dixit
2488 3990 2503 4015 ,
2541 3947 2648 4020 Ego
2682 3964 2781 4002 non
2798 3945 3041 4020 judicabo
3081 3944 3224 4001 illam
3245 3987 3258 4008 ,
3288 3946 3548 4015 qucmad-
3579 3977 3582 3979 λ

1967 4041 2182 4100 modum
2214 4041 2282 4096 ibi
2309 4083 2325 4114 ,
2352 4039 2471 4095 Non
2499 4049 2571 4112 est
2614 4056 2778 4099 meum
2802 4039 2942 4092 dare.
2969 4038 3070 4093 Sed
3109 4036 3232 4110 quid
3260 4036 3344 4090 hic
3369 4037 3548 4107 sequi-

1970 4134 2079 4190 tur?
2103 4133 2224 4188 Non
2253 4137 2384 4187 enim
2423 4129 2567 4201 veni,
2597 4130 2761 4201 inquit
2787 4169 2803 4196 ,
2835 4131 3125 4200 utjudicent
3155 4128 3397 4182 mundum
3419 4171 3432 4192 ,
3462 4128 3553 4181 scd
3593 4116 3596 4120 ’

1966 4217 2239 4295 ιιιέαιυιιηι
2265 4215 2452 4296 faciam
2481 4222 2724 4276 mundum
2754 4239 2772 4275 :
2801 4221 2994 4276 deinde
3012 4282 3014 4284 τ
3034 4219 3281 4290 adjungit
3299 4229 3351 4274 et
3379 4219 3508 4275 dicit
3531 4260 3545 4282 ,

1971 4319 2072 4386 Qui
2101 4334 2177 4374 me
2204 4317 2393 4388 spernit
2421 4325 2467 4371 et
2505 4331 2606 4370 non
2649 4315 2834 4384 accipit
2865 4313 3009 4368 verba
3037 4307 3178 4380 mea,
3211 4305 3358 4367 habet
3390 4313 3476 4383 qui
3497 4329 3553 4366 se

1954 4410 2174 4484 judicet.
2206 4410 2302 4462 llic
2320 4409 2428 4478 jam
2462 4405 2876 4477 intelligeremus
2903 4393 3138 4471 Patrem,
3166 4403 3264 4458 nisi
3293 4403 3548 4472 adjungc—

1965 4514 2047 4561 ret
2073 4514 2129 4560 et
2152 4503 2352 4564 diceret
2382 4519 2394 4554 :
2437 4495 2655 4554 Verbum
2678 4497 2815 4570 quod
2839 4499 3033 4552 locutus
3059 4513 3188 4557 sunt.
3221 4497 3383 4568 ipsum
3397 4497 3550 4567 judi-

1964 4602 2094 4656 cabit
2130 4601 2276 4656 illuni
2303 4599 2355 4656 in
2384 4595 2653 4654 novissimo
2687 4591 2787 4647 die.
2811 4591 2946 4660 Quid
2993 4591 3168 4661 igitur,
3193 4590 3301 4660 jam
3332 4605 3428 4644 nec
3459 4587 3546 4644 Fi-

1966 4697 2068 4751 lius
2085 4693 2364 4765 judicabit,
2388 4690 2509 4760 quia
2528 4689 2681 4754 dixit,
2709 4684 2824 4758 Ego
2851 4703 2950 4740 non
2967 4682 3380 4756 judicabojllmn
3396 4683 3425 4736 .7
3447 4697 3545 4737 nec

1964 4785 2146 4855 Pater,
2169 4784 2262 4843 sed
2289 4783 2507 4840 verbum
2546 4779 2685 4852 quod
2713 4779 2916 4834 locutus
2937 4787 3020 4831 est
3046 4775 3210 4829 Filius
3231 4773 3258 4827 ‘t
3283 4773 3392 4828 lmo
3421 4771 3548 4828 audi

1964 4879 2138 4935 adhuc
2179 4876 2320 4950 quod
2363 4875 2644 4945 sequitur:
2677 4872 2807 4940 Quia
2835 4887 2924 4942 ego
2946 4911 2961 4934 ,
2990 4869 3194 4939 inquit,
3228 4883 3329 4920 non
3373 4879 3434 4919 ra:
3463 4880 3546 4919 me

1961 4971 2161 5026 locutus
2202 4984 2313 5022 sunt
2338 5007 2354 5031 ,
2381 4966 2469 5020 sed
2501 4963 2588 5036 qui
2625 4979 2704 5016 me
2737 4961 2869 5014 misit
2909 4958 3080 5021 Pater,
3122 4956 3208 5010 ille
3246 4955 3543 5009 mandatum

1963 5061 2089 5120 mihi
2107 5059 2243 5113 dedit
2255 5057 2377 5128 quid
2390 5057 2575 5121 dicant,
2599 5063 2644 5107 et
2660 5051 2781 5124 quid
2797 5052 3055 5120 [Μίμαντα
3080 5049 3180 5101 scio
3201 5048 3318 5116 quia
3336 5044 3542 5098 manda-

1965 5161 2068 5205 tum
2085 5151 2195 5220 ejus
2223 5150 2322 5203 vita
2334 5157 2520 5201 (eterna
2536 5153 2627 5200 est.
2649 5143 2775 5209 Qua:
2790 5159 2906 5212 ergo
2924 5156 3014 5212 rgo
3040 5139 3232 5207 loquor,
3257 5138 3326 5190 ita
3343 5145 3396 5189 ut
3412 5135 3543 5191 dixit

1961 5242 2086 5300 mihi
2126 5239 2302 5304 Pater,
2323 5239 2393 5293 sic
2422 5239 2598 5308 loquor
2623 5233 2732 5308 (Id.
2765 5249 2835 5288 xtl
2855 5273 2874 5300 ,
2903 5233 2970 5287 47
2989 5273 3002 5298 ,
3030 5230 3140 5303 50).
3181 5230 3235 5285 Si
3281 5243 3410 5298 ergo
3434 5241 3542 5282 non

1955 5332 2159 5402 iudicat
2187 5330 2352 5386 Filius
2371 5371 2388 5396 ,
2419 5327 2512 5384 sed
2541 5327 2756 5383 verbum
2787 5323 2928 5394 quod
2977 5323 3184 5377 locutus
3214 5328 3297 5378 est
3334 5319 3540 5385 Filius;

1961 5425 2080 5480 ideo
2104 5433 2281 5479 autem
2316 5421 2521 5492 judicat
2566 5419 2785 5473 verbum
2811 5415 2950 5486 quod
2981 5415 3190 5470 loculus
3218 5421 3299 5470 est
3336 5412 3496 5466 Filius
3521 5450 3540 5478 ,

1958 5516 2082 5586 quia
2109 5529 2213 5570 non
2237 5529 2302 5570 ex
2327 5527 2386 5567 se
2408 5512 2614 5567 locutus
2644 5517 2726 5564 est
2756 5507 2920 5562 Filius
2945 5551 2957 5570 .
2987 5507 3080 5562 sed
3111 5505 3199 5576 qui
3247 5504 3388 5560 misit
3417 5518 3545 5558 cum

1960 5610 2115 5665 Pater
2142 5605 2446 5661 mandatum
2475 5602 2624 5658 dedit
2649 5600 2696 5656 ei
2726 5600 2850 5672 quid
2890 5599 3031 5656 dicat
3053 5641 3066 5665 ,
3096 5609 3152 5655 et
3185 5598 3312 5670 quid
3356 5597 3544 5667 loqua-

2022 5766 2042 5798 ι
2076 5769 2142 5813 tta
2164 5762 2216 5812 in
2238 5768 2342 5812 uss.
2363 5765 2418 5810 Αι
2433 5758 2481 5808 in
2507 5756 2672 5818 editis,
2686 5751 3095 5820 prcstiina'inuts.
