4042 6436
590 374 697 435 83⁸)

586 505 720 549 tur:
762 493 921 552 Pater
945 494 1127 566 utique
1149 493 1386 566 iudicat,
1426 492 1581 564 cujus
1625 493 1846 548 verbum
1890 502 1976 548 est
2022 491 2166 562 quod

587 585 795 641 locutus
821 595 903 642 est
940 586 1134 651 Filius,
1158 596 1315 656 atque
1343 585 1514 655 ipsum
1550 584 1783 640 Verbum
1820 585 1994 640 Patris
2028 585 2169 639 idem

586 677 701 747 ipse
726 686 808 732 est
836 677 1021 732 Filius.
1046 676 1159 731 Non
1187 676 1331 731 enim
1361 674 1505 729 aliud
1527 684 1607 731 est
1634 674 1941 730 mandatum
1973 675 2166 738 Patris,

588 768 731 823 aliud
771 768 1002 824 Verbum
1050 768 1219 822 Patris
1249 785 1262 820 :
1298 783 1418 821 nam
1445 778 1499 822 et
1538 769 1761 822 verbum
1802 768 1905 824 hoc
1931 769 2169 839 appella-

582 860 687 923 vit,
716 868 770 914 et
804 859 1127 913 mandatum.
1149 856 1440 913 Videamus
1474 873 1600 928 ergo
1628 875 1693 914 ne
1731 858 1869 914 forte
1892 858 2033 930 quod
2054 862 2163 925 ait,

583 949 696 1021 Ego
737 967 838 1003 non
879 967 941 1004 ea:
985 966 1063 1004 me
1086 950 1281 1003 locutus
1322 966 1464 1015 sum,
1506 949 1607 1005 hoc
1643 950 1859 1021 intelligi
1896 951 2163 1017 voluerit,

580 1041 692 1110 Ego
738 1056 841 1093 non
880 1056 944 1094 ex
989 1056 1075 1094 me
1114 1048 1270 1093 natus
1295 1055 1432 1094 sum.
1467 1039 1522 1095 Si
1559 1041 1702 1095 enim
1728 1039 1960 1096 Verbum
1992 1041 2165 1095 Patris

579 1131 839 1202 loquitur,
868 1146 927 1186 se
971 1131 1144 1201 ipsum
1182 1131 1437 1202 loquitur,
1480 1132 1602 1202 quia
1645 1133 1759 1203 ipse
1804 1141 1887 1188 est
1927 1132 2161 1189 Verbum

576 1222 767 1276 Patris.
811 1223 1130 1293 Plerumque
1171 1224 1311 1277 enim
1342 1223 1500 1290 dicit,
1534 1222 1681 1277 Dedit
1721 1224 1848 1278 mihi
1880 1223 2034 1279 Pater
2056 1240 2077 1280 :
2105 1224 2161 1280 in

572 1327 681 1382 quo
710 1312 823 1366 vult
865 1312 1085 1382 intelligi
1111 1312 1252 1382 quod
1292 1328 1411 1367 eum
1456 1314 1703 1383 genuerit
1740 1314 1939 1370 Pater:
1969 1331 2074 1370 non
2106 1324 2162 1370 ut

577 1397 826 1475 tanquam
852 1407 962 1476 jam
985 1406 1234 1461 existenti
1262 1416 1315 1460 et
1336 1423 1440 1462 non
1460 1408 1676 1463 habenti
1701 1407 1913 1465 dederit
1932 1410 2155 1482 aliquid;

570 1497 667 1553 sed
695 1498 867 1568 ipsum
908 1498 1121 1554 dedisse
1152 1508 1207 1553 nt
1238 1499 1492 1563 haberet,
1515 1501 1765 1571 genuisse
1792 1511 1877 1557 est
1906 1513 1965 1556 ut
1988 1512 2155 1559 esset.

573 1589 690 1645 Non
718 1591 860 1647 enim
890 1589 1030 1645 sicut
1054 1599 1318 1653 creatura,
1348 1590 1416 1644 ita
1448 1591 1539 1645 Dei
1577 1590 1741 1646 Filius
1761 1603 1884 1647 ante
1916 1592 2158 1648 incarna-

573 1679 776 1735 tionem
807 1688 862 1735 et
882 1688 1006 1734 ante
1026 1689 1351 1749 assumptam
1380 1688 1708 1747 creaturam,
1742 1680 2044 1751 unigenitus
2064 1699 2158 1753 per

568 1788 727 1843 quem
773 1771 909 1828 facta
954 1780 1080 1826 sunt
1118 1772 1319 1836 omnia,
1352 1772 1494 1826 aliud
1539 1782 1622 1827 est
1645 1814 1660 1839 ,
1692 1782 1746 1828 et
1772 1773 1913 1828 aliud
1944 1773 2103 1829 habet
2136 1791 2152 1830 :

568 1862 664 1917 sed
693 1862 795 1917 hoc
824 1863 993 1931 ipsum
1019 1872 1121 1927 est,
1147 1862 1287 1931 qttud
1313 1870 1395 1916 est
1424 1860 1475 1916 id
1504 1862 1645 1933 quod
1671 1862 1852 1919 habet.
1883 1863 2033 1931 Quod
2063 1865 2155 1919 illo

568 1953 688 2009 loco
731 1954 1062 2009 manifestius
1099 1954 1312 2018 dicitur,
1340 1955 1383 2007 si
1430 1956 1549 2025 quis
1594 1954 1661 2009 ad
1716 1954 2037 2026 capiendum
2084 1957 2154 2013 sit

568 2045 795 2100 idoneus
819 2086 833 2110 ,
865 2046 953 2100 ubi
997 2046 1071 2101 ait
1105 2063 1117 2099 :
1152 2045 1299 2100 Sicut
1326 2045 1472 2099 habet
1505 2045 1662 2100 Pater
1697 2047 1852 2101 vitam
1876 2049 1929 2103 in
1966 2059 2150 2103 semet-

566 2142 698 2212 ipso,
727 2144 797 2196 ita
838 2143 975 2197 dedit
1016 2144 1155 2197 Filio
1183 2145 1333 2197 vitam
1362 2144 1545 2199 habere
1583 2144 1637 2198 in
1679 2146 1943 2215 semetipso
1965 2142 2147 2213 (Joan.

565 2248 621 2298 γ,
651 2232 765 2303 26).
804 2233 987 2304 Neque
1028 2235 1168 2288 enim
1196 2233 1309 2304 jam
1346 2232 1597 2289 existenti
1627 2244 1681 2289 et
1709 2236 1871 2289 vitam
1904 2250 2008 2289 non
2050 2233 2148 2286 ha-

564 2325 706 2381 benti
739 2326 884 2381 dedit
927 2339 982 2380 ut
1028 2326 1250 2383 haberet
1283 2328 1446 2380 vitam
1494 2328 1546 2382 in
1582 2328 1905 2397 semetipso,
1934 2342 2055 2380 cum
2083 2340 2149 2380 eo

566 2417 683 2487 ipso
711 2418 855 2487 quod
882 2428 984 2483 est,
1014 2421 1118 2472 vita
1150 2419 1220 2473 sit
1241 2420 1281 2473 ⁸.
1313 2419 1427 2473 Iloc
1454 2428 1538 2474 est
1566 2434 1714 2489 ergo,
1748 2419 1884 2473 dedit
1915 2417 2053 2473 Filio
2077 2418 2149 2471 vi-

560 2516 663 2560 tam
689 2508 869 2563 habere
896 2508 947 2561 in
976 2509 1275 2578 semetipso,
1309 2510 1494 2579 genuit
1530 2507 1719 2565 Filium
1750 2524 1869 2565 esse
1889 2511 1910 2542 ¹
1937 2510 2145 2565 incom-

561 2599 865 2654 mutabilem
907 2601 1065 2653 vitam
1091 2639 1106 2661 ,
1133 2600 1275 2670 quod
1313 2609 1395 2655 est
1420 2601 1525 2655 vita
1572 2611 1801 2659 aeterna.
1839 2601 1970 2657 Cum
2016 2615 2145 2670 ergo

564 2689 792 2744 Verbum
844 2690 935 2745 Dei
968 2691 1039 2745 sit
1080 2691 1246 2745 Filius
1288 2691 1416 2757 Dei,
1449 2700 1504 2746 et
1545 2690 1711 2747 Filius
1758 2692 1849 2748 Dei
1894 2692 1965 2747 sit
2000 2707 2146 2746 uerus

559 2782 696 2838 Deus
723 2794 771 2838 et
796 2785 891 2838 vita
912 2795 1102 2839 aeterna
1123 2827 1137 2849 ,
1161 2784 1298 2839 sicut
1321 2785 1373 2839 in
1414 2785 1653 2856 Epistola
1684 2800 1778 2839 sua
1821 2785 1953 2840 dicit
1978 2784 2144 2840 Joan-

557 2892 655 2931 nes
680 2875 719 2948 (l
746 2874 901 2930 Joan.
928 2892 981 2943 v,
1003 2876 1120 2946 20);
1144 2876 1304 2930 etiam
1334 2876 1419 2931 hic
1456 2877 1579 2948 quid
1611 2877 1754 2932 aliud
1783 2877 2140 2949 agnoscimus,

556 2984 679 3024 cum
707 2969 835 3025 dicit
865 2970 1141 3035 Dominus,
1186 2968 1397 3024 Verbum
1427 2970 1561 3042 quod
1591 2971 1790 3025 locutus
1819 2988 1949 3034 sum,
1974 2971 2144 3041 ipsum

556 3062 799 3125 iudicabit
826 3079 938 3116 eum
964 3063 1014 3117 in
1044 3063 1316 3118 novissimo
1346 3063 1465 3130 die;
1492 3072 1547 3118 et
1572 3066 1743 3133 ipsum
1774 3064 2016 3128 verbum,
2042 3064 2144 3118 Pa-

556 3153 654 3208 tris
678 3154 898 3208 verbum
928 3168 1047 3209 esse
1076 3154 1207 3209 dicit
1244 3163 1301 3210 et
1344 3156 1651 3209 mandatum
1701 3155 1873 3210 Patris
1896 3196 1910 3218 ,
1942 3155 2141 3225 ipsum-

554 3259 661 3315 que
704 3244 1009 3299 mandatum
1032 3244 1193 3300 vitam
1220 3246 1511 3302 azternamt
1533 3244 1601 3300 Et
1630 3247 1733 3301 scio
1753 3286 1768 3313 ,
1801 3246 1998 3317 inquit,
2023 3248 2142 3317 quia

554 3338 846 3391 mandatum
872 3339 981 3407 ejus
1005 3339 1103 3393 vita
1123 3348 1310 3393 aeterna
1336 3348 1431 3393 est.

621 3428 714 3484 27.
744 3429 939 3498 Qumro
968 3431 1145 3501 itaque
1179 3431 1449 3502 quomodo
1478 3431 1865 3502 intelligamus,
1898 3430 2008 3503 Ego
2034 3449 2137 3487 non

542 3520 813 3593 judicabo;
837 3523 923 3577 sed
960 3522 1161 3578 verbum
1186 3523 1322 3594 quod
1342 3524 1539 3577 locutus
1555 3540 1665 3577 sum
1688 3523 1932 3592 iudicabit
1950 3541 1969 3578 :
1997 3525 2139 3595 quod

552 3627 623 3667 ex
655 3616 1101 3683 consequentibus
1129 3623 1349 3685 apparet
1374 3615 1441 3669 ita
1466 3615 1664 3669 dictum
1690 3657 1705 3680 ,
1736 3629 1799 3669 ac
1826 3614 1870 3669 si
1899 3614 2098 3670 diceret
2120 3655 2137 3681 ,

559 3704 674 3777 Ego
715 3721 820 3762 non
846 3707 1117 3776 jndiCabo;
1150 3707 1243 3763 sed
1264 3708 1483 3763 verbum
1512 3706 1684 3761 Patris
1701 3707 1975 3776 iudicabit.
2004 3707 2137 3763 Ver-

551 3795 679 3851 bum
706 3804 882 3851 autetn
920 3796 1092 3852 Patris
1118 3806 1199 3852 est
1241 3798 1353 3869 ipse
1384 3796 1549 3852 Filius
1591 3797 1702 3852 Dei.
1731 3798 1941 3854 Siccine
1984 3798 2139 3853 intel-

552 3886 816 3957 ligendum
856 3898 975 3955 est,
1021 3889 1137 3959 Ego
1174 3904 1279 3944 non
1306 3890 1590 3960 judicabo,
1612 3891 1703 3945 sed
1727 3908 1827 3961 ego
1851 3891 2139 3963 iudicabo?

551 3976 830 4045 Quomodo
856 3989 1027 4048 potest
1054 3979 1192 4034 istud
1230 3995 1348 4036 esse
1374 3998 1579 4047 verum,
1612 3983 1710 4037 nisi
1739 3984 1811 4036 ita
1843 4000 1857 4037 :
1897 3984 2005 4054 Ego
2033 3984 2139 4039 sci-

550 4066 676 4121 licet
703 4082 807 4121 non
829 4066 1081 4137 indicabo
1123 4083 1186 4123 ex
1220 4079 1484 4139 potestate
1520 4070 1749 4126 humana
1770 4113 1784 4136 ,
1816 4072 1937 4142 quia
1969 4072 2136 4128 Filius

547 4158 781 4214 hominis
803 4174 957 4225 sum;
994 4159 1086 4214 sed
1117 4176 1217 4230 ego
1259 4160 1510 4230 judicabo
1548 4176 1617 4216 ex
1651 4171 1911 4231 potestate
1934 4162 2130 4233 Verbi,

545 4250 797 4326 quoniam
836 4251 1005 4309 Filius
1054 4253 1146 4307 Dei
1188 4267 1328 4307 sum.
1358 4254 1463 4307 Aut
1496 4252 1541 4308 si
1583 4254 1847 4309 contraria
1889 4264 1943 4310 et
1972 4270 2132 4325 repu-

540 4342 755 4412 gnantia
796 4342 1060 4407 videntur,
1088 4343 1197 4413 Ego
1248 4358 1352 4399 non
1383 4342 1633 4413 iudicabo
1656 4385 1674 4412 ,
1709 4343 1803 4399 sed
1849 4359 1949 4416 ego
1985 4346 2132 4417 judi-

540 4433 675 4489 cabo
707 4449 724 4491 :
753 4432 880 4506 quid
905 4433 1007 4489 illic
1031 4435 1268 4490 dicemus
1290 4477 1306 4502 ,
1346 4436 1431 4490 ubi
1473 4436 1579 4503 ait,
1610 4436 1728 4491 Mea
1761 4437 1990 4492 doctrina
2030 4456 2131 4493 non

539 4533 614 4578 est
642 4526 788 4580 mea!
838 4525 1115 4593 Quomodo
1162 4544 1312 4593 mea,
1364 4527 1633 4599 quomodo
1669 4544 1773 4583 non
1818 4530 1975 4585 mea!
2012 4528 2128 4586 Non

537 4617 682 4673 enim
725 4616 891 4685 dixit,
943 4617 1049 4673 Ista
1090 4618 1330 4674 doctrina
1376 4635 1481 4675 non
1530 4628 1614 4675 est
1644 4635 1803 4686 mea;
1852 4621 1976 4686 sed,
2010 4621 2129 4677 Mea

536 4710 767 4767 doctrina
813 4728 915 4768 non
962 4720 1033 4767 est
1084 4729 1195 4766 mea
1232 4730 1251 4766 :
1285 4728 1442 4784 quam
1488 4712 1621 4768 dixit
1662 4728 1846 4778 suam,
1882 4714 2125 4770 eamdem

535 4800 671 4858 dixit
700 4819 804 4858 non
826 4818 998 4858 suam.
1020 4803 1299 4871 Quomodo
1341 4803 1481 4859 istud
1525 4820 1711 4859 verum
1749 4812 1867 4869 est,
1898 4804 2000 4859 nisi
2042 4820 2129 4861 se-

535 4893 769 4949 cundum
818 4894 960 4949 aliud
987 4910 1135 4950 suam
1178 4895 1407 4962 dixerit;
1446 4896 1739 4951 secundum
1785 4896 1968 4963 aliud,
2017 4913 2123 4953 non

532 4999 684 5040 suam
715 4985 1043 5041 :secundum
1074 4985 1295 5041 formam
1326 4986 1453 5053 Dei,
1486 5003 1656 5053 suam;
1684 4988 1977 5044 secundum
2009 4989 2109 5044 for.

534 5092 676 5131 mam
705 5078 844 5132 servi
866 5120 881 5140 ,
910 5093 1016 5132 non
1048 5077 1226 5132 suam?
1252 5076 1385 5137 Cum
1409 5078 1551 5133 enim
1583 5080 1731 5145 dicit,
1764 5096 1865 5134 non
1894 5090 1967 5134 est
1986 5097 2115 5143 mea,

530 5165 620 5221 sed
662 5169 771 5239 ejus
809 5170 894 5237 qui
929 5186 1007 5224 nte
1038 5169 1174 5223 misit
1201 5169 1389 5239 (Joan.
1414 5185 1513 5233 vn,
1548 5170 1658 5241 i6),
1691 5170 1757 5225 ad
1785 5171 1955 5241 ipsum
1990 5171 2122 5226 Ver-

531 5258 656 5312 bum
703 5275 799 5315 nos
846 5262 967 5316 facit
1009 5276 1305 5317 recurrere.
1351 5261 1596 5316 Doctrina
1639 5262 1781 5317 enim
1828 5262 2001 5317 Patris
2034 5273 2119 5317 est

532 5346 762 5402 Verbum
785 5350 975 5414 Patris.
995 5352 1083 5422 qni
1114 5361 1195 5407 est
1217 5352 1403 5405 unicus
1417 5351 1602 5406 Filius.
1623 5351 1758 5419 Quid
1782 5352 1880 5407 sibi
1907 5363 1961 5407 et
1988 5353 2113 5407 illud

530 5437 659 5501 vult,
697 5438 797 5505 Qui
823 5441 872 5495 in
900 5458 977 5494 me
996 5441 1185 5507 credit,
1214 5442 1388 5496 nonin
1416 5458 1495 5495 nte
1518 5442 1677 5496 credit
1704 5440 1815 5511 (Id.
1845 5458 1941 5507 xu,
1968 5443 2059 5514 44)
2090 5444 2113 5497 ?

527 5528 804 5594 Quomodo
822 5530 873 5585 in
902 5533 1093 5601 ipsum,
1121 5532 1387 5604 quomodo
1404 5547 1508 5589 non
1532 5533 1583 5588 in
1614 5532 1814 5604 ipsum?
1833 5532 2114 5605 Quomodo

1004 5688 1017 5734 i
1041 5686 1250 5747 codices,
1274 5686 1370 5738 vita
1390 5694 1574 5741 wtema
1595 5688 1674 5739 sit.

586 5745 607 5775 ⁸
642 5751 739 5813 A_m_.
767 5755 818 5795 et
841 5745 1184 5812 submittunt,
1207 5745 1340 5813 esse;
1363 5753 1503 5813 cuius
1538 5750 1641 5802 loco
1670 5762 1799 5801 unus
1822 5761 1853 5802 e
1874 5750 2111 5801 Vaticanis

525 5809 615 5854 Ius
655 5806 820 5868 habet,
841 5821 903 5858 ex
924 5822 993 5858 se.

590 5682 607 5751 ξ
644 5689 851 5733 veteres
871 5684 998 5751 aliqu

1718 377 1807 434 DE
1844 375 2236 445 TRIMTA'I‘E,
2274 377 2334 436 S.
2374 380 2742 444 AUGUSTINI

3759 399 3870 459 840

2278 502 2385 550 tam
2410 502 2735 556 contrarium
2760 501 2970 573 sibique
2988 502 3267 562 adversum
3296 513 3469 578 potest
3492 509 3737 582 intelligi,
3766 516 3869 581 Qui

2273 585 2325 639 in
2352 603 2430 641 me
2456 592 2648 657 credit,
2678 592 2880 664 inquit,
2913 611 3011 649 non
3050 596 3103 650 iu
3132 614 3211 651 me
3230 598 3388 653 credit
3412 640 3428 664 ,
3459 603 3547 655 sed
3571 602 3622 655 in
3637 618 3752 656 eum
3777 606 3867 675 qui

2274 692 2354 731 me
2381 680 2516 733 misit
2546 695 2564 734 :
2595 682 2697 737 nisi
2744 685 2811 738 ita
2841 686 3138 757 intelligas,
3167 688 3268 754 Qui
3300 691 3350 743 in
3393 705 3479 745 me
3522 691 3722 759 credit,
3754 710 3863 749 non

2272 767 2323 821 in
2348 769 2447 824 hoc
2476 772 2616 841 quod
2644 774 2788 829 videt
2823 776 3023 843 credit,
3051 794 3116 832 ne
3142 779 3212 833 sit
3248 795 3371 850 spes
3398 791 3580 836 nostra
3613 783 3667 837 in
3695 799 3858 840 crea-

2272 864 2385 913 tura
2410 876 2425 926 ;
2453 861 2552 917 sed
2580 863 2631 917 in
2664 864 2752 918 illo
2776 867 2865 935 qui
2914 869 3149 939 suscepit
3172 880 3473 926 creaturam
3494 914 3509 939 ,
3538 874 3591 928 in
3626 891 3729 944 qua
3753 874 3863 929 hu-

2270 952 2440 1006 manis
2474 955 2642 1009 oculis
2667 967 3074 1035 appareret,_ac
3109 960 3187 1016 sic
3210 961 3276 1016 ad
3322 977 3383 1016 se
3422 965 3681 1033 mqualcm
3712 967 3859 1023 Patri

2266 1046 2733 1115 contemplandum
2761 1065 2857 1119 per
2887 1051 3043 1107 ﬁdem
3074 1057 3235 1109 corda
3284 1057 3605 1112 mandaret?
3626 1057 3864 1131 Ideoque

2264 1135 2331 1189 ad
2378 1137 2587 1193 Patrem
2617 1142 2855 1198 referens
2900 1144 3247 1202 intentionem
3290 1151 3662 1219 credentium,
3690 1165 3744 1208 et
3771 1156 3861 1208 di-

2265 1239 2426 1291 cens,
2461 1227 2583 1283 Non
2623 1231 2676 1283 in
2724 1249 2803 1286 me
2835 1236 3025 1299 credit,
3066 1237 3156 1290 sed
3192 1238 3245 1291 in
3279 1255 3391 1292 eum
3424 1242 3509 1310 qui
3560 1259 3641 1297 me
3676 1244 3858 1311 misit,

2265 1330 2370 1370 non
2402 1318 2581 1389 utique
2606 1337 2665 1376 se
2693 1338 2724 1377 a
2757 1323 2944 1390 Patre,
2977 1326 3029 1380 id
3067 1337 3149 1383 est
3181 1327 3249 1383 ab
3277 1330 3368 1384 illo
3407 1332 3495 1400 qui
3522 1348 3642 1389 eum
3669 1336 3812 1390 misit
3839 1378 3858 1403 ,

2262 1406 2429 1461 voluit
2469 1412 2863 1480 separari:sed
2904 1418 3061 1471 utsic
3107 1418 3158 1471 in
3188 1434 3309 1474 eum
3358 1421 3689 1493 crederetur,
3719 1443 3861 1498 quo-

2262 1499 2423 1554 modo
2449 1500 2499 1554 in
2522 1502 2730 1558 Patrem
2748 1506 2833 1560 cui
2850 1516 2932 1562 est
2955 1510 3192 1580 mqunlis.
3217 1512 3367 1579 Quod
3391 1525 3573 1585 aperte
3588 1518 3695 1573 alio
3725 1520 3852 1575 loco

2259 1592 2411 1660 dicit,
2434 1593 2631 1651 Credite
2648 1610 2665 1639 ι
2683 1599 2736 1653 in
2763 1598 2946 1668 Deum,
2964 1613 3011 1658 et
3035 1604 3087 1658 in
3103 1622 3182 1660 me
3207 1607 3392 1661 credite
3412 1608 3587 1682 (Joan.
3620 1628 3733 1679 xlv,
3759 1616 3813 1684 1)
3838 1632 3855 1669 :

2260 1686 2311 1742 id
2333 1697 2451 1755 est,
2480 1689 2629 1745 Sicut
2649 1692 2865 1748 creditis
2888 1694 2939 1748 in
2969 1695 3133 1751 Deum
3154 1739 3170 1764 ,
3199 1698 3278 1753 sic
3301 1708 3355 1754 et
3380 1700 3431 1755 in
3463 1718 3577 1766 me;
3606 1704 3731 1774 quia
3751 1720 3859 1776 ego

2256 1788 2313 1834 et
2337 1779 2494 1836 Pater
2523 1797 2660 1838 unus
2689 1784 2853 1840 Dens.
2876 1785 3040 1842 Sicuti
3070 1803 3199 1859 ergo
3224 1789 3309 1845 hic
3334 1829 3350 1856 ,
3379 1801 3629 1863 tanquam
3662 1795 3857 1851 abstu-

2258 1868 2319 1924 lit
2344 1885 2373 1924 a
2400 1886 2459 1926 se
2496 1871 2654 1928 ﬁdem
2684 1873 2957 1931 hominum
2979 1918 2995 1942 ,
3026 1891 3081 1933 et
3127 1879 3178 1933 in
3205 1879 3419 1937 Patrem
3449 1884 3740 1949 transtulit,
3765 1887 3856 1941 di-

2254 1956 2426 2016 cendo
2454 2001 2470 2026 ,
2504 1961 2625 2018 Non
2655 1965 2709 2019 in
2734 1982 2817 2021 nn:
2836 1968 2997 2021 credit
3020 2011 3034 2034 ,
3064 1970 3154 2024 sed
3180 1971 3233 2024 in
3258 1988 3372 2026 eum
3398 1974 3484 2043 qui
3509 1992 3588 2030 me
3609 1976 3787 2042 misit,
3818 1993 3854 2034 ι

2254 2068 2359 2122 quo
2385 2062 2561 2111 tamen
2603 2073 2661 2113 se
2703 2060 2886 2130 utique
2927 2077 3031 2117 non
3072 2065 3376 2133 separavit:
3403 2067 3480 2121 sic
3507 2068 3667 2122 etiam
3700 2070 3853 2138 quod

2253 2146 2328 2200 ait
2347 2188 2361 2208 ,
2396 2145 2517 2203 Non
2532 2157 2604 2202 est
2620 2166 2783 2204 meum
2801 2151 2942 2220 dare,
2969 2154 3058 2207 sed
3077 2154 3255 2225 quibus
3283 2167 3513 2227 paratum
3533 2167 3603 2213 est
3628 2176 3661 2212 a
3689 2158 3856 2216 Patre

2254 2252 2386 2302 meo,
2416 2249 2547 2309 puto
2574 2239 2781 2296 clarere
2803 2244 3090 2299 secundum
3117 2246 3243 2316 quid
3272 2256 3555 2319 utrumque
3576 2250 3854 2320 accipieuc

2252 2327 2377 2383 dum
2423 2329 2510 2384 sit.
2558 2330 2685 2387 Tale
2727 2341 2812 2388 est
2839 2335 2981 2389 enim
3007 2344 3061 2391 et
3082 2336 3240 2402 illud,
3276 2337 3388 2409 Ego
3430 2356 3530 2392 non
3558 2339 3851 2409 judicabo;

2250 2434 2373 2475 cum
2394 2420 2505 2490 ipse
2528 2421 2858 2491 judicaturus
2882 2425 2951 2479 sit
2977 2425 3124 2481 vivos
3152 2435 3207 2481 et
3234 2438 3471 2482 mortuos
3504 2428 3568 2499 (Il
3602 2427 3740 2484 Tim.
3764 2445 3846 2498 tv,

2253 2508 2307 2582 l)
2338 2527 2352 2565 :
2383 2511 2475 2566 sed
2505 2513 2625 2583 quia
2648 2529 2753 2569 non
2781 2530 2843 2570 ex
2872 2524 3134 2586 potestate
3160 2516 3410 2582 humana,
3435 2533 3718 2589 pr0pzerea
3749 2537 3843 2575 rc-

2250 2617 2473 2659 currens
2500 2604 2565 2659 ad
2592 2604 2845 2662 deitatem
2867 2649 2882 2672 ,
2914 2622 3125 2663 sursum
3165 2608 3317 2679 erigit
3346 2609 3508 2664 corda
3538 2609 3846 2677 hominum,

2249 2704 2468 2766 prepter
2492 2712 2613 2766 qua:
2639 2696 2965 2755 sublevanda
3001 2698 3299 2754 descendit.

2319 2786 2545 2844 CAPUT
2580 2786 2717 2845 XIII.
2746 2818 2820 2830 —
2844 2789 2934 2845 ‘28.
2970 2789 3046 2845 De
3070 2791 3244 2846 eodem
3270 2790 3473 2847 Christo
3496 2792 3693 2847 diversa
3709 2811 3846 2863 prat-

2248 2876 2513 2944 dicantur,
2541 2880 2601 2934 ob
2641 2880 2862 2934 diversas
2908 2891 3115 2937 naturas
3156 2882 3498 2952 hypostaseos.
3548 2882 3653 2938 Cur
3684 2884 3847 2939 Pater

2248 2968 2436 3023 dicitur
2474 2987 2576 3025 non
2611 2970 2935 3042 judicaturus
2958 3013 2973 3038 ,
3005 2974 3093 3026 sed
3134 2974 3386 3044 judicium
3427 2973 3627 3029 dedisse
3670 2974 3841 3031 Filio.

2248 3060 2359 3117 Nisi
2408 3071 2581 3118 tamen
2612 3064 2726 3133 ipse
2774 3062 2918 3121 idem
2963 3075 3108 3120 esset
3150 3065 3317 3121 Filius
3362 3065 3595 3121 hominis
3618 3079 3843 3140 propter

2246 3152 2473 3208 formam
2516 3155 2658 3209 servi
2696 3170 2854 3225 quam
2894 3157 3133 3226 accepit,
3160 3158 3249 3227 qui
3289 3168 3368 3213 est
3393 3157 3555 3213 Filius
3585 3158 3677 3214 Dei
3714 3175 3843 3230 pro-

2246 3253 2365 3315 pter
2396 3245 2487 3300 Dei
2514 3246 2737 3301 formam
2772 3247 2823 3301 in
2853 3262 2957 3317 qua
2986 3257 3104 3313 est;
3133 3262 3237 3302 non
3266 3248 3467 3304 diceret
3490 3249 3689 3304 Paulus
3715 3265 3845 3319 apo.

2244 3338 2414 3393 stolus
2453 3338 2521 3393 de
2567 3338 2893 3408 principibus
2925 3339 3080 3409 hujus
3130 3339 3307 3396 seculi
3339 3358 3354 3395 :
3386 3340 3449 3395 Si
3484 3342 3618 3394 enim
3641 3356 3843 3411 cogno-

2243 3428 2446 3494 visseut,
2474 3444 2727 3499 nunquam
2756 3427 3034 3483 Dominum
3048 3429 3225 3501 gloria:
3249 3430 3615 3499 cruciﬁan'sscnt
3636 3430 3679 3503 (I
3703 3430 3832 3485 Cor.

2244 3536 2280 3576 ll
2300 3562 2315 3588 ,
2343 3519 2419 3593 8).
2453 3521 2529 3575 Ex
2556 3519 2721 3575 forma
2750 3522 2891 3576 enim
2937 3521 3080 3576 servi
3107 3522 3394 3577 crucillxns
3414 3531 3499 3578 est
3519 3562 3537 3589 ,
3564 3531 3622 3579 et
3644 3532 3835 3580 tamen

2245 3610 2500 3666 Dominus
2524 3611 2709 3683 glorias
2745 3612 3029 3667 crucifixus
3080 3621 3183 3668 est.
3225 3614 3371 3668 Talis
3395 3615 3541 3669 enim
3583 3624 3704 3669 erat
3746 3615 3838 3670 illa

2243 3701 2531 3772 susceptio,
2556 3717 2677 3772 qua:
2708 3702 2872 3756 Deum
2906 3701 3176 3757 hominem
3214 3704 3404 3759 taceret
3426 3744 3442 3770 ,
3473 3714 3528 3759 et
3556 3703 3838 3759 hominem

2245 3792 2431 3846 Demn.
2463 3791 2600 3861 Quid
2631 3802 2809 3847 tamen
2839 3804 3059 3863 propter
3094 3794 3255 3864 quid,
3287 3802 3341 3849 et
3382 3793 3509 3865 quid
3536 3795 3841 3851 secundum

2241 3883 2373 3954 quid
2421 3884 2664 3948 dicatur,
2697 3884 2982 3953 adjuvante
3032 3886 3256 3940 Domino
3302 3885 3570 3955 prudens,
3599 3898 3655 3941 et
3706 3888 3838 3943 diii-

2239 3990 2392 4045 gens,
2413 3984 2469 4032 et
2496 3976 2617 4045 pius
2643 3976 2810 4031 lector
2836 3977 3104 4047 intelligit.
3127 3975 3259 4031 Nam
3291 3991 3417 4032 ecce
3442 3976 3679 4032 diximus
3707 3979 3839 4049 quia

2237 4065 2538 4122 secundum
2570 4067 2620 4123 id
2668 4067 2811 4139 quod
2844 4068 2984 4123 Deus
3019 4076 3123 4135 est,
3148 4066 3408 4138 gloriﬁcat
3444 4082 3605 4133 suos,
3637 4084 3841 4124 secun-

2240 4157 2368 4214 dum
2398 4159 2498 4214 hoc
2537 4160 2719 4230 utique
2746 4158 2886 4229 quod
2917 4160 3169 4215 Dominus
3206 4160 3393 4231 gloria:
3423 4168 3527 4223 est;
3553 4169 3611 4215 et
3642 4170 3833 4215 nmen

2242 4250 2495 4306 Dominus
2529 4252 2717 4322 gloriae
2750 4250 3037 4307 crucifixus
3065 4260 3182 4318 est,
3208 4251 3330 4321 quia
3372 4260 3514 4307 recte
3544 4250 3751 4306 dieitur
3777 4262 3841 4307 et

2239 4342 2381 4399 Dens
2405 4345 2711 4411 crueilixus,
2743 4359 2848 4399 non
2877 4360 2944 4399 ex
2968 4345 3163 4401 virtute
3193 4344 3504 4409 divinitatis,
3527 4342 3621 4398 sed
3642 4358 3713 4399 ex
3746 4344 3831 4399 in-

2239 4434 2485 4490 ﬁrmitate
2513 4435 2692 4490 carnis
2720 4434 2784 4505 (ll
2816 4434 2933 4489 Cor.
2962 4451 3089 4502 xm,
3120 4435 3175 4503 4)
3209 4436 3385 4492 :sieut
3419 4434 3834 4507 dicimus,qiia

2240 4525 2532 4581 secundum
2559 4526 2609 4580 id
2629 4525 2772 4596 quod
2799 4527 2936 4582 Deus
2972 4536 3054 4581 est
3073 4525 3275 4595 judieat
3294 4567 3309 4593 ,
3347 4526 3448 4580 hoc
3468 4536 3551 4581 est
3583 4541 3650 4581 ex
3672 4538 3839 4597 pote-

2234 4625 2373 4672 state
2422 4616 2601 4672 divina
2624 4659 2640 4684 ,
2672 4632 2776 4672 non
2807 4633 2873 4671 ex
2910 4617 3139 4673 humana
3165 4633 3179 4681 ;
3205 4624 3259 4671 et
3296 4626 3473 4672 tamen
3513 4617 3630 4688 ipse
3658 4616 3835 4674 homo

2237 4709 2571 4779 judicaturus
2585 4717 2697 4777 est,
2726 4712 2863 4764 sicut
2892 4710 3149 4765 Dominus
3174 4709 3358 4782 gloria:
3389 4712 3681 4768 crucillxns
3706 4724 3830 4769 est:

2233 4801 2301 4855 ita
2329 4801 2471 4855 enim
2515 4809 2699 4870 aperte
2739 4801 2901 4867 dicit,
2931 4801 3061 4855 Cum
3093 4804 3279 4857 venerit
3318 4802 3483 4858 Filius
3520 4804 3747 4860 hominis
3776 4808 3833 4859 in

2228 4892 2391 4961 gloria
2414 4907 2526 4955 sua,
2550 4900 2603 4944 et
2615 4908 2785 4945 omnes
2804 4892 2983 4962 Angeti
3008 4908 3122 4946 cum
3138 4909 3215 4957 eo,
3239 4903 3355 4945 tunc
3375 4895 3834 4963 congregabantur

2227 4990 2342 5035 ante
2391 4996 2504 5035 eum
2532 4996 2705 5034 omnes
2727 4992 2898 5051 gentes
2927 4981 3139 5052 (Matth.
3189 4997 3311 5047 xxv,
3343 4983 3436 5048 5|,
3468 4983 3585 5053 32);
3616 4992 3671 5037 et
3711 5000 3831 5039 cac-

2228 5082 2337 5127 tera
2366 5088 2485 5143 qua!
2512 5072 2581 5128 de
2605 5071 2785 5128 futuro
2812 5072 3015 5143 judicio
3044 5088 3211 5144 usque
3228 5073 3295 5127 ad
3320 5075 3561 5129 ultimam
3602 5087 3833 5131 senten-

2226 5165 2351 5221 tiam
2380 5165 2431 5219 in
2461 5180 2529 5221 eo
2555 5165 2672 5221 loco
2705 5165 3078 5235 praedicantur.
3103 5166 3170 5221 Et
3194 5165 3390 5230 Jndzei,
3416 5168 3620 5238 quippe
3648 5170 3745 5239 qui
3772 5170 3829 5225 ia

2224 5256 2423 5311 malitia
2449 5266 2871 5325 perseverantes,
2922 5257 2976 5311 in
3008 5257 3099 5313 illo
3124 5257 3324 5327 judicio
3351 5259 3607 5329 puniendi
3642 5270 3783 5315 sunt
3812 5303 3829 5326 ,

2223 5348 2376 5404 sicuti
2398 5348 2522 5403 alibi
2546 5348 2801 5418 scriptum
2830 5359 2934 5415 est,
2965 5348 3199 5405 videbunt
3228 5350 3281 5405 in
3302 5367 3450 5422 quem
3479 5362 3825 5423 pupugerunt

2226 5441 2407 5513 (Zach.
2435 5458 2528 5509 ιιι,
2560 5440 2670 5514 I0).
2696 5442 2826 5497 Cum
2854 5444 2997 5498 enim
3040 5452 3095 5498 et
3121 5443 3244 5499 boni
3287 5452 3343 5498 et
3362 5445 3487 5499 mali
3512 5444 3678 5498 visuri
3713 5446 3827 5503 sint

2216 5536 2449 5609 judicem
2488 5537 2728 5591 vivorum
2769 5543 2825 5590 et
2861 5546 3228 5603 mortuorum,
3258 5535 3441 5606 procul
3488 5536 3655 5591 dubio
3688 5552 3824 5592 eum

2220 5628 2400 5683 videre
2429 5626 2552 5685 mali
2580 5642 2685 5682 non
2715 5635 2984 5697 poterunt,
3008 5627 3109 5682 nisi
3133 5626 3426 5683 secundum
3454 5626 3686 5681 formam
3710 5642 3827 5698 qua

2220 5722 2359 5777 ﬁlius
2378 5720 2608 5775 hominis
2633 5729 2753 5786 est;
2784 5720 2880 5775 sed
2910 5729 3088 5775 tamen
3122 5721 3173 5773 in
3218 5720 3464 5774 claritate
3509 5720 3559 5774 in
3586 5734 3698 5790 qua
3730 5721 3827 5792 juv
3898 5792 3901 5793 ν

2285 5814 2299 5844 ι
2338 5811 2471 5874 Editi,
2500 5823 2541 5861 ε’
2567 5809 2725 5863 (ditis.
2750 5818 2802 5861 Αι
2825 5818 2931 5861 ttss.
2956 5818 3256 5873 constanter,
3284 5810 3483 5862 credite.
