4084 6436
270 375 385 433 841

284 490 506 558 dicahit,
536 505 642 547 non
670 491 725 546 in
753 490 1053 548 humilitate
1088 492 1143 547 in
1168 506 1270 563 qua
1311 490 1576 562 iudicatus
1613 505 1717 553 est.
1742 499 1863 554 Cae-

283 592 457 638 terum
510 584 788 649 illam..Dei
815 584 1040 640 formam
1088 585 1141 640 in
1167 599 1269 655 qua
1316 586 1535 656 mqualis
1572 596 1653 643 est
1677 588 1819 643 Patri
1847 630 1864 657 ,

282 675 471 744 procul
514 675 682 731 dubio
719 676 869 747 impii
915 692 1021 731 non
1067 676 1343 732 videbunt.
1391 676 1507 733 Non
1553 679 1696 735 enim
1743 688 1868 735 sunt

279 766 667 823 mundicordes
696 785 709 821 :
739 767 882 822 Beati
909 768 1052 823 enim
1094 767 1447 823 mundicordes
1466 809 1482 835 ,
1512 770 1752 838 quoniam
1767 769 1868 839 ipsi

278 854 449 911 Deum
492 858 730 912 videbunt
757 856 985 930 (Matth.
1008 874 1061 925 v,
1084 858 1159 928 8).
1188 858 1258 913 Et
1282 857 1397 928 ipsa
1433 858 1567 912 visio
1604 866 1690 913 est
1729 858 1865 914 facie

276 948 345 1003 ad
376 948 565 1005 faciem
593 950 638 1022 (l
667 950 786 1005 Cor.
812 965 924 1016 xui,
958 949 1070 1021 12),
1098 964 1217 1019 quae.
1246 951 1265 982 ί
1295 965 1562 1005 summum
1587 951 1863 1021 praemium

280 1039 608 1109 promittitur
629 1040 819 1112 iustis;
847 1049 903 1096 et
934 1041 1047 1111 ipsa
1087 1039 1213 1105 ﬁet,
1263 1055 1384 1096 cum
1427 1041 1597 1097 tradet
1642 1056 1865 1113 regnum

277 1129 394 1185 Deo
418 1139 475 1187 et
499 1132 671 1198 Patri;
696 1132 751 1187 in
779 1129 885 1202 quo
917 1139 974 1187 et
1000 1147 1112 1187 sua:
1139 1131 1327 1187 formae
1364 1131 1621 1188 visionem
1642 1132 1755 1188 vult
1781 1133 1866 1187 in-

270 1220 467 1292 telligi,
496 1222 735 1293 subiecta
764 1224 874 1279 Deo
899 1223 1144 1279 universa
1170 1230 1434 1290 creatura,
1467 1232 1522 1281 et
1541 1225 1656 1295 ipsa
1683 1224 1737 1279 in
1759 1238 1864 1295 qua

274 1312 453 1368 Filius
478 1314 573 1369 Dei
613 1314 755 1370 illius
791 1314 1023 1370 hominis
1066 1314 1236 1370 factus
1259 1323 1360 1371 est.
1389 1314 1525 1382 Quia
1572 1314 1864 1370 secundum

275 1400 418 1458 hanc
440 1411 487 1457 et
505 1404 615 1473 ipse
639 1403 811 1459 Filius
831 1414 948 1460 tunc
976 1404 1230 1475 subjectus
1265 1405 1346 1458 illi
1370 1405 1498 1473 erit,
1520 1404 1609 1476 qui
1630 1405 1677 1458 ei
1697 1405 1864 1475 subje-

272 1494 342 1547 cit
366 1496 538 1550 omnia
557 1536 572 1561 ,
600 1504 656 1549 ut
684 1495 751 1551 sit
777 1495 916 1552 Deus
940 1496 1110 1551 omnia
1145 1496 1201 1550 in
1231 1496 1461 1550 omnibus
1488 1494 1601 1567 (Id.
1634 1510 1727 1562 xv,
1755 1493 1861 1560 24,

272 1582 396 1655 28).
418 1584 668 1656 Alioquin
692 1586 739 1641 si
764 1585 931 1641 Filius
952 1586 1047 1642 Dei
1066 1585 1231 1654 iudex
1264 1586 1322 1640 in
1357 1585 1529 1640 forma
1554 1600 1658 1655 qua
1683 1600 1863 1656 aequa-

274 1674 346 1730 lis
372 1685 455 1732 est
482 1677 661 1745 Patri,
689 1677 849 1733 etiam
872 1678 1050 1747 impiis
1083 1692 1205 1732 cum
1231 1676 1565 1747 iudicaturus
1588 1684 1671 1731 est
1698 1690 1863 1746 appa-

274 1768 437 1834 rebit,
454 1768 577 1839 quid
604 1776 689 1824 est
715 1768 856 1839 quod
877 1783 974 1839 pro
998 1782 1192 1840 magno
1202 1767 1447 1825 dilectori
1471 1782 1571 1823 suo
1583 1766 1864 1838 pollicetur

274 1858 468 1914 dicens
492 1901 507 1927 ,
537 1858 605 1912 Et
631 1875 722 1930 ego
747 1860 956 1931 diligam
975 1875 1111 1927 cum,
1136 1868 1183 1913 et
1200 1858 1460 1913 ostendam
1489 1874 1568 1913 me
1593 1858 1761 1929 ipsum
1784 1856 1863 1912 illi

274 1951 456 2023 (Joan.
486 1970 579 2009 xxv
602 1995 617 2021 ,
643 1952 763 2024 2i)?
793 1952 1126 2023 Quapropter
1144 1952 1310 2007 Filius
1340 1951 1571 2007 hominis
1599 1950 1862 2021 iudicatu-

274 2056 370 2097 rus
398 2051 519 2109 est,
556 2057 656 2099 nec
683 2052 860 2099 tamen
888 2058 957 2099 ex
1002 2044 1235 2099 humana
1265 2050 1557 2113 potestate,
1584 2041 1680 2098 sed
1704 2057 1771 2097 ex
1798 2056 1861 2098 ea

274 2150 380 2205 qua
407 2134 579 2191 Filius
608 2135 704 2191 Dei
732 2144 815 2192 est
844 2144 937 2191 :et
959 2150 1143 2191 rursus
1183 2134 1349 2191 Filius
1393 2135 1488 2191 Dei
1530 2134 1861 2206 iudicaturus

275 2234 379 2293 est,
406 2241 511 2305 nec
541 2236 719 2282 tamen
763 2228 819 2282 in
846 2242 910 2283 ea
948 2225 1121 2282 forma
1146 2241 1436 2297 apparens,
1482 2226 1538 2281 in
1581 2241 1683 2298 qua
1720 2226 1861 2282 Deus

276 2330 361 2375 est
420 2319 645 2391 aequalis
686 2318 873 2388 Patri,
913 2319 1008 2375 sed
1054 2319 1111 2374 in
1154 2333 1217 2375 ea
1282 2334 1387 2390 qua
1442 2318 1583 2375 ﬁlius
1628 2317 1860 2375 hominis

274 2418 378 2465 est.

344 2501 436 2558 29.
470 2501 648 2573 itaque
673 2509 955 2571 utrumque
980 2500 1083 2555 dici
1106 2508 1309 2571 potest;
1338 2510 1409 2568 et,
1438 2500 1602 2556 Filius
1630 2500 1860 2557 hominis

271 2596 560 2666 iudicabit;
587 2606 672 2664 et,
701 2596 820 2651 Non
848 2595 1014 2650 Filius
1044 2594 1273 2650 hominis
1296 2594 1553 2664 iudicabit
1582 2613 1596 2649 :
1630 2594 1751 2665 quia
1770 2593 1861 2649 Fi-

274 2689 376 2745 lius
428 2689 658 2745 hominis
682 2688 976 2759 iudicabit,
1010 2696 1068 2742 ut
1106 2701 1289 2743 verum
1329 2687 1398 2741 sit
1424 2685 1565 2757 quod
1602 2688 1702 2754 ait,
1732 2684 1859 2742 Cum

274 2782 460 2835 venerit
497 2779 667 2835 Filius
694 2780 910 2834 hominis
930 2821 944 2843 ,
979 2788 1099 2832 tunc
1142 2777 1574 2849 congregabantur
1598 2786 1716 2832 ante
1738 2794 1858 2832 eum

280 2890 454 2928 omnes
478 2882 689 2945 gentes;
718 2881 773 2929 et
798 2887 904 2928 non
928 2872 1092 2927 Filius
1124 2871 1355 2927 hominis
1375 2870 1633 2942 iudicabit
1650 2911 1667 2937 ,
1694 2880 1752 2928 ut
1768 2885 1861 2927 ve-

280 2981 399 3021 rum
426 2966 495 3021 sit
521 2965 661 3037 quod
685 2966 760 3020 ait
777 3007 793 3033 ,
816 2962 929 3036 Ego
954 2980 1056 3019 non
1071 2963 1316 3035 judicabo
1336 2961 1460 3037 (Id.
1478 2979 1583 3032 ιιι,
1608 2963 1676 3018 47
1699 2962 1758 3036 );
1783 2971 1856 3030 et,

276 3058 391 3129 Ego
404 3074 507 3113 non
534 3074 703 3132 quam
719 3057 935 3129 gloriam
958 3072 1153 3123 meam;
1169 3064 1243 3112 est
1267 3057 1354 3129 qui
1376 3064 1586 3130 quierat,
1608 3064 1655 3111 et
1673 3056 1862 3123 iudicet

277 3151 387 3223 (Id.
419 3169 513 3207 vui
532 3194 549 3221 ,
576 3154 701 3223 50).
723 3152 856 3208 Nam
885 3152 1175 3209 secundum
1202 3152 1255 3207 id
1290 3152 1432 3223 quod
1454 3152 1505 3207 in
1529 3152 1726 3223 iudicio
1750 3168 1861 3208 non

276 3244 446 3301 forma
477 3246 610 3312 Dei,
638 3245 731 3302 sed
778 3244 949 3301 forma
990 3244 1084 3300 lilii
1129 3244 1360 3301 hominis
1404 3246 1710 3314 apparebit,
1760 3260 1861 3302 nec

277 3339 387 3408 ipse
406 3339 564 3393 Pater
585 3337 878 3409 iudicabit;
910 3336 1201 3393 secundum
1230 3337 1504 3393 hocenim
1528 3337 1726 3392 dictum
1755 3346 1858 3404 est,

278 3428 435 3484 Pater
460 3446 560 3483 non
579 3429 784 3498 judicat
806 3445 1102 3500 quemquam
1121 3467 1142 3498 ,
1169 3429 1259 3484 sed
1281 3444 1427 3483 omne
1443 3429 1698 3498 judicium
1717 3428 1857 3482 dedit

278 3519 435 3575 Filio.
466 3519 620 3589 Quod
646 3529 819 3576 utrum
845 3536 911 3576 ex
938 3520 1021 3575 illa
1046 3520 1315 3574 locutione
1342 3519 1541 3573 dictum
1568 3520 1669 3587 sit,
1701 3534 1860 3590 quam

277 3625 436 3683 supra
465 3613 999 3669 commemoravimus
1017 3654 1032 3681 ,
1063 3610 1154 3667 ubi
1182 3611 1252 3666 ait
1278 3650 1295 3679 ,
1324 3610 1414 3666 Sic
1441 3610 1576 3664 dedit
1598 3609 1733 3664 Filio
1763 3610 1859 3664 ha-

278 3704 389 3758 bere
432 3706 588 3759 eitam
630 3707 687 3759 in
737 3706 997 3776 semetipso
1025 3702 1148 3774 (Id.
1178 3718 1214 3757 v
1237 3743 1251 3769 ,
1279 3701 1373 3767 22,
1402 3701 1502 3772 26)
1524 3742 1539 3768 ,
1571 3711 1629 3756 ιιι
1656 3701 1859 3771 signiﬁ-

275 3805 421 3851 caret
443 3797 568 3867 quia
585 3796 663 3852 sic
676 3797 859 3867 genuit
872 3796 1062 3850 Filium
1082 3813 1093 3849 :
1110 3809 1175 3849 an
1192 3810 1257 3849 ex
1270 3794 1358 3848 illa
1378 3793 1446 3848 de
1465 3808 1565 3863 qua
1590 3793 1822 3863 loquitur
1838 3795 1858 3825 '

275 3889 562 3958 Apostolus
583 3893 786 3957 dicens,
809 3887 1025 3959 Propter
1052 3888 1184 3958 quod
1212 3902 1325 3941 eum
1353 3886 1609 3940 suscitavit
1632 3885 1678 3953 ³,
1697 3894 1742 3940 et
1768 3885 1860 3939 dc-

276 3984 412 4036 navit
439 3981 519 4035 illi
547 3998 726 4035 nomen
752 3981 885 4052 quod
915 3984 987 4034 est
1016 3996 1169 4050 super
1198 3994 1343 4033 omne
1367 3977 1694 4032 nomenJloc
1717 3977 1859 4033 enim

277 4075 340 4129 de
365 4074 476 4129 lilio
510 4074 741 4130 hominis
763 4074 962 4129 dictum
992 4082 1076 4128 est
1105 4115 1121 4140 ,
1155 4071 1443 4127 secundum
1473 4086 1630 4141 quem
1652 4071 1746 4126 Dei
1768 4071 1861 4126 Fi-

276 4166 378 4222 lius
404 4166 664 4222 excitatus
688 4176 770 4223 est
796 4181 826 4220 a
857 4164 1104 4221 mortuis.
1136 4164 1233 4220 ille
1261 4164 1455 4235 quippe
1482 4165 1533 4219 in
1566 4163 1736 4219 forma
1764 4164 1860 4220 Dei

283 4259 507 4330 aequalis
534 4260 712 4326 Patri,
740 4275 807 4315 ex
845 4274 950 4330 quo
974 4258 996 4290 ’⁸
1026 4273 1086 4314 se
1130 4259 1436 4325 exinanivit,
1468 4257 1691 4313 formam
1719 4260 1860 4315 servi

276 4350 578 4420 accipiens,
612 4351 663 4405 in
692 4351 803 4420 ipsa
828 4350 995 4405 forma
1030 4350 1169 4405 servi
1196 4358 1250 4403 et
1275 4349 1414 4419 agit,
1452 4357 1517 4403 ett
1532 4350 1761 4421 patitur,
1806 4358 1863 4405 et

284 4443 500 4511 accipit,
523 4457 640 4513 qua:
668 4450 1054 4511 consequenter
1077 4440 1644 4510 contexitApostolus:
1675 4438 1862 4494 Humi-

276 4535 416 4589 liavit
444 4552 499 4590 se
517 4576 533 4604 ,
561 4538 725 4607 factus
754 4534 985 4589 obediens
1009 4550 1163 4602 usque
1185 4533 1253 4585 ad
1280 4542 1509 4600 mortem,
1528 4541 1739 4587 mortem
1763 4550 1860 4587 au-

276 4638 374 4683 tem
426 4630 635 4683 crucis:
682 4637 886 4699 propter
913 4627 1047 4697 quod
1084 4635 1129 4680 et
1154 4624 1291 4680 Deus
1324 4625 1469 4678 illum
1510 4625 1777 4691 exaltabit,
1815 4633 1862 4678 et

275 4718 484 4773 donavit
530 4719 576 4772 ei
617 4735 796 4772 nomen
816 4759 830 4785 ,
860 4718 995 4788 quod
1020 4725 1091 4771 est
1119 4732 1271 4786 super
1308 4731 1457 4769 omne
1482 4730 1694 4783 nomen,
1729 4724 1784 4769 ut
1808 4718 1862 4770 in

274 4811 479 4865 nomine
515 4810 641 4865 Iesu
682 4825 829 4863 omne
867 4826 998 4880 genu
1057 4809 1312 4879 ﬂectatur,
1353 4806 1653 4872 cwlestium,
1702 4816 1859 4861 terre-

275 4906 454 4959 strium
482 4914 527 4959 et
568 4906 882 4977 infernarum
900 4945 914 4969 ,
956 4913 1001 4957 et
1030 4904 1192 4957 omnis
1217 4902 1390 4973 lingua
1415 4903 1711 4971 conﬁteatur
1738 4903 1863 4973 quia

274 4998 529 5053 Dominus
556 4997 593 5051 Ι
597 5014 709 5052 esus
738 4995 965 5052 Christus
989 4996 1042 5049 in
1068 4996 1230 5066 gloria
1277 5003 1349 5048 est
1376 4992 1475 5049 Dei
1500 4994 1670 5049 Patris
1696 4993 1864 5065 (Phi-

276 5091 405 5162 lipp.
438 5106 495 5144 XI
517 5131 533 5158 ,
566 5089 689 5144 6-H
720 5090 760 5162 ).
794 5088 980 5144 Utrum
1006 5103 1130 5157 ergo
1161 5086 1452 5142 secundum
1481 5088 1653 5155 illam,
1686 5103 1752 5142 an
1780 5102 1865 5143 se-

277 5183 512 5238 cundum
565 5183 725 5238 istam
769 5181 1091 5238 locutionem
1140 5180 1337 5235 dictum
1364 5182 1470 5249 sit,
1523 5181 1685 5235 Omne
1720 5183 1864 5254 judi-

276 5276 414 5328 tium
457 5274 594 5328 dedit
636 5272 804 5339 Filio,
835 5274 966 5327 satis
1004 5272 1129 5327 hinc
1157 5280 1417 5343 apparet,
1450 5273 1570 5343 quia
1600 5274 1643 5327 si
1670 5288 1863 5329 secun-

276 5366 407 5421 dum
456 5365 587 5420 illud
629 5365 903 5421 diceretur
948 5363 1238 5418 secundum
1286 5362 1427 5434 quod
1475 5364 1674 5419 dictum
1731 5374 1811 5420 est
1843 5406 1859 5435 ,

276 5454 433 5511 Dedit
457 5453 597 5510 Filio
626 5455 806 5510 habere
831 5456 983 5509 vitam
1025 5456 1078 5509 in
1106 5455 1399 5525 semetipso;
1428 5470 1538 5511 non
1565 5458 1749 5528 utique
1776 5457 1859 5513 di-

341 5616 360 5647 ³
394 5613 548 5665 Editio
564 5620 641 5662 Er.
664 5611 935 5724 etqauidam
954 5617 1061 5684 Mss:
1078 5646 1095 5671 ,
1119 5623 1231 5676 qua.
1272 5672 1282 5683 ⁸

342 5677 362 5708 ⁸
394 5674 744 5724 Mss..anea:tl
817 5672 1282 5724 mtaloautturmmr

342 5677 362 5745 ξ
394 5683 526 5745 »ιδεμ
549 5689 694 5726 mw
708 5670 1174 5745 mammae.-
1191 5672 1383 5745 ουξὶεερε
1407 5670 1486 5745 ἀς-

340 5737 363 5771 ³
396 5732 539 5799 Paulo
578 5745 687 5799 post
716 5744 770 5787 ut
805 5732 857 5786 in
892 5732 1121 5799 Vulgata,
1155 5732 1416 5794 exultavit;
1444 5733 1585 5796 juxta
1614 5746 1862 5798 graecum,

282 5798 629 5910 uperétssésen.

341 5862 364 5892 δ
415 5868 426 5878 “
463 5862 534 5921 tti,
551 5873 615 5911 ea:
631 5872 743 5924 qua.
762 5859 1045 5911 Concinnius
1061 5858 1255 5921 quidam
1276 5862 1405 5920 Mss,
1428 5868 1492 5911 ex
1506 5869 1613 5921 quo.

561 5948 785 6012 Saucr.
821 5951 1093 6011 Ληουεῖ.
1121 5944 1292 6007 VIII.

1638 342 1840 441 LIBER
1877 383 2148 444 paruus.
2180 436 2183 439 ,
2400 392 2413 419 ί
2469 395 2478 439 ξ

3439 402 3548 462 842

1978 509 2211 564 ceretur,
2238 500 2400 558 Pater
2424 519 2526 559 non
2546 504 2748 577 judicat
2773 514 3091 580 quemquam.
3120 508 3420 569 Secundum
3445 516 3547 574 hoc

1976 590 2122 647 enim
2145 592 2285 662 quod
2310 595 2565 666 aequalem
2588 596 2745 653 Pater
2761 600 2945 669 genuit
2963 600 3176 668 Filium,
3196 602 3399 673 judicat
3421 621 3541 661 cum

1974 680 2085 737 illo.
2106 682 2408 740 Secundum
2434 685 2537 743 hoc
2558 703 2688 759 ergo
2709 689 2907 746 dictum
2935 700 3054 761 est,
3082 695 3225 765 quod
3249 684 3302 751 in
3324 697 3545 767 iudicio,

1973 786 2080 827 non
2124 774 2293 830 forma
2340 776 2474 842 Dei,
2528 776 2623 833 sed
2664 781 2833 835 forma
2862 781 2955 837 lilii
2984 783 3214 841 hominis
3249 789 3544 857 apparebit.

1969 860 2087 916 Non
2103 862 2228 933 quia
2254 880 2358 919 non
2379 865 2636 935 iudicabit
2655 870 2743 939 qui
2763 871 2913 929 dedit
2932 889 3089 931 omne
3111 875 3366 945 iudicium
3391 878 3546 949 Filio,

1971 966 2094 1008 cum
2122 954 2191 1011 de
2220 955 2309 1011 illo
2333 957 2476 1013 dicat
2502 958 2667 1015 Filius
2689 1002 2706 1029 ,
2735 961 2830 1018 Est
2856 966 2943 1033 qui
2968 976 3190 1035 quterat,
3235 979 3283 1023 et
3299 970 3499 1041 judicet
3524 986 3545 1025 :

1970 1043 2066 1098 sed
2089 1044 2162 1099 ita
2190 1053 2273 1100 est
2297 1046 2498 1104 dictum
2519 1089 2536 1116 ,
2558 1047 2719 1104 Pater
2742 1068 2844 1107 non
2870 1054 3072 1126 judicat
3099 1074 3395 1130 quemquam
3410 1101 3427 1126 ,
3459 1076 3548 1115 sea

1970 1150 2118 1192 omne
2153 1138 2409 1208 judicium
2451 1141 2589 1196 dedit
2610 1140 2780 1210 Filio;
2822 1160 2885 1201 ac
2922 1146 2968 1202 si
3006 1147 3303 1221 diceretur,
3331 1152 3547 1209 Patrem
3654 1136 3659 1143 ξ

1970 1232 2129 1289 nemo
2157 1221 2358 1277 videbit
2384 1223 2438 1277 in
2462 1224 2666 1294 iudicio
2692 1226 2933 1284 vivorum
2959 1238 3014 1285 et
3050 1242 3382 1290 mortuorum
3400 1275 3417 1304 ,
3449 1235 3550 1292 sed

1968 1321 2155 1365 omnes
2183 1310 2377 1367 Filium
2404 1331 2418 1369 :
2460 1314 2583 1385 quia
2611 1323 2667 1371 et
2691 1314 2832 1374 illius
2860 1318 3088 1377 hominis
3128 1331 3249 1392 est,
3298 1334 3356 1380 ut
3380 1327 3549 1395 possit

1969 1405 2023 1452 et
2048 1398 2115 1453 ab
2139 1400 2315 1471 impiis
2339 1402 2547 1473 videri,
2573 1419 2697 1462 cum
2720 1416 2776 1465 et
2798 1409 2877 1465 illi
2901 1410 3155 1470 videbunt
3180 1414 3234 1468 in
3256 1430 3414 1485 quem
3444 1432 3543 1488 pu-

1967 1498 2248 1558 pugerunt.

2038 1578 2127 1635 50.
2154 1580 2306 1649 Quod
2334 1598 2405 1640 ne
2431 1586 2701 1657 coniicere
2727 1590 2906 1659 potius
2929 1607 3087 1663 quam
3114 1605 3298 1666 aperte
3323 1598 3546 1657 demon-

1967 1674 2140 1725 strare
2167 1671 2461 1745 videamur,
2489 1677 2819 1746 proferamus
2843 1681 3082 1751 eiusdem
3109 1684 3319 1743 Domini
3343 1699 3547 1746 certam

1966 1761 2413 1852 manifestamque
2452 1761 2807 1840 sententiam,
2840 1789 2944 1844 qua
2974 1777 3338 1847 ostendamus
3356 1756 3549 1852 ipsam

1965 1849 2132 1910 fuisse
2151 1870 2365 1913 causam
2387 1869 2444 1915 ιιι
2466 1860 2687 1929 diceret,
2707 1862 2864 1918 Pater
2886 1882 2987 1920 non
3000 1867 3203 1938 judicat
3222 1849 3546 1943 quemquam,

1965 1946 2057 2000 sed
2084 1963 2231 2004 omne
2262 1951 2517 2023 judicium
2546 1954 2684 2011 dedit
2709 1954 2876 2024 Filio,
2909 1960 3030 2029 quia
3069 1961 3237 2031 iudex
3284 1964 3338 2018 in
3362 1963 3551 2033 forma

1964 2036 2064 2093 lilii
2101 2039 2332 2099 hominis
2359 2046 2663 2115 apparebit,
2711 2062 2831 2118 quas
2871 2048 3041 2104 forma
3080 2067 3190 2108 non
3230 2062 3315 2110 est
3335 2054 3547 2125 Patris,

1965 2130 2061 2185 sed
2081 2130 2235 2200 Filii;
2267 2149 2365 2190 nec
2385 2149 2447 2190 ea
2470 2135 2593 2191 Filii
2617 2137 2670 2191 in
2698 2152 2803 2208 qua
2828 2140 3053 2210 aequalis
3078 2151 3162 2197 est
3179 2143 3346 2214 Patri,
3369 2145 3466 2201 sed
3492 2146 3550 2201 in

1965 2237 2067 2294 qua
2107 2225 2283 2281 minor
2306 2236 2389 2282 est
2411 2226 2602 2295 Patre;
2628 2237 2686 2284 ut
2710 2231 2780 2284 sit
2822 2230 2876 2285 in
2902 2231 3105 2302 iudicio
3144 2235 3463 2307 conspicuus
3490 2245 3547 2295 et

1964 2312 2118 2371 bonis
2144 2324 2200 2371 et
2227 2317 2402 2379 malis,
2432 2318 2599 2374 Paulo
2627 2320 2768 2375 enim
2797 2330 2919 2391 post
2942 2322 3106 2379 dicit:
3138 2325 3298 2381 Amen
3323 2327 3436 2383 dico
3460 2344 3547 2384 uo-

1964 2406 2038 2461 bis
2057 2448 2073 2475 ,
2100 2408 2221 2480 quia
2256 2411 2346 2481 qui
2386 2410 2590 2465 verbum
2615 2429 2783 2467 meum
2811 2414 2953 2469 audit
2992 2425 3039 2469 et
3067 2417 3225 2471 credit
3251 2419 3297 2473 ei
3321 2421 3407 2489 qui
3442 2396 3548 2475 ini-

1961 2502 2028 2556 sit
2054 2518 2151 2570 me,
2177 2502 2323 2557 habet
2342 2504 2492 2558 vitam
2515 2513 2756 2560 aeternam
2774 2545 2790 2574 ,
2817 2516 2865 2560 et
2889 2507 2945 2561 in
2956 2507 3213 2577 judicium
3240 2526 3342 2565 non
3364 2512 3544 2581 veniet,

1962 2594 2052 2651 sed
2079 2596 2286 2651 transiet
2322 2614 2355 2651 a
2377 2605 2537 2652 morte
2562 2599 2616 2652 in
2642 2598 2813 2652 vitam.
2839 2599 2965 2655 Haec
2988 2600 3094 2655 vita
3120 2609 3319 2658 aeterna
3345 2611 3429 2659 est
3455 2603 3549 2660 illa

1962 2689 2131 2756 visio,
2161 2704 2281 2761 quae
2309 2704 2415 2745 non
2444 2690 2676 2761 pertinet
2698 2689 2766 2745 ad
2789 2690 2978 2747 malos.
3022 2691 3226 2749 Deinde
3264 2694 3502 2765 sequitur
3529 2712 3547 2751 ε

1962 2781 2146 2849 Amen,
2175 2797 2322 2836 amen
2341 2781 2453 2836 dico
2475 2783 2640 2851 vobis,
2664 2782 2784 2853 quia
2807 2783 2965 2837 veniet
3002 2784 3018 2815 ί
3039 2783 3186 2852 hora,
3220 2794 3267 2838 et
3294 2800 3428 2839 nunc
3452 2795 3546 2853 est,

1964 2889 2081 2929 cum
2107 2875 2293 2929 mortui
2317 2875 2527 2930 audient
2565 2890 2735 2930 vocem
2760 2874 2891 2930 Filii
2919 2874 3054 2941 Dei,
3098 2886 3145 2930 et
3170 2860 3259 2947 qui
3294 2877 3550 2931 audierint

1962 2967 2144 3021 virent.
2184 2966 2256 3022 Et
2286 2966 2390 3023 hoc
2425 2967 2700 3038 praprium
2741 2976 2825 3023 est
2850 2967 3059 3038 piorum
3088 2968 3177 3038 qui
3215 2968 3293 3022 sic
3326 2967 3547 3023 audiunt

1962 3058 2033 3115 de
2061 3060 2425 3119 incarnatione
2458 3060 2577 3131 eius
2594 3101 2610 3128 ,
2633 3068 2695 3115 ut
2716 3059 2960 3128 credant,
2987 3061 3111 3131 quia
3132 3060 3301 3117 Filius
3317 3060 3412 3116 Dei
3432 3071 3545 3127 est;

1963 3150 2019 3206 id
2046 3160 2149 3218 est,
2178 3152 2257 3208 sic
2281 3167 2402 3208 eum
2430 3160 2649 3223 propter
2678 3167 2738 3208 se
2765 3152 2964 3207 factum
2990 3153 3258 3223 accipiunt
3284 3153 3547 3210 minorem

1963 3240 2125 3298 Patre
2153 3243 2207 3297 in
2236 3242 2407 3298 forma
2433 3244 2595 3312 servi,
2619 3252 2677 3298 ut
2704 3243 2923 3299 credant
2945 3247 3068 3315 quia
3093 3245 3314 3315 aequalis
3338 3254 3421 3300 est
3443 3246 3544 3300 Pa-

1966 3334 2034 3389 tri
2063 3335 2309 3390 informa
2335 3335 2448 3390 Dei.
2470 3335 2540 3389 Et
2569 3335 2690 3392 ideo
2716 3338 2977 3409 sequitur,
2996 3350 3051 3395 et
3079 3338 3181 3393 hoc
3208 3340 3380 3409 ipsum
3406 3353 3547 3394 com-

1963 3429 2226 3486 mendans
2249 3430 2406 3485 dicit:
2428 3430 2575 3486 Sicut
2596 3432 2729 3486 enim
2756 3432 2913 3487 Pater
2936 3432 3084 3488 habet
3111 3434 3261 3487 vitam
3284 3435 3337 3488 in
3361 3445 3544 3490 scatet-

1963 3520 2117 3590 ipso,
2157 3522 2231 3575 ita
2266 3521 2405 3575 dedit
2449 3532 2498 3576 et
2555 3521 2696 3576 Filio
2741 3524 2895 3599 uitam
2941 3524 3122 3579 habere
3156 3524 3212 3579 in
3256 3526 3543 3597 semetipso.

1966 3612 2172 3668 Deinde
2200 3616 2345 3669 venit
2369 3613 2437 3668 ad
2460 3613 2718 3671 visionem
2747 3631 2858 3671 suae
2881 3617 3134 3671 claritatis
3152 3658 3169 3685 ,
3205 3616 3262 3672 in
3288 3633 3390 3689 qua
3416 3620 3546 3676 ven-

1965 3710 2119 3758 turus
2161 3713 2243 3760 est
2285 3704 2355 3760 ad
2389 3704 2682 3774 judicium;
2724 3722 2843 3777 quae
2871 3707 3004 3762 visio
3034 3707 3333 3763 communis
3358 3708 3461 3763 erit
3488 3716 3545 3766 et

1963 3797 2143 3870 impiis
2155 3807 2212 3855 et
2248 3799 2427 3870 iustis.
2455 3797 2704 3869 Sequitur
2727 3799 2870 3855 enim
2892 3808 2947 3855 et
2971 3800 3133 3856 dicit:
3153 3799 3223 3853 Et
3246 3810 3543 3872 potestatem

1964 3893 2102 3947 dedit
2146 3894 2193 3948 ei
2223 3902 2269 3948 et
2302 3895 2323 3925 '
2341 3892 2596 3964 judicium
2644 3893 2830 3964 facere,
2858 3894 3097 3966 quoniam
3122 3893 3290 3949 Filius
3318 3895 3541 3950 hominis

1964 3995 2058 4040 est.
2090 3985 2225 4041 Puto
2259 3986 2394 4041 nihil
2421 4002 2540 4043 esse
2563 3986 2915 4043 manifestius.
2940 3988 3073 4043 Nam
3099 3987 3223 4058 quia
3254 3987 3421 4043 Filius
3442 3989 3542 4044 Dei

1966 4086 2049 4133 est
2073 4078 2293 4149 aqualis
2316 4078 2483 4145 Patri,
2498 4092 2608 4134 non
2634 4079 2827 4149 accipit
2858 4080 2992 4135 hanc
3022 4087 3336 4149 potestatem
3352 4078 3547 4150 iudicii

1964 4170 2231 4239 faciendi,
2258 4171 2353 4227 sed
2374 4171 2535 4229 habet
2558 4171 2703 4227 illam
2732 4186 2855 4228 cum
2874 4173 3030 4228 Patre
3048 4172 3102 4227 in
3130 4172 3374 4229 occulto:
3401 4172 3547 4227 acci—

1964 4266 2043 4338 pit
2067 4275 2243 4322 autem
2270 4267 2440 4334 illam,
2462 4275 2522 4322 ut
2541 4267 2665 4323 boni
2691 4278 2746 4322 et
2768 4267 2894 4322 mali
2921 4282 3044 4323 eum
3065 4266 3280 4323 videant
3297 4265 3547 4337 iudican-

1966 4367 2074 4415 tem
2098 4401 2113 4427 ,
2136 4360 2261 4431 quia
2298 4359 2439 4421 filius
2465 4358 2698 4414 hominis
2722 4368 2825 4415 est.
2849 4358 2999 4415 Visio
3027 4359 3221 4429 quippe
3248 4358 3342 4411 lilii
3365 4358 3545 4412 homi-

1965 4451 2049 4506 nis
2084 4450 2424 4507 exhibebitur
2447 4459 2500 4506 et
2529 4450 2720 4505 malis:
2751 4466 2873 4505 nam
2902 4450 3039 4506 visio
3072 4450 3257 4505 formae
3280 4448 3374 4503 Dei
3409 4463 3545 4504 non-

1967 4544 2068 4599 nisi
2092 4544 2306 4600 mundis
2324 4544 2489 4599 corde
2510 4584 2526 4612 ,
2550 4544 2672 4613 quia
2696 4543 2797 4613 ipsi
2822 4544 2987 4599 Deum
3015 4541 3302 4607 videbunt;
3344 4540 3398 4596 id
3424 4549 3505 4595 est
3530 4581 3545 4608 ,

1967 4634 2097 4691 solis
2118 4634 2218 4705 piis
2245 4648 2470 4705 quorum
2494 4632 2765 4689 dilectioni
2790 4632 2892 4689 hoc
2920 4633 3093 4703 ipsum
3113 4632 3397 4703 promittit,
3423 4631 3545 4701 quia

1967 4742 2029 4783 sc
2062 4728 2235 4797 ipsum
2261 4725 2507 4782 ostendet
2536 4724 2661 4780 illis.
2684 4724 2755 4780 Et
2789 4724 2912 4781 ideo
2941 4724 3062 4779 vide
3084 4723 3210 4793 quid
3249 4730 3503 4790 sequatur
3529 4739 3543 4774 :

1971 4817 2146 4873 Nolite
2186 4817 2363 4872 mirari
2385 4816 2513 4883 hoc,
2540 4815 2733 4885 inquit.
2769 4813 2907 4883 Quid
2943 4829 3042 4870 nos
3062 4813 3307 4884 prohibet
3338 4810 3543 4877 mirari,

1969 4909 2073 4965 nisi
2098 4908 2227 4963 illud
2246 4907 2388 4979 quod
2428 4921 2615 4963 revera
2641 4905 2868 4961 miratur
2887 4904 3063 4959 omnis
3090 4904 3180 4974 qui
3216 4917 3322 4957 non
3351 4901 3545 4956 intelli-

1968 5000 2044 5070 git
2066 5040 2083 5067 ,
2114 5007 2172 5053 ut
2196 4998 2318 5054 ideo
2343 4997 2546 5055 diceret
2567 4997 2782 5053 Patrem
2818 4995 3030 5051 dedisse
3054 4994 3106 5049 ei
3136 5002 3457 5065 potestatem
3492 5000 3547 5048 et

1964 5089 2223 5160 iudicium
2253 5087 2430 5145 facere
2449 5130 2465 5157 ,
2497 5088 2619 5159 quia
2648 5088 2788 5143 illius
2810 5085 3039 5141 hominis
3066 5094 3187 5151 est;
3230 5098 3351 5139 cum
3379 5085 3549 5154 magis

1967 5180 2120 5251 quasi
2160 5180 2262 5236 hoc
2303 5187 2701 5251 exspectaretur
2744 5187 2802 5234 ut
2835 5178 3069 5241 diceret,
3092 5175 3342 5245 quoniam
3381 5175 3548 5231 Filius

1969 5269 2067 5325 Dei
2104 5270 2223 5326 est?
2263 5270 2369 5327 Sed
2394 5272 2516 5341 quia
2554 5269 2746 5325 Filium
2774 5267 2868 5323 Dei
2908 5267 3200 5323 secundum
3231 5265 3285 5321 id
3312 5264 3453 5335 quod
3493 5265 3549 5319 in

1967 5361 2141 5418 forma
2175 5363 2270 5418 Dei
2304 5363 2529 5434 aqualis
2567 5369 2650 5419 est
2686 5360 2830 5417 Patri
2856 5359 3039 5416 videre
3074 5359 3243 5429 iniqui
3284 5374 3390 5414 non
3428 5372 3552 5429 pos-

1970 5464 2133 5522 sunt;
2164 5463 2375 5525 oportet
2401 5463 2581 5510 autem
2605 5461 2666 5509 ut
2688 5451 2926 5524 iudicem
2955 5452 3197 5507 vivorum
3230 5460 3285 5506 et
3306 5460 3551 5508 mortuo—

1968 5562 2087 5603 rum
2113 5589 2127 5616 ,
2176 5562 2300 5604 cum
2330 5561 2510 5603 coram
2549 5545 2965 5617 iudicabuntur,
3010 5552 3067 5601 et
3096 5543 3229 5615 iusti
3258 5542 3551 5609 videantet

2034 5734 2051 5766 ί
2086 5729 2255 5782 Plures
2272 5735 2402 5790 Mss,
2424 5724 2565 5779 venit.

2030 5797 2052 5827 ¹
2084 5778 2451 5862 ὲὶιῖιῖὀιιιὶὶιιίιιι
2472 5787 2779 5862 copulantem
2813 5784 3114 5852 particulam,
3147 5788 3225 5847 et;
3245 5794 3359 5847 quas
3392 5780 3472 5833 hic
3497 5778 3550 5831 in

1973 5866 2080 5909 Mss.
2098 5858 2213 5909 etin
2232 5867 2392 5920 graeco
2409 5858 2671 5916 reperitur.

2892 5931 2927 6016 (
2937 5929 3354 6013 νέηαι-δορί.)
