4084 6450
325 363 438 426 8ιό

1682 375 1882 432 LIBER
1922 377 2300 442 SECUNDUS.

2013 512 2136 520 —-—
2143 513 2436 522 —_—._.—.-—-—_

3499 405 3619 470 ,846

2437 513 3498 542 Ἠ

1270 585 1746 694 LIBER
1825 584 2692 698 SECUNDUS.-

383 765 1146 856 usemra‘searsstuu
1179 766 1819 856 resisteremus.
2673 780 3296 856 sensumque
3319 792 3404 856 ne:
3425 767 3648 856 ειμιιαι-ίί

317 829 552 900 tionibus,
577 827 998 920 demonstratum
1025 829 1147 902 ideo
1181 827 1820 920 miiiqrem‘esseum‘i‘ttlente
1842 831 1925 920 qui
1957 831 2133 920 missus
2153 833 2380 920 est,.qui‘a
2398 827 2489 884 ille
2507 837 2654 898 misit,
2673 827 3614 920 hie’ﬁiﬁa‘es’t

319 901 478 920 0......“
505 903 640 920 am...
665 904 743 920 .-....
801 904 900 920 ...η-ι
929 904 984 920 ο..
1021 904 1069 920 ,η
1094 904 1178 920 ων,
1223 905 1284 920 ...ι
1307 903 1393 920 η...
1455 905 1566 920 ...ηπ
1609 906 1632 920 η
1671 908 1682 920 .
1707 906 1785 920 οη.
1812 905 1840 920 ο
1885 905 2023 920 mm.
2047 905 2074 920 ..
2100 905 2176 920 οη.
2223 905 2253 920 ο
2295 907 2328 920 ..
2519 909 2809 920 ...κη-,ω
2858 907 2869 920 .
2979 909 2990 920 .
3047 909 3058 920 .
3464 918 3507 920 ,_

319 892 480 978 omnia
503 889 744 978 aequalem
759 924 776 950 ,
789 892 984 978 |prlii-iter
1021 892 1070 939 in
1093 904 1182 964 sua
1223 897 1396 942 neutra
1433 891 1788 944 immutabilem
1811 889 2195 952 et'invisibilem,
2223 889 2482 958 et'ubique
2518 889 3612 978 ρτῖεέθηιθὼξὶἱῗωῖἔᾶίόἆέ

318 951 540 1016 qualibet
559 951 952 1016 inseparabiliter
975 953 1184 1016 Operari.

1740 1061 2216 1105 -οοο-

389 1165 720 1222 Ριιοωιίιωί.
741 1197 811 1208 ——
839 1168 891 1222 1.
931 1167 1064 1222 Cum
1093 1167 1339 1224 homines
1369 1169 1534 1225 Deum
1563 1181 1830 1242 quaerunt,
1861 1181 1918 1228 et

315 1257 384 1312 ad
413 1258 818 1329 intelligentiam
845 1259 1120 1316 Trinitatis
1147 1275 1243 1330 pro
1271 1268 1430 1331 captu
1459 1262 1786 1318 inﬁrmitatis
1815 1263 1912 1316 huc

317 1366 490 1405 manu:
515 1352 752 1406 animum
793 1352 1110 1418 intendunt;
1155 1354 1360 1424 experti
1391 1353 1728 1410 difﬁcultates
1761 1355 1911 1410 labo-

313 1441 509 1507 riosas,
543 1443 655 1497 sive
683 1443 734 1496 in
765 1443 878 1512 ipsa
906 1445 1021 1500 acie
1049 1445 1243 1499 mentis
1272 1446 1513 1502 comatis
1539 1445 1734 1502 intueri
1769 1446 1913 1500 inac—

309 1534 618 1590 cessibilem
663 1535 834 1590 lucem
859 1577 876 1600 ,
909 1536 1030 1590 sive
1071 1537 1122 1590 in
1173 1537 1286 1607 ipsa
1327 1538 1605 1608 multiplici
1646 1549 1699 1594 et
1727 1539 1911 1594 iii-ulti—

313 1625 470 1680 moda
500 1627 771 1682 locutione
797 1627 1126 1684 Litterarum
1167 1643 1438 1684 sacrarum
1465 1673 1478 1696 ,
1512 1629 1602 1685 ubi
1637 1631 1776 1685 .mihi
1806 1647 1910 1687 non

313 1717 526 1774 videtur
549 1721 654 1776 nisi
684 1721 841 1776 atteri
865 1722 1098 1776 animam
1134 1724 1174 1788 ί,
1203 1732 1265 1776 ut
1293 1721 1492 1777 Christi
1517 1724 1684 1793 gratia
1703 1725 1906 1794 gloriﬁ-

313 1819 430 1866 cata
443 1812 722 1868 dulcescat
745 1814 766 1844 ³
787 1831 808 1868 ε
825 1828 946 1868 eum
963 1813 1028 1868 ad
1053 1815 1250 1884 aliquid
1271 1824 1474 1869 certum
1495 1815 1734 1870 discussa
1761 1817 1910 1872 omni

311 1903 1064 1974 ambiguitatepervcnerint,
1093 1903 1348 1961 facillime
1387 1905 1588 1962 debent
1635 1908 1910 1977 ignoscere

309 1995 610 2052 errantibus
643 1997 701 2050 εἰη
745 1997 880 2052 tanti
926 1997 1374 2068 pervestigatione
1409 1997 1626 2052 secreti.
1655 1997 1762 2054 Sed
1801 1998 1908 2054 duo

309 2097 432 2142 sum
457 2103 578 2156 qua:
609 2089 662 2142 in
701 2104 888 2144 errore
923 2089 1202 2144 hominum
1229 2088 1542 2144 difﬁcillime
1581 2091 1903 2156 tolerantur;

307 2181 652 2249 praesumptio
671 2221 686 2244 ,
721 2182 1026 2250 priusquam
1057 2181 1253 2236 veritas
1279 2191 1494 2250 pateat;
1525 2191 1616 2250 et,
1647 2199 1766 2238 eum
1794 2182 1906 2252 jam

307 2272 577 2338 patuerit,
633 2281 968 2342 prtesumpta:
1017 2272 1260 2328 defensio
1309 2273 1576 2330 falsitatis.
1625 2276 1670 2328 A
1711 2275 1906 2360 quibus

305 2361 516 2422 duobus
556 2365 699 2418 vitiis
739 2365 900 2420 nimis
939 2365 1172 2420 initrticis
1217 2366 1515 2422 inventioni
1549 2367 1822 2434 veritatis,
1851 2375 1905 2422 et

307 2456 608 2510 tractationi
632 2456 935 2518 divinorum
963 2467 1376 2529 sanctorumque
1401 2459 1703 2532 Librorum,
1721 2459 1768 2514 si
1793 2476 1898 2528 mc,

306 2557 360 2602 ut
393 2563 582 2616 precor
605 2557 660 2603 et
701 2563 860 2618 spero
883 2591 898 2615 ,
933 2549 1074 2604 Deus
1113 2535 1416 2606 defenderit
1455 2559 1619 2620 atque
1649 2552 1902 2606 munierit

304 2647 456 2694 scuto
501 2640 653 2696 bonae
695 2640 985 2696 voluntatis
1025 2656 1136 2698 sua:
1179 2639 1361 2715 (Psal.
1407 2660 1462 2710 v,
1493 2643 1594 2716 15)
1635 2651 1692 2700 et
1729 2647 1900 2714 gratia

301 2731 688 2787 misericordia:
727 2747 838 2788 suae
863 2774 876 2797 ,
907 2749 1016 2788 non
1059 2749 1154 2788 ero
1199 2737 1377 2807 segnis
1419 2737 1486 2792 ad
1527 2737 1898 2808 inquirendam

301 2821 650 2878 substantiam
681 2824 812 2892 Dei,
839 2823 952 2880 sive
997 2840 1094 2894 per
1121 2823 1451 2896 Seriptur-am
1479 2827 1594 2898 ejus
1615 2869 1630 2892 ,
1665 2830 1776 2886 sive
1803 2847 1898 2900 per

301 2923 624 2980 creaturam.
671 2915 802 2983 Quae
855 2925 1080 2986 utraque
1130 2918 1286 2974 nobis
1329 2919 1396 2974 ad
1441 2920 1544 2976 hoc
1585 2924 1898 2992 proponitur

301 3006 552 3062 intuenda
582 3049 596 3074 ,
627 3016 684 3062 ιιι
715 3009 828 3078 ipse
871 3017 1178 3078 quarratur,
1210 3011 1324 3080 ipse
1363 3012 1612 3082 diligatur
1636 3013 1656 3044 ³
1675 3053 1690 3078 ,
1723 3016 1810 3084 qui
1841 3025 1897 3071 et

301 3099 442 3154 illam
473 3102 786 3170 inspiravit,
817 3111 870 3158 et
911 3103 1068 3158 istam
1115 3104 1340 3160 creavit.
1367 3104 1478 3160 Nec
1515 3107 1764 3174 trepidus
1803 3123 1896 3162 ero

299 3190 362 3246 ad
421 3191 796 3260 proferendam
845 3195 1165 3250 sententiam
1222 3211 1417 3262 meam,
1453 3197 1514 3252 in
1567 3213 1670 3267 qua
1725 3202 1893 3270 magis

295 3284 486 3338 amabo
517 3284 702 3352 inspici
745 3300 776 3340 a
803 3286 964 3342 rectis
987 3327 1004 3354 ,
1033 3303 1191 3357 quam
1225 3288 1424 3344 timebo
1445 3290 1684 3344 morderi
1707 3307 1736 3344 a
1769 3307 1891 3360 per-

295 3373 484 3428 versis.
516 3373 799 3430 Gratanter
832 3378 974 3432 enim
1003 3378 1223 3448 suscipit
1249 3380 1460 3434 oculum
1483 3376 1891 3438 ‘ee-lumbiuum

295 3465 652 3536 pulcherrima
671 3476 724 3522 et
741 3469 1142 3524 modestissime
1172 3471 1403 3525 Charitas
1427 3490 1440 3535 ;
1473 3470 1688 3528 dentem
1715 3481 1891 3528 autem

293 3558 541 3620 caninum
574 3560 656 3614 vel
685 3562 850 3616 evitat
873 3562 1186 3620 cautissime
1205 3563 1510 3631 humilitas,
1541 3565 1626 3620 vel
1657 3567 1892 3624 retundit

293 3651 613 3708 solidissima
640 3653 837 3706 veritas
870 3671 882 3704 :
914 3657 1190 3725 magisque
1233 3657 1429 3726 optabo
1469 3673 1499 3710 a
1530 3658 1768 3726 quolibet
1797 3676 1888 3714 re-

291 3743 571 3814 prehendi,
601 3760 758 3814 quam
785 3745 897 3802 sive
917 3747 984 3801 ab
1011 3758 1243 3813 errante,
1269 3749 1380 3804 sive
1403 3751 1474 3804 ab
1493 3751 1744 3806 adulante
1771 3751 1886 3806 lau-

291 3835 426 3892 dari.
457 3836 644 3914 Nullus
673 3839 816 3894 enim
845 3840 1203 3908 reprehensor
1227 3841 1597 3902 formidandus
1627 3855 1712 3902 est
1735 3861 1885 3902 ama-

291 3929 390 3982 tori
416 3931 679 3986 veritatis.
703 3930 918 3986 Etenim
944 3943 1037 3987 aut
1061 3934 1306 3988 inimicus
1333 3927 1758 4006 reprehensurus
1779 3949 1881 4008 cst,

289 4031 378 4075 aut
403 4023 628 4078 amicus.
659 4023 712 4078 Si
745 4039 871 4093 ergo
901 4025 1147 4080 inimicus
1178 4027 1437 4094 insultat,
1471 4029 1724 4086 ferendus
1756 4042 1838 4086 est
1865 4051 1878 4086 :

289 4113 494 4168 amicus
517 4123 694 4168 autem
715 4114 760 4168 si
782 4124 945 4184 errat,
967 4115 1276 4184 docendus;
1301 4119 1344 4172 si
1367 4119 1541 4186 docet,
1561 4121 1878 4178 audiendus.

288 4202 558 4260 Laudator
583 4220 712 4262 vero
750 4215 804 4262 et
831 4222 1018 4262 errans
1045 4209 1327 4264 conﬁrmat
1368 4226 1628 4278 errorem,
1664 4223 1716 4268 et
1746 4214 1880 4272 adu-

289 4294 402 4350 laus
433 4296 584 4350 illicit
629 4296 680 4350 in
721 4311 981 4352 errorem.
1013 4297 1318 4354 Emendabit
1355 4317 1484 4372 ergo
1527 4320 1607 4358 me
1623 4305 1800 4376 justus
1828 4306 1881 4360 in

289 4387 654 4455 misericordia,
681 4399 728 4442 et
757 4400 929 4462 arguet
955 4406 1074 4458 me;
1101 4391 1263 4446 oleum
1289 4401 1456 4448 autem
1485 4398 1902 4464 peccatoris-nou

288 4478 619 4550 impinguabit
647 4490 799 4550 caput
825 4498 988 4534 meum
1017 4481 1202 4553 (Psal.
1229 4499 1355 4550 CXL,
1385 4486 1418 4540 5
1445 4486 1484 4556 ).

354 4592 584 4652 CAPUT
623 4595 906 4651 PRIMUM.
933 4625 1002 4636 —
1026 4598 1081 4650 2.
1123 4595 1320 4668 Regula
1359 4600 1550 4672 duplex
1583 4605 1652 4657 ad
1689 4607 1877 4660 intelli—

287 4688 472 4758 gendas
497 4687 884 4759 Scripturarum
909 4691 1182 4746 locutiones
1204 4694 1266 4747 de
1285 4692 1420 4748 Filio
1436 4693 1553 4750 Dei.
1576 4698 1878 4755 Locutiones

288 4778 500 4848 triplicis
537 4781 750 4850 generis.
793 4780 1188 4850 Quamobrem,
1219 4799 1524 4855 quanquam
1569 4787 1874 4847 ﬁrmissime

287 4875 562 4924 teneamus
597 4869 666 4926 de
713 4871 941 4926 Domino
986 4885 1170 4928 nostro
1215 4875 1342 4930 Jesu
1395 4876 1644 4945 Christo,
1685 4889 1739 4936 et
1779 4897 1874 4951 per

285 4959 588 5030 Scripturas
603 4962 1027 5030 disseminatum,
1045 4973 1100 5020 et
1117 4982 1150 5022 ιι
1179 4967 1358 5022 doctis
1377 4971 1652 5027 catholicis
1671 4989 1874 5029 earum-

285 5054 404 5108 dem
435 5054 832 5124 Scripturarum
876 5058 1252 5113 tractaturibus
1297 5059 1714 5118 demonstratam
1757 5075 1871 5121 tan-

283 5161 442 5214 quam
467 5147 780 5202 canonicam
819 5148 1080 5218 regu-lam,
1126 5151 1396 5219 quomodo
1433 5154 1752 5226 intelligatur
1777 5159 1871 5214 Dei

285 5233 451 5292 Filius
478 5245 534 5292 et
563 5237 782 5306 tequalis
809 5239 952 5292 Patri
985 5241 1276 5296 secundum
1299 5243 1400 5298 .Dei
1429 5242 1654 5300 formam
1675 5248 1734 5301 in
1767 5265 1869 5319 qua

284 5334 400 5388 est,
431 5334 486 5381 et
529 5327 705 5382 minor
745 5329 900 5383 Patre
943 5331 1236 5384 secundum
1284 5334 1424 5387 servi
1455 5335 1679 5391 formam
1709 5355 1867 5408 quam

283 5418 485 5488 accepit
537 5418 809 5490 (Philipp.
843 5437 900 5483 η,
929 5421 983 5489 6,
1017 5423 1118 5492 7);
1153 5423 1206 5478 in
1234 5439 1334 5494 qua
1368 5427 1532 5482 forma
1563 5445 1668 5486 non
1695 5433 1866 5488 solum

285 5505 460 5576 Patre,
491 5509 586 5566 sed
612 5512 770 5566 etiam
801 5512 995 5582 Spiritu
1025 5525 1211 5570 saneto
1235 5559 1250 5584 ,
1286 5533 1454 5588 neque
1491 5520 1594 5578 hoc
1619 5531 1823 5582 tantum
1845 5569 1862 5594 ,

345 5659 362 5724 i
397 5659 583 5724 Aliquot
609 5671 735 5722 Mss.,
757 5661 900 5713 atteri
927 5665 1091 5716 Adam.

343 5723 366 5754 ⁸
397 5723 564 5776 Plures
584 5727 790 5784 codices,
818 5724 1094 5777 dilucescat.

343 5785 364 5856 ξ
397 5785 705 5856 ξιροιιςωιὶιωδ
728 5787 902 5848 codex,
920 5787 1244 5856 intelligatur.

347 5847 366 5877 "
399 5845 625 5912 Plerique
652 5860 775 5909 Mss.,
798 5845 1027 5900 osculum.

2027 1172 2120 1228 sed
2149 1172 2311 1228 etiam
2341 1188 2401 1228 se
2443 1176 2562 1245 ipso
2605 1179 2780 1235 minor
2821 1183 3068 1244 inventus
3111 1199 3228 1256 est,
3255 1209 3365 1251 non
3408 1211 3466 1253 se
3495 1199 3612 1271 ipso

2019 1263 2110 1332 qui
2135 1261 2275 1330 fuit,
2305 1266 2398 1320 sed
2429 1280 2488 1321 se
2513 1268 2628 1337 ipso
2657 1273 2748 1340 qui
2785 1285 2896 1341 est;
2929 1279 3050 1348 quia
3079 1279 3252 1338 forma
3280 1291 3419 1344 servi
3445 1261 3609 1350 acce-

2023 1361 2129 1422 pta,
2151 1355 2378 1411 formam
2407 1359 2502 1414 Dei
2525 1377 2630 1415 non
2659 1363 2860 1442 amisit,
2881 1372 3018 1426 sicut
3043 1374 3463 1454 Scripturarum,
3487 1403 3607 1456 quas

2021 1447 2072 1500 in
2101 1450 2376 1518 superiore
2406 1451 2544 1506 libro
2581 1465 3138 1532 commemoravimus,
3173 1447 3476 1531 testimonia
3505 1447 3608 1535 do-

2017 1549 2243 1593 cuerunt
2273 1559 2286 1594 :
2317 1551 2442 1596 sunt
2469 1551 2646 1600 tamen
2677 1551 2917 1617 qumdam
2967 1555 3018 1608 in
3059 1557 3254 1616 divinis
3279 1565 3506 1636 eloquiis
3535 1571 3608 1626 ita

2019 1631 2185 1699 posita
2209 1671 2222 1696 ,
2259 1642 2314 1685 ut
2341 1633 2644 1705 anibiguunt
2675 1639 2747 1692 sit
2771 1641 2836 1694 ad
2868 1659 3024 1712 quam
3053 1651 3229 1716 potius
3253 1631 3488 1726 regulam
3515 1677 3608 1717 re-

2011 1722 2297 1792 ferantur;
2327 1735 2505 1783 utrum
2552 1731 2618 1784 ad
2665 1747 2782 1787 eam
2828 1752 2928 1806 qua
2973 1722 3606 1814 intelligimusvminorem

2015 1815 2207 1872 Filium
2243 1820 2294 1874 in
2313 1833 2585 1891 assumpta
2611 1833 2874 1895 creatura,
2897 1845 2968 1885 an
2993 1833 3059 1888 ad
3088 1849 3205 1891 eam
3231 1855 3333 1908 qua
3359 1843 3610 1916 intelligi-

2013 1923 2157 1978 mus,
2173 1925 2280 1966 non
2305 1913 2517 1982 quidem
2551 1916 2810 1973 minorem
2835 1936 2956 1976 esse
2977 1923 3194 1994 Filium,
3215 1932 3308 1985 sed
3339 1913 3599 2004 mqualeim

2011 2001 2160 2057 Patri
2186 2045 2200 2070 ,
2235 2013 2410 2060 tamen
2439 2007 2507 2061 ab
2534 2007 2792 2066 illo-hunc
2813 2027 2936 2070 esse
2961 2017 3127 2072 Deum
3153 2021 3222 2077 de
3251 2023 3359 2080 Deo
3382 2001 3604 2092 ,iumeu

2009 2092 2080 2148 de
2109 2093 2330 2150 lumine.
2377 2096 2574 2152 Filium
2623 2101 2818 2172 quippe
2861 2105 3087 2165 dicimus
3135 2111 3306 2168 Deum
3347 2117 3414 2171 de
3445 2119 3603 2175 Deo:

2011 2183 2224 2240 Patrem
2268 2197 2444 2242 autem
2471 2231 2484 2256 ,
2523 2191 2688 2245 Deum
2721 2201 2958 2264 tantum;
2987 2215 3094 2254 non
3117 2243 3132 2268 ,
3173 2202 3243 2260 de
3287 2206 3415 2262 Deo.
3447 2209 3604 2268 Unde

2011 2277 2350 2332 manifestum
2379 2289 2462 2334 est
2489 2283 2628 2351 quod
2655 2284 2832 2342 Fili-us
2854 2289 3047 2346 habeat
3075 2294 3242 2350 alium
3265 2296 3335 2353 de
3361 2315 3466 2370 quo
3495 2303 3598 2370 sit,

2009 2375 2064 2422 et
2091 2369 2174 2422 cui
2205 2369 2374 2424 Filius
2399 2372 2502 2438 sit;
2545 2374 2706 2430 Pater
2732 2387 2910 2435 autem
2945 2398 3052 2438 non
3079 2384 3276 2443 Filium
3301 2369 3503 2462 dequo
3533 2369 3605 2448 sit

2009 2459 2238 2528 habeat,
2269 2464 2362 2519 sed
2393 2473 2598 2521 tantum
2628 2471 2714 2524 cui
2741 2471 2902 2528 Pater
2927 2476 3018 2531 sit.
3045 2479 3240 2536 Omnis
3281 2459 3427 2539 enim
3457 2487 3600 2544 ﬁlius

2007 2552 2074 2608 de
2105 2563 2254 2623 patre
2279 2565 2362 2611 est
2384 2559 2524 2628 quod
2553 2569 2657 2628 est,
2681 2572 2734 2618 et
2751 2568 2896 2634 patri
2925 2567 3061 2625 ﬁlius
3085 2583 3168 2627 est
3188 2593 3200 2620 τ
3223 2577 3399 2633 nullus
3419 2589 3598 2636 autem

2005 2653 2162 2716 pater
2183 2647 2250 2703 de
2279 2649 2388 2704 ﬁlio
2405 2661 2496 2706 est
2519 2654 2662 2723 quod
2691 2665 2774 2710 est
2799 2699 2810 2721 ,
2841 2659 2936 2713 sed
2967 2660 3078 2716 ﬁlio
3106 2673 3258 2733 pater
3281 2676 3380 2722 est.

2075 2737 2129 2791 5.
2159 2737 2412 2806 Quasdam
2460 2743 2638 2814 itaque
2681 2745 2752 2799 ita
2803 2758 3074 2816 ponuntur
3102 2753 3153 2808 in
3193 2754 3486 2828 Scripturis
3529 2763 3598 2819 de

2003 2827 2160 2884 Patre
2195 2841 2250 2886 et
2285 2831 2454 2900 Filio,
2487 2843 2544 2888 ut
2581 2835 2818 2892 indicent
2847 2842 3101 2898 unitatem
3132 2849 3596 2924 aequalitatemque

2001 2919 2344 2987 substantiae,
2391 2924 2546 2978 sicuti
2589 2937 2706 2993 est,
2757 2928 2872 3000 Ego
2921 2943 2966 2985 et
3017 2933 3174 2990 Pater
3219 2955 3378 2995 mum
3422 2919 3599 3002 sumus

2005 3007 2182 3080 (Joau.
2265 3053 2280 3078 ,
2303 3011 2432 3085 50);
2461 3024 2550 3082 et,
2579 3015 2706 3072 Cum
2731 3020 2785 3072 in
2815 3022 2980 3090 {arma
3006 3023 3108 3079 Dei
3132 3040 3290 3099 esset,
3319 3049 3421 3088 non
3449 3038 3596 3107 rapi-

1999 3116 2119 3154 nam
2139 3099 2412 3158 arbitratus
2439 3116 2510 3159 est
2533 3123 2642 3161 esse
2661 3109 2872 3180 aqualis
2903 3111 3008 3168 Deo
3039 3115 3298 3190 (Philipp.
3333 3139 3370 3178 ιι
3388 3165 3403 3192 ,
3437 3099 3522 3199 6);¹
3541 3137 3596 3184 et

1999 3208 2346 3265 quaecumque
2375 3197 2498 3251 talia
2526 3210 2670 3254 sunt.
2699 3201 2952 3268 Qumdam
2975 3223 3102 3266 vero
3127 3213 3220 3278 ita,
3249 3225 3304 3269 ut
3327 3197 3593 3278 minorem

1997 3287 2280 3342 ostendant
2307 3288 2498 3344 Filium
2531 3302 2751 3364 propter
2775 3296 2998 3353 formam
3041 3305 3214 3372 servi,
3241 3307 3294 3362 id
3321 3319 3436 3376 est,
3470 3329 3594 3381 pro-

1997 3381 2116 3444 pter
2167 3389 2496 3450 assumptum
2551 3394 2851 3440 creaturam
2905 3391 3174 3448 mutabilis
3235 3395 3590 3472 humanisque

1995 3469 2306 3526 substantia:
2327 3514 2342 3538 ,
2367 3475 2519 3528 sicuti
2545 3487 2626 3532 est
2649 3480 2790 3548 quod
2821 3482 2926 3546 ait,
2955 3483 3206 3550 Quoniam
3237 3490 3398 3546 Pater
3415 3469 3589 3566 maior

1993 3576 2072 3615 me
2113 3571 2184 3616 est
2230 3561 2405 3634 (Joan.
2429 3581 2538 3632 xrv,
2586 3569 2716 3640 28);
2746 3581 2832 3636 et,
2865 3573 3022 3630 Pater
3051 3595 3152 3632 non
3187 3583 3392 3652 judicat
3415 3561 3588 3658 quem-

1991 3668 2162 3722 quam,
2193 3657 2282 3709 sed
2302 3673 2449 3712 autne
2461 3660 2721 3730 judicium
2743 3665 2880 3718 dedit
2918 3668 3076 3723 Filio.
3101 3671 3236 3729 Nam
3281 3657 3440 3745 paulo
3461 3691 3586 3751 post

1991 3755 2384 3814 consequenter
2403 3751 2495 3816 ait,
2523 3751 2590 3804 Et
2613 3764 2904 3822 potestatem
2929 3759 3068 3814 dedit
3092 3765 3136 3816 ei
3163 3775 3208 3819 et
3231 3767 3476 3832 iudicium
3505 3777 3584 3844 fa.

1991 3851 2100 3890 cere
2122 3875 2140 3902 ,
2171 3841 2410 3906 quoniam
2441 3841 2610 3897 Filius
2629 3845 2853 3902 hominis
2879 3861 2966 3904 est.
2997 3853 3250 3920 Quaedam
3281 3877 3438 3928 porro
3467 3841 3536 3920 ita
3561 3907 3578 3934 ,

1989 3937 2048 3982 ut
2071 3943 2172 3984 nec
2191 3931 2367 3985 minor
2391 3949 2490 3988 nec
2513 3937 2734 4005 aequalis
2753 3947 2882 3996 tunc
2900 3947 3226 4015 ostendatur,
3253 3953 3346 4007 sed
3373 3931 3579 4014 tantum

1987 4022 2126 4090 quod
2155 4021 2221 4076 de
2246 4023 2404 4080 Patre
2433 4028 2502 4080 sit
2529 4028 2834 4099 intimetur,
2863 4047 2920 4088 ut
2945 4047 3026 4092 est
3064 4041 3190 4096 illud
3213 4085 3226 4108 ,
3259 4045 3404 4101 Sicut
3434 4051 3581 4106 habet

1989 4108 2147 4164 Pater
2185 4114 2337 4168 vitam
2375 4117 2428 4170 in
2456 4122 2722 4191 semetipso
2746 4165 2760 4187 ,
2787 4125 2860 4177 sic
2895 4127 3032 4182 dedit
3057 4129 3195 4188 Filio
3221 4137 3374 4192 vitam
3399 4141 3582 4198 habere

1985 4200 2039 4255 in
2064 4205 2370 4274 smnetipso;
2415 4215 2468 4262 et
2497 4209 2624 4263 illud
2648 4253 2663 4278 ,
2699 4211 2878 4284 Neque
2903 4219 3036 4272 enim
3079 4233 3237 4290 potest
3268 4225 3438 4284 Filius
3463 4249 3495 4284 α
3523 4250 3578 4288 se

1985 4294 2150 4363 facere
2186 4296 2462 4368 quidquam
2485 4341 2497 4364 ,
2547 4303 2648 4356 nisi
2681 4305 2819 4374 quod
2843 4309 3021 4364 viderit
3059 4311 3268 4370 Patrem
3308 4319 3576 4390 facientem

1985 4383 2092 4454 (1d.
2125 4402 2190 4450 ν,
2220 4387 2324 4451 ea,
2358 4388 2458 4456 a7,
2489 4391 2590 4459 26,
2637 4394 2748 4467 i9).
2781 4397 2932 4465 Quod
2965 4402 3008 4454 si
3049 4383 3328 4476 propterea
3371 4411 3572 4471 dictum

1982 4480 2344 4547 acceperimus
2368 4523 2382 4548 ,
2407 4485 2538 4552 quia
2573 4486 2626 4538 in
2653 4485 2823 4542 forma
2851 4503 3066 4562 accepta
3095 4513 3162 4552 ex
3191 4509 3430 4557 creatura
3471 4509 3572 4561 mi-

1983 4585 2082 4624 nor
2107 4579 2189 4624 est
2233 4571 2396 4626 Filius
2421 4614 2434 4632 .
2465 4589 2798 4646 consequens
2838 4583 2939 4636 erit
2969 4595 3026 4639 ut
3051 4589 3197 4655 prior
3225 4591 3382 4649 Pater
3409 4612 3571 4666 super

1980 4677 2144 4732 aquas
2171 4663 2550 4732 ambulaverit,
2581 4679 2672 4722 aut
2696 4671 2920 4744 alicujus
2947 4677 3167 4736 alterius
3193 4685 3320 4738 caeci
3367 4663 3570 4744 nati-de

1979 4761 2136 4823 Sputo
2161 4765 2216 4809 et
2251 4756 2364 4812 luto
2392 4759 2574 4814 oculos
2601 4765 2870 4830 aperuerit
2889 4811 2902 4834 ,
2942 4777 2996 4823 et
3023 4781 3216 4828 caetera
3243 4791 3362 4844 qua:
3403 4777 3569 4836 Filius

1979 4847 2032 4900 in
2057 4863 2219 4903 carne
2242 4863 2504 4920 apparens
2533 4853 2672 4908 inter
2695 4855 2940 4915 homines
2959 4861 3082 4917 fecit
3107 4861 3318 4936 (Matth.
3339 4885 3450 4936 xiv,
3473 4871 3564 4940 26,

1977 4945 2022 4990 et
2043 4937 2196 4993 Joan.
2235 4957 2284 4993 1x
2305 4981 2322 5018 t,
2353 4941 2419 5008 6,
2449 4940 2540 5017 7),
2569 4953 2626 5000 ut
2660 4960 2843 5018 posset
2879 4967 2940 5006 ea
2969 4933 3146 5010 facere
3171 4959 3259 5026 qui
3297 4933 3566 5020 dixit-nou
3617 4933 3634 4958 ς

1975 5043 2134 5096 posse
2160 5029 2351 5086 Filium
2379 5048 2408 5088 a
2436 5048 2494 5090 se
2517 5035 2695 5094 facere
2714 5041 2998 5111 quidquam
3017 5085 3030 5108 ,
3073 5045 3174 5100 nisi
3202 5050 3342 5118 quod
3373 5052 3568 5110 viderit

1975 5118 2188 5175 Patrem
2225 5123 2516 5182 facientem
2543 5146 2557 5182 :
2586 5132 2704 5199 quis
2747 5143 2924 5188 autem
2957 5137 3038 5190 vel
3068 5137 3274 5195 delirus
3317 5143 3390 5198 ita
3434 5160 3566 5202 sen-

1976 5212 2102 5266 tiat?
2135 5215 2318 5270 Restat
2343 5235 2472 5290 ergo
2509 5233 2564 5276 ut
2591 5223 2706 5279 hmc
2733 5226 2850 5282 ideo
2879 5228 3018 5284 dieta
3045 5233 3186 5300 sint,
3216 5237 3338 5304 quia
3367 5239 3562 5296 incom-

1975 5304 2243 5360 mutabilis
2271 5311 2482 5364 estvita
2515 5311 2632 5366 Filii
2674 5317 2808 5370 sicut
2835 5319 3034 5388 Patris,
3067 5333 3120 5378 et
3148 5335 3324 5382 tamen
3363 5329 3430 5385 de
3457 5331 3560 5388 Pa~

1975 5405 2056 5452 tre
2082 5407 2202 5464 est;
2236 5409 2292 5454 et
2331 5401 2698 5472 inseparabilis
2721 5419 2803 5463 est
2841 5415 3082 5480 operatio
3111 5416 3284 5474 Patris
3309 5432 3364 5477 et
3401 5423 3559 5492 Filii,

1973 5488 2068 5543 sed
2097 5499 2273 5545 tamen
2303 5491 2374 5546 ita
2401 5496 2608 5562 cperari
2640 5497 2774 5554 Filio
2801 5501 2868 5555 de
2893 5501 2987 5558 illo
3029 5513 3111 5560 est
3135 5549 3150 5574 ,
3195 5509 3261 5564 de
3303 5527 3407 5583 quo
3445 5488 3562 5587 ipse

1973 5589 2094 5650 est,
2136 5583 2188 5638 id
2217 5593 2300 5640 est
2333 5585 2400 5640 de
2433 5587 2622 5656 Putre;
2649 5599 2704 5646 et
2737 5593 2812 5647 ita
2855 5595 2996 5650 videt
3025 5599 3194 5655 Filius
3225 5583 3484 5672 Patrem,—
3503 5617 3562 5664 ut

1971 5691 2078 5744 quo
2117 5691 2240 5732 eum
2277 5678 2420 5734 videt
2455 5679 2557 5736 hoc
2599 5683 2714 5751 ipso
2755 5686 2824 5740 sit
2868 5687 3055 5746 Filius.
3085 5692 3202 5748 Non
3239 5697 3382 5754 enim
3411 5698 3560 5756 aliud

1975 5769 2046 5822 illi
2077 5779 2298 5826 estesse
2321 5771 2388 5826 de
2401 5773 2592 5840 Patre,
2623 5776 2678 5831 id
2696 5785 2780 5833 est
2809 5783 2952 5838 nasci
2981 5783 3048 5838 de
3073 5785 3258 5853 Patre,
3295 5805 3452 5858 quam
3481 5793 3560 5848 vi-

1972 5859 2100 5914 den:
2133 5863 2362 5924 Patrem;
2387 5873 2478 5920 aut
2507 5866 2648 5924 aliud
2677 5869 2854 5928 videre
2875 5885 3204 5944 operantem,
3235 5895 3391 5948 quam
3414 5887 3558 5954 pari-
