4084 6428
493 402 597 463 847

490 527 574 574 ter
610 514 821 587 operari
848 532 859 569 :
890 511 985 568 sed
1017 510 1136 566 ideo
1162 522 1269 562 non
1298 519 1327 558 a
1354 518 1432 568 se,
1462 500 1583 572 quia
1610 514 1716 555 non
1742 506 1823 555 est
1842 514 1873 552 a
1903 513 1980 553 se.
2010 496 2079 551 Et

490 610 614 666 ideo
636 625 753 680 qua:
790 606 967 661 viderit
990 604 1196 657 Patrem
1219 600 1517 669 facientem,
1544 594 1650 647 htec
1688 591 1862 646 eadem
1887 590 2007 660 facit
2035 595 2080 641 et

492 701 664 756 Filius
706 698 933 753 similiter
954 737 968 762 ,
1014 693 1137 763 quia
1163 690 1231 745 de
1278 689 1436 743 Patre
1465 693 1565 740 est.
1597 682 1779 753 Neque
1803 682 1944 737 enim
1975 680 2081 734 alia

491 792 757 855 similiter,
779 789 913 844 sicut
936 785 1107 856 pictor
1130 781 1261 836 alias
1283 778 1489 833 tabulas
1513 777 1701 847 pingit,
1728 771 2079 845 quemadmo-

490 884 620 940 dum
641 884 773 937 alias
792 881 858 935 ab
882 879 987 933 alio
1009 874 1175 947 pictas
1198 873 1362 938 videt;
1393 885 1491 926 nec
1515 868 1702 925 eadem
1727 865 2077 927 dissimiliter,

490 975 631 1029 sicut
671 985 863 1040 corpus
904 966 1118 1022 easdem
1146 965 1355 1019 litteras
1381 960 1661 1031 exprimit,
1712 971 1844 1028 quas
1872 954 2081 1009 animus

487 1062 741 1134 cogitavit
772 1077 785 1114 :
814 1059 908 1115 sed
954 1072 1311 1131 quwcumque,
1348 1053 1542 1124 inquit,
1574 1050 1728 1105 Pater
1776 1048 1926 1120 facit,
1974 1046 2081 1099 haec

489 1155 665 1210 eadem
706 1162 754 1207 et
794 1152 915 1223 facit
953 1148 1120 1203 Filius
1145 1148 1371 1202 similiter
1410 1145 1588 1217 (Joan.
1617 1158 1679 1207 ν,
1709 1138 1820 1213 19).
1850 1140 1944 1205 Et,
1975 1138 2082 1190 Itwc

354 1232 357 1235 5
384 1278 389 1284 -
489 1247 667 1301 eadem
696 1245 859 1311 dixit;
892 1252 976 1309 et,
1001 1240 1231 1295 similiter
1252 1256 1271 1294 :
1296 1252 1478 1309 seper
1503 1236 1607 1309 hoc
1632 1231 1999 1303 inseparabilis
2027 1236 2083 1283 et

402 1336 420 1413 ἶ
487 1354 588 1409 par
606 1348 688 1394 est
712 1335 953 1407 Operatio
978 1334 1123 1389 Patri
1150 1341 1203 1387 et
1230 1331 1367 1386 Filio
1392 1372 1407 1397 ,
1436 1328 1530 1383 sed
1560 1342 1590 1381 a
1628 1327 1785 1380 Patre
1813 1332 1894 1379 est
1924 1321 2079 1377 Filio.

487 1430 617 1486 ldeo
663 1444 768 1485 non
814 1436 990 1498 potest
1017 1425 1184 1480 Filius
1227 1439 1258 1477 a
1304 1437 1361 1477 se
1405 1419 1582 1475 facere
1610 1416 1937 1488 quidquam,
1981 1413 2083 1467 nisi

488 1524 632 1597 quod
658 1523 847 1578 viderit
879 1522 1091 1577 Patrem
1119 1517 1421 1572 facientem.
1461 1514 1539 1568 Ex
1580 1512 1680 1565 hac
1707 1525 1832 1580 ergo
1860 1506 2043 1577 regula
2064 1546 2080 1572 ,

486 1632 594 1687 qua
620 1616 691 1671 ita
714 1617 1004 1685 loquuntur
1030 1610 1338 1679 Scriptum,
1366 1616 1425 1661 ut
1454 1620 1559 1659 non
1585 1603 1747 1657 alium
1776 1601 1881 1655 alio
1910 1599 2084 1653 mino-

390 1690 408 1782 ί
485 1722 636 1774 rem,
686 1706 783 1762 sed
815 1714 1015 1759 tantum
1050 1702 1215 1758 velint
1252 1697 1538 1754 ostendere
1581 1694 1700 1765 quis
1729 1693 1796 1748 de
1824 1705 1931 1763 quo
1975 1690 2081 1757 sit,

486 1799 733 1857 nonnulli
763 1812 884 1853 eum
914 1810 1129 1851 sensum
1176 1797 1567 1860 conceperuut,
1616 1795 1869 1856 tanquam
1910 1782 2085 1837 minor

487 1892 658 1948 Filius
677 1889 963 1945 diceretur.
995 1885 1221 1953 Quidam
1242 1892 1419 1938 autem
1442 1880 1610 1936 nostri
1638 1877 1962 1933 indoctiores
1982 1915 1996 1940 ,
2031 1880 2086 1928 et

485 1982 547 2039 in
587 1982 671 2038 bis
712 1982 929 2036 minime
966 1977 1199 2043 eruditi,
1231 1974 1358 2030 dum
1383 1973 1497 2027 haec
1538 1969 1832 2026 secundum
1862 1968 2085 2022 formam

489 2076 632 2131 servi
659 2082 921 2129 conantur
942 2070 1184 2140 accipere
1203 2108 1219 2134 ,
1250 2075 1303 2121 et
1325 2080 1419 2120 eos
1440 2070 1623 2118 rectus
1648 2059 1951 2115 intellectus
1977 2072 2087 2112 non

486 2164 750 2235 sequitur,
783 2161 1181 2234 perturbantur.
1214 2155 1369 2226 Quod
1389 2171 1457 2210 ne
1482 2152 1720 2220 accidat,
1749 2149 1980 2206 tenenda
2006 2156 2090 2204 est

486 2256 607 2312 haec
632 2255 817 2327 regula
837 2297 853 2323 ,
894 2269 997 2325 qua
1039 2267 1146 2307 non
1172 2250 1348 2305 minor
1374 2256 1455 2303 est
1483 2245 1649 2301 Filius
1670 2286 1686 2313 ,
1719 2244 1813 2300 sed
1844 2241 1986 2313 quod
2017 2241 2085 2296 de

488 2350 648 2408 Patre
691 2351 760 2405 sit
785 2349 1062 2404 intimatur
1099 2364 1112 2399 ε
1148 2344 1341 2416 quibus
1369 2341 1547 2398 verbis
1577 2354 1686 2395 non
1714 2336 2046 2407 inaequalitas
2069 2375 2084 2403 ,

491 2445 589 2500 sed
619 2443 869 2499 nativitas
893 2442 1011 2512 ejus
1035 2437 1355 2496 ostenditur.

565 2537 791 2594 CAPUT
822 2534 885 2591 ll.
927 2565 999 2575 —
1032 2535 1085 2589 4.
1117 2530 1201 2586 Ea;
1240 2527 1474 2584 utrolibet
1497 2526 1675 2599 regula
1701 2522 1913 2594 intelligi
1936 2537 2090 2591 quas-

502 2632 625 2685 dam
663 2630 938 2684 locutiones
964 2627 1026 2680 de
1051 2624 1209 2679 Filio.
1238 2623 1372 2679 Sunt
1393 2635 1521 2691 ergo
1549 2618 1790 2690 qutedam
1816 2617 1868 2671 in
1891 2613 2090 2669 sanctis

492 2723 692 2789 Libris,
722 2729 780 2777 ut
799 2721 976 2776 dicere
1001 2730 1269 2787 coeperam
1288 2754 1303 2780 ,
1336 2713 1409 2767 ita
1448 2710 1619 2780 posita
1646 2748 1661 2773 ,
1688 2718 1750 2762 ut
1781 2704 2089 2774 ambiguum

491 2818 565 2873 sit
602 2829 829 2887 quonam
853 2809 1135 2868 referenda
1159 2809 1302 2863 sint:
1331 2814 1511 2860 utrum
1538 2801 1606 2857 ad
1634 2799 1762 2855 illud
1791 2797 1932 2869 quod
1962 2809 2089 2887 prof

492 2886 969 2979 pteriassumptam
1016 2908 1315 2958 creaturam
1359 2897 1534 2951 minor
1563 2902 1646 2949 est
1676 2891 1878 2955 Filius;
1923 2903 1991 2942 an
2021 2886 2090 2942 ad

492 3002 646 3067 illud,
676 3000 819 3071 quod
842 2996 1084 3068 quamvis
1111 2992 1357 3063 aequalis,
1387 2999 1565 3045 tamen
1594 2986 1717 3058 quia
1743 2985 1811 3040 de
1837 2985 1995 3038 Patre
2021 2982 2091 3036 sit

493 3093 778 3149 indicatur.
807 3089 875 3144 Et
902 3083 1271 3156 mihiquidem
1312 3081 1561 3147 videtur,
1604 3078 1651 3131 si
1688 3092 1755 3132 eo
1784 3074 1945 3130 modo
1972 3088 2088 3128 am-

495 3188 718 3257 biguum
754 3193 870 3249 est,
897 3190 957 3237 ut
982 3178 1238 3250 explicari
1260 3173 1599 3243 discernique
1642 3185 1749 3224 non
1790 3168 1992 3239 possit,
2024 3181 2091 3221 ex

496 3278 749 3335 utralibet
775 3274 959 3345 regula
988 3272 1101 3327 sine
1133 3266 1372 3340 periculo
1396 3278 1556 3335 posse
1575 3259 1823 3330 intelligi,
1848 3260 1985 3314 sicut
2009 3263 2093 3312 est

499 3369 643 3442 quod
668 3369 777 3434 ait,
810 3366 927 3420 Mea
958 3363 1185 3418 doctrina
1214 3374 1316 3414 non
1362 3366 1433 3412 est
1458 3371 1571 3409 mea
1591 3395 1606 3421 ,
1639 3352 1726 3407 sed
1752 3353 1859 3421 ejus
1900 3350 1985 3421 qui
2015 3364 2095 3403 me

499 3466 637 3521 misit
662 3463 771 3535 (Id.
802 3478 911 3528 vn,
953 3457 1067 3531 16).
1097 3456 1228 3511 Nam
1252 3462 1305 3509 et
1326 3468 1392 3507 ex
1433 3450 1603 3504 forma
1626 3447 1766 3502 servi
1798 3452 1972 3516 potest
1999 3458 2093 3498 ac-

500 3560 626 3629 cipi,
660 3557 799 3613 sicut
820 3554 931 3625 jam
964 3552 1017 3605 in
1042 3549 1180 3604 libro
1209 3544 1486 3615 superioris
1506 3538 1849 3596 tractavimus
1874 3535 2088 3629 (Supra,

500 3626 589 3706 lib.
625 3649 679 3713 1,
711 3663 825 3717 cap.
856 3642 945 3711 12)
973 3660 988 3709 ;
1018 3649 1072 3697 et
1092 3655 1158 3695 ex
1186 3638 1357 3693 forma
1388 3634 1483 3690 Dei
1508 3675 1522 3699 ,
1552 3633 1608 3686 in
1635 3646 1735 3702 qua
1767 3631 1843 3684 sic
1873 3626 2095 3698 aequalis

506 3750 591 3798 est
616 3738 785 3805 Patri,
812 3745 871 3791 ut
891 3744 1067 3790 tamen
1098 3731 1164 3788 de
1188 3730 1345 3785 Patre
1367 3728 1454 3783 sit.
1482 3726 1538 3780 1n
1562 3725 1654 3779 Dei
1680 3722 1877 3793 quippe
1902 3720 2091 3787 forma,

504 3837 645 3892 sicut
667 3847 777 3888 non
805 3838 888 3886 est
924 3826 1065 3883 aliud
1094 3824 1291 3888 Filius,
1339 3819 1485 3876 aliud
1509 3819 1616 3873 vita
1661 3816 1776 3886 ejus
1801 3857 1815 3880 ,
1848 3813 1940 3869 sed
1983 3813 2096 3882 ipsa

506 3928 615 3981 vita
643 3924 808 3978 Filius
829 3928 929 3986 est;
959 3919 1031 3973 ita
1059 3932 1166 3973 non
1192 3923 1273 3971 est
1294 3911 1436 3967 aliud
1469 3909 1655 3972 Filius,
1678 3905 1821 3960 aliud
1851 3902 2095 3959 doctrina

402 4044 411 4059 ι
506 4019 647 4089 ejus,
674 4014 767 4070 sed
798 4013 911 4083 ipsa
931 4010 1171 4066 doctrina
1206 4006 1372 4061 Filius
1398 4012 1499 4059 est.
1531 4003 1607 4055 Ac
1636 4015 1730 4070 per
1759 3998 1861 4053 hoc
1888 3997 2023 4050 sicut
2042 3994 2096 4050 id

506 4088 648 4178 quod
678 4108 875 4162 dictum
902 4113 983 4160 est
1006 4144 1020 4168 ,
1050 4102 1185 4155 dedit
1212 4098 1348 4153 Filio
1378 4094 1568 4159 vitam,
1601 4104 1707 4147 non
1732 4090 1874 4144 aliud
1900 4088 2097 4143 intelli-

508 4205 651 4275 gitur
677 4213 860 4271 quam,
887 4194 1080 4252 Genuit
1098 4191 1291 4246 Filium
1318 4188 1406 4258 qui
1426 4194 1510 4242 est
1537 4185 1664 4250 vita;
1691 4182 1769 4237 sic
1793 4181 1948 4263 etiam
1975 4194 2095 4233 cum

509 4270 709 4350 dicitur
722 4332 737 4358 ,
765 4287 922 4344 Dedit
941 4285 1076 4340 Filio
1103 4282 1428 4345 doctrinam,
1455 4278 1592 4333 bene
1622 4272 1930 4342 intelligitur
1950 4311 1967 4336 ,
1995 4270 2098 4325 Ge-

510 4388 628 4442 nuit
663 4383 858 4438 Filium
902 4378 993 4450 qui
1030 4383 1113 4432 est
1147 4372 1387 4429 doctrina
1418 4386 1431 4423 :
1462 4376 1520 4423 ut
1563 4365 1702 4438 quod
1746 4364 1945 4419 dictum
1976 4371 2056 4416 est
2080 4402 2095 4429 ,

514 4477 635 4533 Meo
654 4473 882 4530 doctrina
904 4486 1007 4525 non
1032 4476 1105 4522 est
1133 4480 1264 4530 mea,
1292 4462 1380 4518 sed
1400 4461 1507 4532 ejus
1527 4459 1615 4529 qui
1637 4474 1717 4513 me
1735 4456 1886 4517 misit,
1922 4455 1998 4510 sic
2020 4453 2100 4508 in-

512 4570 781 4643 telligatur
808 4581 872 4621 ac
901 4564 947 4620 si
972 4562 1175 4618 dictum
1204 4559 1312 4626 sit,
1342 4556 1453 4626 Ego
1478 4568 1586 4609 non
1615 4567 1734 4607 sum
1761 4566 1792 4606 a
1817 4564 1903 4604 me
1947 4549 2097 4619 ipso,

515 4662 609 4720 sed
638 4661 706 4717 ab
732 4659 825 4715 illo
852 4656 942 4728 qui
968 4670 1054 4711 me
1082 4652 1248 4709 misit.

583 4745 811 4809 CAPUT
836 4747 924 4804 lli.
954 4776 1025 4787 —
1046 4745 1099 4801 5.
1130 4742 1208 4797 De
1235 4741 1435 4813 Spiritu
1460 4746 1631 4795 sancto
1667 4734 1898 4806 quaedam
1923 4748 1983 4787 ea:
2025 4731 2103 4785 al-

518 4859 623 4903 tera
661 4851 856 4899 tantum
884 4839 1061 4912 regula
1104 4835 1475 4906 intelliguntur.
1518 4830 1650 4885 Nam
1695 4837 1751 4883 et
1790 4827 1858 4881 de
1903 4825 2103 4896 Spiritu

514 4944 723 5003 sancto,
755 4932 824 4989 de
844 4946 950 5004 quo
973 4946 1081 4985 non
1103 4928 1301 4983 dictum
1323 4931 1426 4989 est,
1456 4921 1788 4989 Semetipsum
1808 4915 2099 4981 exinanivit,

512 5030 736 5099 formam
758 5025 888 5081 servi
913 5023 1187 5093 accipiens;
1212 5020 1287 5072 ait
1317 5026 1491 5071 tamen
1518 5013 1634 5083 ipse
1658 5011 1914 5065 Dominus
1939 5027 1952 5062 :
1976 5008 2105 5062 Cum

515 5128 692 5176 autem
708 5116 893 5175 venerit
918 5115 1004 5169 ille
1026 5111 1250 5181 Spiritus
1273 5106 1496 5162 veritatis
1515 5146 1528 5169 ,
1557 5103 1749 5158 docebit
1783 5117 1868 5155 vos
1908 5114 2105 5153 omnem

516 5215 793 5270 veritatem.
817 5208 940 5264 Non
964 5206 1096 5261 enim
1123 5204 1351 5272 loquetur
1374 5216 1406 5252 a
1432 5198 1717 5266 semetipso,
1741 5193 1829 5248 sed
1854 5209 2106 5261 quwcum-

516 5322 611 5377 que
628 5302 798 5359 audiet
828 5302 1077 5373 loquetur,
1098 5305 1144 5350 et
1171 5310 1283 5366 qua:
1308 5298 1513 5347 ventura
1538 5298 1652 5344 sunt
1679 5286 1995 5341 annuntiabit
2016 5301 2105 5339 vo-

517 5396 612 5451 bis.
645 5395 747 5450 Ille
769 5411 847 5449 me
877 5388 1215 5459 clarificabit;
1258 5386 1376 5455 quia
1400 5384 1463 5437 de
1492 5398 1599 5436 meo
1640 5380 1889 5449 accipiet,
1936 5387 1981 5432 et
2010 5395 2107 5432 an-

519 5488 770 5543 nuntiabit
796 5486 951 5541 vobis.
982 5483 1108 5539 Post
1136 5480 1251 5535 haec
1267 5477 1449 5541 verba,
1481 5474 1583 5529 nisi
1611 5471 1863 5527 continuo
1892 5480 2107 5526 secutus

519 5579 777 5645 dixisset,
816 5576 1002 5632 Omnia
1038 5585 1362 5644 quotcumque
1403 5566 1548 5621 habet
1580 5563 1770 5628 Pater,
1799 5580 1907 5617 mea
1946 5570 2061 5616 sunt
2089 5577 2109 5616 :

521 5681 787 5745 propterea
814 5671 922 5725 dixi
943 5712 960 5738 ,
995 5668 1127 5735 Quia
1152 5666 1215 5720 de
1241 5680 1351 5718 meo
1372 5662 1600 5733 accipiet,
1623 5669 1670 5715 et
1691 5658 2003 5713 annuntiabit
2024 5674 2109 5712 vo-

522 5766 598 5820 bis
626 5765 804 5837 (Joan.
831 5778 920 5819 xvi
943 5803 957 5828 ,
986 5757 1205 5831 lii-{5);
1237 5756 1547 5814 crederetur
1577 5752 1806 5807 fortasse
1852 5751 1922 5805 ita
1953 5759 2111 5805 natus

523 5857 591 5914 de
615 5857 829 5917 Christo
854 5853 1083 5921 Spiritus
1126 5858 1340 5909 sanctus
1359 5891 1373 5920 ,
1414 5843 1863 5921 quemadmodum
1910 5843 1999 5900 ille
2042 5842 2112 5901 de

2038 6024 2115 6033 νυ-υ.

1610 385 1699 441 DE
1740 379 2131 447 TRINITATE,
2173 379 2229 437 S.
2273 378 2639 439 AUGUSTINI

3669 379 3775 437 848

2189 493 2369 550 Patre.
2397 495 2473 550 De
2516 510 2577 551 se
2602 493 2798 566 quippe
2825 491 3070 557 dixerat,
3123 491 3238 546 Mea
3285 491 3515 546 doctrina
3561 507 3663 547 non
3707 498 3779 547 at

2189 607 2329 659 mea,
2356 591 2445 645 sed
2476 592 2586 663 ejus
2610 590 2697 660 qui
2722 605 2800 642 me
2828 576 2961 641 misit
2991 604 3009 641 :
3033 587 3099 642 de
3123 586 3322 657 Spiritu
3344 596 3521 642 autem
3553 594 3741 641 sancto
3761 628 3777 655 ,

2190 680 2315 737 Non
2343 684 2475 736 enim
2515 682 2743 752 loquetur
2770 697 2801 733 a
2828 679 3110 750 semetipso,
3144 679 3230 733 sed
3258 693 3580 750 quotcumque
3606 678 3783 731 audiet

2190 774 2440 844 loquetur;
2466 784 2541 841 et,
2569 773 2702 840 Quia
2730 773 2792 827 de
2816 788 2925 826 meo
2946 772 3173 842 accipiet,
3205 779 3253 825 et
3276 770 3596 824 annuntiabit
3620 771 3779 825 vobis.

2188 866 2294 924 Sed
2331 868 2455 939 quia
2495 866 2725 923 reddidit
2766 880 2983 921 causam
3029 880 3125 920 cur
3148 863 3374 930 dixerit,
3416 864 3478 917 de
3504 879 3615 917 meo
3649 863 3783 916 acci-

2190 958 2332 1027 piet;
2371 957 2445 1012 ait
2470 959 2615 1014 enim
2638 1000 2655 1026 ,
2703 957 2888 1011 Omnia
2932 971 3256 1028 quiscumque
3283 954 3428 1008 habet
3453 954 3644 1020 Pater,
3672 970 3785 1008 mea

2150 1129 2154 1133 1
2189 1059 2343 1115 sunt;
2379 1058 2644 1121 propterea
2667 1049 2777 1104 dixi
2793 1091 2809 1116 ,
2845 1048 2978 1114 Quia
3007 1048 3069 1102 de
3100 1064 3210 1102 meo
3234 1047 3446 1117 accipiet
3473 1062 3492 1099 :
3518 1054 3686 1100 restat
3727 1054 3785 1098 ut

2190 1141 2515 1213 intelligatur
2556 1141 2719 1197 etiam
2773 1141 3002 1211 Spiritus
3045 1149 3259 1196 sanctus
3300 1139 3369 1195 de
3408 1139 3581 1194 Patris
3623 1140 3642 1169 ί
3684 1137 3783 1192 ba-

2190 1233 2359 1299 bere,
2402 1234 2540 1288 sicut
2567 1243 2622 1288 et
2660 1233 2848 1288 Filius.
2881 1232 3160 1301 Quomodo
3183 1273 3199 1299 ,
3246 1231 3350 1286 nisi
3391 1230 3684 1286 secundum
3732 1229 3784 1285 id

2190 1327 2332 1396 quod
2375 1340 2534 1396 supra
2561 1325 2834 1380 diximus:
2865 1324 2990 1379 Cum
3035 1333 3203 1379 autem
3247 1325 3435 1379 venerit
3479 1318 3815 1377 Paracletus'

2189 1436 2336 1491 quem
2362 1436 2451 1490 ego
2482 1420 2674 1473 mittam
2703 1418 2839 1474 vobis
2863 1436 2896 1472 a
2939 1417 3099 1472 Patre
3117 1460 3131 1485 ,
3172 1417 3424 1488 Spiritum
3448 1418 3673 1471 veritatis
3701 1416 3786 1486 qui

2191 1488 2224 1567 a
2271 1488 2428 1567 Patre
2472 1512 2729 1582 procedit,
2775 1512 2862 1565 ille
2904 1511 3239 1566 testimonium
3284 1510 3558 1581 perhibebit
3601 1510 3666 1563 de
3708 1488 3811 1563 mex

2191 1603 2371 1677 (Joan.
2398 1620 2485 1671 xv,
2506 1603 2624 1676 26)?
2640 1590 2985 1660 Procedendo
3007 1606 3184 1674 itaque
3209 1618 3241 1658 a
3258 1603 3434 1671 Patre,
3462 1602 3656 1658 dicitur
3679 1617 3784 1656 non

2191 1697 2339 1767 loqui
2368 1712 2397 1751 a
2425 1698 2715 1767 semetipso
2754 1715 2768 1752 :
2797 1706 2850 1753 et
2875 1696 3013 1753 sicut
3036 1711 3141 1751 non
3162 1712 3230 1752 ex
3249 1712 3314 1751 eo
3345 1696 3405 1751 ﬁt
3429 1704 3487 1750 ut
3511 1696 3690 1750 minor
3718 1696 3787 1749 sit

2192 1788 2358 1844 Filius
2396 1790 2520 1859 quia
2549 1789 2715 1856 dixit,
2750 1788 2873 1843 Non
2902 1798 3060 1859 potest
3084 1788 3252 1843 Filius
3276 1805 3309 1842 a
3345 1805 3399 1843 se
3426 1791 3592 1859 facere
3631 1787 3785 1859 quid-

2192 1898 2365 1951 quam,
2381 1882 2478 1935 nisi
2502 1881 2637 1951 quod
2660 1880 2836 1935 viderit
2859 1878 3069 1934 Patrem
3094 1881 3360 1952 facientem
3375 1879 3502 1951 (non
3522 1880 3664 1934 enim
3685 1878 3787 1933 hoc

2192 1986 2256 2027 ex
2282 1971 2455 2027 forma
2472 1973 2611 2027 servi
2628 1972 2781 2039 dixit,
2802 1972 2895 2027 sed
2915 1988 2981 2027 ex
2999 1973 3167 2027 forma
3185 1972 3300 2041 Dei,
3320 1972 3458 2027 sicut
3473 1972 3582 2041 jam
3600 1980 3784 2026 osten-

2193 2064 2397 2119 dimus:
2419 2065 2534 2119 haec
2558 2072 2735 2119 autem
2758 2064 2923 2120 verba
2946 2080 3053 2119 non
3076 2064 3312 2119 indicant
3327 2065 3469 2136 quod
3493 2066 3669 2120 minor
3694 2064 3786 2133 sit,

2194 2159 2289 2214 sed
2304 2158 2445 2229 quod
2462 2158 2528 2213 de
2547 2159 2704 2215 Patre
2721 2157 2835 2232 sit);
2855 2159 2929 2213 ita
2948 2174 3054 2214 non
3073 2159 3198 2214 hinc
3212 2159 3441 2215 efﬁcitur
3456 2167 3516 2214 ut
3534 2160 3709 2215 minor
3720 2160 3791 2214 sit

2194 2251 2424 2324 Spiritus
2444 2262 2690 2319 sanctus,
2713 2254 2834 2324 quia
2868 2254 3066 2309 dictum
3092 2262 3176 2309 est
3200 2254 3267 2309 de
3307 2254 3400 2309 illo
3420 2295 3436 2320 ,
3488 2252 3612 2307 Non
3656 2255 3790 2307 enim

2195 2344 2424 2415 loquetur
2449 2362 2481 2399 a
2504 2347 2787 2417 semetipso,
2817 2348 2906 2401 sed
2924 2363 3253 2419 quacumque
3288 2347 3480 2415 audiet,
3514 2348 3744 2418 loquetur
3771 2364 3790 2401 :

2196 2435 2488 2504 secundum
2516 2436 2621 2493 hoc
2653 2439 2797 2494 enim
2824 2438 3022 2494 dictum
3051 2448 3134 2495 cst
3161 2439 3305 2510 quod
3320 2439 3389 2495 de
3416 2440 3576 2497 Patre
3595 2455 3789 2510 proce-

2196 2528 2293 2583 dit.
2324 2528 2457 2583 Cum
2485 2545 2614 2585 vero
2648 2540 2702 2585 et
2731 2530 2900 2586 Filius
2930 2530 2997 2586 de
3024 2531 3179 2587 Patre
3197 2532 3286 2598 sit,
3314 2541 3368 2587 et
3405 2532 3634 2602 Spiritus
3663 2548 3791 2587 san-

2196 2632 2313 2679 ctus
2334 2639 2365 2678 a
2392 2623 2548 2679 Patre
2594 2626 2874 2694 procedat,
2908 2641 3003 2680 cur
3034 2641 3140 2680 non
3180 2626 3339 2680 ambo
3364 2626 3485 2681 Filii
3514 2627 3786 2692 dicantur,

2197 2732 2297 2773 nec
2321 2717 2479 2772 ambo
2507 2718 2694 2788 geniti,
2723 2717 2818 2772 sed
2849 2717 2936 2773 ille
2956 2733 3096 2773 unus
3128 2716 3298 2773 Filius
3340 2719 3673 2788 unigenitus,
3703 2720 3792 2775 hic

2197 2819 2375 2865 autem
2402 2809 2631 2880 Spiritus
2658 2818 2872 2865 sanctus
2889 2826 2989 2865 nec
3018 2810 3156 2865 filius
3182 2826 3283 2866 nec
3306 2812 3514 2881 genitus
3536 2854 3552 2879 ,
3586 2812 3709 2883 quia
3738 2811 3786 2866 si

2195 2901 2406 2973 genitus
2438 2901 2620 2971 utique
2649 2901 2834 2967 Filius,
2867 2902 2974 2957 alio
2994 2902 3133 2969 loco,
3155 2904 3200 2956 si
3219 2904 3362 2959 Deus
3390 2904 3667 2959 donaverit
3691 2945 3706 2968 ,
3737 2912 3794 2960 et

2196 3002 2450 3065 quantum
2467 2993 2760 3060 donaverit,
2779 2994 3101 3050 disseremus
3119 2994 3169 3064 (1
3176 2999 3311 3065 nfra,
3327 2996 3414 3049 lib.
3437 2995 3522 3061 15,
3540 3013 3657 3068 cap.
3673 2995 3790 3065 25).

2268 3085 2496 3141 CAPUT
2520 3084 2609 3141 IV.
2632 3116 2703 3126 -—
2724 3086 2779 3141 6.
2800 3085 3118 3155 Gloriﬁcatio
3150 3087 3276 3142 Filii
3307 3105 3337 3141 a
3365 3088 3543 3153 Patre,
3572 3088 3794 3145 nonar-

2197 3181 2305 3253 guit
2330 3181 2741 3250 intequalitalem.
2765 3180 3146 3237 Verumtamen
3173 3182 3259 3237 hic
3283 3183 3556 3254 evigilent.
3581 3185 3626 3239 si
3667 3200 3793 3255 pos-

2198 3281 2339 3338 sunt,
2371 3272 2463 3343 qui
2494 3273 2594 3327 hoc
2617 3273 2778 3328 etiam
2821 3273 2921 3327 sibi
2946 3273 3222 3343 sulfragari
3250 3282 3595 3345 putaverunt,
3638 3276 3794 3347 quasi

2199 3364 2267 3420 ad
2292 3365 2769 3420 demonstrandum
2801 3366 3011 3422 Patrem
3040 3366 3174 3421 Filio
3209 3368 3490 3436 majorem,
3515 3368 3639 3438 quia
3661 3369 3799 3424 dixit

2200 3455 2387 3521 Filius,
2442 3453 2618 3523 Pater,
2660 3456 2889 3523 clari/ica
2932 3473 3031 3511 me.
3061 3458 3200 3513 Ecce
3226 3465 3281 3512 et
3318 3457 3549 3528 Spiritus
3575 3469 3795 3514 sanctus

2201 3548 2457 3604 clariticat
2482 3562 2603 3602 eum
2641 3566 2656 3602 :
2690 3548 3074 3618 numquidnam
3115 3558 3169 3604 ct
3208 3550 3324 3620 ipse
3355 3551 3526 3621 major
3549 3560 3631 3605 est
3659 3551 3796 3606 illo?

2202 3640 2372 3696 Porro
2400 3648 2579 3695 autem
2620 3641 2665 3695 si
2702 3649 2988 3713 propterea
3016 3641 3243 3712 Spiritus
3286 3654 3503 3698 sanctus
3534 3643 3794 3698 ciarilicat

2202 3734 2397 3789 Filium
2425 3734 2551 3805 quia
2575 3733 2644 3789 de
2670 3733 2791 3789 Filii
2822 3735 3063 3804 accipiet,
3097 3745 3149 3791 et
3181 3735 3301 3791 ideo
3328 3736 3395 3791 de
3429 3736 3545 3807 ejus
3570 3738 3797 3807 accipiet

2203 3828 2331 3899 quia
2362 3830 2540 3883 omnia
2565 3844 2683 3898 qua:
2710 3828 2874 3884 habet
2894 3830 3053 3883 Pater
3082 3829 3247 3900 ipsius
3268 3838 3428 3898 sunt;
3452 3831 3792 3897 magilesmm

2204 3930 2286 3976 est
2312 3922 2433 3991 quia
2465 3937 2586 3976 cum
2606 3920 2833 3991 Spiritus
2861 3931 3077 3976 sanctus
3098 3922 3360 3991 glorilicat
3389 3923 3608 3993 Filium,
3636 3925 3799 3981 Pater

2203 4013 2464 4084 gloriﬁcat
2492 4013 2709 4068 Filium.
2747 4013 2894 4069 Unde
2921 4016 3262 4084 cognoscitur
3284 4016 3425 4086 quod
3468 4018 3646 4071 omnia
3674 4034 3795 4088 quae

2204 4104 2363 4161 habet
2379 4106 2536 4161 Pater
2552 4120 2657 4159 non
2685 4113 2887 4159 tantum
2902 4105 3043 4171 Filii,
3074 4107 3167 4161 sed
3192 4107 3351 4161 etiam
3369 4107 3597 4177 Spiritus
3623 4111 3794 4164 sancti

2205 4208 2348 4266 sunt,
2372 4199 2495 4268 quia
2525 4207 2714 4267 potens
2742 4207 2823 4252 est
2844 4199 3074 4268 Spiritus
3108 4209 3325 4255 sanctus
3366 4201 3664 4271 gloriﬁcare
3697 4202 3793 4257 Fi-

2206 4291 2356 4357 lium,
2384 4306 2540 4361 quem
2554 4290 2813 4362 gloriﬁcat
2830 4290 3008 4346 Pater.
3042 4291 3193 4359 Quod
3215 4293 3258 4346 si
3278 4292 3370 4348 ille
3392 4294 3481 4365 qui
3508 4294 3793 4363 gloriﬁcat,

2205 4398 2271 4439 eo
2296 4399 2453 4454 quem
2480 4383 2742 4454 gloriﬁcat
2769 4383 2939 4453 major
2965 4391 3081 4448 est;
3133 4384 3311 4439 sinant
3330 4394 3389 4439 ut
3414 4386 3643 4456 aequales
3686 4386 3798 4442 sint

2206 4475 2295 4545 qui
2336 4490 2395 4529 sc
2423 4474 2651 4530 invicem
2688 4475 3007 4545 gloriﬁcant.
3040 4474 3306 4546 Scriptum
3335 4488 3417 4532 est
3442 4486 3621 4533 autem
3649 4480 3796 4550 quod
3838 4534 3845 4546 ,

2207 4574 2262 4621 et
2295 4566 2463 4621 Filius
2493 4565 2757 4636 gloriﬁcet
2784 4566 2997 4621 Patrem
3023 4586 3034 4621 :
3059 4566 3170 4639 Ego
3195 4578 3240 4622 te
3259 4610 3274 4634 ,
3305 4569 3495 4639 inquit,
3516 4570 3797 4641 gloriﬁcaoi
3841 4566 3859 4621 '.

2207 4675 2361 4730 super
2377 4671 2558 4712 terram
2580 4659 2757 4731 (Joan.
2784 4675 2918 4726 xvu,
2954 4660 3006 4727 1,
3030 4661 3105 4729 tl).
3126 4660 3266 4716 Sane
3293 4670 3517 4716 caveant
3546 4678 3615 4717 ne
3646 4673 3800 4733 pute-

2209 4760 2296 4807 tur
2324 4751 2557 4823 Spiritus
2601 4761 2816 4807 sanctus
2849 4752 3017 4822 major
3056 4753 3338 4819 ambobus,
3370 4754 3492 4824 quia
3534 4755 3799 4826 gloriﬁcat

2209 4845 2401 4899 Filium
2420 4861 2577 4915 quem
2604 4846 2863 4914 glorilicat
2882 4845 3059 4913 Pater,
3088 4846 3260 4915 ipsum
3275 4856 3451 4903 autem
3465 4864 3564 4904 nec
3586 4865 3617 4904 a
3644 4849 3801 4905 Patre

2210 4953 2309 4993 nec
2335 4954 2365 4991 a
2395 4937 2528 4992 Filio
2558 4938 2815 5007 scriptum
2842 4946 2925 4993 est
2949 4938 3255 5008 gloriﬁcari.

2283 5028 2507 5085 CAPUT
2546 5029 2610 5083 V.
2637 5061 2709 5069 —
2759 5030 2811 5083 7.
2858 5028 3027 5085 Filius
3076 5040 3123 5085 et
3173 5030 3399 5101 Spiritus
3442 5043 3647 5088 sanctus
3700 5051 3801 5090 non

2212 5124 2324 5179 ideo
2353 5125 2516 5177 minor
2542 5123 2659 5194 quia
2695 5124 2894 5178 missus.
2922 5122 3088 5178 Filius
3117 5125 3268 5179 etiam
3312 5142 3343 5179 a
3372 5142 3425 5181 se
3451 5127 3563 5197 ipso
3593 5129 3797 5181 missus.

2214 5220 2291 5274 De
2332 5220 2566 5274 missione
2603 5218 2828 5288 Spiritus
2887 5220 3066 5272 sancti.
3113 5217 3218 5274 Sed
3282 5219 3335 5274 in
3382 5219 3466 5275 his
3528 5221 3800 5285 convicti,

2214 5313 2281 5369 ad
2335 5312 2466 5367 illud
2516 5327 2573 5367 se
2626 5319 2939 5365 convertunt
2981 5318 3040 5365 ut
3099 5310 3312 5376 dicant,
3356 5311 3524 5381 Major
3578 5323 3659 5366 cst
3711 5311 3803 5382 qui

2215 5407 2396 5473 mittit,
2426 5420 2585 5475 quam
2619 5404 2707 5473 qui
2736 5404 2960 5458 mittitur
2988 5420 3000 5456 :
3034 5404 3256 5473 proinde
3294 5405 3466 5474 major
3517 5414 3601 5459 est
3644 5404 3806 5459 Pater

2216 5497 2370 5566 Filio,
2406 5499 2531 5567 quia
2561 5496 2723 5551 Filius
2754 5512 2785 5549 a
2822 5496 2980 5551 Patre
3027 5512 3085 5551 se
3125 5497 3345 5551 missum
3390 5496 3607 5553 assidue
3651 5512 3803 5551 com-

2216 5599 2510 5655 memorat;
2550 5589 2720 5659 major
2761 5597 2844 5643 est
2884 5596 2937 5644 et
2974 5589 3174 5659 Spiritu
3211 5597 3416 5658 sancto,
3459 5591 3582 5661 quia
3616 5589 3683 5645 de
3713 5590 3805 5645 illo

2283 5728 2300 5758 ί
2336 5725 2475 5795 Editi,
2499 5724 2562 5795 de
2584 5728 2743 5795 patre.
2766 5729 2823 5795 _At
2845 5732 2971 5795 ms,
2996 5723 3057 5775 de
3074 5724 3255 5795 patris.
3273 5726 3346 5795 sic
3369 5726 3655 5795 exprimere,
3677 5722 3807 5795 solet

2222 5788 2527 5855 Augustinus,
2550 5785 2598 5834 id
2624 5793 2717 5855 est,
2738 5786 2805 5855 de
2824 5785 3001 5847 Patris,
3026 5793 3126 5850 aut,
3153 5787 3215 5841 de
3235 5787 3388 5853 ipsius
3410 5785 3529 5840 {ubi
3550 5789 3667 5840 citat
3683 5786 3800 5837 illud

2220 5851 2343 5901 Filii'
2380 5858 2443 5901 ne
2463 5860 2569 5900 meo
2590 5851 2808 5899 accioiet.
