  <div class='ocr_page' id='page_1' title='image "/cluster/home/n/w/nwhite01/storage/ocr_20150623/42/hvd.32044015471493/430.png"; bbox 0 0 4084 6444; ppageno 0'>
   <div class='ocr_carea' id='block_1_1' title="bbox 320 443 455 500">
    <p class='ocr_par' dir='ltr' id='par_1_1' title="bbox 320 443 455 500">
     <span class='ocr_line' id='line_1_1' title="bbox 320 443 455 500; baseline -0.007 0"><span class='ocrx_word' id='word_1_1' title='bbox 320 443 455 500; x_wconf 64' lang='lat'><strong>849-</strong></span> 
     </span>
    </p>
   </div>
   <div class='ocr_carea' id='block_1_2' title="bbox 318 544 1905 621">
    <p class='ocr_par' dir='ltr' id='par_1_2' title="bbox 318 544 1905 621">
     <span class='ocr_line' id='line_1_2' title="bbox 318 544 1905 621; baseline -0.01 -8"><span class='ocrx_word' id='word_1_2' title='bbox 318 557 451 613; x_wconf 77' lang='lat' dir='ltr'><strong>disit</strong></span> <span class='ocrx_word' id='word_1_3' title='bbox 496 553 682 620; x_wconf 84' lang='lat' dir='ltr'><strong>Jesus,</strong></span> <span class='ocrx_word' id='word_1_4' title='bbox 715 553 876 621; x_wconf 83' lang='lat' dir='ltr'><strong>Quem</strong></span> <span class='ocrx_word' id='word_1_5' title='bbox 904 552 1063 607; x_wconf 90' lang='lat' dir='ltr'><strong>mittet</strong></span> <span class='ocrx_word' id='word_1_6' title='bbox 1090 550 1247 606; x_wconf 88' lang='lat' dir='ltr'><strong>Pater</strong></span> <span class='ocrx_word' id='word_1_7' title='bbox 1273 550 1327 606; x_wconf 89' lang='lat' dir='ltr'><strong>in</strong></span> <span class='ocrx_word' id='word_1_8' title='bbox 1369 550 1572 605; x_wconf 80' lang='lat' dir='ltr'><strong><em>nomine</em></strong></span> <span class='ocrx_word' id='word_1_9' title='bbox 1590 563 1702 603; x_wconf 88' lang='lat' dir='ltr'><strong>meo</strong></span> <span class='ocrx_word' id='word_1_10' title='bbox 1727 544 1905 617; x_wconf 83' lang='lat' dir='ltr'><strong>(Joan.</strong></span> 
     </span>
    </p>
   </div>
   <div class='ocr_carea' id='block_1_3' title="bbox 319 641 1906 717">
    <p class='ocr_par' dir='ltr' id='par_1_3' title="bbox 319 641 1906 717">
     <span class='ocr_line' id='line_1_3' title="bbox 319 641 1906 717; baseline -0.006 -15"><span class='ocrx_word' id='word_1_11' title='bbox 319 664 429 713; x_wconf 77' lang='lat' dir='ltr'><strong>Iuv,</strong></span> <span class='ocrx_word' id='word_1_12' title='bbox 461 645 576 717; x_wconf 75' lang='lat'><strong>26).</strong></span> <span class='ocrx_word' id='word_1_13' title='bbox 627 646 696 700; x_wconf 83' lang='lat' dir='ltr'><strong>Et</strong></span> <span class='ocrx_word' id='word_1_14' title='bbox 745 645 976 716; x_wconf 76' lang='lat' dir='ltr'><strong>Spiritus</strong></span> <span class='ocrx_word' id='word_1_15' title='bbox 1017 653 1233 700; x_wconf 90' lang='lat' dir='ltr'><strong>sanctus</strong></span> <span class='ocrx_word' id='word_1_16' title='bbox 1276 652 1500 713; x_wconf 91' lang='lat' dir='ltr'><strong>utroque</strong></span> <span class='ocrx_word' id='word_1_17' title='bbox 1544 641 1728 696; x_wconf 75' lang='lat' dir='ltr'><strong>‘minor</strong></span> <span class='ocrx_word' id='word_1_18' title='bbox 1775 647 1906 694; x_wconf 88' lang='lat' dir='ltr'><strong>est:</strong></span> 
     </span>
    </p>
   </div>
   <div class='ocr_carea' id='block_1_4' title="bbox 314 733 1912 811">
    <p class='ocr_par' dir='ltr' id='par_1_4' title="bbox 314 733 1912 811">
     <span class='ocr_line' id='line_1_4' title="bbox 314 733 1912 811; baseline -0.006 -16"><span class='ocrx_word' id='word_1_19' title='bbox 314 741 440 811; x_wconf 85' lang='lat' dir='ltr'><strong>quia</strong></span> <span class='ocrx_word' id='word_1_20' title='bbox 473 749 528 795; x_wconf 87' lang='lat' dir='ltr'><strong>et</strong></span> <span class='ocrx_word' id='word_1_21' title='bbox 555 738 716 794; x_wconf 87' lang='lat' dir='ltr'><strong>Pater</strong></span> <span class='ocrx_word' id='word_1_22' title='bbox 738 753 861 793; x_wconf 89' lang='lat' dir='ltr'><strong>eum</strong></span> <span class='ocrx_word' id='word_1_23' title='bbox 886 736 1071 804; x_wconf 87' lang='lat' dir='ltr'><strong>mittit,</strong></span> <span class='ocrx_word' id='word_1_24' title='bbox 1101 737 1239 791; x_wconf 90' lang='lat' dir='ltr'><strong>sicut</strong></span> <span class='ocrx_word' id='word_1_25' title='bbox 1258 733 1829 796; x_wconf 82' lang='lat' dir='ltr'><strong>commemoravimus;</strong></span> <span class='ocrx_word' id='word_1_26' title='bbox 1855 737 1912 786; x_wconf 85' lang='lat' dir='ltr'><strong>et</strong></span> 
     </span>
    </p>
   </div>
   <div class='ocr_carea' id='block_1_5' title="bbox 318 823 1909 897">
    <p class='ocr_par' dir='ltr' id='par_1_5' title="bbox 318 823 1909 897">
     <span class='ocr_line' id='line_1_5' title="bbox 318 823 1909 897; baseline -0.006 -11"><span class='ocrx_word' id='word_1_27' title='bbox 318 831 505 897; x_wconf 81' lang='lat' dir='ltr'><strong>Filius,</strong></span> <span class='ocrx_word' id='word_1_28' title='bbox 534 845 656 885; x_wconf 92' lang='lat' dir='ltr'><strong>cum</strong></span> <span class='ocrx_word' id='word_1_29' title='bbox 679 830 826 895; x_wconf 89' lang='lat' dir='ltr'><strong>dicit,</strong></span> <span class='ocrx_word' id='word_1_30' title='bbox 859 828 921 884; x_wconf 98' lang='lat' dir='ltr'><strong>Si</strong></span> <span class='ocrx_word' id='word_1_31' title='bbox 942 837 1107 882; x_wconf 87' lang='lat' dir='ltr'><strong>autem</strong></span> <span class='ocrx_word' id='word_1_32' title='bbox 1134 829 1323 893; x_wconf 85' lang='lat' dir='ltr'><strong>abiero,</strong></span> <span class='ocrx_word' id='word_1_33' title='bbox 1346 828 1542 881; x_wconf 85' lang='lat' dir='ltr'><strong>mittam</strong></span> <span class='ocrx_word' id='word_1_34' title='bbox 1570 841 1684 878; x_wconf 90' lang='lat' dir='ltr'><strong>eum</strong></span> <span class='ocrx_word' id='word_1_35' title='bbox 1711 823 1778 876; x_wconf 89' lang='lat' dir='ltr'><strong>ad</strong></span> <span class='ocrx_word' id='word_1_36' title='bbox 1801 838 1909 876; x_wconf 84' lang='lat' dir='ltr'><strong>vos.</strong></span> 
     </span>
    </p>
   </div>
   <div class='ocr_carea' id='block_1_6' title="bbox 314 915 1912 994">
    <p class='ocr_par' dir='ltr' id='par_1_6' title="bbox 314 915 1912 994">
     <span class='ocr_line' id='line_1_6' title="bbox 314 915 1912 994; baseline -0.006 -16"><span class='ocrx_word' id='word_1_37' title='bbox 314 924 430 992; x_wconf 88' lang='lat' dir='ltr'><strong>Qua</strong></span> <span class='ocrx_word' id='word_1_38' title='bbox 459 924 512 978; x_wconf 91' lang='lat' dir='ltr'><strong>in</strong></span> <span class='ocrx_word' id='word_1_39' title='bbox 543 923 841 994; x_wconf 64' lang='lat' dir='ltr'><strong>quaestione</strong></span> <span class='ocrx_word' id='word_1_40' title='bbox 886 923 1115 991; x_wconf 91' lang='lat' dir='ltr'><strong>primum</strong></span> <span class='ocrx_word' id='word_1_41' title='bbox 1143 935 1346 991; x_wconf 80' lang='lat' dir='ltr'><strong>quaero,</strong></span> <span class='ocrx_word' id='word_1_42' title='bbox 1376 918 1516 974; x_wconf 90' lang='lat' dir='ltr'><strong>unde</strong></span> <span class='ocrx_word' id='word_1_43' title='bbox 1543 926 1596 972; x_wconf 91' lang='lat' dir='ltr'><strong>et</strong></span> <span class='ocrx_word' id='word_1_44' title='bbox 1616 917 1752 987; x_wconf 67' lang='lat' dir='ltr'><strong>quo‘</strong></span> <span class='ocrx_word' id='word_1_45' title='bbox 1783 915 1912 970; x_wconf 86' lang='lat' dir='ltr'><strong>mis-</strong></span> 
     </span>
    </p>
   </div>
   <div class='ocr_carea' id='block_1_7' title="bbox 315 1006 1914 1084">
    <p class='ocr_par' dir='ltr' id='par_1_7' title="bbox 315 1006 1914 1084">
     <span class='ocr_line' id='line_1_7' title="bbox 315 1006 1914 1084; baseline -0.005 -16"><span class='ocrx_word' id='word_1_46' title='bbox 315 1032 405 1070; x_wconf 91' lang='lat' dir='ltr'><strong>sus</strong></span> <span class='ocrx_word' id='word_1_47' title='bbox 431 1017 504 1069; x_wconf 75' lang='lat' dir='ltr'><strong>sit</strong></span> <span class='ocrx_word' id='word_1_48' title='bbox 529 1015 714 1069; x_wconf 86' lang='lat' dir='ltr'><strong>Filius.</strong></span> <span class='ocrx_word' id='word_1_49' title='bbox 761 1012 871 1084; x_wconf 88' lang='lat' dir='ltr'><strong>Ego</strong></span> <span class='ocrx_word' id='word_1_50' title='bbox 896 1053 912 1079; x_wconf 98' lang='lat'><strong>,</strong></span> <span class='ocrx_word' id='word_1_51' title='bbox 974 1013 1163 1082; x_wconf 84' lang='lat' dir='ltr'><strong>inquit,</strong></span> <span class='ocrx_word' id='word_1_52' title='bbox 1195 1029 1227 1066; x_wconf 93' lang='lat' dir='ltr'><strong>a</strong></span> <span class='ocrx_word' id='word_1_53' title='bbox 1269 1010 1427 1065; x_wconf 88' lang='lat' dir='ltr'><strong>Patre</strong></span> <span class='ocrx_word' id='word_1_54' title='bbox 1462 1011 1586 1075; x_wconf 78' lang='lat' dir='ltr'><strong>exii,</strong></span> <span class='ocrx_word' id='word_1_55' title='bbox 1626 1018 1672 1063; x_wconf 88' lang='lat' dir='ltr'><strong>et</strong></span> <span class='ocrx_word' id='word_1_56' title='bbox 1715 1009 1824 1062; x_wconf 88' lang='lat' dir='ltr'><strong>veni</strong></span> <span class='ocrx_word' id='word_1_57' title='bbox 1857 1006 1914 1060; x_wconf 84' lang='lat' dir='ltr'><strong>in</strong></span> 
     </span>
    </p>
   </div>
   <div class='ocr_carea' id='block_1_8' title="bbox 317 1100 1914 1178">
    <p class='ocr_par' dir='ltr' id='par_1_8' title="bbox 317 1100 1914 1178">
     <span class='ocr_line' id='line_1_8' title="bbox 317 1100 1914 1178; baseline -0.006 -17"><span class='ocrx_word' id='word_1_58' title='bbox 317 1111 450 1162; x_wconf 88' lang='lat' dir='ltr'><strong>hunc</strong></span> <span class='ocrx_word' id='word_1_59' title='bbox 485 1108 732 1161; x_wconf 80' lang='lat' dir='ltr'><strong>mundum</strong></span> <span class='ocrx_word' id='word_1_60' title='bbox 759 1105 869 1178; x_wconf 89' lang='lat' dir='ltr'><strong>(Id.</strong></span> <span class='ocrx_word' id='word_1_61' title='bbox 898 1121 1010 1169; x_wconf 77' lang='lat' dir='ltr'><strong>XVI,</strong></span> <span class='ocrx_word' id='word_1_62' title='bbox 1043 1106 1096 1167; x_wconf 91' lang='lat'><strong>7,</strong></span> <span class='ocrx_word' id='word_1_63' title='bbox 1125 1102 1238 1174; x_wconf 76' lang='grc'><strong>28).</strong></span> <span class='ocrx_word' id='word_1_64' title='bbox 1258 1105 1442 1173; x_wconf 83' lang='lat' dir='ltr'><strong>Ergoa</strong></span> <span class='ocrx_word' id='word_1_65' title='bbox 1469 1101 1629 1156; x_wconf 83' lang='lat' dir='ltr'><strong>Patre</strong></span> <span class='ocrx_word' id='word_1_66' title='bbox 1657 1100 1825 1165; x_wconf 82' lang='lat' dir='ltr'><strong>exire,</strong></span> <span class='ocrx_word' id='word_1_67' title='bbox 1858 1104 1914 1153; x_wconf 86' lang='lat' dir='ltr'><strong>et</strong></span> 
     </span>
    </p>
   </div>
   <div class='ocr_carea' id='block_1_9' title="bbox 321 1191 1912 1264">
    <p class='ocr_par' dir='ltr' id='par_1_9' title="bbox 321 1191 1912 1264">
     <span class='ocr_line' id='line_1_9' title="bbox 321 1191 1912 1264; baseline -0.005 -11"><span class='ocrx_word' id='word_1_68' title='bbox 321 1201 504 1255; x_wconf 89' lang='lat' dir='ltr'><strong>venire</strong></span> <span class='ocrx_word' id='word_1_69' title='bbox 528 1200 583 1253; x_wconf 88' lang='lat' dir='ltr'><strong>in</strong></span> <span class='ocrx_word' id='word_1_70' title='bbox 607 1199 750 1254; x_wconf 89' lang='lat' dir='ltr'><strong>hunc</strong></span> <span class='ocrx_word' id='word_1_71' title='bbox 777 1198 1066 1264; x_wconf 90' lang='lat' dir='ltr'><strong>mundum,</strong></span> <span class='ocrx_word' id='word_1_72' title='bbox 1113 1196 1215 1250; x_wconf 85' lang='lat' dir='ltr'><strong>hoc</strong></span> <span class='ocrx_word' id='word_1_73' title='bbox 1243 1202 1322 1250; x_wconf 87' lang='lat' dir='ltr'><strong>est</strong></span> <span class='ocrx_word' id='word_1_74' title='bbox 1374 1195 1531 1249; x_wconf 88' lang='lat' dir='ltr'><strong>mitti.</strong></span> <span class='ocrx_word' id='word_1_75' title='bbox 1576 1192 1713 1261; x_wconf 84' lang='lat' dir='ltr'><strong>Quid</strong></span> <span class='ocrx_word' id='word_1_76' title='bbox 1756 1191 1912 1262; x_wconf 84' lang='lat' dir='ltr'><strong>Igitur</strong></span> 
     </span>
    </p>
   </div>
   <div class='ocr_carea' id='block_1_10' title="bbox 317 1282 1905 1360">
    <p class='ocr_par' dir='ltr' id='par_1_10' title="bbox 317 1282 1905 1360">
     <span class='ocr_line' id='line_1_10' title="bbox 317 1282 1905 1360; baseline -0.008 -13"><span class='ocrx_word' id='word_1_77' title='bbox 317 1301 400 1347; x_wconf 88' lang='lat' dir='ltr'><strong>est</strong></span> <span class='ocrx_word' id='word_1_78' title='bbox 424 1289 568 1360; x_wconf 90' lang='lat' dir='ltr'><strong>quod</strong></span> <span class='ocrx_word' id='word_1_79' title='bbox 593 1290 660 1345; x_wconf 92' lang='lat' dir='ltr'><strong>de</strong></span> <span class='ocrx_word' id='word_1_80' title='bbox 705 1290 797 1344; x_wconf 88' lang='lat' dir='ltr'><strong>illo</strong></span> <span class='ocrx_word' id='word_1_81' title='bbox 835 1289 973 1343; x_wconf 90' lang='lat' dir='ltr'><strong>idem</strong></span> <span class='ocrx_word' id='word_1_82' title='bbox 1021 1288 1134 1357; x_wconf 89' lang='lat' dir='ltr'><strong>ipse</strong></span> <span class='ocrx_word' id='word_1_83' title='bbox 1172 1286 1499 1356; x_wconf 84' lang='lat' dir='ltr'><strong>evangelista</strong></span> <span class='ocrx_word' id='word_1_84' title='bbox 1537 1284 1684 1348; x_wconf 88' lang='lat' dir='ltr'><strong>dicit,</strong></span> <span class='ocrx_word' id='word_1_85' title='bbox 1715 1282 1781 1336; x_wconf 86' lang='lat' dir='ltr'><strong>In</strong></span> <span class='ocrx_word' id='word_1_86' title='bbox 1809 1282 1905 1336; x_wconf 86' lang='lat' dir='ltr'><strong>hoc</strong></span> 
     </span>
    </p>
   </div>
   <div class='ocr_carea' id='block_1_11' title="bbox 317 1374 1912 1448">
    <p class='ocr_par' dir='ltr' id='par_1_11' title="bbox 317 1374 1912 1448">
     <span class='ocr_line' id='line_1_11' title="bbox 317 1374 1912 1448; baseline -0.004 -14"><span class='ocrx_word' id='word_1_87' title='bbox 317 1381 507 1435; x_wconf 87' lang='lat' dir='ltr'><strong>mundo</strong></span> <span class='ocrx_word' id='word_1_88' title='bbox 535 1389 660 1446; x_wconf 89' lang='lat' dir='ltr'><strong>erat,</strong></span> <span class='ocrx_word' id='word_1_89' title='bbox 690 1389 736 1434; x_wconf 92' lang='lat' dir='ltr'><strong>et</strong></span> <span class='ocrx_word' id='word_1_90' title='bbox 765 1381 982 1433; x_wconf 89' lang='lat' dir='ltr'><strong>mundus</strong></span> <span class='ocrx_word' id='word_1_91' title='bbox 1020 1395 1110 1448; x_wconf 86' lang='lat' dir='ltr'><strong>per</strong></span> <span class='ocrx_word' id='word_1_92' title='bbox 1139 1394 1250 1432; x_wconf 89' lang='lat' dir='ltr'><strong>eum</strong></span> <span class='ocrx_word' id='word_1_93' title='bbox 1284 1378 1445 1446; x_wconf 80' lang='lat' dir='ltr'><strong>factus</strong></span> <span class='ocrx_word' id='word_1_94' title='bbox 1471 1384 1577 1442; x_wconf 86' lang='lat' dir='ltr'><strong>est,</strong></span> <span class='ocrx_word' id='word_1_95' title='bbox 1602 1384 1650 1429; x_wconf 90' lang='lat' dir='ltr'><strong>et</strong></span> <span class='ocrx_word' id='word_1_96' title='bbox 1692 1374 1912 1428; x_wconf 88' lang='lat' dir='ltr'><strong>mundus</strong></span> 
     </span>
    </p>
   </div>
   <div class='ocr_carea' id='block_1_12' title="bbox 319 1467 1913 1541">
    <p class='ocr_par' dir='ltr' id='par_1_12' title="bbox 319 1467 1913 1541">
     <span class='ocr_line' id='line_1_12' title="bbox 319 1467 1913 1541; baseline -0.003 -16"><span class='ocrx_word' id='word_1_97' title='bbox 319 1489 431 1525; x_wconf 90' lang='lat' dir='ltr'><strong>eum</strong></span> <span class='ocrx_word' id='word_1_98' title='bbox 456 1489 557 1526; x_wconf 89' lang='lat' dir='ltr'><strong>non</strong></span> <span class='ocrx_word' id='word_1_99' title='bbox 602 1472 873 1541; x_wconf 81' lang='lat' dir='ltr'><strong>cognovit?</strong></span> <span class='ocrx_word' id='word_1_100' title='bbox 925 1470 1117 1524; x_wconf 89' lang='lat' dir='ltr'><strong>deinde</strong></span> <span class='ocrx_word' id='word_1_101' title='bbox 1155 1469 1446 1539; x_wconf 86' lang='lat' dir='ltr'><strong>conjungit,</strong></span> <span class='ocrx_word' id='word_1_102' title='bbox 1482 1470 1535 1522; x_wconf 91' lang='lat' dir='ltr'><strong>in</strong></span> <span class='ocrx_word' id='word_1_103' title='bbox 1581 1485 1674 1522; x_wconf 91' lang='lat' dir='ltr'><strong>sua</strong></span> <span class='ocrx_word' id='word_1_104' title='bbox 1703 1467 1913 1538; x_wconf 87' lang='lat' dir='ltr'><strong>propria</strong></span> 
     </span>
    </p>
   </div>
   <div class='ocr_carea' id='block_1_13' title="bbox 318 1560 1912 1634">
    <p class='ocr_par' dir='ltr' id='par_1_13' title="bbox 318 1560 1912 1634">
     <span class='ocr_line' id='line_1_13' title="bbox 318 1560 1912 1634; baseline -0.001 -17"><span class='ocrx_word' id='word_1_105' title='bbox 318 1566 449 1618; x_wconf 80' lang='lat' dir='ltr'><strong>venit</strong></span> <span class='ocrx_word' id='word_1_106' title='bbox 490 1563 598 1634; x_wconf 86' lang='lat' dir='ltr'><strong>(Id.</strong></span> <span class='ocrx_word' id='word_1_107' title='bbox 650 1581 702 1628; x_wconf 91' lang='lat' dir='ltr'><strong>I,</strong></span> <span class='ocrx_word' id='word_1_108' title='bbox 751 1563 857 1628; x_wconf 85' lang='grc'><strong>10,</strong></span> <span class='ocrx_word' id='word_1_109' title='bbox 906 1563 1017 1633; x_wconf 87' lang='grc'><strong>11).</strong></span> <span class='ocrx_word' id='word_1_110' title='bbox 1060 1561 1188 1617; x_wconf 91' lang='lat' dir='ltr'><strong>Illuc</strong></span> <span class='ocrx_word' id='word_1_111' title='bbox 1223 1562 1405 1631; x_wconf 85' lang='lat' dir='ltr'><strong>utique</strong></span> <span class='ocrx_word' id='word_1_112' title='bbox 1445 1560 1638 1614; x_wconf 91' lang='lat' dir='ltr'><strong>missus</strong></span> <span class='ocrx_word' id='word_1_113' title='bbox 1669 1569 1768 1624; x_wconf 89' lang='lat' dir='ltr'><strong>est,</strong></span> <span class='ocrx_word' id='word_1_114' title='bbox 1805 1574 1912 1629; x_wconf 88' lang='lat' dir='ltr'><strong>quo</strong></span> 
     </span>
    </p>
   </div>
   <div class='ocr_carea' id='block_1_14' title="bbox 315 1651 1912 1722">
    <p class='ocr_par' dir='ltr' id='par_1_14' title="bbox 315 1651 1912 1722">
     <span class='ocr_line' id='line_1_14' title="bbox 315 1651 1912 1722; baseline -0.005 -10"><span class='ocrx_word' id='word_1_115' title='bbox 315 1659 462 1712; x_wconf 89' lang='lat' dir='ltr'><strong>venit</strong></span> <span class='ocrx_word' id='word_1_116' title='bbox 495 1675 506 1709; x_wconf 86' lang='lat'>:</span> <span class='ocrx_word' id='word_1_117' title='bbox 541 1665 595 1710; x_wconf 91' lang='lat' dir='ltr'><strong>at</strong></span> <span class='ocrx_word' id='word_1_118' title='bbox 630 1658 673 1711; x_wconf 92' lang='lat' dir='ltr'><strong>si</strong></span> <span class='ocrx_word' id='word_1_119' title='bbox 703 1657 758 1710; x_wconf 89' lang='lat' dir='ltr'><strong>in</strong></span> <span class='ocrx_word' id='word_1_120' title='bbox 782 1656 923 1709; x_wconf 89' lang='lat' dir='ltr'><strong>hunc</strong></span> <span class='ocrx_word' id='word_1_121' title='bbox 949 1655 1204 1709; x_wconf 90' lang='lat' dir='ltr'><strong>mundum</strong></span> <span class='ocrx_word' id='word_1_122' title='bbox 1232 1655 1426 1708; x_wconf 90' lang='lat' dir='ltr'><strong>missus</strong></span> <span class='ocrx_word' id='word_1_123' title='bbox 1453 1662 1554 1718; x_wconf 89' lang='lat' dir='ltr'><strong>est,</strong></span> <span class='ocrx_word' id='word_1_124' title='bbox 1578 1653 1699 1722; x_wconf 86' lang='lat' dir='ltr'><strong>quia</strong></span> <span class='ocrx_word' id='word_1_125' title='bbox 1728 1651 1855 1705; x_wconf 84' lang='lat' dir='ltr'><strong>exiit</strong></span> <span class='ocrx_word' id='word_1_126' title='bbox 1880 1665 1912 1704; x_wconf 89' lang='lat' dir='ltr'><strong>a</strong></span> 
     </span>
    </p>
   </div>
   <div class='ocr_carea' id='block_1_15' title="bbox 318 1744 1908 1811">
    <p class='ocr_par' dir='ltr' id='par_1_15' title="bbox 318 1744 1908 1811">
     <span class='ocr_line' id='line_1_15' title="bbox 318 1744 1908 1811; baseline -0.004 -7"><span class='ocrx_word' id='word_1_127' title='bbox 318 1751 493 1811; x_wconf 87' lang='lat' dir='ltr'><strong>Patre,</strong></span> <span class='ocrx_word' id='word_1_128' title='bbox 515 1759 568 1804; x_wconf 90' lang='lat' dir='ltr'><strong>et</strong></span> <span class='ocrx_word' id='word_1_129' title='bbox 588 1751 730 1804; x_wconf 82' lang='lat' dir='ltr'><strong>venit</strong></span> <span class='ocrx_word' id='word_1_130' title='bbox 751 1750 805 1803; x_wconf 91' lang='lat' dir='ltr'><strong>in</strong></span> <span class='ocrx_word' id='word_1_131' title='bbox 828 1748 966 1804; x_wconf 89' lang='lat' dir='ltr'><strong>hunc</strong></span> <span class='ocrx_word' id='word_1_132' title='bbox 982 1748 1257 1810; x_wconf 85' lang='lat' dir='ltr'><strong>mundum,</strong></span> <span class='ocrx_word' id='word_1_133' title='bbox 1280 1756 1333 1802; x_wconf 90' lang='lat' dir='ltr'><strong>et</strong></span> <span class='ocrx_word' id='word_1_134' title='bbox 1359 1748 1408 1800; x_wconf 93' lang='lat' dir='ltr'><strong>in</strong></span> <span class='ocrx_word' id='word_1_135' title='bbox 1427 1746 1528 1800; x_wconf 85' lang='lat' dir='ltr'><strong>hoc</strong></span> <span class='ocrx_word' id='word_1_136' title='bbox 1547 1744 1742 1799; x_wconf 88' lang='lat' dir='ltr'><strong>mundo</strong></span> <span class='ocrx_word' id='word_1_137' title='bbox 1759 1752 1908 1809; x_wconf 90' lang='lat' dir='ltr'><strong>erat;</strong></span> 
     </span>
    </p>
   </div>
   <div class='ocr_carea' id='block_1_16' title="bbox 317 1836 1912 1912">
    <p class='ocr_par' dir='ltr' id='par_1_16' title="bbox 317 1836 1912 1912">
     <span class='ocr_line' id='line_1_16' title="bbox 317 1836 1912 1912; baseline -0.003 -17"><span class='ocrx_word' id='word_1_138' title='bbox 317 1843 442 1896; x_wconf 89' lang='lat' dir='ltr'><strong>illuc</strong></span> <span class='ocrx_word' id='word_1_139' title='bbox 482 1857 611 1912; x_wconf 84' lang='lat' dir='ltr'><strong>ergo</strong></span> <span class='ocrx_word' id='word_1_140' title='bbox 659 1842 854 1898; x_wconf 87' lang='lat' dir='ltr'><strong>missus</strong></span> <span class='ocrx_word' id='word_1_141' title='bbox 903 1850 985 1895; x_wconf 87' lang='lat' dir='ltr'><strong>est</strong></span> <span class='ocrx_word' id='word_1_142' title='bbox 1028 1841 1118 1895; x_wconf 92' lang='lat' dir='ltr'><strong>ubi</strong></span> <span class='ocrx_word' id='word_1_143' title='bbox 1160 1849 1293 1895; x_wconf 89' lang='lat' dir='ltr'><strong>erat.</strong></span> <span class='ocrx_word' id='word_1_144' title='bbox 1345 1839 1476 1893; x_wconf 89' lang='lat' dir='ltr'><strong>Nam</strong></span> <span class='ocrx_word' id='word_1_145' title='bbox 1518 1848 1570 1893; x_wconf 85' lang='lat' dir='ltr'><strong>et</strong></span> <span class='ocrx_word' id='word_1_146' title='bbox 1600 1837 1729 1892; x_wconf 92' lang='lat' dir='ltr'><strong>illud</strong></span> <span class='ocrx_word' id='word_1_147' title='bbox 1769 1836 1912 1906; x_wconf 91' lang='lat' dir='ltr'><strong>quod</strong></span> 
     </span>
    </p>
   </div>
   <div class='ocr_carea' id='block_1_17' title="bbox 317 1929 1914 2011">
    <p class='ocr_par' dir='ltr' id='par_1_17' title="bbox 317 1929 1914 2011">
     <span class='ocr_line' id='line_1_17' title="bbox 317 1929 1914 2011; baseline -0.005 -24"><span class='ocrx_word' id='word_1_148' title='bbox 317 1935 574 2002; x_wconf 86' lang='lat' dir='ltr'><strong>scriptum</strong></span> <span class='ocrx_word' id='word_1_149' title='bbox 597 1941 677 1987; x_wconf 89' lang='lat' dir='ltr'><strong>est</strong></span> <span class='ocrx_word' id='word_1_150' title='bbox 705 1933 756 1986; x_wconf 92' lang='lat' dir='ltr'><strong>in</strong></span> <span class='ocrx_word' id='word_1_151' title='bbox 789 1932 1049 2002; x_wconf 80' lang='lat' dir='ltr'><strong>propheta</strong></span> <span class='ocrx_word' id='word_1_152' title='bbox 1081 1931 1255 2011; x_wconf 33' lang='lat' dir='ltr'><strong>Deum.</strong></span> <span class='ocrx_word' id='word_1_153' title='bbox 1283 1929 1478 1995; x_wconf 90' lang='lat' dir='ltr'><strong>dicere,</strong></span> <span class='ocrx_word' id='word_1_154' title='bbox 1505 1929 1694 1983; x_wconf 64' lang='lat' dir='ltr'><strong>Caelum</strong></span> <span class='ocrx_word' id='word_1_155' title='bbox 1738 1936 1784 1980; x_wconf 89' lang='lat' dir='ltr'><strong>et</strong></span> <span class='ocrx_word' id='word_1_156' title='bbox 1812 1936 1914 1980; x_wconf 77' lang='lat' dir='ltr'><strong>ter—</strong></span> 
     </span>
    </p>
   </div>
   <div class='ocr_carea' id='block_1_18' title="bbox 315 2019 1907 2096">
    <p class='ocr_par' dir='ltr' id='par_1_18' title="bbox 315 2019 1907 2096">
     <span class='ocr_line' id='line_1_18' title="bbox 315 2019 1907 2096; baseline -0.004 -19"><span class='ocrx_word' id='word_1_157' title='bbox 315 2040 426 2077; x_wconf 89' lang='lat' dir='ltr'><strong>ram</strong></span> <span class='ocrx_word' id='word_1_158' title='bbox 450 2041 542 2093; x_wconf 80' lang='lat' dir='ltr'><strong>ego</strong></span> <span class='ocrx_word' id='word_1_159' title='bbox 570 2025 755 2094; x_wconf 83' lang='lat' dir='ltr'><strong>impleo</strong></span> <span class='ocrx_word' id='word_1_160' title='bbox 781 2023 991 2096; x_wconf 85' lang='lat' dir='ltr'><strong>(Jerem.</strong></span> <span class='ocrx_word' id='word_1_161' title='bbox 1047 2039 1199 2089; x_wconf 79' lang='lat' dir='ltr'><strong>XXIII,</strong></span> <span class='ocrx_word' id='word_1_162' title='bbox 1231 2021 1321 2093; x_wconf 71' lang='grc'><strong>21)</strong></span> <span class='ocrx_word' id='word_1_163' title='bbox 1350 2039 1364 2088; x_wconf 92' lang='grc'>;</span> <span class='ocrx_word' id='word_1_164' title='bbox 1393 2023 1436 2076; x_wconf 87' lang='lat' dir='ltr'><strong>si</strong></span> <span class='ocrx_word' id='word_1_165' title='bbox 1464 2021 1531 2076; x_wconf 90' lang='lat' dir='ltr'><strong>de</strong></span> <span class='ocrx_word' id='word_1_166' title='bbox 1551 2021 1688 2075; x_wconf 88' lang='lat' dir='ltr'><strong>Filio</strong></span> <span class='ocrx_word' id='word_1_167' title='bbox 1708 2019 1907 2073; x_wconf 91' lang='lat' dir='ltr'><strong>dictum</strong></span> 
     </span>
    </p>
   </div>
   <div class='ocr_carea' id='block_1_19' title="bbox 315 2111 1910 2189">
    <p class='ocr_par' dir='ltr' id='par_1_19' title="bbox 315 2111 1910 2189">
     <span class='ocr_line' id='line_1_19' title="bbox 315 2111 1910 2189; baseline -0.003 -18"><span class='ocrx_word' id='word_1_168' title='bbox 315 2126 396 2171; x_wconf 90' lang='lat' dir='ltr'><strong>est</strong></span> <span class='ocrx_word' id='word_1_169' title='bbox 420 2115 617 2189; x_wconf 88' lang='lat' dir='ltr'><strong>(ipsum</strong></span> <span class='ocrx_word' id='word_1_170' title='bbox 650 2116 792 2170; x_wconf 86' lang='lat' dir='ltr'><strong>enim</strong></span> <span class='ocrx_word' id='word_1_171' title='bbox 821 2115 1062 2170; x_wconf 86' lang='lat' dir='ltr'><strong>nonnulli</strong></span> <span class='ocrx_word' id='word_1_172' title='bbox 1093 2115 1280 2169; x_wconf 85' lang='lat' dir='ltr'><strong>volunt</strong></span> <span class='ocrx_word' id='word_1_173' title='bbox 1309 2113 1529 2182; x_wconf 83' lang='lat' dir='ltr'><strong>intelligi</strong></span> <span class='ocrx_word' id='word_1_174' title='bbox 1552 2113 1634 2166; x_wconf 85' lang='lat' dir='ltr'><strong>vel</strong></span> <span class='ocrx_word' id='word_1_175' title='bbox 1668 2111 1910 2181; x_wconf 87' lang='lat' dir='ltr'><strong>Prophe-</strong></span> 
     </span>
    </p>
   </div>
   <div class='ocr_carea' id='block_1_20' title="bbox 317 2203 1912 2279">
    <p class='ocr_par' dir='ltr' id='par_1_20' title="bbox 317 2203 1912 2279">
     <span class='ocr_line' id='line_1_20' title="bbox 317 2203 1912 2279; baseline -0.003 -15"><span class='ocrx_word' id='word_1_176' title='bbox 317 2209 383 2264; x_wconf 91' lang='lat' dir='ltr'><strong>tis</strong></span> <span class='ocrx_word' id='word_1_177' title='bbox 411 2211 494 2264; x_wconf 87' lang='lat' dir='ltr'><strong>vel</strong></span> <span class='ocrx_word' id='word_1_178' title='bbox 525 2210 577 2263; x_wconf 93' lang='lat' dir='ltr'><strong>in</strong></span> <span class='ocrx_word' id='word_1_179' title='bbox 623 2209 908 2279; x_wconf 86' lang='lat' dir='ltr'><strong>PropIIetis</strong></span> <span class='ocrx_word' id='word_1_180' title='bbox 950 2205 1230 2278; x_wconf 90' lang='lat' dir='ltr'><strong>locutum),</strong></span> <span class='ocrx_word' id='word_1_181' title='bbox 1266 2222 1370 2276; x_wconf 90' lang='lat' dir='ltr'><strong>quo</strong></span> <span class='ocrx_word' id='word_1_182' title='bbox 1419 2207 1613 2260; x_wconf 90' lang='lat' dir='ltr'><strong>missus</strong></span> <span class='ocrx_word' id='word_1_183' title='bbox 1656 2213 1758 2271; x_wconf 88' lang='lat' dir='ltr'><strong>est,</strong></span> <span class='ocrx_word' id='word_1_184' title='bbox 1806 2203 1912 2259; x_wconf 87' lang='lat' dir='ltr'><strong>nisi</strong></span> 
     </span>
    </p>
   </div>
   <div class='ocr_carea' id='block_1_21' title="bbox 311 2295 1912 2369">
    <p class='ocr_par' dir='ltr' id='par_1_21' title="bbox 311 2295 1912 2369">
     <span class='ocr_line' id='line_1_21' title="bbox 311 2295 1912 2369; baseline -0.002 -16"><span class='ocrx_word' id='word_1_185' title='bbox 311 2299 440 2354; x_wconf 89' lang='lat' dir='ltr'><strong>illuc</strong></span> <span class='ocrx_word' id='word_1_186' title='bbox 466 2300 556 2354; x_wconf 92' lang='lat' dir='ltr'><strong>ubi</strong></span> <span class='ocrx_word' id='word_1_187' title='bbox 598 2300 752 2356; x_wconf 90' lang='lat' dir='ltr'><strong>erat?</strong></span> <span class='ocrx_word' id='word_1_188' title='bbox 783 2300 988 2369; x_wconf 89' lang='lat' dir='ltr'><strong>Ubique</strong></span> <span class='ocrx_word' id='word_1_189' title='bbox 1017 2300 1159 2354; x_wconf 91' lang='lat' dir='ltr'><strong>enim</strong></span> <span class='ocrx_word' id='word_1_190' title='bbox 1187 2307 1302 2352; x_wconf 88' lang='lat' dir='ltr'><strong>erat</strong></span> <span class='ocrx_word' id='word_1_191' title='bbox 1338 2297 1428 2367; x_wconf 89' lang='lat' dir='ltr'><strong>qui</strong></span> <span class='ocrx_word' id='word_1_192' title='bbox 1479 2298 1571 2361; x_wconf 89' lang='lat' dir='ltr'><strong>ait,</strong></span> <span class='ocrx_word' id='word_1_193' title='bbox 1621 2295 1813 2350; x_wconf 73' lang='lat' dir='ltr'><strong>Caelum</strong></span> <span class='ocrx_word' id='word_1_194' title='bbox 1862 2302 1912 2350; x_wconf 90' lang='lat' dir='ltr'><strong>et</strong></span> 
     </span>
    </p>
   </div>
   <div class='ocr_carea' id='block_1_22' title="bbox 315 2386 1910 2462">
    <p class='ocr_par' dir='ltr' id='par_1_22' title="bbox 315 2386 1910 2462">
     <span class='ocr_line' id='line_1_22' title="bbox 315 2386 1910 2462; baseline -0.001 -19"><span class='ocrx_word' id='word_1_195' title='bbox 315 2399 501 2445; x_wconf 89' lang='lat' dir='ltr'><strong>terram</strong></span> <span class='ocrx_word' id='word_1_196' title='bbox 520 2408 610 2462; x_wconf 85' lang='lat' dir='ltr'><strong>ego</strong></span> <span class='ocrx_word' id='word_1_197' title='bbox 631 2391 839 2462; x_wconf 79' lang='lat' dir='ltr'><strong>impleo.</strong></span> <span class='ocrx_word' id='word_1_198' title='bbox 873 2391 928 2446; x_wconf 92' lang='lat' dir='ltr'><strong>Si</strong></span> <span class='ocrx_word' id='word_1_199' title='bbox 956 2401 1132 2445; x_wconf 89' lang='lat' dir='ltr'><strong>autem</strong></span> <span class='ocrx_word' id='word_1_200' title='bbox 1163 2390 1230 2444; x_wconf 92' lang='lat' dir='ltr'><strong>de</strong></span> <span class='ocrx_word' id='word_1_201' title='bbox 1259 2390 1416 2444; x_wconf 86' lang='lat' dir='ltr'><strong>Patre</strong></span> <span class='ocrx_word' id='word_1_202' title='bbox 1443 2389 1642 2442; x_wconf 88' lang='lat' dir='ltr'><strong>dictum</strong></span> <span class='ocrx_word' id='word_1_203' title='bbox 1687 2397 1788 2455; x_wconf 87' lang='lat' dir='ltr'><strong>est,</strong></span> <span class='ocrx_word' id='word_1_204' title='bbox 1817 2386 1910 2442; x_wconf 90' lang='lat' dir='ltr'><strong>ubi</strong></span> 
     </span>
    </p>
   </div>
   <div class='ocr_carea' id='block_1_23' title="bbox 313 2479 1909 2550">
    <p class='ocr_par' dir='ltr' id='par_1_23' title="bbox 313 2479 1909 2550">
     <span class='ocr_line' id='line_1_23' title="bbox 313 2479 1909 2550; baseline -0.003 -14"><span class='ocrx_word' id='word_1_205' title='bbox 313 2497 434 2536; x_wconf 85' lang='lat' dir='ltr'><strong>esse</strong></span> <span class='ocrx_word' id='word_1_206' title='bbox 463 2483 631 2550; x_wconf 83' lang='lat' dir='ltr'><strong>potuit</strong></span> <span class='ocrx_word' id='word_1_207' title='bbox 659 2483 776 2536; x_wconf 89' lang='lat' dir='ltr'><strong>sine</strong></span> <span class='ocrx_word' id='word_1_208' title='bbox 796 2481 976 2536; x_wconf 89' lang='lat' dir='ltr'><strong>Verbo</strong></span> <span class='ocrx_word' id='word_1_209' title='bbox 1003 2497 1101 2534; x_wconf 91' lang='lat' dir='ltr'><strong>suo</strong></span> <span class='ocrx_word' id='word_1_210' title='bbox 1129 2488 1182 2535; x_wconf 92' lang='lat' dir='ltr'><strong>et</strong></span> <span class='ocrx_word' id='word_1_211' title='bbox 1213 2480 1326 2534; x_wconf 90' lang='lat' dir='ltr'><strong>sine</strong></span> <span class='ocrx_word' id='word_1_212' title='bbox 1347 2479 1616 2548; x_wconf 83' lang='lat' dir='ltr'><strong>Sapientia</strong></span> <span class='ocrx_word' id='word_1_213' title='bbox 1646 2493 1759 2543; x_wconf 86' lang='lat' dir='ltr'><strong>sua,</strong></span> <span class='ocrx_word' id='word_1_214' title='bbox 1788 2491 1909 2547; x_wconf 71' lang='lat' dir='ltr'><strong>qua:</strong></span> 
     </span>
    </p>
   </div>
   <div class='ocr_carea' id='block_1_24' title="bbox 313 2572 1910 2644">
    <p class='ocr_par' dir='ltr' id='par_1_24' title="bbox 313 2572 1910 2644">
     <span class='ocr_line' id='line_1_24' title="bbox 313 2572 1910 2644; baseline -0.001 -18"><span class='ocrx_word' id='word_1_215' title='bbox 313 2575 561 2643; x_wconf 79' lang='lat' dir='ltr'><strong>pertendit</strong></span> <span class='ocrx_word' id='word_1_216' title='bbox 583 2591 613 2626; x_wconf 92' lang='lat' dir='ltr'><strong>a</strong></span> <span class='ocrx_word' id='word_1_217' title='bbox 637 2575 738 2642; x_wconf 83' lang='lat' dir='ltr'><strong>[ine</strong></span> <span class='ocrx_word' id='word_1_218' title='bbox 762 2591 918 2644; x_wconf 79' lang='lat' dir='ltr'><strong>usque</strong></span> <span class='ocrx_word' id='word_1_219' title='bbox 941 2574 1009 2626; x_wconf 88' lang='lat' dir='ltr'><strong>ad</strong></span> <span class='ocrx_word' id='word_1_220' title='bbox 1037 2575 1188 2641; x_wconf 78' lang='lat' dir='ltr'><strong>ﬁnem</strong></span> <span class='ocrx_word' id='word_1_221' title='bbox 1209 2573 1427 2644; x_wconf 81' lang='lat' dir='ltr'><strong>fortiter,</strong></span> <span class='ocrx_word' id='word_1_222' title='bbox 1460 2581 1505 2626; x_wconf 86' lang='lat' dir='ltr'><strong>et</strong></span> <span class='ocrx_word' id='word_1_223' title='bbox 1537 2572 1759 2641; x_wconf 78' lang='lat' dir='ltr'><strong>disponit</strong></span> <span class='ocrx_word' id='word_1_224' title='bbox 1795 2587 1910 2624; x_wconf 84' lang='lat' dir='ltr'><strong>om-</strong></span> 
     </span>
    </p>
   </div>
   <div class='ocr_carea' id='block_1_25' title="bbox 313 2663 1903 2736">
    <p class='ocr_par' dir='ltr' id='par_1_25' title="bbox 313 2663 1903 2736">
     <span class='ocr_line' id='line_1_25' title="bbox 313 2663 1903 2736; baseline 0.001 -20"><span class='ocrx_word' id='word_1_225' title='bbox 313 2665 398 2717; x_wconf 85' lang='lat' dir='ltr'><strong>nia</strong></span> <span class='ocrx_word' id='word_1_226' title='bbox 420 2665 640 2718; x_wconf 77' lang='lat' dir='ltr'><strong>suaviter</strong></span> <span class='ocrx_word' id='word_1_227' title='bbox 686 2664 839 2736; x_wconf 90' lang='lat' dir='ltr'><strong>(Sap.</strong></span> <span class='ocrx_word' id='word_1_228' title='bbox 883 2681 996 2731; x_wconf 89' lang='lat' dir='ltr'><strong>vIII,</strong></span> <span class='ocrx_word' id='word_1_229' title='bbox 1028 2664 1124 2734; x_wconf 74' lang='lat'><strong>1)?</strong></span> <span class='ocrx_word' id='word_1_230' title='bbox 1175 2664 1280 2718; x_wconf 89' lang='lat' dir='ltr'><strong>Sed</strong></span> <span class='ocrx_word' id='word_1_231' title='bbox 1320 2679 1492 2733; x_wconf 89' lang='lat' dir='ltr'><strong>neque</strong></span> <span class='ocrx_word' id='word_1_232' title='bbox 1541 2666 1656 2718; x_wconf 87' lang='lat' dir='ltr'><strong>sine</strong></span> <span class='ocrx_word' id='word_1_233' title='bbox 1701 2663 1903 2732; x_wconf 88' lang='lat' dir='ltr'><strong>Spiritu</strong></span> 
     </span>
    </p>
   </div>
   <div class='ocr_carea' id='block_1_26' title="bbox 229 2754 1902 2824">
    <p class='ocr_par' dir='ltr' id='par_1_26' title="bbox 229 2754 1902 2824">
     <span class='ocr_line' id='line_1_26' title="bbox 229 2754 1902 2824; baseline 0.001 -17"><span class='ocrx_word' id='word_1_234' title='bbox 229 2783 233 2787; x_wconf 94' lang='lat'><strong><em>-</em></strong></span> <span class='ocrx_word' id='word_1_235' title='bbox 313 2756 443 2808; x_wconf 79' lang='lat' dir='ltr'><strong>suo’</strong></span> <span class='ocrx_word' id='word_1_236' title='bbox 480 2770 705 2824; x_wconf 85' lang='lat' dir='ltr'><strong>usquam</strong></span> <span class='ocrx_word' id='word_1_237' title='bbox 736 2770 856 2809; x_wconf 87' lang='lat' dir='ltr'><strong>esse</strong></span> <span class='ocrx_word' id='word_1_238' title='bbox 884 2756 1078 2823; x_wconf 88' lang='lat' dir='ltr'><strong>potuit.</strong></span> <span class='ocrx_word' id='word_1_239' title='bbox 1114 2754 1294 2823; x_wconf 84' lang='lat' dir='ltr'><strong>Itaque</strong></span> <span class='ocrx_word' id='word_1_240' title='bbox 1332 2755 1374 2808; x_wconf 91' lang='lat' dir='ltr'><strong>si</strong></span> <span class='ocrx_word' id='word_1_241' title='bbox 1407 2754 1599 2824; x_wconf 89' lang='lat' dir='ltr'><strong>ubique</strong></span> <span class='ocrx_word' id='word_1_242' title='bbox 1630 2763 1712 2808; x_wconf 90' lang='lat' dir='ltr'><strong>est</strong></span> <span class='ocrx_word' id='word_1_243' title='bbox 1739 2755 1902 2818; x_wconf 89' lang='lat' dir='ltr'><strong>Deus,</strong></span> 
     </span>
    </p>
   </div>
   <div class='ocr_carea' id='block_1_27' title="bbox 312 2844 1907 2916">
    <p class='ocr_par' dir='ltr' id='par_1_27' title="bbox 312 2844 1907 2916">
     <span class='ocr_line' id='line_1_27' title="bbox 312 2844 1907 2916; baseline 0 -16"><span class='ocrx_word' id='word_1_244' title='bbox 312 2847 511 2915; x_wconf 89' lang='lat' dir='ltr'><strong>ubique</strong></span> <span class='ocrx_word' id='word_1_245' title='bbox 537 2855 620 2900; x_wconf 88' lang='lat' dir='ltr'><strong>est</strong></span> <span class='ocrx_word' id='word_1_246' title='bbox 643 2848 803 2901; x_wconf 91' lang='lat' dir='ltr'><strong>etiam</strong></span> <span class='ocrx_word' id='word_1_247' title='bbox 826 2845 1056 2915; x_wconf 89' lang='lat' dir='ltr'><strong>Spiritus</strong></span> <span class='ocrx_word' id='word_1_248' title='bbox 1091 2846 1227 2916; x_wconf 88' lang='lat' dir='ltr'><strong>ejus.</strong></span> <span class='ocrx_word' id='word_1_249' title='bbox 1262 2845 1391 2900; x_wconf 91' lang='lat' dir='ltr'><strong>Illuc</strong></span> <span class='ocrx_word' id='word_1_250' title='bbox 1424 2860 1550 2916; x_wconf 89' lang='lat' dir='ltr'><strong>ergo</strong></span> <span class='ocrx_word' id='word_1_251' title='bbox 1593 2855 1648 2901; x_wconf 81' lang='lat' dir='ltr'><strong>et</strong></span> <span class='ocrx_word' id='word_1_252' title='bbox 1676 2844 1907 2914; x_wconf 89' lang='lat' dir='ltr'><strong>Spiritus</strong></span> 
     </span>
    </p>
   </div>
   <div class='ocr_carea' id='block_1_28' title="bbox 313 2937 1906 3008">
    <p class='ocr_par' dir='ltr' id='par_1_28' title="bbox 313 2937 1906 3008">
     <span class='ocr_line' id='line_1_28' title="bbox 313 2937 1906 3008; baseline 0.001 -17"><span class='ocrx_word' id='word_1_253' title='bbox 313 2948 526 2992; x_wconf 87' lang='lat' dir='ltr'><strong>sanctus</strong></span> <span class='ocrx_word' id='word_1_254' title='bbox 553 2940 748 2994; x_wconf 92' lang='lat' dir='ltr'><strong>missus</strong></span> <span class='ocrx_word' id='word_1_255' title='bbox 778 2949 859 2993; x_wconf 92' lang='lat' dir='ltr'><strong>est</strong></span> <span class='ocrx_word' id='word_1_256' title='bbox 885 2940 976 2993; x_wconf 92' lang='lat' dir='ltr'><strong>ubi</strong></span> <span class='ocrx_word' id='word_1_257' title='bbox 998 2949 1131 2992; x_wconf 90' lang='lat' dir='ltr'><strong>erat.</strong></span> <span class='ocrx_word' id='word_1_258' title='bbox 1163 2939 1293 2992; x_wconf 87' lang='lat' dir='ltr'><strong>Nam</strong></span> <span class='ocrx_word' id='word_1_259' title='bbox 1316 2948 1370 2992; x_wconf 91' lang='lat' dir='ltr'><strong>et</strong></span> <span class='ocrx_word' id='word_1_260' title='bbox 1391 2938 1479 2992; x_wconf 91' lang='lat' dir='ltr'><strong>ille</strong></span> <span class='ocrx_word' id='word_1_261' title='bbox 1508 2937 1596 3008; x_wconf 87' lang='lat' dir='ltr'><strong>qui</strong></span> <span class='ocrx_word' id='word_1_262' title='bbox 1615 2950 1723 2992; x_wconf 75' lang='lat' dir='ltr'><strong>nor.</strong></span> <span class='ocrx_word' id='word_1_263' title='bbox 1755 2938 1906 2992; x_wconf 89' lang='lat' dir='ltr'><strong>iuve-</strong></span> 
     </span>
    </p>
   </div>
   <div class='ocr_carea' id='block_1_29' title="bbox 313 3030 1906 3100">
    <p class='ocr_par' dir='ltr' id='par_1_29' title="bbox 313 3030 1906 3100">
     <span class='ocr_line' id='line_1_29' title="bbox 313 3030 1906 3100; baseline 0.003 -18"><span class='ocrx_word' id='word_1_264' title='bbox 313 3030 390 3083; x_wconf 91' lang='lat' dir='ltr'><strong>nit</strong></span> <span class='ocrx_word' id='word_1_265' title='bbox 414 3030 589 3084; x_wconf 92' lang='lat' dir='ltr'><strong>locum</strong></span> <span class='ocrx_word' id='word_1_266' title='bbox 621 3047 726 3100; x_wconf 90' lang='lat' dir='ltr'><strong>quo</strong></span> <span class='ocrx_word' id='word_1_267' title='bbox 755 3032 855 3086; x_wconf 91' lang='lat' dir='ltr'><strong>iret</strong></span> <span class='ocrx_word' id='word_1_268' title='bbox 877 3032 898 3062; x_wconf 85' lang='grc'><em>³</em></span> <span class='ocrx_word' id='word_1_269' title='bbox 931 3046 960 3084; x_wconf 93' lang='lat' dir='ltr'><strong>a</strong></span> <span class='ocrx_word' id='word_1_270' title='bbox 995 3031 1130 3085; x_wconf 80' lang='lat' dir='ltr'><strong>faeie</strong></span> <span class='ocrx_word' id='word_1_271' title='bbox 1160 3031 1252 3086; x_wconf 90' lang='lat' dir='ltr'><strong>Dei</strong></span> <span class='ocrx_word' id='word_1_272' title='bbox 1281 3039 1334 3085; x_wconf 91' lang='lat' dir='ltr'><strong>et</strong></span> <span class='ocrx_word' id='word_1_273' title='bbox 1358 3030 1504 3096; x_wconf 90' lang='lat' dir='ltr'><strong>dicit,</strong></span> <span class='ocrx_word' id='word_1_274' title='bbox 1543 3030 1605 3085; x_wconf 90' lang='lat' dir='ltr'><strong>Si</strong></span> <span class='ocrx_word' id='word_1_275' title='bbox 1633 3030 1906 3086; x_wconf 79' lang='lat' dir='ltr'><strong>escendero</strong></span> 
     </span>
    </p>
   </div>
   <div class='ocr_carea' id='block_1_30' title="bbox 312 3121 1905 3192">
    <p class='ocr_par' dir='ltr' id='par_1_30' title="bbox 312 3121 1905 3192">
     <span class='ocr_line' id='line_1_30' title="bbox 312 3121 1905 3192; baseline 0.001 -18"><span class='ocrx_word' id='word_1_276' title='bbox 312 3121 364 3174; x_wconf 88' lang='lat' dir='ltr'><strong>in</strong></span> <span class='ocrx_word' id='word_1_277' title='bbox 383 3122 582 3187; x_wconf 70' lang='lat' dir='ltr'><strong>caelum,</strong></span> <span class='ocrx_word' id='word_1_278' title='bbox 629 3131 682 3175; x_wconf 92' lang='lat' dir='ltr'><strong>tu</strong></span> <span class='ocrx_word' id='word_1_279' title='bbox 711 3123 778 3176; x_wconf 85' lang='lat' dir='ltr'><strong>ibi</strong></span> <span class='ocrx_word' id='word_1_280' title='bbox 827 3139 914 3187; x_wconf 88' lang='lat' dir='ltr'><strong>es;</strong></span> <span class='ocrx_word' id='word_1_281' title='bbox 960 3123 1003 3176; x_wconf 93' lang='lat' dir='ltr'><strong>si</strong></span> <span class='ocrx_word' id='word_1_282' title='bbox 1035 3121 1335 3175; x_wconf 86' lang='lat' dir='ltr'><strong>descendero</strong></span> <span class='ocrx_word' id='word_1_283' title='bbox 1365 3122 1417 3174; x_wconf 89' lang='lat' dir='ltr'><strong>in</strong></span> <span class='ocrx_word' id='word_1_284' title='bbox 1441 3123 1717 3192; x_wconf 84' lang='lat' dir='ltr'><strong>infernum,</strong></span> <span class='ocrx_word' id='word_1_285' title='bbox 1740 3121 1905 3188; x_wconf 87' lang='lat' dir='ltr'><strong>ades;</strong></span> 
     </span>
    </p>
   </div>
   <div class='ocr_carea' id='block_1_31' title="bbox 315 3211 1904 3283">
    <p class='ocr_par' dir='ltr' id='par_1_31' title="bbox 315 3211 1904 3283">
     <span class='ocr_line' id='line_1_31' title="bbox 315 3211 1904 3283; baseline 0.002 -18"><span class='ocrx_word' id='word_1_286' title='bbox 315 3211 514 3282; x_wconf 91' lang='lat' dir='ltr'><strong>ubique</strong></span> <span class='ocrx_word' id='word_1_287' title='bbox 539 3212 726 3267; x_wconf 89' lang='lat' dir='ltr'><strong>volens</strong></span> <span class='ocrx_word' id='word_1_288' title='bbox 742 3213 962 3283; x_wconf 84' lang='lat' dir='ltr'><strong>intelligi</strong></span> <span class='ocrx_word' id='word_1_289' title='bbox 982 3221 1300 3282; x_wconf 64' lang='lat' dir='ltr'><strong>praesentem</strong></span> <span class='ocrx_word' id='word_1_290' title='bbox 1329 3213 1519 3280; x_wconf 90' lang='lat' dir='ltr'><strong>Deum,</strong></span> <span class='ocrx_word' id='word_1_291' title='bbox 1551 3213 1698 3282; x_wconf 89' lang='lat' dir='ltr'><strong>prius</strong></span> <span class='ocrx_word' id='word_1_292' title='bbox 1727 3213 1904 3268; x_wconf 89' lang='lat' dir='ltr'><strong>nomi-</strong></span> 
     </span>
    </p>
   </div>
   <div class='ocr_carea' id='block_1_32' title="bbox 314 3301 1906 3374">
    <p class='ocr_par' dir='ltr' id='par_1_32' title="bbox 314 3301 1906 3374">
     <span class='ocr_line' id='line_1_32' title="bbox 314 3301 1906 3374; baseline 0.003 -19"><span class='ocrx_word' id='word_1_293' title='bbox 314 3303 458 3358; x_wconf 88' lang='lat' dir='ltr'><strong>navit</strong></span> <span class='ocrx_word' id='word_1_294' title='bbox 482 3301 737 3371; x_wconf 90' lang='lat' dir='ltr'><strong>Spiritum</strong></span> <span class='ocrx_word' id='word_1_295' title='bbox 765 3304 899 3373; x_wconf 88' lang='lat' dir='ltr'><strong>ejus.</strong></span> <span class='ocrx_word' id='word_1_296' title='bbox 934 3303 1064 3357; x_wconf 86' lang='lat' dir='ltr'><strong>Nam</strong></span> <span class='ocrx_word' id='word_1_297' title='bbox 1096 3304 1173 3358; x_wconf 90' lang='lat' dir='ltr'><strong>sic</strong></span> <span class='ocrx_word' id='word_1_298' title='bbox 1198 3305 1273 3358; x_wconf 90' lang='lat' dir='ltr'><strong>ait</strong></span> <span class='ocrx_word' id='word_1_299' title='bbox 1303 3321 1315 3357; x_wconf 92' lang='lat'>:</span> <span class='ocrx_word' id='word_1_300' title='bbox 1349 3304 1461 3369; x_wconf 87' lang='lat' dir='ltr'><strong>Quo</strong></span> <span class='ocrx_word' id='word_1_301' title='bbox 1490 3304 1636 3358; x_wconf 90' lang='lat' dir='ltr'><strong>abibo</strong></span> <span class='ocrx_word' id='word_1_302' title='bbox 1677 3304 1740 3358; x_wconf 90' lang='lat' dir='ltr'><strong>ab</strong></span> <span class='ocrx_word' id='word_1_303' title='bbox 1780 3304 1906 3374; x_wconf 85' lang='lat' dir='ltr'><strong>Spi-</strong></span> 
     </span>
    </p>
   </div>
   <div class='ocr_carea' id='block_1_33' title="bbox 311 3384 1904 3466">
    <p class='ocr_par' dir='ltr' id='par_1_33' title="bbox 311 3384 1904 3466">
     <span class='ocr_line' id='line_1_33' title="bbox 311 3384 1904 3466; baseline 0.003 -20"><span class='ocrx_word' id='word_1_304' title='bbox 311 3393 412 3446; x_wconf 87' lang='lat' dir='ltr'><strong>ritu</strong></span> <span class='ocrx_word' id='word_1_305' title='bbox 434 3403 520 3448; x_wconf 89' lang='lat' dir='ltr'><strong>tuo</strong></span> <span class='ocrx_word' id='word_1_306' title='bbox 534 3393 560 3446; x_wconf 79' lang='lat'><strong><em>7</em></strong></span> <span class='ocrx_word' id='word_1_307' title='bbox 579 3384 744 3464; x_wconf 77' lang='lat' dir='ltr'><strong>etquo</strong></span> <span class='ocrx_word' id='word_1_308' title='bbox 771 3411 804 3448; x_wconf 90' lang='lat' dir='ltr'><strong>a</strong></span> <span class='ocrx_word' id='word_1_309' title='bbox 824 3395 956 3466; x_wconf 82' lang='lat' dir='ltr'><strong>facie</strong></span> <span class='ocrx_word' id='word_1_310' title='bbox 971 3405 1056 3448; x_wconf 90' lang='lat' dir='ltr'><strong>tua</strong></span> <span class='ocrx_word' id='word_1_311' title='bbox 1077 3397 1271 3466; x_wconf 80' lang='lat' dir='ltr'><strong>fugiam</strong></span> <span class='ocrx_word' id='word_1_312' title='bbox 1285 3394 1713 3466; x_wconf 79' lang='lat' dir='ltr'><strong>(Psal.cxxxvm,</strong></span> <span class='ocrx_word' id='word_1_313' title='bbox 1738 3397 1791 3461; x_wconf 90' lang='lat'><strong>8,</strong></span> <span class='ocrx_word' id='word_1_314' title='bbox 1809 3395 1904 3466; x_wconf 77' lang='lat'><strong>7)?</strong></span> 
     </span>
    </p>
   </div>
   <div class='ocr_carea' id='block_1_34' title="bbox 382 3504 1906 3575">
    <p class='ocr_par' dir='ltr' id='par_1_34' title="bbox 382 3504 1906 3575">
     <span class='ocr_line' id='line_1_34' title="bbox 382 3504 1906 3575; baseline 0.001 -16"><span class='ocrx_word' id='word_1_315' title='bbox 382 3505 438 3560; x_wconf 91' lang='lat'><strong>8.</strong></span> <span class='ocrx_word' id='word_1_316' title='bbox 478 3504 738 3570; x_wconf 88' lang='lat' dir='ltr'><strong>Quocirca</strong></span> <span class='ocrx_word' id='word_1_317' title='bbox 779 3507 821 3560; x_wconf 91' lang='lat' dir='ltr'><strong>si</strong></span> <span class='ocrx_word' id='word_1_318' title='bbox 869 3513 922 3561; x_wconf 86' lang='lat' dir='ltr'><strong>et</strong></span> <span class='ocrx_word' id='word_1_319' title='bbox 965 3505 1131 3560; x_wconf 89' lang='lat' dir='ltr'><strong>Filius</strong></span> <span class='ocrx_word' id='word_1_320' title='bbox 1161 3515 1216 3560; x_wconf 88' lang='lat' dir='ltr'><strong>et</strong></span> <span class='ocrx_word' id='word_1_321' title='bbox 1259 3506 1488 3575; x_wconf 90' lang='lat' dir='ltr'><strong>Spiritus</strong></span> <span class='ocrx_word' id='word_1_322' title='bbox 1529 3514 1747 3561; x_wconf 90' lang='lat' dir='ltr'><strong>sanctus</strong></span> <span class='ocrx_word' id='word_1_323' title='bbox 1779 3506 1906 3563; x_wconf 89' lang='lat' dir='ltr'><strong>illuc</strong></span> 
     </span>
    </p>
   </div>
   <div class='ocr_carea' id='block_1_35' title="bbox 313 3597 1905 3669">
    <p class='ocr_par' dir='ltr' id='par_1_35' title="bbox 313 3597 1905 3669">
     <span class='ocr_line' id='line_1_35' title="bbox 313 3597 1905 3669; baseline 0.001 -16"><span class='ocrx_word' id='word_1_324' title='bbox 313 3597 544 3653; x_wconf 89' lang='lat' dir='ltr'><strong>mittitur</strong></span> <span class='ocrx_word' id='word_1_325' title='bbox 572 3597 657 3653; x_wconf 90' lang='lat' dir='ltr'><strong>ubi</strong></span> <span class='ocrx_word' id='word_1_326' title='bbox 672 3607 806 3664; x_wconf 89' lang='lat' dir='ltr'><strong>erat,</strong></span> <span class='ocrx_word' id='word_1_327' title='bbox 823 3598 1167 3668; x_wconf 71' lang='lat' dir='ltr'><strong>qumrendum</strong></span> <span class='ocrx_word' id='word_1_328' title='bbox 1194 3607 1276 3653; x_wconf 91' lang='lat' dir='ltr'><strong>est</strong></span> <span class='ocrx_word' id='word_1_329' title='bbox 1296 3598 1564 3669; x_wconf 91' lang='lat' dir='ltr'><strong>quomodo</strong></span> <span class='ocrx_word' id='word_1_330' title='bbox 1583 3599 1905 3669; x_wconf 83' lang='lat' dir='ltr'><strong>intelligatur</strong></span> 
     </span>
    </p>
   </div>
   <div class='ocr_carea' id='block_1_36' title="bbox 315 3689 1905 3761">
    <p class='ocr_par' dir='ltr' id='par_1_36' title="bbox 315 3689 1905 3761">
     <span class='ocr_line' id='line_1_36' title="bbox 315 3689 1905 3761; baseline 0.003 -18"><span class='ocrx_word' id='word_1_331' title='bbox 315 3690 412 3744; x_wconf 86' lang='lat' dir='ltr'><strong>ista</strong></span> <span class='ocrx_word' id='word_1_332' title='bbox 435 3689 643 3758; x_wconf 90' lang='lat' dir='ltr'><strong>missio,</strong></span> <span class='ocrx_word' id='word_1_333' title='bbox 672 3692 784 3746; x_wconf 90' lang='lat' dir='ltr'><strong>sive</strong></span> <span class='ocrx_word' id='word_1_334' title='bbox 813 3691 952 3754; x_wconf 84' lang='lat' dir='ltr'><strong>Filii,</strong></span> <span class='ocrx_word' id='word_1_335' title='bbox 975 3695 1087 3746; x_wconf 88' lang='lat' dir='ltr'><strong>sive</strong></span> <span class='ocrx_word' id='word_1_336' title='bbox 1112 3691 1340 3761; x_wconf 92' lang='lat' dir='ltr'><strong>Spiritus</strong></span> <span class='ocrx_word' id='word_1_337' title='bbox 1359 3692 1546 3746; x_wconf 80' lang='lat' dir='ltr'><strong>sancti.</strong></span> <span class='ocrx_word' id='word_1_338' title='bbox 1577 3692 1737 3746; x_wconf 90' lang='lat' dir='ltr'><strong>Pater</strong></span> <span class='ocrx_word' id='word_1_339' title='bbox 1762 3693 1905 3747; x_wconf 91' lang='lat' dir='ltr'><strong>enim</strong></span> 
     </span>
    </p>
   </div>
   <div class='ocr_carea' id='block_1_37' title="bbox 314 3781 1906 3853">
    <p class='ocr_par' dir='ltr' id='par_1_37' title="bbox 314 3781 1906 3853">
     <span class='ocr_line' id='line_1_37' title="bbox 314 3781 1906 3853; baseline 0.003 -19"><span class='ocrx_word' id='word_1_340' title='bbox 314 3781 461 3834; x_wconf 89' lang='lat' dir='ltr'><strong>solus</strong></span> <span class='ocrx_word' id='word_1_341' title='bbox 488 3797 747 3852; x_wconf 89' lang='lat' dir='ltr'><strong>nusquam</strong></span> <span class='ocrx_word' id='word_1_342' title='bbox 775 3781 967 3852; x_wconf 85' lang='lat' dir='ltr'><strong>legitur</strong></span> <span class='ocrx_word' id='word_1_343' title='bbox 992 3782 1206 3836; x_wconf 91' lang='lat' dir='ltr'><strong>missus.</strong></span> <span class='ocrx_word' id='word_1_344' title='bbox 1237 3781 1305 3836; x_wconf 87' lang='lat' dir='ltr'><strong>Et</strong></span> <span class='ocrx_word' id='word_1_345' title='bbox 1328 3782 1396 3837; x_wconf 92' lang='lat' dir='ltr'><strong>de</strong></span> <span class='ocrx_word' id='word_1_346' title='bbox 1429 3783 1568 3837; x_wconf 89' lang='lat' dir='ltr'><strong>Filio</strong></span> <span class='ocrx_word' id='word_1_347' title='bbox 1596 3783 1806 3853; x_wconf 90' lang='lat' dir='ltr'><strong>quidem</strong></span> <span class='ocrx_word' id='word_1_348' title='bbox 1833 3783 1906 3838; x_wconf 90' lang='lat' dir='ltr'><strong>ita</strong></span> 
     </span>
    </p>
   </div>
   <div class='ocr_carea' id='block_1_38' title="bbox 314 3875 1904 3947">
    <p class='ocr_par' dir='ltr' id='par_1_38' title="bbox 314 3875 1904 3947">
     <span class='ocr_line' id='line_1_38' title="bbox 314 3875 1904 3947; baseline 0.002 -18"><span class='ocrx_word' id='word_1_349' title='bbox 314 3875 500 3930; x_wconf 87' lang='lat' dir='ltr'><strong>scribit</strong></span> <span class='ocrx_word' id='word_1_350' title='bbox 519 3876 806 3945; x_wconf 54' lang='lat' dir='ltr'><strong>Apostolus</strong></span> <span class='ocrx_word' id='word_1_351' title='bbox 827 3892 839 3929; x_wconf 91' lang='lat'>:</span> <span class='ocrx_word' id='word_1_352' title='bbox 864 3875 989 3931; x_wconf 89' lang='lat' dir='ltr'><strong>Cum</strong></span> <span class='ocrx_word' id='word_1_353' title='bbox 1016 3886 1183 3930; x_wconf 90' lang='lat' dir='ltr'><strong>autem</strong></span> <span class='ocrx_word' id='word_1_354' title='bbox 1211 3877 1345 3929; x_wconf 84' lang='lat' dir='ltr'><strong>venit</strong></span> <span class='ocrx_word' id='word_1_355' title='bbox 1366 3876 1622 3946; x_wconf 88' lang='lat' dir='ltr'><strong>plenitudo</strong></span> <span class='ocrx_word' id='word_1_356' title='bbox 1644 3877 1904 3947; x_wconf 85' lang='lat' dir='ltr'><strong>temporis,</strong></span> 
     </span>
    </p>
   </div>
   <div class='ocr_carea' id='block_1_39' title="bbox 315 3967 1908 4041">
    <p class='ocr_par' dir='ltr' id='par_1_39' title="bbox 315 3967 1908 4041">
     <span class='ocr_line' id='line_1_39' title="bbox 315 3967 1908 4041; baseline 0.003 -20"><span class='ocrx_word' id='word_1_357' title='bbox 315 3969 449 4022; x_wconf 84' lang='lat' dir='ltr'><strong>misit</strong></span> <span class='ocrx_word' id='word_1_358' title='bbox 478 3967 618 4022; x_wconf 90' lang='lat' dir='ltr'><strong>Deus</strong></span> <span class='ocrx_word' id='word_1_359' title='bbox 638 3968 834 4023; x_wconf 87' lang='lat' dir='ltr'><strong>Filium</strong></span> <span class='ocrx_word' id='word_1_360' title='bbox 861 3987 1027 4034; x_wconf 86' lang='lat' dir='ltr'><strong>suum,</strong></span> <span class='ocrx_word' id='word_1_361' title='bbox 1055 3972 1244 4041; x_wconf 83' lang='lat' dir='ltr'><strong>factum</strong></span> <span class='ocrx_word' id='word_1_362' title='bbox 1261 3985 1335 4023; x_wconf 80' lang='lat' dir='ltr'><strong>ea:</strong></span> <span class='ocrx_word' id='word_1_363' title='bbox 1358 3970 1586 4036; x_wconf 82' lang='lat' dir='ltr'><strong>muliere,</strong></span> <span class='ocrx_word' id='word_1_364' title='bbox 1601 3970 1790 4038; x_wconf 82' lang='lat' dir='ltr'><strong>factum</strong></span> <span class='ocrx_word' id='word_1_365' title='bbox 1815 3971 1908 4026; x_wconf 87' lang='lat' dir='ltr'><strong>sub</strong></span> 
     </span>
    </p>
   </div>
   <div class='ocr_carea' id='block_1_40' title="bbox 315 4060 1906 4134">
    <p class='ocr_par' dir='ltr' id='par_1_40' title="bbox 315 4060 1906 4134">
     <span class='ocr_line' id='line_1_40' title="bbox 315 4060 1906 4134; baseline 0.003 -20"><span class='ocrx_word' id='word_1_366' title='bbox 315 4060 467 4132; x_wconf 88' lang='lat' dir='ltr'><strong>Lege,</strong></span> <span class='ocrx_word' id='word_1_367' title='bbox 489 4070 544 4114; x_wconf 89' lang='lat' dir='ltr'><strong>ut</strong></span> <span class='ocrx_word' id='word_1_368' title='bbox 560 4078 642 4115; x_wconf 86' lang='lat' dir='ltr'><strong>eos</strong></span> <span class='ocrx_word' id='word_1_369' title='bbox 663 4063 747 4132; x_wconf 87' lang='lat' dir='ltr'><strong>qui</strong></span> <span class='ocrx_word' id='word_1_370' title='bbox 762 4063 851 4114; x_wconf 91' lang='lat' dir='ltr'><strong>sub</strong></span> <span class='ocrx_word' id='word_1_371' title='bbox 869 4061 1000 4132; x_wconf 91' lang='lat' dir='ltr'><strong>Lege</strong></span> <span class='ocrx_word' id='word_1_372' title='bbox 1015 4071 1156 4115; x_wconf 87' lang='lat' dir='ltr'><strong>erant</strong></span> <span class='ocrx_word' id='word_1_373' title='bbox 1171 4061 1434 4115; x_wconf 84' lang='lat' dir='ltr'><strong>redimeret</strong></span> <span class='ocrx_word' id='word_1_374' title='bbox 1450 4060 1641 4132; x_wconf 87' lang='lat' dir='ltr'><strong>(Galat.</strong></span> <span class='ocrx_word' id='word_1_375' title='bbox 1661 4077 1733 4125; x_wconf 86' lang='lat' dir='ltr'><strong>Iv,</strong></span> <span class='ocrx_word' id='word_1_376' title='bbox 1752 4063 1807 4130; x_wconf 78' lang='grc'><strong>4,</strong></span> <span class='ocrx_word' id='word_1_377' title='bbox 1827 4062 1906 4134; x_wconf 83' lang='grc'><strong>5).</strong></span> 
     </span>
    </p>
   </div>
   <div class='ocr_carea' id='block_1_41' title="bbox 317 4151 1909 4224">
    <p class='ocr_par' dir='ltr' id='par_1_41' title="bbox 317 4151 1909 4224">
     <span class='ocr_line' id='line_1_41' title="bbox 317 4151 1909 4224; baseline 0.003 -18"><span class='ocrx_word' id='word_1_378' title='bbox 317 4151 476 4218; x_wconf 81' lang='lat' dir='ltr'><strong>Misit,</strong></span> <span class='ocrx_word' id='word_1_379' title='bbox 505 4153 707 4223; x_wconf 89' lang='lat' dir='ltr'><strong>inquit,</strong></span> <span class='ocrx_word' id='word_1_380' title='bbox 737 4153 786 4206; x_wconf 86' lang='lat' dir='ltr'><em>F</em></span> <span class='ocrx_word' id='word_1_381' title='bbox 787 4153 931 4206; x_wconf 88' lang='lat' dir='ltr'><strong>ilium</strong></span> <span class='ocrx_word' id='word_1_382' title='bbox 963 4170 1109 4207; x_wconf 90' lang='lat' dir='ltr'><strong>suum</strong></span> <span class='ocrx_word' id='word_1_383' title='bbox 1131 4157 1322 4224; x_wconf 77' lang='lat' dir='ltr'><strong>factum</strong></span> <span class='ocrx_word' id='word_1_384' title='bbox 1342 4169 1404 4207; x_wconf 79' lang='lat' dir='ltr'><strong>ea:</strong></span> <span class='ocrx_word' id='word_1_385' title='bbox 1427 4153 1655 4207; x_wconf 85' lang='lat' dir='ltr'><strong>muliere.</strong></span> <span class='ocrx_word' id='word_1_386' title='bbox 1679 4153 1796 4220; x_wconf 89' lang='lat' dir='ltr'><strong>Quo</strong></span> <span class='ocrx_word' id='word_1_387' title='bbox 1811 4168 1909 4210; x_wconf 86' lang='lat' dir='ltr'><strong>no-</strong></span> 
     </span>
    </p>
   </div>
   <div class='ocr_carea' id='block_1_42' title="bbox 315 4243 1914 4316">
    <p class='ocr_par' dir='ltr' id='par_1_42' title="bbox 315 4243 1914 4316">
     <span class='ocr_line' id='line_1_42' title="bbox 315 4243 1914 4316; baseline 0.003 -19"><span class='ocrx_word' id='word_1_388' title='bbox 315 4244 457 4298; x_wconf 89' lang='lat' dir='ltr'><strong>mine</strong></span> <span class='ocrx_word' id='word_1_389' title='bbox 470 4245 586 4314; x_wconf 92' lang='lat' dir='ltr'><strong>quis</strong></span> <span class='ocrx_word' id='word_1_390' title='bbox 596 4244 885 4299; x_wconf 90' lang='lat' dir='ltr'><strong>catholicus</strong></span> <span class='ocrx_word' id='word_1_391' title='bbox 898 4243 1118 4310; x_wconf 87' lang='lat' dir='ltr'><strong>nesciat,</strong></span> <span class='ocrx_word' id='word_1_392' title='bbox 1136 4259 1240 4299; x_wconf 90' lang='lat' dir='ltr'><strong>non</strong></span> <span class='ocrx_word' id='word_1_393' title='bbox 1253 4259 1374 4299; x_wconf 91' lang='lat' dir='ltr'><strong>eum</strong></span> <span class='ocrx_word' id='word_1_394' title='bbox 1391 4244 1740 4314; x_wconf 86' lang='lat' dir='ltr'><strong>privationem</strong></span> <span class='ocrx_word' id='word_1_395' title='bbox 1759 4245 1914 4316; x_wconf 83' lang='lat' dir='ltr'><strong>virgi-</strong></span> 
     </span>
    </p>
   </div>
   <div class='ocr_carea' id='block_1_43' title="bbox 318 4335 1909 4406">
    <p class='ocr_par' dir='ltr' id='par_1_43' title="bbox 318 4335 1909 4406">
     <span class='ocr_line' id='line_1_43' title="bbox 318 4335 1909 4406; baseline 0.003 -17"><span class='ocrx_word' id='word_1_396' title='bbox 318 4335 524 4399; x_wconf 89' lang='lat' dir='ltr'><strong>uitatis,</strong></span> <span class='ocrx_word' id='word_1_397' title='bbox 548 4335 644 4389; x_wconf 88' lang='lat' dir='ltr'><strong>sed</strong></span> <span class='ocrx_word' id='word_1_398' title='bbox 670 4335 1022 4390; x_wconf 72' lang='lat' dir='ltr'><strong>differentiam</strong></span> <span class='ocrx_word' id='word_1_399' title='bbox 1041 4350 1202 4391; x_wconf 88' lang='lat' dir='ltr'><strong>sexus</strong></span> <span class='ocrx_word' id='word_1_400' title='bbox 1240 4335 1457 4391; x_wconf 77' lang='lat' dir='ltr'><strong>hebran</strong></span> <span class='ocrx_word' id='word_1_401' title='bbox 1479 4336 1729 4406; x_wconf 86' lang='lat' dir='ltr'><strong>loquendi</strong></span> <span class='ocrx_word' id='word_1_402' title='bbox 1759 4352 1909 4393; x_wconf 85' lang='lat' dir='ltr'><strong>more</strong></span> 
     </span>
    </p>
   </div>
   <div class='ocr_carea' id='block_1_44' title="bbox 318 4422 1910 4500">
    <p class='ocr_par' dir='ltr' id='par_1_44' title="bbox 318 4422 1910 4500">
     <span class='ocr_line' id='line_1_44' title="bbox 318 4422 1910 4500; baseline 0.001 -17"><span class='ocrx_word' id='word_1_403' title='bbox 318 4429 618 4498; x_wconf 83' lang='lat' dir='ltr'><strong>signiﬁcare</strong></span> <span class='ocrx_word' id='word_1_404' title='bbox 636 4422 910 4484; x_wconf 82' lang='lat' dir='ltr'><strong>voluisse?</strong></span> <span class='ocrx_word' id='word_1_405' title='bbox 931 4429 1060 4484; x_wconf 92' lang='lat' dir='ltr'><strong>Cum</strong></span> <span class='ocrx_word' id='word_1_406' title='bbox 1086 4430 1263 4500; x_wconf 89' lang='lat' dir='ltr'><strong>itaque</strong></span> <span class='ocrx_word' id='word_1_407' title='bbox 1278 4431 1372 4497; x_wconf 89' lang='lat' dir='ltr'><strong>ait,</strong></span> <span class='ocrx_word' id='word_1_408' title='bbox 1390 4430 1531 4485; x_wconf 85' lang='lat' dir='ltr'><strong>Misit</strong></span> <span class='ocrx_word' id='word_1_409' title='bbox 1552 4429 1690 4485; x_wconf 87' lang='lat' dir='ltr'><strong>Deus</strong></span> <span class='ocrx_word' id='word_1_410' title='bbox 1716 4430 1910 4485; x_wconf 87' lang='lat' dir='ltr'><strong>Filium</strong></span> 
     </span>
    </p>
   </div>
   <div class='ocr_carea' id='block_1_45' title="bbox 317 4523 1909 4594">
    <p class='ocr_par' dir='ltr' id='par_1_45' title="bbox 317 4523 1909 4594">
     <span class='ocr_line' id='line_1_45' title="bbox 317 4523 1909 4594; baseline 0.003 -19"><span class='ocrx_word' id='word_1_411' title='bbox 317 4538 461 4575; x_wconf 86' lang='lat' dir='ltr'><strong>suum</strong></span> <span class='ocrx_word' id='word_1_412' title='bbox 484 4525 676 4592; x_wconf 81' lang='lat' dir='ltr'><strong>factum</strong></span> <span class='ocrx_word' id='word_1_413' title='bbox 697 4538 758 4576; x_wconf 74' lang='lat' dir='ltr'><strong>ex</strong></span> <span class='ocrx_word' id='word_1_414' title='bbox 776 4523 1006 4590; x_wconf 88' lang='lat' dir='ltr'><strong>muliere,</strong></span> <span class='ocrx_word' id='word_1_415' title='bbox 1030 4523 1161 4578; x_wconf 89' lang='lat' dir='ltr'><strong>satis</strong></span> <span class='ocrx_word' id='word_1_416' title='bbox 1189 4523 1423 4579; x_wconf 88' lang='lat' dir='ltr'><strong>ostendit</strong></span> <span class='ocrx_word' id='word_1_417' title='bbox 1450 4539 1516 4579; x_wconf 89' lang='lat' dir='ltr'><strong>eo</strong></span> <span class='ocrx_word' id='word_1_418' title='bbox 1544 4524 1660 4594; x_wconf 91' lang='lat' dir='ltr'><strong>ipso</strong></span> <span class='ocrx_word' id='word_1_419' title='bbox 1687 4525 1909 4579; x_wconf 89' lang='lat' dir='ltr'><strong>missum</strong></span> 
     </span>
    </p>
   </div>
   <div class='ocr_carea' id='block_1_46' title="bbox 318 4612 1909 4685">
    <p class='ocr_par' dir='ltr' id='par_1_46' title="bbox 318 4612 1909 4685">
     <span class='ocr_line' id='line_1_46' title="bbox 318 4612 1909 4685; baseline 0.003 -19"><span class='ocrx_word' id='word_1_420' title='bbox 318 4612 510 4668; x_wconf 88' lang='lat' dir='ltr'><strong>Filium</strong></span> <span class='ocrx_word' id='word_1_421' title='bbox 532 4629 640 4684; x_wconf 92' lang='lat' dir='ltr'><strong>quo</strong></span> <span class='ocrx_word' id='word_1_422' title='bbox 679 4613 850 4668; x_wconf 81' lang='lat' dir='ltr'><strong>factus</strong></span> <span class='ocrx_word' id='word_1_423' title='bbox 887 4621 970 4668; x_wconf 90' lang='lat' dir='ltr'><strong>est</strong></span> <span class='ocrx_word' id='word_1_424' title='bbox 996 4630 1062 4668; x_wconf 82' lang='lat' dir='ltr'><strong>ex</strong></span> <span class='ocrx_word' id='word_1_425' title='bbox 1096 4613 1340 4670; x_wconf 89' lang='lat' dir='ltr'><strong>muliere.</strong></span> <span class='ocrx_word' id='word_1_426' title='bbox 1371 4614 1524 4683; x_wconf 87' lang='lat' dir='ltr'><strong>Quod</strong></span> <span class='ocrx_word' id='word_1_427' title='bbox 1545 4629 1673 4685; x_wconf 88' lang='lat' dir='ltr'><strong>ergo</strong></span> <span class='ocrx_word' id='word_1_428' title='bbox 1701 4614 1768 4669; x_wconf 87' lang='lat' dir='ltr'><strong>de</strong></span> <span class='ocrx_word' id='word_1_429' title='bbox 1797 4614 1909 4670; x_wconf 86' lang='lat' dir='ltr'><strong>Deo</strong></span> 
     </span>
    </p>
   </div>
   <div class='ocr_carea' id='block_1_47' title="bbox 320 4704 1910 4777">
    <p class='ocr_par' dir='ltr' id='par_1_47' title="bbox 320 4704 1910 4777">
     <span class='ocr_line' id='line_1_47' title="bbox 320 4704 1910 4777; baseline 0.002 -18"><span class='ocrx_word' id='word_1_430' title='bbox 320 4714 475 4760; x_wconf 88' lang='lat' dir='ltr'><strong>natus</strong></span> <span class='ocrx_word' id='word_1_431' title='bbox 498 4714 600 4772; x_wconf 89' lang='lat' dir='ltr'><strong>est,</strong></span> <span class='ocrx_word' id='word_1_432' title='bbox 639 4708 693 4760; x_wconf 89' lang='lat' dir='ltr'><strong>in</strong></span> <span class='ocrx_word' id='word_1_433' title='bbox 720 4706 822 4762; x_wconf 92' lang='lat' dir='ltr'><strong>hoc</strong></span> <span class='ocrx_word' id='word_1_434' title='bbox 851 4707 1054 4761; x_wconf 89' lang='lat' dir='ltr'><strong>mundo</strong></span> <span class='ocrx_word' id='word_1_435' title='bbox 1079 4714 1194 4761; x_wconf 90' lang='lat' dir='ltr'><strong>erat</strong></span> <span class='ocrx_word' id='word_1_436' title='bbox 1221 4718 1236 4764; x_wconf 84' lang='lat'><strong>:</strong></span> <span class='ocrx_word' id='word_1_437' title='bbox 1273 4707 1414 4777; x_wconf 92' lang='lat' dir='ltr'><strong>quod</strong></span> <span class='ocrx_word' id='word_1_438' title='bbox 1446 4716 1623 4762; x_wconf 89' lang='lat' dir='ltr'><strong>autem</strong></span> <span class='ocrx_word' id='word_1_439' title='bbox 1651 4704 1910 4762; x_wconf 69' lang='lat' dir='ltr'><strong>de&#39;Maria</strong></span> 
     </span>
    </p>
   </div>
   <div class='ocr_carea' id='block_1_48' title="bbox 321 4796 1910 4862">
    <p class='ocr_par' dir='ltr' id='par_1_48' title="bbox 321 4796 1910 4862">
     <span class='ocr_line' id='line_1_48' title="bbox 321 4796 1910 4862; baseline 0.003 -13"><span class='ocrx_word' id='word_1_440' title='bbox 321 4804 476 4851; x_wconf 91' lang='lat' dir='ltr'><strong>natus</strong></span> <span class='ocrx_word' id='word_1_441' title='bbox 496 4806 600 4862; x_wconf 90' lang='lat' dir='ltr'><strong>est,</strong></span> <span class='ocrx_word' id='word_1_442' title='bbox 637 4797 690 4850; x_wconf 91' lang='lat' dir='ltr'><strong>in</strong></span> <span class='ocrx_word' id='word_1_443' title='bbox 718 4797 860 4851; x_wconf 88' lang='lat' dir='ltr'><strong>hunc</strong></span> <span class='ocrx_word' id='word_1_444' title='bbox 893 4796 1151 4851; x_wconf 90' lang='lat' dir='ltr'><strong>mundum</strong></span> <span class='ocrx_word' id='word_1_445' title='bbox 1181 4797 1376 4852; x_wconf 91' lang='lat' dir='ltr'><strong>missus</strong></span> <span class='ocrx_word' id='word_1_446' title='bbox 1412 4797 1646 4852; x_wconf 86' lang='lat' dir='ltr'><strong>advenit.</strong></span> <span class='ocrx_word' id='word_1_447' title='bbox 1675 4797 1910 4854; x_wconf 87' lang='lat' dir='ltr'><strong>Proinde</strong></span> 
     </span>
    </p>
   </div>
   <div class='ocr_carea' id='block_1_49' title="bbox 320 4887 1907 4959">
    <p class='ocr_par' dir='ltr' id='par_1_49' title="bbox 320 4887 1907 4959">
     <span class='ocr_line' id='line_1_49' title="bbox 320 4887 1907 4959; baseline 0.003 -19"><span class='ocrx_word' id='word_1_448' title='bbox 320 4888 457 4941; x_wconf 90' lang='lat' dir='ltr'><strong>mitti</strong></span> <span class='ocrx_word' id='word_1_449' title='bbox 490 4903 521 4942; x_wconf 89' lang='lat' dir='ltr'><strong>a</strong></span> <span class='ocrx_word' id='word_1_450' title='bbox 556 4887 715 4942; x_wconf 88' lang='lat' dir='ltr'><strong>Patre</strong></span> <span class='ocrx_word' id='word_1_451' title='bbox 744 4889 858 4943; x_wconf 90' lang='lat' dir='ltr'><strong>sine</strong></span> <span class='ocrx_word' id='word_1_452' title='bbox 882 4888 1082 4958; x_wconf 91' lang='lat' dir='ltr'><strong>Spiritu</strong></span> <span class='ocrx_word' id='word_1_453' title='bbox 1109 4897 1295 4944; x_wconf 91' lang='lat' dir='ltr'><strong>sancto</strong></span> <span class='ocrx_word' id='word_1_454' title='bbox 1314 4904 1419 4944; x_wconf 88' lang='lat' dir='ltr'><strong>non</strong></span> <span class='ocrx_word' id='word_1_455' title='bbox 1439 4890 1645 4959; x_wconf 89' lang='lat' dir='ltr'><strong>potuit:</strong></span> <span class='ocrx_word' id='word_1_456' title='bbox 1676 4905 1782 4945; x_wconf 89' lang='lat' dir='ltr'><strong>non</strong></span> <span class='ocrx_word' id='word_1_457' title='bbox 1816 4904 1907 4944; x_wconf 83' lang='lat' dir='ltr'><strong>so-</strong></span> 
     </span>
    </p>
   </div>
   <div class='ocr_carea' id='block_1_50' title="bbox 320 4981 1906 5053">
    <p class='ocr_par' dir='ltr' id='par_1_50' title="bbox 320 4981 1906 5053">
     <span class='ocr_line' id='line_1_50' title="bbox 320 4981 1906 5053; baseline 0.001 -17"><span class='ocrx_word' id='word_1_458' title='bbox 320 4981 428 5036; x_wconf 91' lang='lat' dir='ltr'><strong>lum</strong></span> <span class='ocrx_word' id='word_1_459' title='bbox 446 4982 571 5053; x_wconf 89' lang='lat' dir='ltr'><strong>quia</strong></span> <span class='ocrx_word' id='word_1_460' title='bbox 597 4982 907 5053; x_wconf 89' lang='lat' dir='ltr'><strong>intelligitur</strong></span> <span class='ocrx_word' id='word_1_461' title='bbox 950 4982 1107 5036; x_wconf 88' lang='lat' dir='ltr'><strong>Pater</strong></span> <span class='ocrx_word' id='word_1_462' title='bbox 1145 4997 1264 5036; x_wconf 90' lang='lat' dir='ltr'><strong>cum</strong></span> <span class='ocrx_word' id='word_1_463' title='bbox 1313 4997 1432 5037; x_wconf 89' lang='lat' dir='ltr'><strong>eum</strong></span> <span class='ocrx_word' id='word_1_464' title='bbox 1483 4983 1648 5048; x_wconf 89' lang='lat' dir='ltr'><strong>misit,</strong></span> <span class='ocrx_word' id='word_1_465' title='bbox 1707 4983 1761 5038; x_wconf 89' lang='lat' dir='ltr'><strong>id</strong></span> <span class='ocrx_word' id='word_1_466' title='bbox 1805 4991 1906 5050; x_wconf 88' lang='lat' dir='ltr'><strong>est,</strong></span> 
     </span>
    </p>
   </div>
   <div class='ocr_carea' id='block_1_51' title="bbox 321 5073 1904 5144">
    <p class='ocr_par' dir='ltr' id='par_1_51' title="bbox 321 5073 1904 5144">
     <span class='ocr_line' id='line_1_51' title="bbox 321 5073 1904 5144; baseline 0.003 -16"><span class='ocrx_word' id='word_1_467' title='bbox 321 5074 444 5130; x_wconf 80' lang='lat' dir='ltr'><strong>fecit</strong></span> <span class='ocrx_word' id='word_1_468' title='bbox 463 5090 529 5131; x_wconf 81' lang='lat' dir='ltr'><strong>ex</strong></span> <span class='ocrx_word' id='word_1_469' title='bbox 553 5073 751 5131; x_wconf 89' lang='lat' dir='ltr'><strong>femina</strong></span> <span class='ocrx_word' id='word_1_470' title='bbox 771 5117 786 5142; x_wconf 93' lang='lat'><strong>,</strong></span> <span class='ocrx_word' id='word_1_471' title='bbox 825 5091 933 5130; x_wconf 91' lang='lat' dir='ltr'><strong>non</strong></span> <span class='ocrx_word' id='word_1_472' title='bbox 959 5075 1146 5144; x_wconf 89' lang='lat' dir='ltr'><strong>utique</strong></span> <span class='ocrx_word' id='word_1_473' title='bbox 1179 5075 1294 5130; x_wconf 90' lang='lat' dir='ltr'><strong>sine</strong></span> <span class='ocrx_word' id='word_1_474' title='bbox 1323 5075 1520 5144; x_wconf 91' lang='lat' dir='ltr'><strong>Spiritu</strong></span> <span class='ocrx_word' id='word_1_475' title='bbox 1552 5091 1649 5129; x_wconf 92' lang='lat' dir='ltr'><strong>suo</strong></span> <span class='ocrx_word' id='word_1_476' title='bbox 1678 5075 1904 5144; x_wconf 81' lang='lat' dir='ltr'><strong>fecisse;</strong></span> 
     </span>
    </p>
   </div>
   <div class='ocr_carea' id='block_1_52' title="bbox 321 5166 1909 5239">
    <p class='ocr_par' dir='ltr' id='par_1_52' title="bbox 321 5166 1909 5239">
     <span class='ocr_line' id='line_1_52' title="bbox 321 5166 1909 5239; baseline 0.001 -17"><span class='ocrx_word' id='word_1_477' title='bbox 321 5184 507 5224; x_wconf 83' lang='lat' dir='ltr'><strong>verum</strong></span> <span class='ocrx_word' id='word_1_478' title='bbox 544 5170 702 5224; x_wconf 89' lang='lat' dir='ltr'><strong>etiam</strong></span> <span class='ocrx_word' id='word_1_479' title='bbox 744 5169 886 5239; x_wconf 92' lang='lat' dir='ltr'><strong>quod</strong></span> <span class='ocrx_word' id='word_1_480' title='bbox 920 5166 1353 5223; x_wconf 80' lang='lat' dir='ltr'><strong>manifestissime</strong></span> <span class='ocrx_word' id='word_1_481' title='bbox 1379 5175 1536 5237; x_wconf 87' lang='lat' dir='ltr'><strong>atque</strong></span> <span class='ocrx_word' id='word_1_482' title='bbox 1573 5169 1909 5237; x_wconf 88' lang='lat' dir='ltr'><strong>apertissime</strong></span> 
     </span>
    </p>
   </div>
   <div class='ocr_carea' id='block_1_53' title="bbox 322 5251 1908 5333">
    <p class='ocr_par' dir='ltr' id='par_1_53' title="bbox 322 5251 1908 5333">
     <span class='ocr_line' id='line_1_53' title="bbox 322 5251 1908 5333; baseline 0.001 -18"><span class='ocrx_word' id='word_1_483' title='bbox 322 5262 372 5316; x_wconf 90' lang='lat' dir='ltr'><strong>in</strong></span> <span class='ocrx_word' id='word_1_484' title='bbox 401 5261 695 5332; x_wconf 87' lang='lat' dir='ltr'><strong>Evangelio</strong></span> <span class='ocrx_word' id='word_1_485' title='bbox 721 5263 914 5319; x_wconf 91' lang='lat' dir='ltr'><strong>dicitur</strong></span> <span class='ocrx_word' id='word_1_486' title='bbox 940 5262 1129 5333; x_wconf 82' lang='lat' dir='ltr'><strong>virgini</strong></span> <span class='ocrx_word' id='word_1_487' title='bbox 1159 5261 1338 5316; x_wconf 71' lang='lat' dir='ltr'><strong>Maria:</strong></span> <span class='ocrx_word' id='word_1_488' title='bbox 1359 5251 1618 5330; x_wconf 61' lang='lat' dir='ltr'><strong>quaerenti</strong></span> <span class='ocrx_word' id='word_1_489' title='bbox 1647 5261 1714 5315; x_wconf 89' lang='lat' dir='ltr'><strong>ab</strong></span> <span class='ocrx_word' id='word_1_490' title='bbox 1750 5277 1908 5332; x_wconf 88' lang='lat' dir='ltr'><strong>ange-</strong></span> 
     </span>
    </p>
   </div>
   <div class='ocr_carea' id='block_1_54' title="bbox 322 5354 1908 5427">
    <p class='ocr_par' dir='ltr' id='par_1_54' title="bbox 322 5354 1908 5427">
     <span class='ocr_line' id='line_1_54' title="bbox 322 5354 1908 5427; baseline 0.001 -18"><span class='ocrx_word' id='word_1_491' title='bbox 322 5354 395 5422; x_wconf 90' lang='lat' dir='ltr'><strong>lo,</strong></span> <span class='ocrx_word' id='word_1_492' title='bbox 428 5355 693 5421; x_wconf 84' lang='lat' dir='ltr'><strong>Quomodo</strong></span> <span class='ocrx_word' id='word_1_493' title='bbox 723 5357 807 5425; x_wconf 78' lang='lat' dir='ltr'><strong>ﬁet</strong></span> <span class='ocrx_word' id='word_1_494' title='bbox 831 5357 1006 5412; x_wconf 83' lang='lat' dir='ltr'><strong>istud?</strong></span> <span class='ocrx_word' id='word_1_495' title='bbox 1035 5356 1263 5427; x_wconf 85' lang='lat' dir='ltr'><strong>Spiritus</strong></span> <span class='ocrx_word' id='word_1_496' title='bbox 1291 5362 1493 5408; x_wconf 86' lang='lat' dir='ltr'><strong>sanctus</strong></span> <span class='ocrx_word' id='word_1_497' title='bbox 1515 5355 1827 5424; x_wconf 84' lang='lat' dir='ltr'><strong>superveniet</strong></span> <span class='ocrx_word' id='word_1_498' title='bbox 1854 5357 1908 5412; x_wconf 88' lang='lat' dir='ltr'><strong>in</strong></span> 
     </span>
    </p>
   </div>
   <div class='ocr_carea' id='block_1_55' title="bbox 322 5443 1904 5518">
    <p class='ocr_par' dir='ltr' id='par_1_55' title="bbox 322 5443 1904 5518">
     <span class='ocr_line' id='line_1_55' title="bbox 322 5443 1904 5518; baseline 0 -20"><span class='ocrx_word' id='word_1_499' title='bbox 322 5454 388 5517; x_wconf 94' lang='lat' dir='ltr'><strong>te,</strong></span> <span class='ocrx_word' id='word_1_500' title='bbox 417 5458 463 5503; x_wconf 90' lang='lat' dir='ltr'><strong>et</strong></span> <span class='ocrx_word' id='word_1_501' title='bbox 492 5450 646 5502; x_wconf 80' lang='lat' dir='ltr'><strong>uirtus</strong></span> <span class='ocrx_word' id='word_1_502' title='bbox 671 5449 918 5504; x_wconf 85' lang='lat' dir='ltr'><strong>Altissimi</strong></span> <span class='ocrx_word' id='word_1_503' title='bbox 937 5447 1246 5503; x_wconf 82' lang='lat' dir='ltr'><strong>obumbrabit</strong></span> <span class='ocrx_word' id='word_1_504' title='bbox 1276 5446 1363 5500; x_wconf 88' lang='lat' dir='ltr'><strong>tibi</strong></span> <span class='ocrx_word' id='word_1_505' title='bbox 1391 5445 1536 5518; x_wconf 91' lang='lat' dir='ltr'><strong>(Luc.</strong></span> <span class='ocrx_word' id='word_1_506' title='bbox 1566 5463 1603 5510; x_wconf 90' lang='grc' dir='ltr'><strong>ι,</strong></span> <span class='ocrx_word' id='word_1_507' title='bbox 1637 5447 1734 5512; x_wconf 71' lang='grc'><strong>51,</strong></span> <span class='ocrx_word' id='word_1_508' title='bbox 1763 5443 1856 5515; x_wconf 75' lang='lat'><strong>35)</strong></span> <span class='ocrx_word' id='word_1_509' title='bbox 1889 5455 1904 5498; x_wconf 89' lang='lat'><strong>:</strong></span> 
     </span>
    </p>
   </div>
   <div class='ocr_carea' id='block_1_56' title="bbox 323 5535 1909 5606">
    <p class='ocr_par' dir='ltr' id='par_1_56' title="bbox 323 5535 1909 5606">
     <span class='ocr_line' id='line_1_56' title="bbox 323 5535 1909 5606; baseline -0.003 -12"><span class='ocrx_word' id='word_1_510' title='bbox 323 5548 375 5594; x_wconf 87' lang='lat' dir='ltr'><strong>et</strong></span> <span class='ocrx_word' id='word_1_511' title='bbox 405 5539 684 5594; x_wconf 77' lang='lat' dir='ltr'><strong>Matthzcus</strong></span> <span class='ocrx_word' id='word_1_512' title='bbox 709 5540 867 5606; x_wconf 89' lang='lat' dir='ltr'><strong>dicit,</strong></span> <span class='ocrx_word' id='word_1_513' title='bbox 897 5539 1112 5594; x_wconf 86' lang='lat' dir='ltr'><strong>Inventa</strong></span> <span class='ocrx_word' id='word_1_514' title='bbox 1137 5548 1209 5593; x_wconf 85' lang='lat' dir='ltr'><strong>est</strong></span> <span class='ocrx_word' id='word_1_515' title='bbox 1235 5538 1288 5591; x_wconf 88' lang='lat' dir='ltr'><strong>in</strong></span> <span class='ocrx_word' id='word_1_516' title='bbox 1315 5546 1458 5591; x_wconf 88' lang='lat' dir='ltr'><strong>utero</strong></span> <span class='ocrx_word' id='word_1_517' title='bbox 1479 5537 1666 5591; x_wconf 87' lang='lat' dir='ltr'><strong>habens</strong></span> <span class='ocrx_word' id='word_1_518' title='bbox 1693 5539 1754 5590; x_wconf 87' lang='lat' dir='ltr'><strong>de</strong></span> <span class='ocrx_word' id='word_1_519' title='bbox 1786 5535 1909 5606; x_wconf 83' lang='lat' dir='ltr'><strong>Spi—</strong></span> 
     </span>
    </p>
   </div>
   <div class='ocr_carea' id='block_1_57' title="bbox 322 5629 1906 5704">
    <p class='ocr_par' dir='ltr' id='par_1_57' title="bbox 322 5629 1906 5704">
     <span class='ocr_line' id='line_1_57' title="bbox 322 5629 1906 5704; baseline -0.002 -19"><span class='ocrx_word' id='word_1_520' title='bbox 322 5631 424 5686; x_wconf 86' lang='lat' dir='ltr'><strong>ritu</strong></span> <span class='ocrx_word' id='word_1_521' title='bbox 441 5641 618 5687; x_wconf 85' lang='lat' dir='ltr'><strong>sancto</strong></span> <span class='ocrx_word' id='word_1_522' title='bbox 643 5631 855 5704; x_wconf 78' lang='lat' dir='ltr'><strong>(Matth.</strong></span> <span class='ocrx_word' id='word_1_523' title='bbox 884 5649 922 5698; x_wconf 89' lang='lat' dir='ltr'><strong>I,</strong></span> <span class='ocrx_word' id='word_1_524' title='bbox 947 5631 1058 5702; x_wconf 88' lang='grc'><strong>18).</strong></span> <span class='ocrx_word' id='word_1_525' title='bbox 1101 5631 1413 5700; x_wconf 87' lang='lat' dir='ltr'><strong>Quanquam</strong></span> <span class='ocrx_word' id='word_1_526' title='bbox 1456 5638 1508 5685; x_wconf 90' lang='lat' dir='ltr'><strong>et</strong></span> <span class='ocrx_word' id='word_1_527' title='bbox 1543 5629 1680 5700; x_wconf 87' lang='lat' dir='ltr'><strong>apud</strong></span> <span class='ocrx_word' id='word_1_528' title='bbox 1717 5629 1906 5684; x_wconf 91' lang='lat' dir='ltr'><strong>Isaiam</strong></span> 
     </span>
    </p>
   </div>
   <div class='ocr_carea' id='block_1_58' title="bbox 388 5785 1442 5851">
    <p class='ocr_par' dir='ltr' id='par_1_58' title="bbox 388 5785 1442 5851">
     <span class='ocr_line' id='line_1_58' title="bbox 388 5785 1442 5851; baseline -0.005 -14"><span class='ocrx_word' id='word_1_529' title='bbox 388 5786 407 5851; x_wconf 60' lang='grc' dir='ltr'><strong>ξ</strong></span> <span class='ocrx_word' id='word_1_530' title='bbox 430 5787 567 5851; x_wconf 76' lang='lat' dir='ltr'><strong>Editi,</strong></span> <span class='ocrx_word' id='word_1_531' title='bbox 592 5791 646 5851; x_wconf 76' lang='lat' dir='ltr'><strong>et</strong></span> <span class='ocrx_word' id='word_1_532' title='bbox 660 5786 910 5851; x_wconf 76' lang='lat' dir='ltr'><strong>quomodo.</strong></span> <span class='ocrx_word' id='word_1_533' title='bbox 931 5785 1230 5848; x_wconf 85' lang='lat' dir='ltr'><strong>Castigautur</strong></span> <span class='ocrx_word' id='word_1_534' title='bbox 1253 5796 1318 5833; x_wconf 80' lang='lat' dir='ltr'><strong>ex</strong></span> <span class='ocrx_word' id='word_1_535' title='bbox 1336 5792 1442 5851; x_wconf 75' lang='lat' dir='ltr'><strong>Mss.</strong></span> 
     </span>
    </p>
   </div>
   <div class='ocr_carea' id='block_1_59' title="bbox 388 5842 1757 5916">
    <p class='ocr_par' dir='ltr' id='par_1_59' title="bbox 388 5842 1757 5916">
     <span class='ocr_line' id='line_1_59' title="bbox 388 5842 1757 5916; baseline -0.002 -19"><span class='ocrx_word' id='word_1_536' title='bbox 388 5849 413 5916; x_wconf 64' lang='grc' dir='ltr'><strong>ξ</strong></span> <span class='ocrx_word' id='word_1_537' title='bbox 441 5842 580 5908; x_wconf 82' lang='lat' dir='ltr'><strong>Editi,</strong></span> <span class='ocrx_word' id='word_1_538' title='bbox 721 5846 900 5913; x_wconf 78' lang='lat' dir='ltr'><strong>Spiritu</strong></span> <span class='ocrx_word' id='word_1_539' title='bbox 917 5842 1094 5916; x_wconf 73' lang='grc' dir='ltr'><strong>εᾳηειὸ.</strong></span> <span class='ocrx_word' id='word_1_540' title='bbox 1122 5854 1176 5916; x_wconf 56' lang='lat' dir='ltr'><strong>at</strong></span> <span class='ocrx_word' id='word_1_541' title='bbox 1195 5855 1318 5916; x_wconf 51' lang='lat' dir='ltr'><strong>mssz,</strong></span> <span class='ocrx_word' id='word_1_542' title='bbox 1338 5844 1441 5916; x_wconf 77' lang='lat' dir='ltr'><strong>sine</strong></span> <span class='ocrx_word' id='word_1_543' title='bbox 1462 5842 1635 5916; x_wconf 75' lang='lat' dir='ltr'><strong>spiritu</strong></span> <span class='ocrx_word' id='word_1_544' title='bbox 1654 5856 1757 5896; x_wconf 83' lang='lat' dir='ltr'><strong>suo.</strong></span> 
     </span>
    </p>
   </div>
   <div class='ocr_carea' id='block_1_60' title="bbox 391 5909 1541 5973">
    <p class='ocr_par' dir='ltr' id='par_1_60' title="bbox 391 5909 1541 5973">
     <span class='ocr_line' id='line_1_60' title="bbox 391 5909 1541 5973; baseline -0.003 -15"><span class='ocrx_word' id='word_1_545' title='bbox 391 5910 416 5942; x_wconf 83' lang='grc'><strong>⁸</strong></span> <span class='ocrx_word' id='word_1_546' title='bbox 445 5917 495 5958; x_wconf 86' lang='lat' dir='ltr'><strong>In</strong></span> <span class='ocrx_word' id='word_1_547' title='bbox 518 5916 586 5973; x_wconf 75' lang='lat'><strong>3.,</strong></span> <span class='ocrx_word' id='word_1_548' title='bbox 606 5915 701 5962; x_wconf 87' lang='lat' dir='ltr'><strong>eat.</strong></span> <span class='ocrx_word' id='word_1_549' title='bbox 724 5909 798 5962; x_wconf 68' lang='lat' dir='ltr'><strong>E&#39;r.</strong></span> <span class='ocrx_word' id='word_1_550' title='bbox 824 5909 971 5972; x_wconf 77' lang='lat' dir='ltr'><strong>Lugd.</strong></span> <span class='ocrx_word' id='word_1_551' title='bbox 991 5917 1109 5959; x_wconf 81' lang='lat' dir='ltr'><strong>Ven.</strong></span> <span class='ocrx_word' id='word_1_552' title='bbox 1129 5915 1257 5969; x_wconf 58' lang='grc' dir='ltr'><strong>μοι,</strong></span> <span class='ocrx_word' id='word_1_553' title='bbox 1277 5909 1386 5959; x_wconf 85' lang='lat' dir='ltr'><strong>iret.</strong></span> <span class='ocrx_word' id='word_1_554' title='bbox 1482 5913 1541 5956; x_wconf 69' lang='grc' dir='ltr'><strong>ιι.</strong></span> 
     </span>
    </p>
   </div>
   <div class='ocr_carea' id='block_1_61' title="bbox 1627 422 2236 490">
    <p class='ocr_par' dir='ltr' id='par_1_61' title="bbox 1627 422 2236 490">
     <span class='ocr_line' id='line_1_61' title="bbox 1627 422 2236 490; baseline -0.015 -1"><span class='ocrx_word' id='word_1_555' title='bbox 1627 429 1827 490; x_wconf 74' lang='lat' dir='ltr'><strong>LIBER</strong></span> <span class='ocrx_word' id='word_1_556' title='bbox 1860 422 2236 483; x_wconf 85' lang='lat' dir='ltr'><strong>SECUNDUS.</strong></span> 
     </span>
    </p>
   </div>
   <div class='ocr_carea' id='block_1_62' title="bbox 3497 425 3604 483">
    <p class='ocr_par' dir='ltr' id='par_1_62' title="bbox 3497 425 3604 483">
     <span class='ocr_line' id='line_1_62' title="bbox 3497 425 3604 483; baseline -0.009 0"><span class='ocrx_word' id='word_1_557' title='bbox 3497 425 3604 483; x_wconf 72' lang='lat'><strong>850</strong></span> 
     </span>
    </p>
   </div>
   <div class='ocr_carea' id='block_1_63' title="bbox 2024 543 3606 615">
    <p class='ocr_par' dir='ltr' id='par_1_63' title="bbox 2024 543 3606 615">
     <span class='ocr_line' id='line_1_63' title="bbox 2024 543 3606 615; baseline 0.003 -19"><span class='ocrx_word' id='word_1_558' title='bbox 2024 543 2335 614; x_wconf 82' lang='lat' dir='ltr'><strong>praphetam</strong></span> <span class='ocrx_word' id='word_1_559' title='bbox 2359 545 2473 615; x_wconf 90' lang='lat' dir='ltr'><strong>ipse</strong></span> <span class='ocrx_word' id='word_1_560' title='bbox 2499 543 2746 601; x_wconf 87' lang='lat' dir='ltr'><strong>Christus</strong></span> <span class='ocrx_word' id='word_1_561' title='bbox 2786 544 3097 614; x_wconf 75' lang='lat' dir='ltr'><strong>intelligitur</strong></span> <span class='ocrx_word' id='word_1_562' title='bbox 3121 543 3190 600; x_wconf 88' lang='lat' dir='ltr'><strong>de</strong></span> <span class='ocrx_word' id='word_1_563' title='bbox 3227 543 3455 600; x_wconf 86' lang='lat' dir='ltr'><strong>adventu</strong></span> <span class='ocrx_word' id='word_1_564' title='bbox 3504 559 3606 600; x_wconf 90' lang='lat' dir='ltr'><strong>suo</strong></span> 
     </span>
    </p>
   </div>
   <div class='ocr_carea' id='block_1_64' title="bbox 2022 634 3605 708">
    <p class='ocr_par' dir='ltr' id='par_1_64' title="bbox 2022 634 3605 708">
     <span class='ocr_line' id='line_1_64' title="bbox 2022 634 3605 708; baseline 0.001 -19"><span class='ocrx_word' id='word_1_565' title='bbox 2022 634 2203 691; x_wconf 84' lang='lat' dir='ltr'><strong>futuro</strong></span> <span class='ocrx_word' id='word_1_566' title='bbox 2229 637 2408 693; x_wconf 89' lang='lat' dir='ltr'><strong>dicere</strong></span> <span class='ocrx_word' id='word_1_567' title='bbox 2427 680 2442 705; x_wconf 97' lang='lat'><strong>,</strong></span> <span class='ocrx_word' id='word_1_568' title='bbox 2475 636 2545 691; x_wconf 87' lang='lat' dir='ltr'><strong>Et</strong></span> <span class='ocrx_word' id='word_1_569' title='bbox 2573 655 2704 692; x_wconf 87' lang='lat' dir='ltr'><strong>nunc</strong></span> <span class='ocrx_word' id='word_1_570' title='bbox 2733 636 2983 692; x_wconf 86' lang='lat' dir='ltr'><strong>Dominus</strong></span> <span class='ocrx_word' id='word_1_571' title='bbox 3007 638 3144 692; x_wconf 84' lang='lat' dir='ltr'><strong>misit</strong></span> <span class='ocrx_word' id='word_1_572' title='bbox 3162 654 3273 704; x_wconf 87' lang='lat' dir='ltr'><strong>me,</strong></span> <span class='ocrx_word' id='word_1_573' title='bbox 3300 645 3347 693; x_wconf 84' lang='lat' dir='ltr'><strong>et</strong></span> <span class='ocrx_word' id='word_1_574' title='bbox 3376 636 3605 708; x_wconf 79' lang='lat' dir='ltr'><strong>Spiritus</strong></span> 
     </span>
    </p>
   </div>
   <div class='ocr_carea' id='block_1_65' title="bbox 2019 728 2654 804">
    <p class='ocr_par' dir='ltr' id='par_1_65' title="bbox 2019 728 2654 804">
     <span class='ocr_line' id='line_1_65' title="bbox 2019 728 2654 804; baseline 0.002 -21"><span class='ocrx_word' id='word_1_575' title='bbox 2019 730 2131 800; x_wconf 88' lang='lat' dir='ltr'><strong>ejus</strong></span> <span class='ocrx_word' id='word_1_576' title='bbox 2160 728 2311 794; x_wconf 87' lang='lat' dir='ltr'><strong>(Isai.</strong></span> <span class='ocrx_word' id='word_1_577' title='bbox 2332 746 2514 798; x_wconf 77' lang='lat' dir='ltr'><strong>XLVIII,</strong></span> <span class='ocrx_word' id='word_1_578' title='bbox 2543 731 2654 804; x_wconf 83' lang='lat' dir='ltr'><strong>I6).</strong></span> 
     </span>
    </p>
   </div>
   <div class='ocr_carea' id='block_1_66' title="bbox 2092 821 3608 894">
    <p class='ocr_par' dir='ltr' id='par_1_66' title="bbox 2092 821 3608 894">
     <span class='ocr_line' id='line_1_66' title="bbox 2092 821 3608 894; baseline 0.001 -17"><span class='ocrx_word' id='word_1_579' title='bbox 2092 822 2146 877; x_wconf 92' lang='lat'><strong>9.</strong></span> <span class='ocrx_word' id='word_1_580' title='bbox 2187 822 2438 877; x_wconf 86' lang='lat' dir='ltr'><strong>Fortasse</strong></span> <span class='ocrx_word' id='word_1_581' title='bbox 2458 824 2648 893; x_wconf 88' lang='lat' dir='ltr'><strong>aliquis</strong></span> <span class='ocrx_word' id='word_1_582' title='bbox 2672 833 2825 894; x_wconf 84' lang='lat' dir='ltr'><strong>cogat</strong></span> <span class='ocrx_word' id='word_1_583' title='bbox 2841 824 3149 879; x_wconf 88' lang='lat' dir='ltr'><strong>utdicamus</strong></span> <span class='ocrx_word' id='word_1_584' title='bbox 3174 823 3331 878; x_wconf 88' lang='lat' dir='ltr'><strong>etiam</strong></span> <span class='ocrx_word' id='word_1_585' title='bbox 3356 836 3387 877; x_wconf 90' lang='lat' dir='ltr'><strong>a</strong></span> <span class='ocrx_word' id='word_1_586' title='bbox 3409 836 3468 878; x_wconf 87' lang='lat' dir='ltr'><strong>se</strong></span> <span class='ocrx_word' id='word_1_587' title='bbox 3487 821 3608 893; x_wconf 89' lang='lat' dir='ltr'><strong>ipso</strong></span> 
     </span>
    </p>
   </div>
   <div class='ocr_carea' id='block_1_67' title="bbox 2021 914 3612 987">
    <p class='ocr_par' dir='ltr' id='par_1_67' title="bbox 2021 914 3612 987">
     <span class='ocr_line' id='line_1_67' title="bbox 2021 914 3612 987; baseline 0.002 -19"><span class='ocrx_word' id='word_1_588' title='bbox 2021 914 2244 968; x_wconf 90' lang='lat' dir='ltr'><strong>missum</strong></span> <span class='ocrx_word' id='word_1_589' title='bbox 2292 929 2411 969; x_wconf 90' lang='lat' dir='ltr'><strong>esse</strong></span> <span class='ocrx_word' id='word_1_590' title='bbox 2437 914 2665 981; x_wconf 86' lang='lat' dir='ltr'><strong>Filium;</strong></span> <span class='ocrx_word' id='word_1_591' title='bbox 2699 917 2819 987; x_wconf 90' lang='lat' dir='ltr'><strong>quia</strong></span> <span class='ocrx_word' id='word_1_592' title='bbox 2866 917 2956 972; x_wconf 87' lang='lat' dir='ltr'><strong>ille</strong></span> <span class='ocrx_word' id='word_1_593' title='bbox 2997 916 3175 971; x_wconf 82' lang='lat' dir='ltr'><strong>Mariae</strong></span> <span class='ocrx_word' id='word_1_594' title='bbox 3224 922 3513 987; x_wconf 89' lang='lat' dir='ltr'><strong>conceptus</strong></span> <span class='ocrx_word' id='word_1_595' title='bbox 3550 927 3612 971; x_wconf 79' lang='lat' dir='ltr'><strong>et</strong></span> 
     </span>
    </p>
   </div>
   <div class='ocr_carea' id='block_1_68' title="bbox 2022 993 3602 1078">
    <p class='ocr_par' dir='ltr' id='par_1_68' title="bbox 2022 993 3602 1078">
     <span class='ocr_line' id='line_1_68' title="bbox 2022 993 3602 1078; baseline 0.004 -21"><span class='ocrx_word' id='word_1_596' title='bbox 2022 1014 2205 1074; x_wconf 88' lang='lat' dir='ltr'><strong>partus</strong></span> <span class='ocrx_word' id='word_1_597' title='bbox 2249 1007 2488 1076; x_wconf 88' lang='lat' dir='ltr'><strong>operatio</strong></span> <span class='ocrx_word' id='word_1_598' title='bbox 2534 1007 2806 1062; x_wconf 86' lang='lat' dir='ltr'><strong>Trinitatis</strong></span> <span class='ocrx_word' id='word_1_599' title='bbox 2854 993 2954 1074; x_wconf 80' lang='lat' dir='ltr'><strong>est,</strong></span> <span class='ocrx_word' id='word_1_600' title='bbox 3009 1023 3112 1078; x_wconf 89' lang='lat' dir='ltr'><strong>qua</strong></span> <span class='ocrx_word' id='word_1_601' title='bbox 3161 1015 3374 1063; x_wconf 86' lang='lat' dir='ltr'><strong>creante</strong></span> <span class='ocrx_word' id='word_1_602' title='bbox 3425 1007 3602 1063; x_wconf 84' lang='lat' dir='ltr'><strong>omnia</strong></span> 
     </span>
    </p>
   </div>
   <div class='ocr_carea' id='block_1_69' title="bbox 2021 1100 3600 1174">
    <p class='ocr_par' dir='ltr' id='par_1_69' title="bbox 2021 1100 3600 1174">
     <span class='ocr_line' id='line_1_69' title="bbox 2021 1100 3600 1174; baseline 0.003 -22"><span class='ocrx_word' id='word_1_603' title='bbox 2021 1107 2289 1154; x_wconf 89' lang='lat' dir='ltr'><strong>creantur.</strong></span> <span class='ocrx_word' id='word_1_604' title='bbox 2320 1100 2388 1155; x_wconf 84' lang='lat' dir='ltr'><strong>Et</strong></span> <span class='ocrx_word' id='word_1_605' title='bbox 2414 1101 2682 1171; x_wconf 91' lang='lat' dir='ltr'><strong>quomodo</strong></span> <span class='ocrx_word' id='word_1_606' title='bbox 2705 1102 2836 1173; x_wconf 88' lang='lat' dir='ltr'><strong>jam,</strong></span> <span class='ocrx_word' id='word_1_607' title='bbox 2873 1103 3075 1174; x_wconf 89' lang='lat' dir='ltr'><strong>inquit,</strong></span> <span class='ocrx_word' id='word_1_608' title='bbox 3103 1103 3261 1158; x_wconf 85' lang='lat' dir='ltr'><strong>Pater</strong></span> <span class='ocrx_word' id='word_1_609' title='bbox 3285 1118 3405 1158; x_wconf 88' lang='lat' dir='ltr'><strong>eum</strong></span> <span class='ocrx_word' id='word_1_610' title='bbox 3433 1103 3600 1167; x_wconf 89' lang='lat' dir='ltr'><strong>misit,</strong></span> 
     </span>
    </p>
   </div>
   <div class='ocr_carea' id='block_1_70' title="bbox 2021 1189 3609 1265">
    <p class='ocr_par' dir='ltr' id='par_1_70' title="bbox 2021 1189 3609 1265">
     <span class='ocr_line' id='line_1_70' title="bbox 2021 1189 3609 1265; baseline 0.003 -21"><span class='ocrx_word' id='word_1_611' title='bbox 2021 1189 2064 1244; x_wconf 91' lang='lat' dir='ltr'><strong>si</strong></span> <span class='ocrx_word' id='word_1_612' title='bbox 2096 1189 2210 1261; x_wconf 91' lang='lat' dir='ltr'><strong>ipse</strong></span> <span class='ocrx_word' id='word_1_613' title='bbox 2244 1207 2303 1248; x_wconf 90' lang='lat' dir='ltr'><strong>se</strong></span> <span class='ocrx_word' id='word_1_614' title='bbox 2329 1192 2510 1247; x_wconf 87' lang='lat' dir='ltr'><strong>misit?</strong></span> <span class='ocrx_word' id='word_1_615' title='bbox 2536 1193 2636 1248; x_wconf 88' lang='lat' dir='ltr'><strong>Cui</strong></span> <span class='ocrx_word' id='word_1_616' title='bbox 2662 1193 2889 1263; x_wconf 88' lang='lat' dir='ltr'><strong>primum</strong></span> <span class='ocrx_word' id='word_1_617' title='bbox 2921 1195 3240 1265; x_wconf 69' lang='lat' dir='ltr'><strong>respondeo,</strong></span> <span class='ocrx_word' id='word_1_618' title='bbox 3281 1208 3526 1264; x_wconf 70' lang='lat' dir='ltr'><strong>quaerens</strong></span> <span class='ocrx_word' id='word_1_619' title='bbox 3547 1201 3609 1248; x_wconf 89' lang='lat' dir='ltr'><strong>ut</strong></span> 
     </span>
    </p>
   </div>
   <div class='ocr_carea' id='block_1_71' title="bbox 2021 1283 3606 1356">
    <p class='ocr_par' dir='ltr' id='par_1_71' title="bbox 2021 1283 3606 1356">
     <span class='ocr_line' id='line_1_71' title="bbox 2021 1283 3606 1356; baseline 0.001 -19"><span class='ocrx_word' id='word_1_620' title='bbox 2021 1283 2182 1348; x_wconf 83' lang='lat' dir='ltr'><strong>dicat,</strong></span> <span class='ocrx_word' id='word_1_621' title='bbox 2210 1285 2254 1338; x_wconf 90' lang='lat' dir='ltr'><strong>si</strong></span> <span class='ocrx_word' id='word_1_622' title='bbox 2283 1293 2478 1355; x_wconf 85' lang='lat' dir='ltr'><strong>potest,</strong></span> <span class='ocrx_word' id='word_1_623' title='bbox 2509 1285 2779 1356; x_wconf 91' lang='lat' dir='ltr'><strong>quomodo</strong></span> <span class='ocrx_word' id='word_1_624' title='bbox 2805 1285 2963 1340; x_wconf 88' lang='lat' dir='ltr'><strong>Pater</strong></span> <span class='ocrx_word' id='word_1_625' title='bbox 2988 1301 3108 1341; x_wconf 90' lang='lat' dir='ltr'><strong>eum</strong></span> <span class='ocrx_word' id='word_1_626' title='bbox 3150 1283 3495 1341; x_wconf 83' lang='lat' dir='ltr'><strong>sanctiﬁcavit</strong></span> <span class='ocrx_word' id='word_1_627' title='bbox 3515 1325 3531 1351; x_wconf 91' lang='lat'><strong>,</strong></span> <span class='ocrx_word' id='word_1_628' title='bbox 3557 1283 3606 1338; x_wconf 90' lang='lat' dir='ltr'><strong>si</strong></span> 
     </span>
    </p>
   </div>
   <div class='ocr_carea' id='block_1_72' title="bbox 2019 1377 3605 1450">
    <p class='ocr_par' dir='ltr' id='par_1_72' title="bbox 2019 1377 3605 1450">
     <span class='ocr_line' id='line_1_72' title="bbox 2019 1377 3605 1450; baseline -0.001 -19"><span class='ocrx_word' id='word_1_629' title='bbox 2019 1393 2078 1432; x_wconf 91' lang='lat' dir='ltr'><strong>se</strong></span> <span class='ocrx_word' id='word_1_630' title='bbox 2103 1379 2217 1448; x_wconf 90' lang='lat' dir='ltr'><strong>ipse</strong></span> <span class='ocrx_word' id='word_1_631' title='bbox 2252 1379 2634 1434; x_wconf 85' lang='lat' dir='ltr'><strong>sanetiﬂcavit?</strong></span> <span class='ocrx_word' id='word_1_632' title='bbox 2660 1379 2955 1450; x_wconf 90' lang='lat' dir='ltr'><strong>Utrumque</strong></span> <span class='ocrx_word' id='word_1_633' title='bbox 2989 1380 3130 1434; x_wconf 89' lang='lat' dir='ltr'><strong>enim</strong></span> <span class='ocrx_word' id='word_1_634' title='bbox 3172 1379 3314 1434; x_wconf 91' lang='lat' dir='ltr'><strong>idem</strong></span> <span class='ocrx_word' id='word_1_635' title='bbox 3348 1377 3605 1432; x_wconf 90' lang='lat' dir='ltr'><strong>Dominus</strong></span> 
     </span>
    </p>
   </div>
   <div class='ocr_carea' id='block_1_73' title="bbox 2019 1469 3606 1542">
    <p class='ocr_par' dir='ltr' id='par_1_73' title="bbox 2019 1469 3606 1542">
     <span class='ocr_line' id='line_1_73' title="bbox 2019 1469 3606 1542; baseline -0.001 -18"><span class='ocrx_word' id='word_1_636' title='bbox 2019 1470 2094 1524; x_wconf 86' lang='lat' dir='ltr'><strong>ait</strong></span> <span class='ocrx_word' id='word_1_637' title='bbox 2127 1485 2141 1524; x_wconf 89' lang='lat'>:</span> <span class='ocrx_word' id='word_1_638' title='bbox 2173 1470 2332 1536; x_wconf 85' lang='lat' dir='ltr'><strong>Quem</strong></span> <span class='ocrx_word' id='word_1_639' title='bbox 2354 1470 2531 1538; x_wconf 89' lang='lat' dir='ltr'><strong>Pater,</strong></span> <span class='ocrx_word' id='word_1_640' title='bbox 2556 1472 2748 1542; x_wconf 89' lang='lat' dir='ltr'><strong>inquit,</strong></span> <span class='ocrx_word' id='word_1_641' title='bbox 2781 1473 3131 1542; x_wconf 80' lang='lat' dir='ltr'><strong>sanctiﬁcavit,</strong></span> <span class='ocrx_word' id='word_1_642' title='bbox 3156 1480 3202 1526; x_wconf 90' lang='lat' dir='ltr'><strong>et</strong></span> <span class='ocrx_word' id='word_1_643' title='bbox 3232 1470 3367 1524; x_wconf 84' lang='lat' dir='ltr'><strong>misit</strong></span> <span class='ocrx_word' id='word_1_644' title='bbox 3392 1470 3444 1523; x_wconf 90' lang='lat' dir='ltr'><strong>in</strong></span> <span class='ocrx_word' id='word_1_645' title='bbox 3471 1469 3606 1523; x_wconf 86' lang='lat' dir='ltr'><strong>hunc</strong></span> 
     </span>
    </p>
   </div>
   <div class='ocr_carea' id='block_1_74' title="bbox 2019 1559 3648 1644">
    <p class='ocr_par' dir='ltr' id='par_1_74' title="bbox 2019 1559 3648 1644">
     <span class='ocr_line' id='line_1_74' title="bbox 2019 1559 3648 1644; baseline -0.001 -31"><span class='ocrx_word' id='word_1_646' title='bbox 2019 1561 2265 1614; x_wconf 87' lang='lat' dir='ltr'><strong>mundum</strong></span> <span class='ocrx_word' id='word_1_647' title='bbox 2285 1602 2300 1624; x_wconf 93' lang='lat'><strong>,</strong></span> <span class='ocrx_word' id='word_1_648' title='bbox 2329 1577 2414 1615; x_wconf 84' lang='lat' dir='ltr'><strong>vos</strong></span> <span class='ocrx_word' id='word_1_649' title='bbox 2437 1561 2602 1615; x_wconf 83' lang='lat' dir='ltr'><strong>dicitis</strong></span> <span class='ocrx_word' id='word_1_650' title='bbox 2629 1602 2643 1627; x_wconf 97' lang='lat'><strong>,</strong></span> <span class='ocrx_word' id='word_1_651' title='bbox 2677 1561 2808 1629; x_wconf 88' lang='lat' dir='ltr'><strong>Quia</strong></span> <span class='ocrx_word' id='word_1_652' title='bbox 2839 1563 3190 1632; x_wconf 86' lang='lat' dir='ltr'><strong>blasphemas;</strong></span> <span class='ocrx_word' id='word_1_653' title='bbox 3211 1560 3448 1630; x_wconf 84' lang='lat' dir='ltr'><strong>quoniam</strong></span> <span class='ocrx_word' id='word_1_654' title='bbox 3472 1559 3601 1625; x_wconf 73' lang='lat' dir='ltr'><strong>dixi,</strong></span> <span class='ocrx_word' id='word_1_655' title='bbox 3639 1629 3648 1644; x_wconf 30' lang='grc' dir='ltr'>δ</span> 
     </span>
    </p>
   </div>
   <div class='ocr_carea' id='block_1_75' title="bbox 2020 1648 3649 1723">
    <p class='ocr_par' dir='ltr' id='par_1_75' title="bbox 2020 1648 3649 1723">
     <span class='ocr_line' id='line_1_75' title="bbox 2020 1648 3649 1723; baseline -0.002 -17"><span class='ocrx_word' id='word_1_656' title='bbox 2020 1651 2188 1707; x_wconf 86' lang='lat' dir='ltr'><strong>Filius</strong></span> <span class='ocrx_word' id='word_1_657' title='bbox 2209 1652 2305 1706; x_wconf 89' lang='lat' dir='ltr'><strong>Dei</strong></span> <span class='ocrx_word' id='word_1_658' title='bbox 2330 1670 2443 1706; x_wconf 85' lang='lat' dir='ltr'><strong>sum</strong></span> <span class='ocrx_word' id='word_1_659' title='bbox 2461 1653 2640 1723; x_wconf 79' lang='lat' dir='ltr'><strong>(loan.</strong></span> <span class='ocrx_word' id='word_1_660' title='bbox 2661 1670 2716 1719; x_wconf 74' lang='grc' dir='ltr'><strong>χ,</strong></span> <span class='ocrx_word' id='word_1_661' title='bbox 2747 1654 2860 1722; x_wconf 79' lang='grc'><strong>56).</strong></span> <span class='ocrx_word' id='word_1_662' title='bbox 2893 1654 3013 1707; x_wconf 85' lang='lat' dir='ltr'><strong>Alio</strong></span> <span class='ocrx_word' id='word_1_663' title='bbox 3035 1661 3210 1707; x_wconf 88' lang='lat' dir='ltr'><strong>autem</strong></span> <span class='ocrx_word' id='word_1_664' title='bbox 3241 1652 3358 1707; x_wconf 92' lang='lat' dir='ltr'><strong>loco</strong></span> <span class='ocrx_word' id='word_1_665' title='bbox 3396 1651 3505 1705; x_wconf 85' lang='lat' dir='ltr'><strong>ait:</strong></span> <span class='ocrx_word' id='word_1_666' title='bbox 3538 1648 3649 1723; x_wconf 62' lang='lat' dir='ltr'><strong>Et:</strong></span> 
     </span>
    </p>
   </div>
   <div class='ocr_carea' id='block_1_76' title="bbox 2020 1743 3608 1816">
    <p class='ocr_par' dir='ltr' id='par_1_76' title="bbox 2020 1743 3608 1816">
     <span class='ocr_line' id='line_1_76' title="bbox 2020 1743 3608 1816; baseline -0.003 -18"><span class='ocrx_word' id='word_1_667' title='bbox 2020 1762 2112 1815; x_wconf 88' lang='lat' dir='ltr'><strong>pro</strong></span> <span class='ocrx_word' id='word_1_668' title='bbox 2138 1746 2210 1800; x_wconf 86' lang='lat' dir='ltr'><strong>eis</strong></span> <span class='ocrx_word' id='word_1_669' title='bbox 2239 1746 2500 1815; x_wconf 83' lang='lat' dir='ltr'><strong>sancti/ico</strong></span> <span class='ocrx_word' id='word_1_670' title='bbox 2527 1763 2607 1800; x_wconf 89' lang='lat' dir='ltr'><strong>me</strong></span> <span class='ocrx_word' id='word_1_671' title='bbox 2631 1748 2797 1816; x_wconf 87' lang='lat' dir='ltr'><strong>ipsum</strong></span> <span class='ocrx_word' id='word_1_672' title='bbox 2822 1743 2934 1816; x_wconf 88' lang='lat' dir='ltr'><strong>(Id.</strong></span> <span class='ocrx_word' id='word_1_673' title='bbox 2967 1760 3094 1809; x_wconf 85' lang='lat' dir='ltr'><strong>xvu,</strong></span> <span class='ocrx_word' id='word_1_674' title='bbox 3127 1743 3241 1814; x_wconf 87' lang='grc'><strong>19).</strong></span> <span class='ocrx_word' id='word_1_675' title='bbox 3272 1744 3401 1797; x_wconf 91' lang='lat' dir='ltr'><strong>Item</strong></span> <span class='ocrx_word' id='word_1_676' title='bbox 3423 1755 3608 1812; x_wconf 60' lang='lat' dir='ltr'><strong>quaero</strong></span> 
     </span>
    </p>
   </div>
   <div class='ocr_carea' id='block_1_77' title="bbox 2018 1831 3607 1906">
    <p class='ocr_par' dir='ltr' id='par_1_77' title="bbox 2018 1831 3607 1906">
     <span class='ocr_line' id='line_1_77' title="bbox 2018 1831 3607 1906; baseline -0.004 -16"><span class='ocrx_word' id='word_1_677' title='bbox 2018 1837 2288 1906; x_wconf 91' lang='lat' dir='ltr'><strong>quomodo</strong></span> <span class='ocrx_word' id='word_1_678' title='bbox 2331 1853 2452 1892; x_wconf 91' lang='lat' dir='ltr'><strong>eum</strong></span> <span class='ocrx_word' id='word_1_679' title='bbox 2509 1837 2668 1892; x_wconf 89' lang='lat' dir='ltr'><strong>Pater</strong></span> <span class='ocrx_word' id='word_1_680' title='bbox 2705 1836 2942 1904; x_wconf 84' lang='lat' dir='ltr'><strong>tradidit,</strong></span> <span class='ocrx_word' id='word_1_681' title='bbox 2985 1835 3030 1890; x_wconf 91' lang='lat' dir='ltr'><strong>si</strong></span> <span class='ocrx_word' id='word_1_682' title='bbox 3084 1850 3143 1889; x_wconf 88' lang='lat' dir='ltr'><strong>se</strong></span> <span class='ocrx_word' id='word_1_683' title='bbox 3186 1835 3302 1904; x_wconf 88' lang='lat' dir='ltr'><strong>ipse</strong></span> <span class='ocrx_word' id='word_1_684' title='bbox 3349 1831 3607 1886; x_wconf 85' lang='lat' dir='ltr'><strong>tradidit?</strong></span> 
     </span>
    </p>
   </div>
   <div class='ocr_carea' id='block_1_78' title="bbox 2019 1925 3602 2001">
    <p class='ocr_par' dir='ltr' id='par_1_78' title="bbox 2019 1925 3602 2001">
     <span class='ocr_line' id='line_1_78' title="bbox 2019 1925 3602 2001; baseline -0.004 -17"><span class='ocrx_word' id='word_1_685' title='bbox 2019 1929 2312 2000; x_wconf 87' lang='lat' dir='ltr'><strong>Utrumque</strong></span> <span class='ocrx_word' id='word_1_686' title='bbox 2353 1930 2493 1985; x_wconf 91' lang='lat' dir='ltr'><strong>enim</strong></span> <span class='ocrx_word' id='word_1_687' title='bbox 2539 1931 2666 1985; x_wconf 92' lang='lat' dir='ltr'><strong>dicit</strong></span> <span class='ocrx_word' id='word_1_688' title='bbox 2719 1931 2988 2001; x_wconf 86' lang='lat' dir='ltr'><strong>apostolus</strong></span> <span class='ocrx_word' id='word_1_689' title='bbox 3031 1929 3268 1984; x_wconf 89' lang='lat' dir='ltr'><strong>Paulus:</strong></span> <span class='ocrx_word' id='word_1_690' title='bbox 3301 1927 3400 1992; x_wconf 88' lang='lat' dir='ltr'><strong>Qui</strong></span> <span class='ocrx_word' id='word_1_691' title='bbox 3442 1925 3602 1992; x_wconf 87' lang='lat' dir='ltr'><strong>Filio,</strong></span> 
     </span>
    </p>
   </div>
   <div class='ocr_carea' id='block_1_79' title="bbox 2018 2021 3716 2095">
    <p class='ocr_par' dir='ltr' id='par_1_79' title="bbox 2018 2021 3716 2095">
     <span class='ocr_line' id='line_1_79' title="bbox 2018 2021 3716 2095; baseline -0.001 -21"><span class='ocrx_word' id='word_1_692' title='bbox 2018 2022 2210 2091; x_wconf 89' lang='lat' dir='ltr'><strong>inquit,</strong></span> <span class='ocrx_word' id='word_1_693' title='bbox 2235 2025 2441 2094; x_wconf 89' lang='lat' dir='ltr'><strong>pr0prio</strong></span> <span class='ocrx_word' id='word_1_694' title='bbox 2458 2040 2559 2078; x_wconf 87' lang='lat' dir='ltr'><strong>non</strong></span> <span class='ocrx_word' id='word_1_695' title='bbox 2579 2024 2819 2095; x_wconf 86' lang='lat' dir='ltr'><strong>pepercit,</strong></span> <span class='ocrx_word' id='word_1_696' title='bbox 2849 2023 2937 2078; x_wconf 89' lang='lat' dir='ltr'><strong>sed</strong></span> <span class='ocrx_word' id='word_1_697' title='bbox 2964 2040 3057 2094; x_wconf 85' lang='lat' dir='ltr'><strong>pro</strong></span> <span class='ocrx_word' id='word_1_698' title='bbox 3077 2022 3220 2077; x_wconf 88' lang='lat' dir='ltr'><strong>nobis</strong></span> <span class='ocrx_word' id='word_1_699' title='bbox 3241 2021 3469 2076; x_wconf 87' lang='lat' dir='ltr'><strong>omnibus</strong></span> <span class='ocrx_word' id='word_1_700' title='bbox 3499 2029 3606 2074; x_wconf 89' lang='lat' dir='ltr'><strong>tra-</strong></span> <span class='ocrx_word' id='word_1_701' title='bbox 3707 2071 3716 2088; x_wconf 55' lang='grc'>,</span> 
     </span>
    </p>
   </div>
   <div class='ocr_carea' id='block_1_80' title="bbox 2021 2114 3601 2188">
    <p class='ocr_par' dir='ltr' id='par_1_80' title="bbox 2021 2114 3601 2188">
     <span class='ocr_line' id='line_1_80' title="bbox 2021 2114 3601 2188; baseline 0.001 -21"><span class='ocrx_word' id='word_1_702' title='bbox 2021 2115 2149 2168; x_wconf 87' lang='lat' dir='ltr'><strong>didit</strong></span> <span class='ocrx_word' id='word_1_703' title='bbox 2173 2117 2319 2170; x_wconf 89' lang='lat' dir='ltr'><strong>illum</strong></span> <span class='ocrx_word' id='word_1_704' title='bbox 2341 2118 2515 2184; x_wconf 85' lang='lat' dir='ltr'><strong>(Rom.</strong></span> <span class='ocrx_word' id='word_1_705' title='bbox 2543 2134 2653 2182; x_wconf 82' lang='grc' dir='ltr'>νιιι,</span> <span class='ocrx_word' id='word_1_706' title='bbox 2685 2116 2800 2188; x_wconf 69' lang='lat'><strong>&#39;52).</strong></span> <span class='ocrx_word' id='word_1_707' title='bbox 2823 2118 2959 2171; x_wconf 87' lang='lat' dir='ltr'><strong>Alibi</strong></span> <span class='ocrx_word' id='word_1_708' title='bbox 2985 2127 3158 2172; x_wconf 90' lang='lat' dir='ltr'><strong>autem</strong></span> <span class='ocrx_word' id='word_1_709' title='bbox 3183 2116 3251 2171; x_wconf 89' lang='lat' dir='ltr'><strong>de</strong></span> <span class='ocrx_word' id='word_1_710' title='bbox 3277 2117 3396 2185; x_wconf 90' lang='lat' dir='ltr'><strong>ipso</strong></span> <span class='ocrx_word' id='word_1_711' title='bbox 3415 2114 3601 2170; x_wconf 86' lang='lat' dir='ltr'><strong>Salva-</strong></span> 
     </span>
    </p>
   </div>
   <div class='ocr_carea' id='block_1_81' title="bbox 2019 2206 3603 2277">
    <p class='ocr_par' dir='ltr' id='par_1_81' title="bbox 2019 2206 3603 2277">
     <span class='ocr_line' id='line_1_81' title="bbox 2019 2206 3603 2277; baseline 0.001 -20"><span class='ocrx_word' id='word_1_712' title='bbox 2019 2213 2136 2259; x_wconf 88' lang='lat' dir='ltr'><strong>tore</strong></span> <span class='ocrx_word' id='word_1_713' title='bbox 2165 2206 2237 2260; x_wconf 90' lang='lat' dir='ltr'><strong>ait</strong></span> <span class='ocrx_word' id='word_1_714' title='bbox 2267 2223 2282 2260; x_wconf 93' lang='lat'>:</span> <span class='ocrx_word' id='word_1_715' title='bbox 2315 2207 2417 2273; x_wconf 91' lang='lat' dir='ltr'><strong>Qui</strong></span> <span class='ocrx_word' id='word_1_716' title='bbox 2443 2224 2520 2261; x_wconf 91' lang='lat' dir='ltr'><strong>me</strong></span> <span class='ocrx_word' id='word_1_717' title='bbox 2547 2208 2758 2276; x_wconf 71' lang='lat' dir='ltr'><strong>dilexit,</strong></span> <span class='ocrx_word' id='word_1_718' title='bbox 2782 2217 2827 2261; x_wconf 92' lang='lat' dir='ltr'><strong>et</strong></span> <span class='ocrx_word' id='word_1_719' title='bbox 2868 2207 3073 2260; x_wconf 86' lang='lat' dir='ltr'><strong>tradidit</strong></span> <span class='ocrx_word' id='word_1_720' title='bbox 3109 2224 3163 2261; x_wconf 90' lang='lat' dir='ltr'><strong>se</strong></span> <span class='ocrx_word' id='word_1_721' title='bbox 3187 2207 3352 2277; x_wconf 89' lang='lat' dir='ltr'><strong>ipsum</strong></span> <span class='ocrx_word' id='word_1_722' title='bbox 3392 2222 3485 2277; x_wconf 92' lang='lat' dir='ltr'><strong>pro</strong></span> <span class='ocrx_word' id='word_1_723' title='bbox 3523 2221 3603 2259; x_wconf 89' lang='lat' dir='ltr'><strong>me</strong></span> 
     </span>
    </p>
   </div>
   <div class='ocr_carea' id='block_1_82' title="bbox 2020 2295 3598 2371">
    <p class='ocr_par' dir='ltr' id='par_1_82' title="bbox 2020 2295 3598 2371">
     <span class='ocr_line' id='line_1_82' title="bbox 2020 2295 3598 2371; baseline 0.002 -22"><span class='ocrx_word' id='word_1_724' title='bbox 2020 2295 2214 2368; x_wconf 84' lang='lat' dir='ltr'><strong>(Galat.</strong></span> <span class='ocrx_word' id='word_1_725' title='bbox 2245 2314 2302 2364; x_wconf 88' lang='lat' dir='ltr'><strong>II,</strong></span> <span class='ocrx_word' id='word_1_726' title='bbox 2326 2297 2442 2371; x_wconf 65' lang='grc' dir='ltr'><strong>ΞΟ).</strong></span> <span class='ocrx_word' id='word_1_727' title='bbox 2472 2299 2649 2354; x_wconf 88' lang='lat' dir='ltr'><strong>Credo</strong></span> <span class='ocrx_word' id='word_1_728' title='bbox 2671 2300 3034 2370; x_wconf 85' lang='lat' dir='ltr'><strong>respondebit,</strong></span> <span class='ocrx_word' id='word_1_729' title='bbox 3060 2301 3104 2354; x_wconf 90' lang='lat' dir='ltr'><strong>si</strong></span> <span class='ocrx_word' id='word_1_730' title='bbox 3126 2299 3239 2354; x_wconf 70' lang='lat' dir='ltr'><strong>bmc</strong></span> <span class='ocrx_word' id='word_1_731' title='bbox 3259 2298 3426 2370; x_wconf 88' lang='lat' dir='ltr'><strong>probe</strong></span> <span class='ocrx_word' id='word_1_732' title='bbox 3437 2297 3598 2366; x_wconf 87' lang='lat' dir='ltr'><strong>sapit,</strong></span> 
     </span>
    </p>
   </div>
   <div class='ocr_carea' id='block_1_83' title="bbox 2016 2390 3642 2461">
    <p class='ocr_par' dir='ltr' id='par_1_83' title="bbox 2016 2390 3642 2461">
     <span class='ocr_line' id='line_1_83' title="bbox 2016 2390 3642 2461; baseline 0.001 -17"><span class='ocrx_word' id='word_1_733' title='bbox 2016 2391 2136 2460; x_wconf 89' lang='lat' dir='ltr'><strong>quia</strong></span> <span class='ocrx_word' id='word_1_734' title='bbox 2169 2407 2271 2445; x_wconf 89' lang='lat' dir='ltr'><strong>una</strong></span> <span class='ocrx_word' id='word_1_735' title='bbox 2298 2392 2544 2447; x_wconf 90' lang='lat' dir='ltr'><strong>voluntas</strong></span> <span class='ocrx_word' id='word_1_736' title='bbox 2580 2401 2661 2447; x_wconf 90' lang='lat' dir='ltr'><strong>est</strong></span> <span class='ocrx_word' id='word_1_737' title='bbox 2699 2395 2872 2448; x_wconf 89' lang='lat' dir='ltr'><strong>Patris</strong></span> <span class='ocrx_word' id='word_1_738' title='bbox 2891 2403 2945 2449; x_wconf 89' lang='lat' dir='ltr'><strong>et</strong></span> <span class='ocrx_word' id='word_1_739' title='bbox 2972 2393 3089 2448; x_wconf 88' lang='lat' dir='ltr'><strong>Filii</strong></span> <span class='ocrx_word' id='word_1_740' title='bbox 3113 2434 3125 2458; x_wconf 95' lang='lat'><strong>,</strong></span> <span class='ocrx_word' id='word_1_741' title='bbox 3149 2401 3205 2447; x_wconf 90' lang='lat' dir='ltr'><strong>et</strong></span> <span class='ocrx_word' id='word_1_742' title='bbox 3235 2390 3601 2461; x_wconf 86' lang='lat' dir='ltr'><strong>inseparabilis</strong></span> <span class='ocrx_word' id='word_1_743' title='bbox 3625 2418 3642 2430; x_wconf 87' lang='lat'><strong>-</strong></span> 
     </span>
    </p>
   </div>
   <div class='ocr_carea' id='block_1_84' title="bbox 2016 2483 3596 2556">
    <p class='ocr_par' dir='ltr' id='par_1_84' title="bbox 2016 2483 3596 2556">
     <span class='ocr_line' id='line_1_84' title="bbox 2016 2483 3596 2556; baseline -0.001 -18"><span class='ocrx_word' id='word_1_744' title='bbox 2016 2483 2278 2553; x_wconf 88' lang='lat' dir='ltr'><strong>operatio.</strong></span> <span class='ocrx_word' id='word_1_745' title='bbox 2305 2484 2393 2540; x_wconf 90' lang='lat' dir='ltr'><strong>Sic</strong></span> <span class='ocrx_word' id='word_1_746' title='bbox 2413 2500 2540 2555; x_wconf 88' lang='lat' dir='ltr'><strong>ergo</strong></span> <span class='ocrx_word' id='word_1_747' title='bbox 2562 2484 2820 2556; x_wconf 83' lang='lat' dir='ltr'><strong>intelligat</strong></span> <span class='ocrx_word' id='word_1_748' title='bbox 2841 2486 2982 2540; x_wconf 89' lang='lat' dir='ltr'><strong>illam</strong></span> <span class='ocrx_word' id='word_1_749' title='bbox 3011 2485 3430 2541; x_wconf 88' lang='lat' dir='ltr'><strong>incarnationem</strong></span> <span class='ocrx_word' id='word_1_750' title='bbox 3457 2491 3508 2538; x_wconf 90' lang='lat' dir='ltr'><strong>et</strong></span> <span class='ocrx_word' id='word_1_751' title='bbox 3534 2498 3596 2537; x_wconf 80' lang='lat' dir='ltr'><strong>ex</strong></span> 
     </span>
    </p>
   </div>
   <div class='ocr_carea' id='block_1_85' title="bbox 2017 2574 3597 2647">
    <p class='ocr_par' dir='ltr' id='par_1_85' title="bbox 2017 2574 3597 2647">
     <span class='ocr_line' id='line_1_85' title="bbox 2017 2574 3597 2647; baseline -0.001 -18"><span class='ocrx_word' id='word_1_752' title='bbox 2017 2574 2234 2646; x_wconf 84' lang='lat' dir='ltr'><strong>Virgine</strong></span> <span class='ocrx_word' id='word_1_753' title='bbox 2256 2577 2608 2643; x_wconf 87' lang='lat' dir='ltr'><strong>nativitatem,</strong></span> <span class='ocrx_word' id='word_1_754' title='bbox 2643 2579 2694 2631; x_wconf 90' lang='lat' dir='ltr'><strong>in</strong></span> <span class='ocrx_word' id='word_1_755' title='bbox 2721 2593 2824 2647; x_wconf 91' lang='lat' dir='ltr'><strong>qua</strong></span> <span class='ocrx_word' id='word_1_756' title='bbox 2851 2577 3018 2632; x_wconf 84' lang='lat' dir='ltr'><strong>Filius</strong></span> <span class='ocrx_word' id='word_1_757' title='bbox 3047 2575 3355 2647; x_wconf 86' lang='lat' dir='ltr'><strong>intelligitur</strong></span> <span class='ocrx_word' id='word_1_758' title='bbox 3381 2575 3597 2640; x_wconf 89' lang='lat' dir='ltr'><strong>missus,</strong></span> 
     </span>
    </p>
   </div>
   <div class='ocr_carea' id='block_1_86' title="bbox 2015 2665 3592 2736">
    <p class='ocr_par' dir='ltr' id='par_1_86' title="bbox 2015 2665 3592 2736">
     <span class='ocr_line' id='line_1_86' title="bbox 2015 2665 3592 2736; baseline -0.001 -17"><span class='ocrx_word' id='word_1_759' title='bbox 2015 2681 2118 2720; x_wconf 92' lang='lat' dir='ltr'><strong>una</strong></span> <span class='ocrx_word' id='word_1_760' title='bbox 2149 2667 2441 2736; x_wconf 88' lang='lat' dir='ltr'><strong>eademque</strong></span> <span class='ocrx_word' id='word_1_761' title='bbox 2469 2667 2780 2736; x_wconf 89' lang='lat' dir='ltr'><strong>operatione</strong></span> <span class='ocrx_word' id='word_1_762' title='bbox 2806 2668 2978 2722; x_wconf 90' lang='lat' dir='ltr'><strong>Patris</strong></span> <span class='ocrx_word' id='word_1_763' title='bbox 3002 2676 3056 2722; x_wconf 89' lang='lat' dir='ltr'><strong>et</strong></span> <span class='ocrx_word' id='word_1_764' title='bbox 3080 2667 3199 2720; x_wconf 90' lang='lat' dir='ltr'><strong>Filii</strong></span> <span class='ocrx_word' id='word_1_765' title='bbox 3225 2665 3592 2736; x_wconf 89' lang='lat' dir='ltr'><strong>inseparabili-</strong></span> 
     </span>
    </p>
   </div>
   <div class='ocr_carea' id='block_1_87' title="bbox 2017 2757 3590 2829">
    <p class='ocr_par' dir='ltr' id='par_1_87' title="bbox 2017 2757 3590 2829">
     <span class='ocr_line' id='line_1_87' title="bbox 2017 2757 3590 2829; baseline 0 -18"><span class='ocrx_word' id='word_1_766' title='bbox 2017 2765 2098 2812; x_wconf 89' lang='lat' dir='ltr'><strong>ter</strong></span> <span class='ocrx_word' id='word_1_767' title='bbox 2122 2763 2251 2812; x_wconf 82' lang='lat' dir='ltr'><strong>esse&#39;</strong></span> <span class='ocrx_word' id='word_1_768' title='bbox 2271 2757 2482 2822; x_wconf 80' lang='lat' dir='ltr'><strong>factam,</strong></span> <span class='ocrx_word' id='word_1_769' title='bbox 2514 2773 2619 2813; x_wconf 91' lang='lat' dir='ltr'><strong>non</strong></span> <span class='ocrx_word' id='word_1_770' title='bbox 2649 2760 2829 2829; x_wconf 89' lang='lat' dir='ltr'><strong>utique</strong></span> <span class='ocrx_word' id='word_1_771' title='bbox 2847 2759 2969 2814; x_wconf 90' lang='lat' dir='ltr'><strong>inde</strong></span> <span class='ocrx_word' id='word_1_772' title='bbox 2989 2768 3232 2829; x_wconf 88' lang='lat' dir='ltr'><strong>separato</strong></span> <span class='ocrx_word' id='word_1_773' title='bbox 3252 2757 3448 2828; x_wconf 90' lang='lat' dir='ltr'><strong>Spiritu</strong></span> <span class='ocrx_word' id='word_1_774' title='bbox 3469 2772 3590 2812; x_wconf 87' lang='lat' dir='ltr'><strong>san-</strong></span> 
     </span>
    </p>
   </div>
   <div class='ocr_carea' id='block_1_88' title="bbox 2013 2848 3596 2919">
    <p class='ocr_par' dir='ltr' id='par_1_88' title="bbox 2013 2848 3596 2919">
     <span class='ocr_line' id='line_1_88' title="bbox 2013 2848 3596 2919; baseline -0.001 -17"><span class='ocrx_word' id='word_1_775' title='bbox 2013 2856 2120 2914; x_wconf 92' lang='lat' dir='ltr'><strong>cto,</strong></span> <span class='ocrx_word' id='word_1_776' title='bbox 2150 2848 2217 2903; x_wconf 90' lang='lat' dir='ltr'><strong>de</strong></span> <span class='ocrx_word' id='word_1_777' title='bbox 2241 2865 2344 2918; x_wconf 92' lang='lat' dir='ltr'><strong>quo</strong></span> <span class='ocrx_word' id='word_1_778' title='bbox 2369 2858 2553 2919; x_wconf 91' lang='lat' dir='ltr'><strong>aperte</strong></span> <span class='ocrx_word' id='word_1_779' title='bbox 2581 2849 2794 2917; x_wconf 90' lang='lat' dir='ltr'><strong>dicitur,</strong></span> <span class='ocrx_word' id='word_1_780' title='bbox 2829 2849 3043 2904; x_wconf 87' lang='lat' dir='ltr'><strong>Inventa</strong></span> <span class='ocrx_word' id='word_1_781' title='bbox 3069 2860 3139 2904; x_wconf 86' lang='lat' dir='ltr'><strong>est</strong></span> <span class='ocrx_word' id='word_1_782' title='bbox 3159 2851 3212 2903; x_wconf 85' lang='lat' dir='ltr'><strong>in</strong></span> <span class='ocrx_word' id='word_1_783' title='bbox 3242 2858 3383 2903; x_wconf 87' lang='lat' dir='ltr'><strong>utero</strong></span> <span class='ocrx_word' id='word_1_784' title='bbox 3410 2848 3596 2902; x_wconf 80' lang='lat' dir='ltr'><strong>habens</strong></span> 
     </span>
    </p>
   </div>
   <div class='ocr_carea' id='block_1_89' title="bbox 2013 2938 3602 3010">
    <p class='ocr_par' dir='ltr' id='par_1_89' title="bbox 2013 2938 3602 3010">
     <span class='ocr_line' id='line_1_89' title="bbox 2013 2938 3602 3010; baseline 0.002 -19"><span class='ocrx_word' id='word_1_785' title='bbox 2013 2938 2077 2992; x_wconf 90' lang='lat' dir='ltr'><strong>de</strong></span> <span class='ocrx_word' id='word_1_786' title='bbox 2102 2939 2300 3009; x_wconf 89' lang='lat' dir='ltr'><strong>Spiritu</strong></span> <span class='ocrx_word' id='word_1_787' title='bbox 2331 2948 2524 2994; x_wconf 86' lang='lat' dir='ltr'><strong>sancto.</strong></span> <span class='ocrx_word' id='word_1_788' title='bbox 2559 2941 2692 2996; x_wconf 90' lang='lat' dir='ltr'><strong>Nam</strong></span> <span class='ocrx_word' id='word_1_789' title='bbox 2735 2942 2892 2996; x_wconf 89' lang='lat' dir='ltr'><strong>etiam</strong></span> <span class='ocrx_word' id='word_1_790' title='bbox 2924 2943 2969 2996; x_wconf 92' lang='lat' dir='ltr'><strong>si</strong></span> <span class='ocrx_word' id='word_1_791' title='bbox 3003 2943 3073 2995; x_wconf 85' lang='lat' dir='ltr'><strong>ita</strong></span> <span class='ocrx_word' id='word_1_792' title='bbox 3100 2957 3434 3010; x_wconf 82' lang='lat' dir='ltr'><strong>quaeramus,</strong></span> <span class='ocrx_word' id='word_1_793' title='bbox 3477 2955 3602 2995; x_wconf 84' lang='lat' dir='ltr'><strong>eno-</strong></span> 
     </span>
    </p>
   </div>
   <div class='ocr_carea' id='block_1_90' title="bbox 2012 3031 3600 3104">
    <p class='ocr_par' dir='ltr' id='par_1_90' title="bbox 2012 3031 3600 3104">
     <span class='ocr_line' id='line_1_90' title="bbox 2012 3031 3600 3104; baseline 0.001 -18"><span class='ocrx_word' id='word_1_794' title='bbox 2012 3031 2187 3087; x_wconf 91' lang='lat' dir='ltr'><strong>datius</strong></span> <span class='ocrx_word' id='word_1_795' title='bbox 2225 3033 2464 3087; x_wconf 83' lang='lat' dir='ltr'><strong>fortassis</strong></span> <span class='ocrx_word' id='word_1_796' title='bbox 2506 3033 2647 3104; x_wconf 93' lang='lat' dir='ltr'><strong>quod</strong></span> <span class='ocrx_word' id='word_1_797' title='bbox 2697 3033 2924 3088; x_wconf 91' lang='lat' dir='ltr'><strong>dicimus</strong></span> <span class='ocrx_word' id='word_1_798' title='bbox 2966 3032 3240 3104; x_wconf 87' lang='lat' dir='ltr'><strong>apparebit</strong></span> <span class='ocrx_word' id='word_1_799' title='bbox 3276 3031 3600 3100; x_wconf 90' lang='lat' dir='ltr'><strong>:Quomodo</strong></span> 
     </span>
    </p>
   </div>
   <div class='ocr_carea' id='block_1_91' title="bbox 2012 3123 3600 3193">
    <p class='ocr_par' dir='ltr' id='par_1_91' title="bbox 2012 3123 3600 3193">
     <span class='ocr_line' id='line_1_91' title="bbox 2012 3123 3600 3193; baseline -0.001 -15"><span class='ocrx_word' id='word_1_800' title='bbox 2012 3123 2158 3178; x_wconf 92' lang='lat' dir='ltr'><strong>misit</strong></span> <span class='ocrx_word' id='word_1_801' title='bbox 2178 3124 2316 3180; x_wconf 90' lang='lat' dir='ltr'><strong>Deus</strong></span> <span class='ocrx_word' id='word_1_802' title='bbox 2346 3125 2540 3180; x_wconf 87' lang='lat' dir='ltr'><strong>Filium</strong></span> <span class='ocrx_word' id='word_1_803' title='bbox 2569 3126 2763 3180; x_wconf 91' lang='lat' dir='ltr'><strong>suum?</strong></span> <span class='ocrx_word' id='word_1_804' title='bbox 2787 3125 2953 3180; x_wconf 88' lang='lat' dir='ltr'><strong>Jussit</strong></span> <span class='ocrx_word' id='word_1_805' title='bbox 2981 3135 3036 3179; x_wconf 91' lang='lat' dir='ltr'><strong>ut</strong></span> <span class='ocrx_word' id='word_1_806' title='bbox 3069 3125 3292 3190; x_wconf 88' lang='lat' dir='ltr'><strong>veniret,</strong></span> <span class='ocrx_word' id='word_1_807' title='bbox 3337 3123 3600 3193; x_wconf 85' lang='lat' dir='ltr'><strong>atqueille</strong></span> 
     </span>
    </p>
   </div>
   <div class='ocr_carea' id='block_1_92' title="bbox 2006 3215 3600 3288">
    <p class='ocr_par' dir='ltr' id='par_1_92' title="bbox 2006 3215 3600 3288">
     <span class='ocr_line' id='line_1_92' title="bbox 2006 3215 3600 3288; baseline -0.001 -18"><span class='ocrx_word' id='word_1_808' title='bbox 2006 3215 2215 3286; x_wconf 90' lang='lat' dir='ltr'><strong>jubenti</strong></span> <span class='ocrx_word' id='word_1_809' title='bbox 2241 3215 2617 3288; x_wconf 89' lang='lat' dir='ltr'><strong>obtemperans</strong></span> <span class='ocrx_word' id='word_1_810' title='bbox 2642 3219 2815 3283; x_wconf 89' lang='lat' dir='ltr'><strong>venit;</strong></span> <span class='ocrx_word' id='word_1_811' title='bbox 2846 3233 2912 3272; x_wconf 92' lang='lat' dir='ltr'><strong>an</strong></span> <span class='ocrx_word' id='word_1_812' title='bbox 2938 3219 3158 3288; x_wconf 83' lang='lat' dir='ltr'><strong>rogavit,</strong></span> <span class='ocrx_word' id='word_1_813' title='bbox 3180 3233 3246 3272; x_wconf 90' lang='lat' dir='ltr'><strong>an</strong></span> <span class='ocrx_word' id='word_1_814' title='bbox 3270 3224 3600 3271; x_wconf 78' lang='lat' dir='ltr'><strong>tantummo-</strong></span> 
     </span>
    </p>
   </div>
   <div class='ocr_carea' id='block_1_93' title="bbox 2012 3307 3601 3380">
    <p class='ocr_par' dir='ltr' id='par_1_93' title="bbox 2012 3307 3601 3380">
     <span class='ocr_line' id='line_1_93' title="bbox 2012 3307 3601 3380; baseline -0.001 -18"><span class='ocrx_word' id='word_1_815' title='bbox 2012 3307 2084 3363; x_wconf 90' lang='lat' dir='ltr'><strong>do</strong></span> <span class='ocrx_word' id='word_1_816' title='bbox 2109 3309 2428 3363; x_wconf 87' lang='lat' dir='ltr'><strong>admonuit?</strong></span> <span class='ocrx_word' id='word_1_817' title='bbox 2456 3309 2562 3364; x_wconf 89' lang='lat' dir='ltr'><strong>Sed</strong></span> <span class='ocrx_word' id='word_1_818' title='bbox 2589 3310 2863 3380; x_wconf 83' lang='lat' dir='ltr'><strong>quodlibet</strong></span> <span class='ocrx_word' id='word_1_819' title='bbox 2889 3309 3077 3366; x_wconf 92' lang='lat' dir='ltr'><strong>horum</strong></span> <span class='ocrx_word' id='word_1_820' title='bbox 3108 3311 3196 3376; x_wconf 90' lang='lat' dir='ltr'><strong>sit,</strong></span> <span class='ocrx_word' id='word_1_821' title='bbox 3230 3310 3396 3365; x_wconf 90' lang='lat' dir='ltr'><strong>verbo</strong></span> <span class='ocrx_word' id='word_1_822' title='bbox 3417 3310 3601 3378; x_wconf 87' lang='lat' dir='ltr'><strong>utique</strong></span> 
     </span>
    </p>
   </div>
   <div class='ocr_carea' id='block_1_94' title="bbox 2009 3399 3595 3473">
    <p class='ocr_par' dir='ltr' id='par_1_94' title="bbox 2009 3399 3595 3473">
     <span class='ocr_line' id='line_1_94' title="bbox 2009 3399 3595 3473; baseline -0.001 -17"><span class='ocrx_word' id='word_1_823' title='bbox 2009 3399 2209 3456; x_wconf 77' lang='lat' dir='ltr'><strong>factum</strong></span> <span class='ocrx_word' id='word_1_824' title='bbox 2231 3411 2332 3468; x_wconf 90' lang='lat' dir='ltr'><strong>est,</strong></span> <span class='ocrx_word' id='word_1_825' title='bbox 2363 3402 2456 3457; x_wconf 90' lang='lat' dir='ltr'><strong>Dei</strong></span> <span class='ocrx_word' id='word_1_826' title='bbox 2481 3411 2657 3458; x_wconf 91' lang='lat' dir='ltr'><strong>autem</strong></span> <span class='ocrx_word' id='word_1_827' title='bbox 2683 3402 2916 3458; x_wconf 87' lang='lat' dir='ltr'><strong>Verbum</strong></span> <span class='ocrx_word' id='word_1_828' title='bbox 2967 3404 3080 3473; x_wconf 91' lang='lat' dir='ltr'><strong>ipse</strong></span> <span class='ocrx_word' id='word_1_829' title='bbox 3132 3411 3216 3457; x_wconf 89' lang='lat' dir='ltr'><strong>est</strong></span> <span class='ocrx_word' id='word_1_830' title='bbox 3264 3403 3360 3457; x_wconf 91' lang='lat' dir='ltr'><strong>Dei</strong></span> <span class='ocrx_word' id='word_1_831' title='bbox 3405 3400 3595 3456; x_wconf 89' lang='lat' dir='ltr'><strong>Filius.</strong></span> 
     </span>
    </p>
   </div>
   <div class='ocr_carea' id='block_1_95' title="bbox 2011 3493 3600 3564">
    <p class='ocr_par' dir='ltr' id='par_1_95' title="bbox 2011 3493 3600 3564">
     <span class='ocr_line' id='line_1_95' title="bbox 2011 3493 3600 3564; baseline 0 -16"><span class='ocrx_word' id='word_1_832' title='bbox 2011 3493 2346 3564; x_wconf 88' lang='lat' dir='ltr'><strong>Quapropter</strong></span> <span class='ocrx_word' id='word_1_833' title='bbox 2373 3510 2494 3551; x_wconf 91' lang='lat' dir='ltr'><strong>cum</strong></span> <span class='ocrx_word' id='word_1_834' title='bbox 2523 3512 2647 3551; x_wconf 90' lang='lat' dir='ltr'><strong>eum</strong></span> <span class='ocrx_word' id='word_1_835' title='bbox 2687 3496 2844 3552; x_wconf 90' lang='lat' dir='ltr'><strong>Pater</strong></span> <span class='ocrx_word' id='word_1_836' title='bbox 2886 3497 3049 3552; x_wconf 89' lang='lat' dir='ltr'><strong>verbo</strong></span> <span class='ocrx_word' id='word_1_837' title='bbox 3075 3497 3256 3563; x_wconf 90' lang='lat' dir='ltr'><strong>misit,</strong></span> <span class='ocrx_word' id='word_1_838' title='bbox 3279 3511 3310 3550; x_wconf 94' lang='lat' dir='ltr'><strong>a</strong></span> <span class='ocrx_word' id='word_1_839' title='bbox 3336 3495 3495 3550; x_wconf 89' lang='lat' dir='ltr'><strong>Patre</strong></span> <span class='ocrx_word' id='word_1_840' title='bbox 3543 3503 3600 3549; x_wconf 89' lang='lat' dir='ltr'><strong>et</strong></span> 
     </span>
    </p>
   </div>
   <div class='ocr_carea' id='block_1_96' title="bbox 2011 3585 3600 3659">
    <p class='ocr_par' dir='ltr' id='par_1_96' title="bbox 2011 3585 3600 3659">
     <span class='ocr_line' id='line_1_96' title="bbox 2011 3585 3600 3659; baseline 0.001 -19"><span class='ocrx_word' id='word_1_841' title='bbox 2011 3585 2192 3641; x_wconf 88' lang='lat' dir='ltr'><strong>Verbo</strong></span> <span class='ocrx_word' id='word_1_842' title='bbox 2226 3587 2343 3657; x_wconf 89' lang='lat' dir='ltr'><strong>ejus</strong></span> <span class='ocrx_word' id='word_1_843' title='bbox 2363 3587 2561 3643; x_wconf 80' lang='lat' dir='ltr'><strong>factum</strong></span> <span class='ocrx_word' id='word_1_844' title='bbox 2588 3598 2670 3644; x_wconf 90' lang='lat' dir='ltr'><strong>est</strong></span> <span class='ocrx_word' id='word_1_845' title='bbox 2695 3597 2753 3643; x_wconf 93' lang='lat' dir='ltr'><strong>ut</strong></span> <span class='ocrx_word' id='word_1_846' title='bbox 2772 3589 3090 3646; x_wconf 89' lang='lat' dir='ltr'><strong>mitteretur.</strong></span> <span class='ocrx_word' id='word_1_847' title='bbox 3120 3588 3260 3659; x_wconf 84' lang='lat' dir='ltr'><strong>Ergo</strong></span> <span class='ocrx_word' id='word_1_848' title='bbox 3288 3603 3318 3642; x_wconf 90' lang='lat' dir='ltr'><strong>a</strong></span> <span class='ocrx_word' id='word_1_849' title='bbox 3361 3587 3517 3642; x_wconf 91' lang='lat' dir='ltr'><strong>Patre</strong></span> <span class='ocrx_word' id='word_1_850' title='bbox 3543 3595 3600 3641; x_wconf 86' lang='lat' dir='ltr'><strong>et</strong></span> 
     </span>
    </p>
   </div>
   <div class='ocr_carea' id='block_1_97' title="bbox 2011 3677 3600 3750">
    <p class='ocr_par' dir='ltr' id='par_1_97' title="bbox 2011 3677 3600 3750">
     <span class='ocr_line' id='line_1_97' title="bbox 2011 3677 3600 3750; baseline 0.001 -19"><span class='ocrx_word' id='word_1_851' title='bbox 2011 3677 2147 3732; x_wconf 90' lang='lat' dir='ltr'><strong>Filio</strong></span> <span class='ocrx_word' id='word_1_852' title='bbox 2176 3680 2370 3734; x_wconf 91' lang='lat' dir='ltr'><strong>missus</strong></span> <span class='ocrx_word' id='word_1_853' title='bbox 2399 3689 2482 3735; x_wconf 88' lang='lat' dir='ltr'><strong>est</strong></span> <span class='ocrx_word' id='word_1_854' title='bbox 2513 3679 2652 3735; x_wconf 90' lang='lat' dir='ltr'><strong>idem</strong></span> <span class='ocrx_word' id='word_1_855' title='bbox 2687 3681 2884 3748; x_wconf 83' lang='lat' dir='ltr'><strong>Filius,</strong></span> <span class='ocrx_word' id='word_1_856' title='bbox 2908 3681 3029 3750; x_wconf 91' lang='lat' dir='ltr'><strong>quia</strong></span> <span class='ocrx_word' id='word_1_857' title='bbox 3050 3679 3282 3735; x_wconf 80' lang='lat' dir='ltr'><strong>Verbum</strong></span> <span class='ocrx_word' id='word_1_858' title='bbox 3313 3678 3486 3734; x_wconf 87' lang='lat' dir='ltr'><strong>Patris</strong></span> <span class='ocrx_word' id='word_1_859' title='bbox 3513 3687 3600 3733; x_wconf 86' lang='lat' dir='ltr'><strong>est</strong></span> 
     </span>
    </p>
   </div>
   <div class='ocr_carea' id='block_1_98' title="bbox 2012 3769 3596 3842">
    <p class='ocr_par' dir='ltr' id='par_1_98' title="bbox 2012 3769 3596 3842">
     <span class='ocr_line' id='line_1_98' title="bbox 2012 3769 3596 3842; baseline 0.001 -19"><span class='ocrx_word' id='word_1_860' title='bbox 2012 3769 2126 3838; x_wconf 90' lang='lat' dir='ltr'><strong>ipse</strong></span> <span class='ocrx_word' id='word_1_861' title='bbox 2150 3770 2336 3825; x_wconf 83' lang='lat' dir='ltr'><strong>Filius.</strong></span> <span class='ocrx_word' id='word_1_862' title='bbox 2368 3771 2497 3840; x_wconf 88' lang='lat' dir='ltr'><strong>Quis</strong></span> <span class='ocrx_word' id='word_1_863' title='bbox 2526 3773 2666 3827; x_wconf 90' lang='lat' dir='ltr'><strong>enim</strong></span> <span class='ocrx_word' id='word_1_864' title='bbox 2698 3787 2756 3826; x_wconf 88' lang='lat' dir='ltr'><strong>se</strong></span> <span class='ocrx_word' id='word_1_865' title='bbox 2785 3781 2892 3825; x_wconf 90' lang='lat' dir='ltr'><strong>tam</strong></span> <span class='ocrx_word' id='word_1_866' title='bbox 2909 3772 3163 3841; x_wconf 87' lang='lat' dir='ltr'><strong>sacrilega</strong></span> <span class='ocrx_word' id='word_1_867' title='bbox 3181 3771 3364 3826; x_wconf 87' lang='lat' dir='ltr'><strong>induat</strong></span> <span class='ocrx_word' id='word_1_868' title='bbox 3385 3771 3596 3842; x_wconf 83' lang='lat' dir='ltr'><strong>Opinio-</strong></span> 
     </span>
    </p>
   </div>
   <div class='ocr_carea' id='block_1_99' title="bbox 2012 3865 3601 3934">
    <p class='ocr_par' dir='ltr' id='par_1_99' title="bbox 2012 3865 3601 3934">
     <span class='ocr_line' id='line_1_99' title="bbox 2012 3865 3601 3934; baseline 0.001 -18"><span class='ocrx_word' id='word_1_869' title='bbox 2012 3877 2099 3931; x_wconf 88' lang='lat' dir='ltr'><strong>ne,</strong></span> <span class='ocrx_word' id='word_1_870' title='bbox 2123 3873 2181 3918; x_wconf 90' lang='lat' dir='ltr'><strong>ut</strong></span> <span class='ocrx_word' id='word_1_871' title='bbox 2204 3871 2353 3933; x_wconf 89' lang='lat' dir='ltr'><strong>putet</strong></span> <span class='ocrx_word' id='word_1_872' title='bbox 2374 3865 2664 3934; x_wconf 90' lang='lat' dir='ltr'><strong>temporale</strong></span> <span class='ocrx_word' id='word_1_873' title='bbox 2683 3865 2909 3919; x_wconf 88' lang='lat' dir='ltr'><strong>verbum</strong></span> <span class='ocrx_word' id='word_1_874' title='bbox 2932 3879 2964 3919; x_wconf 91' lang='lat' dir='ltr'><strong>a</strong></span> <span class='ocrx_word' id='word_1_875' title='bbox 2989 3865 3146 3920; x_wconf 89' lang='lat' dir='ltr'><strong>Patre</strong></span> <span class='ocrx_word' id='word_1_876' title='bbox 3169 3865 3359 3920; x_wconf 75' lang='lat' dir='ltr'><strong>factum</strong></span> <span class='ocrx_word' id='word_1_877' title='bbox 3381 3879 3522 3932; x_wconf 88' lang='lat' dir='ltr'><strong>esse,</strong></span> <span class='ocrx_word' id='word_1_878' title='bbox 3538 3871 3601 3918; x_wconf 87' lang='lat' dir='ltr'><strong>ut</strong></span> 
     </span>
    </p>
   </div>
   <div class='ocr_carea' id='block_1_100' title="bbox 2013 3956 3596 4026">
    <p class='ocr_par' dir='ltr' id='par_1_100' title="bbox 2013 3956 3596 4026">
     <span class='ocr_line' id='line_1_100' title="bbox 2013 3956 3596 4026; baseline 0.001 -18"><span class='ocrx_word' id='word_1_879' title='bbox 2013 3963 2242 4010; x_wconf 82' lang='lat' dir='ltr'><strong>aeternus</strong></span> <span class='ocrx_word' id='word_1_880' title='bbox 2270 3956 2433 4011; x_wconf 88' lang='lat' dir='ltr'><strong>Filius</strong></span> <span class='ocrx_word' id='word_1_881' title='bbox 2463 3956 2764 4012; x_wconf 89' lang='lat' dir='ltr'><strong>mitteretur</strong></span> <span class='ocrx_word' id='word_1_882' title='bbox 2797 3964 2852 4011; x_wconf 91' lang='lat' dir='ltr'><strong>et</strong></span> <span class='ocrx_word' id='word_1_883' title='bbox 2892 3956 2947 4010; x_wconf 90' lang='lat' dir='ltr'><strong>in</strong></span> <span class='ocrx_word' id='word_1_884' title='bbox 2995 3971 3156 4012; x_wconf 89' lang='lat' dir='ltr'><strong>carne</strong></span> <span class='ocrx_word' id='word_1_885' title='bbox 3201 3964 3483 4026; x_wconf 87' lang='lat' dir='ltr'><strong>appareret</strong></span> <span class='ocrx_word' id='word_1_886' title='bbox 3529 3972 3596 4010; x_wconf 84' lang='lat' dir='ltr'><strong>ex</strong></span> 
     </span>
    </p>
   </div>
   <div class='ocr_carea' id='block_1_101' title="bbox 2013 4047 3599 4118">
    <p class='ocr_par' dir='ltr' id='par_1_101' title="bbox 2013 4047 3599 4118">
     <span class='ocr_line' id='line_1_101' title="bbox 2013 4047 3599 4118; baseline 0 -16"><span class='ocrx_word' id='word_1_887' title='bbox 2013 4048 2292 4116; x_wconf 88' lang='lat' dir='ltr'><strong>tempore?</strong></span> <span class='ocrx_word' id='word_1_888' title='bbox 2320 4047 2425 4102; x_wconf 89' lang='lat' dir='ltr'><strong>Sed</strong></span> <span class='ocrx_word' id='word_1_889' title='bbox 2471 4049 2655 4118; x_wconf 89' lang='lat' dir='ltr'><strong>utique</strong></span> <span class='ocrx_word' id='word_1_890' title='bbox 2683 4048 2736 4102; x_wconf 90' lang='lat' dir='ltr'><strong>in</strong></span> <span class='ocrx_word' id='word_1_891' title='bbox 2773 4049 2891 4118; x_wconf 91' lang='lat' dir='ltr'><strong>ipso</strong></span> <span class='ocrx_word' id='word_1_892' title='bbox 2927 4049 3021 4104; x_wconf 89' lang='lat' dir='ltr'><strong>Dei</strong></span> <span class='ocrx_word' id='word_1_893' title='bbox 3069 4048 3244 4104; x_wconf 84' lang='lat' dir='ltr'><strong>Verbo</strong></span> <span class='ocrx_word' id='word_1_894' title='bbox 3287 4047 3428 4117; x_wconf 93' lang='lat' dir='ltr'><strong>quod</strong></span> <span class='ocrx_word' id='word_1_895' title='bbox 3481 4055 3599 4102; x_wconf 88' lang='lat' dir='ltr'><strong>erat</strong></span> 
     </span>
    </p>
   </div>
   <div class='ocr_carea' id='block_1_102' title="bbox 2013 4137 3599 4208">
    <p class='ocr_par' dir='ltr' id='par_1_102' title="bbox 2013 4137 3599 4208">
     <span class='ocr_line' id='line_1_102' title="bbox 2013 4137 3599 4208; baseline 0.001 -18"><span class='ocrx_word' id='word_1_896' title='bbox 2013 4137 2068 4191; x_wconf 90' lang='lat' dir='ltr'><strong>in</strong></span> <span class='ocrx_word' id='word_1_897' title='bbox 2096 4138 2356 4207; x_wconf 88' lang='lat' dir='ltr'><strong>principio</strong></span> <span class='ocrx_word' id='word_1_898' title='bbox 2386 4138 2526 4208; x_wconf 87' lang='lat' dir='ltr'><strong>apud</strong></span> <span class='ocrx_word' id='word_1_899' title='bbox 2554 4138 2723 4193; x_wconf 90' lang='lat' dir='ltr'><strong>Deum</strong></span> <span class='ocrx_word' id='word_1_900' title='bbox 2754 4146 2808 4194; x_wconf 90' lang='lat' dir='ltr'><strong>et</strong></span> <span class='ocrx_word' id='word_1_901' title='bbox 2839 4139 2976 4194; x_wconf 89' lang='lat' dir='ltr'><strong>Deus</strong></span> <span class='ocrx_word' id='word_1_902' title='bbox 3003 4145 3139 4206; x_wconf 89' lang='lat' dir='ltr'><strong>erat,</strong></span> <span class='ocrx_word' id='word_1_903' title='bbox 3164 4139 3218 4192; x_wconf 90' lang='lat' dir='ltr'><strong>in</strong></span> <span class='ocrx_word' id='word_1_904' title='bbox 3249 4139 3362 4208; x_wconf 91' lang='lat' dir='ltr'><strong>ipsa</strong></span> <span class='ocrx_word' id='word_1_905' title='bbox 3391 4138 3599 4192; x_wconf 86' lang='lat' dir='ltr'><strong>scilicet</strong></span> 
     </span>
    </p>
   </div>
   <div class='ocr_carea' id='block_1_103' title="bbox 2013 4227 3598 4299">
    <p class='ocr_par' dir='ltr' id='par_1_103' title="bbox 2013 4227 3598 4299">
     <span class='ocr_line' id='line_1_103' title="bbox 2013 4227 3598 4299; baseline -0.001 -16"><span class='ocrx_word' id='word_1_906' title='bbox 2013 4227 2280 4297; x_wconf 88' lang='lat' dir='ltr'><strong>Sapientia</strong></span> <span class='ocrx_word' id='word_1_907' title='bbox 2311 4229 2427 4294; x_wconf 91' lang='lat' dir='ltr'><strong>Dei,</strong></span> <span class='ocrx_word' id='word_1_908' title='bbox 2469 4229 2583 4284; x_wconf 90' lang='lat' dir='ltr'><strong>sine</strong></span> <span class='ocrx_word' id='word_1_909' title='bbox 2613 4238 2854 4299; x_wconf 89' lang='lat' dir='ltr'><strong>tempore</strong></span> <span class='ocrx_word' id='word_1_910' title='bbox 2875 4237 3022 4294; x_wconf 89' lang='lat' dir='ltr'><strong>erat,</strong></span> <span class='ocrx_word' id='word_1_911' title='bbox 3049 4244 3155 4299; x_wconf 92' lang='lat' dir='ltr'><strong>quo</strong></span> <span class='ocrx_word' id='word_1_912' title='bbox 3182 4236 3421 4298; x_wconf 85' lang='lat' dir='ltr'><strong>tempore</strong></span> <span class='ocrx_word' id='word_1_913' title='bbox 3450 4228 3598 4283; x_wconf 89' lang='lat' dir='ltr'><strong>illam</strong></span> 
     </span>
    </p>
   </div>
   <div class='ocr_carea' id='block_1_104' title="bbox 2013 4319 3599 4390">
    <p class='ocr_par' dir='ltr' id='par_1_104' title="bbox 2013 4319 3599 4390">
     <span class='ocr_line' id='line_1_104' title="bbox 2013 4319 3599 4390; baseline 0 -16"><span class='ocrx_word' id='word_1_914' title='bbox 2013 4319 2068 4374; x_wconf 87' lang='lat' dir='ltr'><strong>in</strong></span> <span class='ocrx_word' id='word_1_915' title='bbox 2093 4333 2253 4374; x_wconf 88' lang='lat' dir='ltr'><strong>carne</strong></span> <span class='ocrx_word' id='word_1_916' title='bbox 2281 4333 2539 4390; x_wconf 86' lang='lat' dir='ltr'><strong>apparere</strong></span> <span class='ocrx_word' id='word_1_917' title='bbox 2566 4329 2856 4389; x_wconf 90' lang='lat' dir='ltr'><strong>oporteret.</strong></span> <span class='ocrx_word' id='word_1_918' title='bbox 2890 4320 3070 4390; x_wconf 89' lang='lat' dir='ltr'><strong>Itaque</strong></span> <span class='ocrx_word' id='word_1_919' title='bbox 3092 4335 3211 4375; x_wconf 91' lang='lat' dir='ltr'><strong>cum</strong></span> <span class='ocrx_word' id='word_1_920' title='bbox 3233 4320 3349 4375; x_wconf 90' lang='lat' dir='ltr'><strong>sine</strong></span> <span class='ocrx_word' id='word_1_921' title='bbox 3375 4320 3484 4374; x_wconf 89' lang='lat' dir='ltr'><strong>ullo</strong></span> <span class='ocrx_word' id='word_1_922' title='bbox 3515 4320 3599 4374; x_wconf 88' lang='lat' dir='ltr'><strong>in-</strong></span> 
     </span>
    </p>
   </div>
   <div class='ocr_carea' id='block_1_105' title="bbox 2013 4410 3597 4481">
    <p class='ocr_par' dir='ltr' id='par_1_105' title="bbox 2013 4410 3597 4481">
     <span class='ocr_line' id='line_1_105' title="bbox 2013 4410 3597 4481; baseline -0.001 -16"><span class='ocrx_word' id='word_1_923' title='bbox 2013 4410 2109 4466; x_wconf 91' lang='lat' dir='ltr'><strong>itio</strong></span> <span class='ocrx_word' id='word_1_924' title='bbox 2137 4411 2392 4479; x_wconf 89' lang='lat' dir='ltr'><strong>temporis</strong></span> <span class='ocrx_word' id='word_1_925' title='bbox 2418 4411 2471 4465; x_wconf 93' lang='lat' dir='ltr'><strong>in</strong></span> <span class='ocrx_word' id='word_1_926' title='bbox 2521 4411 2781 4481; x_wconf 88' lang='lat' dir='ltr'><strong>principio</strong></span> <span class='ocrx_word' id='word_1_927' title='bbox 2810 4420 2952 4468; x_wconf 90' lang='lat' dir='ltr'><strong>esset</strong></span> <span class='ocrx_word' id='word_1_928' title='bbox 2982 4411 3214 4466; x_wconf 87' lang='lat' dir='ltr'><strong>Verbum</strong></span> <span class='ocrx_word' id='word_1_929' title='bbox 3233 4452 3248 4477; x_wconf 96' lang='lat'><strong>,</strong></span> <span class='ocrx_word' id='word_1_930' title='bbox 3280 4418 3334 4466; x_wconf 89' lang='lat' dir='ltr'><strong>et</strong></span> <span class='ocrx_word' id='word_1_931' title='bbox 3363 4410 3597 4465; x_wconf 88' lang='lat' dir='ltr'><strong>Verbum</strong></span> 
     </span>
    </p>
   </div>
   <div class='ocr_carea' id='block_1_106' title="bbox 2014 4501 3597 4573">
    <p class='ocr_par' dir='ltr' id='par_1_106' title="bbox 2014 4501 3597 4573">
     <span class='ocr_line' id='line_1_106' title="bbox 2014 4501 3597 4573; baseline -0.002 -15"><span class='ocrx_word' id='word_1_932' title='bbox 2014 4512 2157 4558; x_wconf 89' lang='lat' dir='ltr'><strong>esset</strong></span> <span class='ocrx_word' id='word_1_933' title='bbox 2179 4503 2317 4573; x_wconf 91' lang='lat' dir='ltr'><strong>apud</strong></span> <span class='ocrx_word' id='word_1_934' title='bbox 2344 4504 2509 4558; x_wconf 91' lang='lat' dir='ltr'><strong>Deum</strong></span> <span class='ocrx_word' id='word_1_935' title='bbox 2529 4545 2544 4568; x_wconf 93' lang='lat'><strong>,</strong></span> <span class='ocrx_word' id='word_1_936' title='bbox 2578 4512 2631 4558; x_wconf 91' lang='lat' dir='ltr'><strong>et</strong></span> <span class='ocrx_word' id='word_1_937' title='bbox 2657 4504 2796 4558; x_wconf 91' lang='lat' dir='ltr'><strong>Deus</strong></span> <span class='ocrx_word' id='word_1_938' title='bbox 2826 4512 2969 4559; x_wconf 91' lang='lat' dir='ltr'><strong>esset</strong></span> <span class='ocrx_word' id='word_1_939' title='bbox 3006 4502 3274 4568; x_wconf 85' lang='lat' dir='ltr'><strong>Verbum;</strong></span> <span class='ocrx_word' id='word_1_940' title='bbox 3320 4501 3436 4557; x_wconf 88' lang='lat' dir='ltr'><strong>sine</strong></span> <span class='ocrx_word' id='word_1_941' title='bbox 3487 4501 3597 4556; x_wconf 93' lang='lat' dir='ltr'><strong>ullo</strong></span> 
     </span>
    </p>
   </div>
   <div class='ocr_carea' id='block_1_107' title="bbox 2014 4592 3638 4666">
    <p class='ocr_par' dir='ltr' id='par_1_107' title="bbox 2014 4592 3638 4666">
     <span class='ocr_line' id='line_1_107' title="bbox 2014 4592 3638 4666; baseline 0 -18"><span class='ocrx_word' id='word_1_942' title='bbox 2014 4603 2252 4664; x_wconf 91' lang='lat' dir='ltr'><strong>tempore</strong></span> <span class='ocrx_word' id='word_1_943' title='bbox 2283 4595 2335 4648; x_wconf 93' lang='lat' dir='ltr'><strong>in</strong></span> <span class='ocrx_word' id='word_1_944' title='bbox 2361 4595 2476 4664; x_wconf 91' lang='lat' dir='ltr'><strong>ipso</strong></span> <span class='ocrx_word' id='word_1_945' title='bbox 2515 4595 2691 4650; x_wconf 91' lang='lat' dir='ltr'><strong>Verbo</strong></span> <span class='ocrx_word' id='word_1_946' title='bbox 2716 4602 2849 4660; x_wconf 89' lang='lat' dir='ltr'><strong>erat,</strong></span> <span class='ocrx_word' id='word_1_947' title='bbox 2903 4611 3009 4666; x_wconf 90' lang='lat' dir='ltr'><strong>quo</strong></span> <span class='ocrx_word' id='word_1_948' title='bbox 3066 4603 3306 4664; x_wconf 88' lang='lat' dir='ltr'><strong>tempore</strong></span> <span class='ocrx_word' id='word_1_949' title='bbox 3363 4593 3597 4650; x_wconf 89' lang='lat' dir='ltr'><strong>Verbum</strong></span> <span class='ocrx_word' id='word_1_950' title='bbox 3635 4592 3638 4600; x_wconf 84' lang='grc'><em>’</em></span> 
     </span>
    </p>
   </div>
   <div class='ocr_carea' id='block_1_108' title="bbox 2014 4683 3656 4758">
    <p class='ocr_par' dir='ltr' id='par_1_108' title="bbox 2014 4683 3656 4758">
     <span class='ocr_line' id='line_1_108' title="bbox 2014 4683 3656 4758; baseline -0.001 -18"><span class='ocrx_word' id='word_1_951' title='bbox 2014 4700 2139 4742; x_wconf 90' lang='lat' dir='ltr'><strong>caro</strong></span> <span class='ocrx_word' id='word_1_952' title='bbox 2174 4686 2348 4754; x_wconf 87' lang='lat' dir='ltr'><strong>ﬁeret,</strong></span> <span class='ocrx_word' id='word_1_953' title='bbox 2395 4695 2448 4742; x_wconf 91' lang='lat' dir='ltr'><strong>et</strong></span> <span class='ocrx_word' id='word_1_954' title='bbox 2476 4686 2744 4742; x_wconf 88' lang='lat' dir='ltr'><strong>habitaret</strong></span> <span class='ocrx_word' id='word_1_955' title='bbox 2773 4686 2825 4741; x_wconf 90' lang='lat' dir='ltr'><strong>in</strong></span> <span class='ocrx_word' id='word_1_956' title='bbox 2857 4686 3009 4742; x_wconf 91' lang='lat' dir='ltr'><strong>nobis</strong></span> <span class='ocrx_word' id='word_1_957' title='bbox 3040 4685 3219 4758; x_wconf 82' lang='lat' dir='ltr'><strong>(Joan.</strong></span> <span class='ocrx_word' id='word_1_958' title='bbox 3244 4702 3281 4754; x_wconf 89' lang='lat' dir='ltr'><strong>I,</strong></span> <span class='ocrx_word' id='word_1_959' title='bbox 3310 4687 3362 4750; x_wconf 82' lang='lat' dir='ltr'><strong>I,</strong></span> <span class='ocrx_word' id='word_1_960' title='bbox 3388 4685 3444 4752; x_wconf 80' lang='lat'><strong>2,</strong></span> <span class='ocrx_word' id='word_1_961' title='bbox 3478 4683 3593 4754; x_wconf 76' lang='grc'><strong>14).</strong></span> <span class='ocrx_word' id='word_1_962' title='bbox 3634 4695 3656 4757; x_wconf 71' lang='lat' dir='ltr'><em>f</em></span> 
     </span>
    </p>
   </div>
   <div class='ocr_carea' id='block_1_109' title="bbox 2012 4775 3643 4854">
    <p class='ocr_par' dir='ltr' id='par_1_109' title="bbox 2012 4775 3643 4854">
     <span class='ocr_line' id='line_1_109' title="bbox 2012 4775 3643 4854; baseline -0.003 -20"><span class='ocrx_word' id='word_1_963' title='bbox 2012 4779 2141 4847; x_wconf 67' lang='lat' dir='ltr'><strong>Qum</strong></span> <span class='ocrx_word' id='word_1_964' title='bbox 2181 4779 2462 4848; x_wconf 87' lang='lat' dir='ltr'><strong>plenitudo‘</strong></span> <span class='ocrx_word' id='word_1_965' title='bbox 2493 4780 2749 4850; x_wconf 91' lang='lat' dir='ltr'><strong>temporis</strong></span> <span class='ocrx_word' id='word_1_966' title='bbox 2787 4795 2906 4834; x_wconf 89' lang='lat' dir='ltr'><strong>cum</strong></span> <span class='ocrx_word' id='word_1_967' title='bbox 2962 4779 3216 4845; x_wconf 85' lang='lat' dir='ltr'><strong>venisset,</strong></span> <span class='ocrx_word' id='word_1_968' title='bbox 3270 4778 3406 4831; x_wconf 81' lang='lat' dir='ltr'><strong>misit</strong></span> <span class='ocrx_word' id='word_1_969' title='bbox 3456 4775 3596 4830; x_wconf 83' lang='lat' dir='ltr'><strong>Deus</strong></span> 
     </span>
    </p>
   </div>
   <div class='ocr_carea' id='block_1_110' title="bbox 2014 4857 3657 4951">
    <p class='ocr_par' dir='ltr' id='par_1_110' title="bbox 2014 4857 3657 4951">
     <span class='ocr_line' id='line_1_110' title="bbox 2014 4857 3657 4951; baseline -0.002 -26"><span class='ocrx_word' id='word_1_970' title='bbox 2014 4870 2205 4925; x_wconf 76' lang='lat' dir='ltr'><strong>Filium</strong></span> <span class='ocrx_word' id='word_1_971' title='bbox 2228 4887 2375 4925; x_wconf 88' lang='lat' dir='ltr'><strong>suum</strong></span> <span class='ocrx_word' id='word_1_972' title='bbox 2396 4912 2410 4937; x_wconf 94' lang='lat'><strong>,</strong></span> <span class='ocrx_word' id='word_1_973' title='bbox 2439 4875 2629 4941; x_wconf 74' lang='lat' dir='ltr'><strong>factum</strong></span> <span class='ocrx_word' id='word_1_974' title='bbox 2676 4887 2740 4924; x_wconf 75' lang='lat' dir='ltr'><strong>ex</strong></span> <span class='ocrx_word' id='word_1_975' title='bbox 2781 4870 2989 4924; x_wconf 83' lang='lat' dir='ltr'><strong>muliere</strong></span> <span class='ocrx_word' id='word_1_976' title='bbox 3027 4867 3239 4941; x_wconf 84' lang='lat' dir='ltr'><strong>(Galat.</strong></span> <span class='ocrx_word' id='word_1_977' title='bbox 3293 4882 3344 4922; x_wconf 87' lang='lat' dir='ltr'><strong>Iv</strong></span> <span class='ocrx_word' id='word_1_978' title='bbox 3364 4907 3378 4932; x_wconf 94' lang='lat'><strong>,</strong></span> <span class='ocrx_word' id='word_1_979' title='bbox 3407 4864 3503 4938; x_wconf 75' lang='grc'><strong>4),</strong></span> <span class='ocrx_word' id='word_1_980' title='bbox 3541 4865 3595 4922; x_wconf 90' lang='lat' dir='ltr'><strong>id</strong></span> <span class='ocrx_word' id='word_1_981' title='bbox 3628 4857 3657 4951; x_wconf 54' lang='grc' dir='ltr'>ί</span> 
     </span>
    </p>
   </div>
   <div class='ocr_carea' id='block_1_111' title="bbox 2013 4957 3594 5032">
    <p class='ocr_par' dir='ltr' id='par_1_111' title="bbox 2013 4957 3594 5032">
     <span class='ocr_line' id='line_1_111' title="bbox 2013 4957 3594 5032; baseline -0.004 -13"><span class='ocrx_word' id='word_1_982' title='bbox 2013 4971 2114 5030; x_wconf 88' lang='lat' dir='ltr'><strong>est,</strong></span> <span class='ocrx_word' id='word_1_983' title='bbox 2146 4963 2341 5018; x_wconf 85' lang='lat' dir='ltr'><strong>factum</strong></span> <span class='ocrx_word' id='word_1_984' title='bbox 2373 4963 2427 5016; x_wconf 93' lang='lat' dir='ltr'><strong>in</strong></span> <span class='ocrx_word' id='word_1_985' title='bbox 2451 4971 2708 5032; x_wconf 89' lang='lat' dir='ltr'><strong>tempore,</strong></span> <span class='ocrx_word' id='word_1_986' title='bbox 2735 4970 2794 5016; x_wconf 91' lang='lat' dir='ltr'><strong>ut</strong></span> <span class='ocrx_word' id='word_1_987' title='bbox 2818 4962 3148 5017; x_wconf 89' lang='lat' dir='ltr'><strong>iucarnatum</strong></span> <span class='ocrx_word' id='word_1_988' title='bbox 3167 4959 3400 5014; x_wconf 88' lang='lat' dir='ltr'><strong>Verbum</strong></span> <span class='ocrx_word' id='word_1_989' title='bbox 3417 4957 3594 5012; x_wconf 89' lang='lat' dir='ltr'><strong>homi-</strong></span> 
     </span>
    </p>
   </div>
   <div class='ocr_carea' id='block_1_112' title="bbox 2012 5050 3597 5126">
    <p class='ocr_par' dir='ltr' id='par_1_112' title="bbox 2012 5050 3597 5126">
     <span class='ocr_line' id='line_1_112' title="bbox 2012 5050 3597 5126; baseline -0.004 -16"><span class='ocrx_word' id='word_1_990' title='bbox 2012 5057 2169 5110; x_wconf 89' lang='lat' dir='ltr'><strong>nibus</strong></span> <span class='ocrx_word' id='word_1_991' title='bbox 2213 5063 2521 5126; x_wconf 90' lang='lat' dir='ltr'><strong>appareret;</strong></span> <span class='ocrx_word' id='word_1_992' title='bbox 2552 5053 2693 5124; x_wconf 91' lang='lat' dir='ltr'><strong>quod</strong></span> <span class='ocrx_word' id='word_1_993' title='bbox 2736 5054 2790 5106; x_wconf 91' lang='lat' dir='ltr'><strong>in</strong></span> <span class='ocrx_word' id='word_1_994' title='bbox 2837 5053 2952 5121; x_wconf 91' lang='lat' dir='ltr'><strong>ipso</strong></span> <span class='ocrx_word' id='word_1_995' title='bbox 2977 5050 3155 5106; x_wconf 87' lang='lat' dir='ltr'><strong>Verbo</strong></span> <span class='ocrx_word' id='word_1_996' title='bbox 3194 5051 3308 5105; x_wconf 90' lang='lat' dir='ltr'><strong>sine</strong></span> <span class='ocrx_word' id='word_1_997' title='bbox 3357 5059 3597 5120; x_wconf 88' lang='lat' dir='ltr'><strong>tempore</strong></span> 
     </span>
    </p>
   </div>
   <div class='ocr_carea' id='block_1_113' title="bbox 2012 5142 3596 5218">
    <p class='ocr_par' dir='ltr' id='par_1_113' title="bbox 2012 5142 3596 5218">
     <span class='ocr_line' id='line_1_113' title="bbox 2012 5142 3596 5218; baseline -0.005 -14"><span class='ocrx_word' id='word_1_998' title='bbox 2012 5157 2127 5204; x_wconf 88' lang='lat' dir='ltr'><strong>erat</strong></span> <span class='ocrx_word' id='word_1_999' title='bbox 2146 5190 2160 5214; x_wconf 96' lang='lat'><strong>,</strong></span> <span class='ocrx_word' id='word_1_1000' title='bbox 2190 5150 2243 5202; x_wconf 94' lang='lat' dir='ltr'><strong>in</strong></span> <span class='ocrx_word' id='word_1_1001' title='bbox 2287 5162 2393 5218; x_wconf 92' lang='lat' dir='ltr'><strong>quo</strong></span> <span class='ocrx_word' id='word_1_1002' title='bbox 2421 5145 2658 5216; x_wconf 81' lang='lat' dir='ltr'><strong>tempore</strong></span> <span class='ocrx_word' id='word_1_1003' title='bbox 2689 5146 2859 5200; x_wconf 88' lang='lat' dir='ltr'><strong>ﬁeret.</strong></span> <span class='ocrx_word' id='word_1_1004' title='bbox 2887 5143 3030 5199; x_wconf 90' lang='lat' dir='ltr'><strong>Ordo</strong></span> <span class='ocrx_word' id='word_1_1005' title='bbox 3071 5142 3267 5212; x_wconf 90' lang='lat' dir='ltr'><strong>quippe</strong></span> <span class='ocrx_word' id='word_1_1006' title='bbox 3293 5150 3596 5213; x_wconf 88' lang='lat' dir='ltr'><strong>temporum</strong></span> 
     </span>
    </p>
   </div>
   <div class='ocr_carea' id='block_1_114' title="bbox 2012 5232 3598 5309">
    <p class='ocr_par' dir='ltr' id='par_1_114' title="bbox 2012 5232 3598 5309">
     <span class='ocr_line' id='line_1_114' title="bbox 2012 5232 3598 5309; baseline -0.004 -14"><span class='ocrx_word' id='word_1_1007' title='bbox 2012 5242 2066 5295; x_wconf 91' lang='lat' dir='ltr'><strong>in</strong></span> <span class='ocrx_word' id='word_1_1008' title='bbox 2094 5233 2291 5294; x_wconf 77' lang='lat' dir='ltr'><strong>:cterna</strong></span> <span class='ocrx_word' id='word_1_1009' title='bbox 2321 5239 2417 5294; x_wconf 91' lang='lat' dir='ltr'><strong>Dei</strong></span> <span class='ocrx_word' id='word_1_1010' title='bbox 2443 5238 2713 5309; x_wconf 85' lang='lat' dir='ltr'><strong>Sapientia</strong></span> <span class='ocrx_word' id='word_1_1011' title='bbox 2740 5237 2854 5290; x_wconf 88' lang='lat' dir='ltr'><strong>sine</strong></span> <span class='ocrx_word' id='word_1_1012' title='bbox 2875 5245 3114 5306; x_wconf 89' lang='lat' dir='ltr'><strong>tempore</strong></span> <span class='ocrx_word' id='word_1_1013' title='bbox 3138 5241 3236 5289; x_wconf 90' lang='lat' dir='ltr'><strong>est.</strong></span> <span class='ocrx_word' id='word_1_1014' title='bbox 3265 5232 3396 5290; x_wconf 90' lang='lat' dir='ltr'><strong>Cum</strong></span> <span class='ocrx_word' id='word_1_1015' title='bbox 3419 5233 3598 5304; x_wconf 86' lang='lat' dir='ltr'><strong>itaque</strong></span> 
     </span>
    </p>
   </div>
   <div class='ocr_carea' id='block_1_115' title="bbox 2012 5325 3598 5391">
    <p class='ocr_par' dir='ltr' id='par_1_115' title="bbox 2012 5325 3598 5391">
     <span class='ocr_line' id='line_1_115' title="bbox 2012 5325 3598 5391; baseline -0.003 -6"><span class='ocrx_word' id='word_1_1016' title='bbox 2012 5332 2114 5387; x_wconf 85' lang='lat' dir='ltr'><strong>hoc</strong></span> <span class='ocrx_word' id='word_1_1017' title='bbox 2187 5347 2217 5385; x_wconf 89' lang='lat' dir='ltr'><strong>a</strong></span> <span class='ocrx_word' id='word_1_1018' title='bbox 2261 5332 2416 5386; x_wconf 88' lang='lat' dir='ltr'><strong>Patre</strong></span> <span class='ocrx_word' id='word_1_1019' title='bbox 2457 5337 2511 5384; x_wconf 89' lang='lat' dir='ltr'><strong>et</strong></span> <span class='ocrx_word' id='word_1_1020' title='bbox 2562 5328 2697 5386; x_wconf 90' lang='lat' dir='ltr'><strong>Filio</strong></span> <span class='ocrx_word' id='word_1_1021' title='bbox 2763 5327 2959 5383; x_wconf 83' lang='lat' dir='ltr'><strong>factum</strong></span> <span class='ocrx_word' id='word_1_1022' title='bbox 3007 5336 3182 5391; x_wconf 88' lang='lat' dir='ltr'><strong>esset,</strong></span> <span class='ocrx_word' id='word_1_1023' title='bbox 3234 5335 3292 5380; x_wconf 93' lang='lat' dir='ltr'><strong>ut</strong></span> <span class='ocrx_word' id='word_1_1024' title='bbox 3334 5325 3388 5380; x_wconf 90' lang='lat' dir='ltr'><strong>in</strong></span> <span class='ocrx_word' id='word_1_1025' title='bbox 3436 5339 3598 5381; x_wconf 88' lang='lat' dir='ltr'><strong>carne</strong></span> 
     </span>
    </p>
   </div>
   <div class='ocr_carea' id='block_1_116' title="bbox 2012 5418 3600 5495">
    <p class='ocr_par' dir='ltr' id='par_1_116' title="bbox 2012 5418 3600 5495">
     <span class='ocr_line' id='line_1_116' title="bbox 2012 5418 3600 5495; baseline -0.005 -14"><span class='ocrx_word' id='word_1_1026' title='bbox 2012 5425 2179 5482; x_wconf 85' lang='lat' dir='ltr'><strong>Filius</strong></span> <span class='ocrx_word' id='word_1_1027' title='bbox 2204 5431 2519 5495; x_wconf 88' lang='lat' dir='ltr'><strong>appareret,</strong></span> <span class='ocrx_word' id='word_1_1028' title='bbox 2550 5431 2905 5492; x_wconf 88' lang='lat' dir='ltr'><strong>congruenter</strong></span> <span class='ocrx_word' id='word_1_1029' title='bbox 2932 5420 3103 5475; x_wconf 90' lang='lat' dir='ltr'><strong>dictus</strong></span> <span class='ocrx_word' id='word_1_1030' title='bbox 3149 5428 3232 5475; x_wconf 89' lang='lat' dir='ltr'><strong>est</strong></span> <span class='ocrx_word' id='word_1_1031' title='bbox 3271 5419 3464 5476; x_wconf 86' lang='lat' dir='ltr'><strong>missus</strong></span> <span class='ocrx_word' id='word_1_1032' title='bbox 3507 5418 3600 5474; x_wconf 86' lang='lat' dir='ltr'><strong>ille</strong></span> 
     </span>
    </p>
   </div>
   <div class='ocr_carea' id='block_1_117' title="bbox 2012 5511 3600 5590">
    <p class='ocr_par' dir='ltr' id='par_1_117' title="bbox 2012 5511 3600 5590">
     <span class='ocr_line' id='line_1_117' title="bbox 2012 5511 3600 5590; baseline -0.005 -16"><span class='ocrx_word' id='word_1_1033' title='bbox 2012 5520 2100 5590; x_wconf 91' lang='lat' dir='ltr'><strong>qui</strong></span> <span class='ocrx_word' id='word_1_1034' title='bbox 2129 5520 2180 5574; x_wconf 89' lang='lat' dir='ltr'><strong>in</strong></span> <span class='ocrx_word' id='word_1_1035' title='bbox 2210 5533 2274 5574; x_wconf 90' lang='lat' dir='ltr'><strong>ea</strong></span> <span class='ocrx_word' id='word_1_1036' title='bbox 2303 5532 2462 5578; x_wconf 87' lang='lat' dir='ltr'><strong>carne</strong></span> <span class='ocrx_word' id='word_1_1037' title='bbox 2501 5515 2774 5586; x_wconf 87' lang='lat' dir='ltr'><strong>apparuit;</strong></span> <span class='ocrx_word' id='word_1_1038' title='bbox 2807 5514 3016 5569; x_wconf 85' lang='lat' dir='ltr'><strong>misisse</strong></span> <span class='ocrx_word' id='word_1_1039' title='bbox 3057 5523 3234 5569; x_wconf 90' lang='lat' dir='ltr'><strong>autem</strong></span> <span class='ocrx_word' id='word_1_1040' title='bbox 3279 5513 3368 5568; x_wconf 91' lang='lat' dir='ltr'><strong>ille</strong></span> <span class='ocrx_word' id='word_1_1041' title='bbox 3409 5513 3497 5583; x_wconf 90' lang='lat' dir='ltr'><strong>qui</strong></span> <span class='ocrx_word' id='word_1_1042' title='bbox 3545 5511 3600 5567; x_wconf 89' lang='lat' dir='ltr'><strong>in</strong></span> 
     </span>
    </p>
   </div>
   <div class='ocr_carea' id='block_1_118' title="bbox 2013 5608 3596 5681">
    <p class='ocr_par' dir='ltr' id='par_1_118' title="bbox 2013 5608 3596 5681">
     <span class='ocr_line' id='line_1_118' title="bbox 2013 5608 3596 5681; baseline -0.006 -13"><span class='ocrx_word' id='word_1_1043' title='bbox 2013 5627 2074 5668; x_wconf 88' lang='lat' dir='ltr'><strong>ea</strong></span> <span class='ocrx_word' id='word_1_1044' title='bbox 2119 5628 2223 5667; x_wconf 92' lang='lat' dir='ltr'><strong>non</strong></span> <span class='ocrx_word' id='word_1_1045' title='bbox 2274 5609 2536 5681; x_wconf 86' lang='lat' dir='ltr'><strong>apparuit.</strong></span> <span class='ocrx_word' id='word_1_1046' title='bbox 2580 5609 2842 5676; x_wconf 88' lang='lat' dir='ltr'><strong>Quoniam</strong></span> <span class='ocrx_word' id='word_1_1047' title='bbox 2884 5608 2973 5662; x_wconf 91' lang='lat' dir='ltr'><strong>illa</strong></span> <span class='ocrx_word' id='word_1_1048' title='bbox 3017 5623 3135 5677; x_wconf 81' lang='lat' dir='ltr'><strong>quae</strong></span> <span class='ocrx_word' id='word_1_1049' title='bbox 3180 5622 3359 5663; x_wconf 90' lang='lat' dir='ltr'><strong>coram</strong></span> <span class='ocrx_word' id='word_1_1050' title='bbox 3405 5619 3596 5674; x_wconf 85' lang='lat' dir='ltr'><strong>corpo-</strong></span> 
     </span>
    </p>
   </div>
   <div class='ocr_carea' id='block_1_119' title="bbox 2011 5700 3602 5774">
    <p class='ocr_par' dir='ltr' id='par_1_119' title="bbox 2011 5700 3602 5774">
     <span class='ocr_line' id='line_1_119' title="bbox 2011 5700 3602 5774; baseline -0.007 -11"><span class='ocrx_word' id='word_1_1051' title='bbox 2011 5707 2118 5764; x_wconf 81' lang='lat' dir='ltr'><strong>reis</strong></span> <span class='ocrx_word' id='word_1_1052' title='bbox 2162 5704 2330 5759; x_wconf 91' lang='lat' dir='ltr'><strong>oculis</strong></span> <span class='ocrx_word' id='word_1_1053' title='bbox 2387 5701 2518 5757; x_wconf 79' lang='lat' dir='ltr'><strong>loris</strong></span> <span class='ocrx_word' id='word_1_1054' title='bbox 2567 5711 2857 5774; x_wconf 87' lang='lat' dir='ltr'><strong>geruntur,</strong></span> <span class='ocrx_word' id='word_1_1055' title='bbox 2916 5700 2983 5755; x_wconf 90' lang='lat' dir='ltr'><strong>ab</strong></span> <span class='ocrx_word' id='word_1_1056' title='bbox 3030 5701 3284 5756; x_wconf 87' lang='lat' dir='ltr'><strong>interiore</strong></span> <span class='ocrx_word' id='word_1_1057' title='bbox 3343 5705 3602 5768; x_wconf 89' lang='lat' dir='ltr'><strong>apparatu</strong></span> 
     </span>
    </p>
   </div>
   <div class='ocr_carea' id='block_1_120' title="bbox 2012 5787 3600 5864">
    <p class='ocr_par' dir='ltr' id='par_1_120' title="bbox 2012 5787 3600 5864">
     <span class='ocr_line' id='line_1_120' title="bbox 2012 5787 3600 5864; baseline -0.008 -11"><span class='ocrx_word' id='word_1_1058' title='bbox 2012 5806 2216 5853; x_wconf 69' lang='lat' dir='ltr'><strong>natura:</strong></span> <span class='ocrx_word' id='word_1_1059' title='bbox 2257 5793 2545 5864; x_wconf 89' lang='lat' dir='ltr'><strong>spiritualis</strong></span> <span class='ocrx_word' id='word_1_1060' title='bbox 2572 5794 2838 5861; x_wconf 83' lang='lat' dir='ltr'><strong>existunt,</strong></span> <span class='ocrx_word' id='word_1_1061' title='bbox 2869 5801 2926 5848; x_wconf 88' lang='lat' dir='ltr'><strong>et</strong></span> <span class='ocrx_word' id='word_1_1062' title='bbox 2950 5801 3232 5863; x_wconf 89' lang='lat' dir='ltr'><strong>propterea</strong></span> <span class='ocrx_word' id='word_1_1063' title='bbox 3274 5787 3600 5844; x_wconf 88' lang='lat' dir='ltr'><strong>convenien-</strong></span> 
     </span>
    </p>
   </div>
   <div class='ocr_carea' id='block_1_121' title="bbox 2013 5880 3657 5958">
    <p class='ocr_par' dir='ltr' id='par_1_121' title="bbox 2013 5880 3657 5958">
     <span class='ocr_line' id='line_1_121' title="bbox 2013 5880 3657 5958; baseline -0.007 -8"><span class='ocrx_word' id='word_1_1064' title='bbox 2013 5901 2097 5950; x_wconf 88' lang='lat' dir='ltr'><strong>ter</strong></span> <span class='ocrx_word' id='word_1_1065' title='bbox 2123 5891 2284 5949; x_wconf 87' lang='lat' dir='ltr'><strong>missa</strong></span> <span class='ocrx_word' id='word_1_1066' title='bbox 2326 5889 2591 5948; x_wconf 88' lang='lat' dir='ltr'><strong>dicuntur.</strong></span> <span class='ocrx_word' id='word_1_1067' title='bbox 2622 5887 2815 5946; x_wconf 81' lang='lat' dir='ltr'><strong>Forma</strong></span> <span class='ocrx_word' id='word_1_1068' title='bbox 2841 5901 3000 5958; x_wconf 87' lang='lat' dir='ltr'><strong>porro</strong></span> <span class='ocrx_word' id='word_1_1069' title='bbox 3025 5885 3116 5943; x_wconf 86' lang='lat' dir='ltr'><strong>illa</strong></span> <span class='ocrx_word' id='word_1_1070' title='bbox 3144 5882 3376 5953; x_wconf 86' lang='lat' dir='ltr'><strong>suscepti</strong></span> <span class='ocrx_word' id='word_1_1071' title='bbox 3424 5880 3602 5938; x_wconf 87' lang='lat' dir='ltr'><strong>homi-</strong></span> 
     </span>
    </p>
   </div>
  </div>
