4084 6436
321 528 434 584 iure
458 513 657 569 ﬂebant
681 518 802 568 cum
816 511 923 568 Lex
940 512 1155 569 dat-etin
1166 513 1219 568 in
1237 514 1417 569 lnonie
1431 511 1623 583 (Exod.
1643 529 1748 578 nx,
1768 512 1881 582 16).

316 607 399 662 Ad
428 608 529 662 ltoc
557 598 698 662 enim
739 607 947 661 illarum
984 618 1160 660 rerum
1199 606 1493 673 corporalis
1535 606 1736 660 exstitit
1767 618 1889 673 spe-

313 698 445 763 cies,
472 705 529 752 ut
550 690 752 767 aliquid
782 696 1104 767 significaret
1127 705 1286 765 atque
1312 697 1625 766 praeteriret.

382 788 613 844 CAPUT
644 787 751 842 νη.
787 818 858 829 -
883 787 972 843 12.
1002 788 1260 842 Dubitalio
1287 789 1349 842 de
1373 787 1773 859 apparitionibus
1807 788 1889 842 di-

310 881 458 935 vitiis.
498 879 721 949 Propter
765 878 861 934 bas
901 894 1029 948 ergo
1068 879 1372 948 corporales
1414 878 1629 943 formas,
1664 893 1782 947 qtue
1822 878 1887 932 ad

312 986 435 1026 cum
473 970 895 1040 signiﬁcandum,
929 978 982 1025 et
1019 970 1154 1023 sicut
1185 970 1429 1023 humanis
1457 968 1700 1024 sensibus
1728 982 1884 1037 opor-

314 1063 458 1117 tebat
476 1060 946 1116 demonstrandum
970 1061 1327 1130 temporaliter
1342 1061 1675 1125 exstiterunt,
1696 1060 1888 1115 missus

313 1154 508 1208 dicitur
530 1154 688 1223 ptiatn
715 1151 945 1221 Spiritus
968 1160 1179 1206 sanctus
1203 1168 1215 1206 :
1241 1167 1346 1205 non
1377 1160 1550 1205 tamen
1584 1152 1756 1204 minor
1787 1150 1885 1204 Pa-

311 1255 389 1299 tre
438 1244 610 1299 dictus
656 1253 760 1308 est,
800 1242 936 1296 sicut
971 1241 1135 1295 Filius
1175 1250 1393 1311 prepter
1438 1240 1663 1295 formam
1710 1241 1881 1307 servi;

306 1337 426 1406 quia
467 1335 557 1390 illa
597 1335 766 1390 forma
809 1336 948 1391 servi
987 1334 1198 1388 inhaesit
1227 1335 1293 1388 ad
1329 1336 1585 1389 unitatem
1620 1348 1881 1404 personae,

306 1427 409 1481 illa:
435 1442 565 1481 vero
593 1427 802 1495 species
824 1428 1130 1494 corporales
1155 1426 1220 1480 ad
1248 1426 1718 1481 demonstrandum
1744 1427 1884 1496 quod

302 1534 436 1587 opus
470 1518 568 1573 iuit
593 1518 658 1572 ad
691 1527 896 1587 tempus
924 1527 1311 1588 apparuerunt,
1349 1528 1403 1573 et
1430 1534 1549 1575 esse
1576 1529 1757 1588 postea
1786 1520 1881 1574 de-

302 1610 570 1664 stiterunt.
601 1609 707 1663 Cur
745 1625 873 1677 ergo
912 1624 1028 1663 non
1047 1619 1100 1664 et
1136 1611 1292 1665 Pater
1319 1611 1511 1666 dicitur
1551 1613 1744 1666 missus
1786 1624 1884 1681 per

302 1699 419 1753 illas
438 1701 645 1770 species
668 1700 994 1769 corporales,
1021 1701 1195 1770 ignem
1224 1701 1358 1763 rubi,
1388 1711 1440 1755 et
1458 1702 1762 1755 columnam
1784 1716 1881 1755 nuo

298 1791 384 1846 bis
401 1794 485 1847 vel
515 1792 671 1861 ignis,
701 1801 755 1846 et
791 1792 995 1862 fulgura
1024 1789 1077 1845 in
1109 1801 1308 1857 monte,
1336 1794 1452 1845 etsi
1478 1808 1580 1862 qua
1610 1794 1730 1847 talia
1759 1802 1881 1847 tunc

300 1894 681 1953 apparuerunt,
705 1900 824 1938 cum
852 1899 973 1939 eum
1004 1898 1180 1939 coram
1209 1885 1439 1939 locutum
1465 1886 1723 1952 Patribus,
1748 1894 1881 1940 teste

299 1974 571 2045 scriptura
605 1976 909 2044 didicimus,
935 1978 979 2031 si
1015 1991 1109 2046 per
1154 1976 1273 2031 illos
1311 1986 1566 2031 creaturae
1604 1978 1792 2033 modos
1826 1985 1881 2033 et

296 2068 498 2124 formas
534 2069 881 2139 corporaliter
907 2084 1187 2138 expressas
1219 2078 1272 2124 et
1302 2070 1545 2124 Immanis
1579 2071 1881 2140 aspectibus

300 2169 651 2227 maculatas
698 2162 809 2230 ipse
859 2160 1355 2216 demonstrabatur?
1396 2158 1450 2216 Si
1497 2164 1670 2215 autem
1715 2161 1880 2216 Filius

297 2265 396 2320 per
414 2266 477 2306 ea
501 2252 984 2319 demonstrabatur,
1009 2268 1105 2307 cur
1135 2261 1281 2307 tanto
1311 2262 1426 2322 post
1450 2253 1642 2307 dicitur
1664 2254 1875 2321 missus,

298 2355 420 2395 cum
451 2357 517 2396 ex
548 2341 739 2397 lcmina
770 2342 938 2398 factus
967 2352 1068 2405 est,
1101 2344 1235 2398 sicut
1266 2344 1549 2414 Apostolus
1574 2343 1720 2412 dicit,
1753 2344 1879 2398 Cum

293 2443 465 2487 autem
514 2436 642 2511 venit
696 2436 953 2504 pienitudo
1007 2438 1275 2504 temporis,
1326 2438 1459 2490 misit
1502 2436 1638 2491 Deus
1690 2434 1877 2491 Fiiium

292 2540 446 2578 suum
471 2527 660 2594 factum
684 2541 746 2579 ea:
770 2524 978 2580 muliere
1006 2524 1201 2596 (Gatat.
1226 2541 1295 2590 tv,
1324 2526 1380 2596 li)
1410 2540 1424 2580 ι
1453 2526 1875 2596 quandoquidem

291 2623 348 2668 et
374 2624 534 2671 antea
564 2615 889 2683 mittebatur,
916 2631 1036 2670 cum
1069 2632 1164 2686 per
1209 2616 1323 2670 illas
1363 2627 1619 2671 creaturae
1648 2617 1876 2671 mutabi-

289 2703 375 2760 les
398 2703 601 2760 formas
630 2706 872 2761 Datribus
896 2708 1222 2777 apparebat?
1245 2710 1350 2762 Ant
1373 2708 1417 2762 si
1445 2725 1549 2765 non
1581 2717 1725 2764 recte
1753 2724 1876 2781 pos.

291 2806 378 2852 set
417 2797 523 2854 dici
565 2800 779 2861 missus.
810 2800 911 2854 nisi
940 2815 1061 2854 cum
1092 2800 1323 2856 Verbum
1365 2817 1490 2856 caro
1531 2802 1725 2857 factum
1755 2812 1871 2871 est;

294 2905 393 2945 cur
426 2892 621 2947 missus
658 2892 853 2947 dicitur
875 2893 1102 2962 Spiritus
1130 2904 1363 2959 sanctus,
1395 2895 1543 2963 cujus
1574 2896 1713 2949 nulla
1754 2896 1874 2951 talis

293 2982 656 3053 ineorporatio
695 2984 830 3039 facta
871 2986 989 3040 est?
1015 2985 1070 3041 Si
1101 3000 1227 3040 vero
1258 3000 1350 3054 per
1384 2987 1472 3043 illa
1499 2986 1723 3041 visibilia
1750 3002 1869 3058 quae

206 3073 217 3125 .'
290 3073 346 3129 in
370 3075 515 3147 Lege
540 3086 594 3132 et
629 3077 913 3146 Prophetis
951 3079 1405 3144 commendantur,
1441 3095 1539 3134 nec
1564 3081 1740 3147 Pater,
1768 3095 1871 3137 nec

180 3194 205 3213 -ι
292 3164 478 3234 Filius,
503 3168 596 3223 sed
622 3168 848 3236 Spiritus
870 3176 1086 3226 sanctus
1108 3170 1124 3201 ί
1147 3169 1562 3233 ostendebatur;
1590 3187 1686 3225 cur
1705 3171 1867 3231 etiam

290 3257 405 3327 ipse
446 3255 586 3313 mine
623 3258 816 3314 dicitur
854 3260 1067 3324 missus,
1107 3276 1226 3315 cum
1272 3259 1378 3316 illis
1412 3260 1585 3316 modis
1621 3270 1675 3317 et
1712 3271 1869 3319 antea

288 3349 588 3407 mitteretur
602 3350 624 3403 ἲ

359 3440 446 3496 15.
486 3438 544 3498 In
602 3439 758 3509 hujus
807 3441 1160 3512 perplexitate
1206 3443 1535 3511 quaestionis,
1584 3443 1867 3513 adiuvante

287 3528 513 3589 Domino
540 3532 765 3599 primum
788 3533 1131 3602 quaerendum
1158 3544 1260 3597 est,
1285 3544 1459 3591 utrum
1480 3535 1657 3596 Pater.
1682 3553 1748 3591 an
1776 3536 1866 3593 Fi-

286 3619 410 3685 lius,
454 3636 523 3681 an
562 3620 794 3692 Spiritus
839 3632 1091 3689 sanctus;
1132 3638 1199 3679 an
1245 3625 1531 3695 aliquando
1556 3626 1731 3693 Pater,
1761 3627 1863 3681 ali-

284 3711 496 3781 quando
524 3712 720 3777 Filius,
761 3714 1043 3783 aliquando
1081 3715 1315 3786 Spiritus
1350 3726 1601 3782 sanctus;
1636 3733 1700 3771 an
1746 3719 1865 3775 sine

284 3800 387 3856 ulla
418 3802 759 3865 distinctiOnu
785 3819 1153 3873 personarum,
1181 3806 1320 3861 sicut
1345 3806 1537 3865 dicitur
1560 3808 1699 3867 Deus
1726 3824 1861 3867 unus

281 3899 334 3947 et
362 3892 531 3959 solus,
562 3893 613 3947 id
643 3904 743 3959 est,
774 3894 886 3966 ipsa
913 3895 1148 3953 Trinitas
1179 3912 1274 3966 per
1304 3898 1417 3955 illas
1451 3907 1709 3955 creatura:
1748 3899 1858 3959 [οι-ε·
1894 3964 1895 3967 η

280 3997 396 4037 mas
443 3983 692 4049 Patribus
740 3986 1063 4055 apparuerit.
1096 3987 1317 4053 Deinde,
1357 3988 1627 4058 quodlibet
1669 3989 1861 4059 borum

280 4073 557 4143 inventum
590 4076 825 4135 risumve
853 4076 1029 4143 fuerit,
1062 4089 1236 4137 utrum
1262 4078 1328 4134 ad
1356 4080 1454 4135 hoc
1479 4095 1613 4150 opus
1639 4090 1862 4139 tantum-

277 4165 437 4223 modo
478 4176 719 4233 creatura
763 4169 987 4239 iormata
1026 4167 1111 4234 sit,
1153 4170 1207 4226 in
1247 4187 1350 4241 qua
1380 4172 1539 4239 Deus,
1568 4174 1704 4228 sicut
1734 4183 1860 4239 tunc

275 4256 579 4325 oportuisse
618 4258 899 4328 judicavit,
933 4260 1176 4315 humanis
1218 4262 1587 4331 ostenderetur
1626 4266 1855 4333 aspecti-

276 4345 410 4402 bus:
433 4362 502 4413 an
529 4348 738 4420 Angeli,
769 4350 857 4419 qui
882 4350 990 4421 jam
1021 4362 1191 4415 erant,
1226 4353 1298 4409 ita
1328 4356 1692 4423 mittebantur,
1719 4366 1775 4412 ut
1788 4373 1854 4414 ex

274 4457 500 4511 persona
527 4446 621 4507 Dei
646 4446 1005 4515 loquerentur,
1030 4458 1363 4505 assumentes
1381 4452 1709 4520 corporalem
1735 4467 1856 4522 spe-

273 4536 409 4591 ciem
445 4536 514 4593 de
555 4548 798 4593 creatura
844 4554 1124 4611 corporea,
1155 4541 1207 4594 in
1247 4556 1403 4597 usum
1433 4542 1709 4599 ministerii
1748 4546 1849 4611 sui,

272 4628 407 4685 sicut
433 4630 624 4707 cuique
659 4645 792 4701 opus
833 4640 1009 4698 esset;
1038 4640 1128 4697 aut
1156 4632 1326 4705 ipsum
1356 4648 1549 4707 corpus
1584 4650 1738 4690 suum
1768 4634 1852 4690 cui

272 4736 377 4776 non
404 4722 718 4788 subdantur,
742 4724 833 4787 sed
864 4723 1134 4791 subditum
1164 4735 1372 4797 regunt,
1404 4725 1455 4789 in
1484 4726 1689 4795 Species
1719 4742 1852 4797 quas

271 4812 467 4871 vellent
484 4813 911 4881 accommodatas
929 4823 1087 4899 atque
1100 4824 1261 4891 aptas
1282 4816 1573 4869 actioxiibus
1600 4816 1707 4873 suis
1732 4831 1847 4881 mu-

172 4904 216 4981 ἦ(
272 4910 448 4971 tantes
490 4913 648 4991 atque
692 4913 959 4961 vertentes
1006 4907 1296 4969 secundum
1343 4908 1648 4963 attributam
1685 4908 1786 4965 sibi
1818 4923 1849 4963 a

269 4987 525 5053 Creatore
556 4987 888 5069 "potentiam.
938 4999 1215 5059 Postremo
1262 5002 1557 5063 videbimus
1606 5002 1657 5056 id
1708 5002 1848 5074 quod

272 5100 511 5154 quaarere
541 5088 961 5157 institueramus,
989 5099 1163 5145 utrum
1192 5091 1354 5157 Filius
1380 5102 1433 5147 et
1462 5092 1688 5160 Spiritus
1722 5108 1847 5146 sau-

268 5184 384 5230 ctus
421 5186 478 5235 et
515 5188 670 5245 antea
714 5180 1093 5245 mittebantur;
1136 5191 1211 5249 et,
1244 5183 1287 5236 si
1315 5182 1691 5246 mittebantur,
1720 5182 1845 5252 quid

268 5267 405 5323 inter
428 5268 573 5323 illam
603 5271 932 5337 missionem,
955 5282 1008 5328 et
1038 5288 1154 5329 eam
1184 5289 1341 5347 quam
1372 5274 1422 5329 in
1452 5274 1736 5345 Evangelia
1765 5275 1842 5329 le-

265 5356 461 5433 gimus,
498 5360 656 5423 distet
686 5377 789 5417 :an
818 5364 1011 5419 missus
1039 5380 1147 5425 non
1188 5365 1255 5420 sit
1291 5365 1479 5436 aliquis
1507 5380 1712 5432 eorum,
1742 5365 1843 5420 nisi

266 5466 387 5521 cum
418 5453 502 5521 vel
528 5451 693 5510 Filius
720 5454 888 5511 iactus
910 5466 1051 5512 esset
1076 5472 1139 5513 ex
1168 5456 1332 5523 Maria
1358 5457 1581 5526 virgine,
1606 5457 1688 5511 vel
1718 5470 1842 5511 cum

266 5540 495 5617 Spiritus
531 5555 748 5607 sanctus
783 5547 972 5602 visibili
1001 5549 1178 5619 specie
1213 5547 1325 5607 sive
1354 5548 1407 5603 in
1437 5548 1702 5618 columba,
1729 5550 1840 5606 sive

266 5632 318 5685 in
348 5636 513 5707 igneis
535 5636 727 5709 linguis
751 5639 991 5709 apparuit
1018 5640 1115 5709 (a).

326 5764 344 5833 ξ
373 5762 783 5833 solarere‘eduio
798 5774 929 5833 Lam,
949 5780 1036 5833 nec
1053 5767 1257 5833 Spiritus
1273 5777 1479 5823 sanctus-

319 5822 392 5888 (α)
415 5826 535 5879 vide
550 5820 696 5891 ἰώ-θ,
721 5829 807 5879 lib.
826 5826 875 5891 ὃ,
893 5820 997 5893 cap.
1018 5831 1065 5894 t,
1083 5820 1136 5881 'n.
1161 5832 1210 5883 4.

1622 378 1826 438 LIBER
1853 377 2231 439 SECUNDUS.

2073 494 2295 553 CAPUT
2337 496 2467 557 vuL
2487 528 2558 579 -τ-
2579 501 2663 559 tt.
2694 501 2823 558 Tota
2846 502 3067 561 rem
3396 505 3566 566 omn-

2001 596 2173 644 tamus
2204 588 2361 659 igitur
2387 606 2481 648 eos
2512 596 2602 665 qui
2639 595 2797 651 nimis
2822 597 3105 654 carnaliter
3134 607 3377 655 naturam
3405 599 3567 663 Verbi

1997 677 2090 733 Dei
2112 687 2271 751 atque
2288 682 2634 753 Sapientiam,
2657 703 2777 757 qua:
2797 689 2853 743 in
2880 704 2941 745 se
2967 691 3078 759 ipsa
3102 706 3324 748 manens
3350 692 3567 750 innovat
3628 702 3699 759 V

1996 768 2373 842 onmeJ’ciuem
2403 775 2615 831 unicum
2648 778 2743 833 Dei
2774 779 2963 835 Filium
2987 780 3235 849 dicimus,
3259 799 3367 839 non
3393 784 3565 839 sokun
3612 798 3618 805 '

1992 862 2321 931 mutabilem,
2366 880 2550 921 verum
2587 869 2745 923 etiam
2786 871 3047 927 visibilem
3074 888 3192 929 esse
3228 884 3560 943 putaverunt.

1992 950 2056 1007 Hi
2083 954 2226 1009 enim
2255 957 2474 1012 multum
2504 975 2742 1019 crassum
2769 979 2862 1018 cor
2879 965 3074 1022 divinis
3101 968 3259 1024 rebus
3287 970 3559 1040 inquiren-

1991 1042 2072 1097 dis
2086 1044 2335 1104 audacius
2351 1064 2508 1119 quam
2524 1052 2823 1121 religiosius
2842 1057 3146 1111 attulerunt.
3164 1061 3349 1115 Anima
3365 1064 3561 1133 quippe

1991 1150 2113 1190 cum
2140 1138 2211 1192 sit
2236 1140 2526 1199 substantia
2556 1144 2872 1213 spiritualis,
2901 1164 3126 1220 cumque
3153 1152 3310 1207 etiam
3342 1154 3454 1223 ipsa
3485 1153 3562 1208 fac

1990 1235 2073 1314 cla
2113 1228 2201 1293 sit,
2230 1244 2329 1284 nec
2356 1246 2449 1300 per
2485 1234 2645 1288 alium
2686 1235 2801 1291 ﬁeri
2843 1240 3087 1307 potuerit,
3125 1244 3227 1298 nisi
3271 1260 3362 1313 per
3403 1262 3559 1314 quem

1987 1313 2126 1371 facta
2151 1330 2273 1374 sunt
2300 1322 2498 1389 omnia,
2526 1333 2580 1379 et
2605 1326 2720 1381 sine
2749 1342 2853 1395 quo
2883 1328 3076 1385 factum
3108 1343 3190 1388 est
3221 1334 3348 1389 nihil
3378 1313 3553 1406 (ioca.

1988 1420 2025 1469 ι,
2054 1408 2109 1478 5)
2137 1413 2378 1477 quamvis
2408 1413 2475 1468 sit
2504 1417 2806 1484 mutabilis,
2835 1436 2943 1476 non
2977 1434 3057 1477 est
3086 1432 3261 1481 tamen
3293 1427 3509 1482 visibilis

1987 1498 2126 1564 quod
2157 1500 2233 1553 illi
2262 1501 2329 1556 de
2350 1502 2527 1559 Verbo
2555 1506 2670 1575 ipso
2700 1518 2856 1586 atque
2884 1511 2997 1581 ipsa
3026 1514 3118 1569 Dei
3148 1515 3434 1586 Sapientia,
3468 1533 3548 1585 pe.

1986 1604 2139 1657 quam
2174 1592 2306 1651 facta
2337 1606 2418 1650 est
2446 1598 2647 1664 anima,
2682 1585 3055 1668 cfEdiderunt;
3086 1622 3203 1665 eum
3236 1609 3304 1663 sit
3334 1609 3419 1663 illa
3450 1626 3553 1667 non

1985 1681 2266 1741 invisibilis
2298 1696 2519 1753 tantum,
2549 1692 2691 1761 quod
2717 1704 2768 1748 et
2797 1696 2971 1752 anima
3006 1707 3123 1764 est;
3150 1701 3245 1754 sed
3273 1704 3433 1757 etiam
3472 1703 3550 1756 in-

1985 1780 2406 1844 commutabilis,
2446 1784 2587 1852 quod
2634 1786 2810 1843 anima
2853 1805 2957 1843 non
3002 1802 3101 1847 est.
3137 1792 3333 1847 Eadem
3365 1795 3559 1863 quippe

1982 1865 2485 1927 incommutabilitas
2514 1874 2627 1944 ejus
2649 1889 3059 1935 commemorata
3089 1890 3173 1938 est
3197 1891 3253 1936 ut
3271 1883 3555 1951 diceretur,

1985 1954 2050 2013 lu
2074 1975 2127 2012 se
2152 1959 2262 2028 ipsa
2294 1978 2498 2018 manens
2523 1966 2723 2021 innovat
2750 1970 2915 2025 omnia
2939 1972 3091 2041 (Sap.
3116 1989 3204 2038 vn,
3236 1974 3353 2045 27).
3379 1974 3445 2031 Et
3474 1975 3559 2031 isti

1982 2052 2196 2120 quidem
2234 2055 2438 2111 ruinam
2479 2061 2678 2116 erroris
2719 2062 2800 2117 sui
2845 2063 3138 2120 divinarum
3165 2064 3561 2138 Scripturarum

1986 2147 2301 2205 testimoniis
2353 2152 2504 2220 quasi
2555 2154 2739 2211 fulcire
2780 2168 3064 2225 conantes,
3110 2159 3360 2217 adhibent
3408 2160 3557 2221 Pauli

1982 2239 2206 2306 apostoli
2247 2241 2560 2299 sententiam
2585 2263 2599 2310 ;
2630 2257 2683 2301 et
2711 2248 2853 2317 quod
2878 2249 3077 2307 dictum
3107 2260 3188 2309 eat
3217 2251 3283 2307 de
3311 2266 3416 2309 uno
3440 2251 3559 2307 sola
3672 2318 3677 2325 τ

1984 2330 2115 2398 Deo,
2140 2332 2193 2389 in
2221 2348 2326 2403 quo
2365 2334 2477 2404 ipsa
2504 2337 2733 2394 Trinitas
2765 2340 3092 2411 intelligitur,
3121 2350 3322 2397 tantum
3358 2342 3429 2417 de
3456 2342 3557 2399 Pa-
3620 2412 3625 2417 _
3656 2354 3659 2359 '

1984 2430 2091 2491 tre,
2114 2438 2221 2480 non
2250 2435 2302 2481 et
2329 2426 2397 2483 de
2417 2427 2551 2485 Filio
2569 2439 2623 2487 et
2649 2431 2717 2487 de
2744 2433 2942 2502 Spiritu
2972 2444 3157 2491 sancto
3185 2414 3385 2491 dictum
3409 2436 3554 2497 acci-

1982 2515 2152 2584 piunt,
2178 2517 2305 2588 Regi
2332 2530 2497 2577 autem
2526 2524 2829 2579 stvculorttm
2854 2525 3147 2593 immortali,
3177 2527 3431 2593 invisibili,
3460 2528 3557 2582 soli

1982 2606 2087 2661 Deo
2108 2609 2271 2664 honor
2290 2624 2334 2665 et
2358 2613 2521 2683 gloria
2544 2615 2597 2668 in
2622 2619 2804 2670 saecula
2828 2619 3127 2673 swculorum
3146 2619 3189 2692 (Ι
3214 2618 3343 2675 Tim.
3370 2636 3408 2685 ι,
3438 2620 3553 2688 17);

1980 2708 2033 2757 et
2071 2700 2200 2757 illud
2238 2702 2497 2769 alterum,
2527 2704 2709 2761 Beatus
2738 2716 2782 2761 et
2813 2708 2950 2763 salus
2979 2719 3179 2777 potens,
3218 2709 3325 2767 Rex
3356 2727 3549 2781 regum,

1979 2801 2025 2847 et
2051 2791 2298 2851 Dominus
2323 2794 2723 2863 dominantium;
2748 2800 2834 2866 qui
2862 2800 3000 2855 solus
3027 2801 3170 2870 habet
3195 2802 3551 2857 immortalita-

1977 2891 2094 2949 tem,
2117 2893 2165 2940 et
2194 2885 2355 2949 lucem
2382 2887 2572 2941 habitat
2597 2890 3022 2955 inaccessibilem;
3050 2909 3196 2959 quem
3220 2909 3369 2953 aetna
3385 2893 3550 2948 homi-

1977 2989 2095 3029 num
2122 2975 2262 3040 vidit,
2285 2994 2376 3035 nec
2400 2978 2566 3035 videre
2587 2990 2745 3051 potest
2768 2980 2877 3054 (Id.
2896 2999 2969 3049 vt,
2991 2984 3078 3051 15,
3099 2983 3212 3056 16).
3233 2984 3357 3041 Hinc
3377 2998 3554 3055 quem-

1973 3066 2259 3125 admodum
2285 3068 2624 3141 intclligenda
2653 3073 2760 3128 sint
2778 3114 2793 3141 ,
2816 3074 2926 3144 jam
2953 3076 3084 3133 satis
3108 3089 3208 3131 uos
3231 3075 3550 3135 disseruisse

1971 3160 2217 3223 arbitror.

2040 3251 2264 3310 CAPUT
2293 3254 2381 3309 IX.
2415 3284 2486 3296 --
2522 3256 2609 3313 15.
2642 3255 2832 3315 Contra
2858 3276 2941 3315 eos
2967 3260 3052 3329 qui
3084 3260 3352 3317 credebant
3388 3262 3553 3319 solum

1975 3345 2180 3400 Patrem
2206 3347 2538 3405 immortalem
2558 3360 2604 3405 et
2620 3342 2932 3409 imtiﬁbilem.
2954 3351 3181 3422 Paci/ica
3223 3353 3389 3409 studio
3408 3370 3549 3423 quae

1969 3439 2124 3495 renda
2157 3439 2354 3493 veritas.
2385 3440 2580 3497 Verum
2613 3441 2685 3497 illi
2711 3443 2801 3513 qui
2832 3445 2929 3503 ista
2954 3458 3060 3499 non
3084 3444 3154 3499 de
3194 3444 3332 3501 Filio
3358 3460 3456 3513 nec
3483 3446 3555 3505 d0

1969 3530 2165 3597 Spiritu
2209 3542 2424 3599 sancto,
2465 3535 2559 3589 sed
2586 3544 2790 3593 tantum
2831 3536 2897 3593 de
2925 3536 3083 3593 Patre
3110 3537 3279 3607 accipi
3324 3539 3544 3604 volunt.

1969 3620 2153 3675 dicunt
2179 3622 2441 3679 visibilem
2481 3622 2695 3691 Filium,
2727 3641 2831 3680 non
2877 3642 2969 3694 per
2995 3632 3208 3682 Carnem
3235 3626 3302 3685 de
3332 3626 3551 3698 Virgine

1966 3724 2309 3785 assumptam,
2338 3716 2433 3772 sed
2460 3716 2619 3773 etiam
2646 3727 2801 3774 antea
2824 3733 2917 3786 per
2945 3731 3004 3779 se
3034 3718 3225 3787 ipsum.
3250 3719 3380 3787 Nam
3409 3720 3545 3788 irae.

1969 3803 2214 3872 inquiunt
2235 3844 2251 3871 ,
2279 3806 2525 3875 apparuit
2551 3807 2721 3865 oculis
2746 3808 2981 3867 Patrum.
3022 3808 3231 3877 Quibus,
3250 3811 3294 3866 si
3320 3809 3542 3878 dixeris,

1964 3894 2243 3963 Quomodo
2286 3911 2413 3966 ergo
2459 3897 2679 3953 visibilis
2720 3913 2811 3967 per
2855 3914 2914 3954 se
2957 3898 3128 3968 ipsum
3161 3899 3361 3965 Filius,
3391 3900 3460 3954 ita
3490 3910 3548 3969 et

1965 3984 2202 4055 mortalis
2231 4000 2323 4062 per
2349 4000 2407 4057 se
2429 3987 2627 4055 ipsum,
2654 3995 2945 4069 ut‘coustet
2968 3988 3117 4043 vobis
3141 3989 3280 4059 quod
3307 3998 3541 4061 lanium-

1964 4074 2122 4127 modo
2150 4068 2404 4131 de'Patre
2435 4078 2592 4132 vultis
2622 4078 2864 4150 intelligi,
2893 4079 3035 4149 quod
3064 4080 3264 4135 dictum
3306 4090 3406 4147 est,
3441 4078 3547 4151 Qui

1961 4165 2099 4221 solus
2142 4165 2287 4227 habet
2313 4167 2740 4233 immortalitatem
2780 4184 2800 4222 :
2846 4185 2967 4235 nam
3007 4171 3050 4223 si
3081 4180 3298 4243 propter
3325 4186 3540 4227 carnem

1961 4267 2264 4329 susceptam
2289 4261 2528 4327 mortalis
2552 4270 2631 4315 est
2658 4260 2821 4329 Filius
2843 4303 2857 4327 ,
2888 4271 3102 4332 propter
3126 4262 3262 4327 hanc
3299 4264 3455 4333 sinite
3483 4272 3544 4333 ut

1960 4348 2030 4404 sit
2055 4359 2108 4404 et
2132 4350 2354 4417 visibilis
2380 4368 2391 4403 :
2423 4351 2761 4421 reSpondent,
2790 4370 2887 4413 nec
2910 4363 3128 4424 propter
3152 4355 3290 4411 banc
3309 4370 3369 4411 se
3391 4371 3540 4421 mor-

1961 4443 2121 4499 talem
2148 4443 2342 4501 Filium
2371 4444 2583 4509 dicere;
2630 4446 2722 4499 sed
2751 4447 2887 4501 sicut
2922 4455 2977 4501 et
3003 4457 3126 4513 ante
3153 4448 3434 4517 visibilem,
3466 4450 3539 4517 ita

1961 4547 2014 4593 et
2040 4544 2163 4593 ante
2191 4537 2493 4603 mortalem.
2520 4537 2649 4592 Nam
2677 4538 2723 4593 si
2749 4548 2967 4611 pr0pter
2989 4555 3205 4607 carnem
3234 4542 3424 4607 Filium
3452 4542 3538 4605 di,

1958 4636 2085 4683 cunt
2111 4642 2229 4683 esse
2273 4628 2574 4690 mortalem,
2610 4628 2718 4698 jam
2749 4644 2853 4684 non
2894 4630 3053 4689 Pater
3086 4633 3204 4693 sine
3234 4632 3369 4691 Filio
3394 4633 3537 4700 spius

1959 4722 2118 4777 habet
2148 4721 2639 4786 inmiortalitatcm;
2686 4723 2807 4792 quia
2856 4732 2909 4778 et
2957 4723 3187 4781 Verbum
3235 4724 3389 4797 ejus,
3440 4740 3537 4803 per

1958 4815 2100 4883 quod
2130 4814 2264 4869 facta
2292 4824 2417 4870 sunt
2444 4815 2644 4881 omnia,
2672 4814 2829 4869 habet
2854 4816 3327 4885 immortalitatem.
3354 4815 3537 4889 Neque,

1957 4909 2099 4961 enim
2127 4907 2248 4977 quia
2296 4923 2509 4960 carnem
2539 4908 2826 4977 assumpsit
2868 4908 3144 4965 mortalem
3168 4950 3187 4977 ,
3214 4908 3334 4975 ideo
3359 4910 3537 4979 amisit

1957 4998 2408 5053 immortalitatem
2454 5012 2606 5052 suam
2658 5014 2670 5050 :
2721 4998 3151 5068 quandoquidem
3200 5014 3303 5063 nec
3341 5001 3533 5057 animae

1957 5090 2202 5149 humanae
2230 5089 2329 5144 hoc
2357 5090 2597 5145 accidere
2626 5089 2791 5158 potuit
2815 5129 2831 5155 ,
2874 5096 2929 5143 ut
2955 5104 3072 5153 cum
3098 5103 3321 5160 corpore
3350 5106 3529 5157 more-

1956 5191 2120 5243 retur,
2150 5180 2355 5234 dicente
2389 5180 2504 5248 ipso
2535 5179 2775 5245 Domino,
2812 5177 2988 5234 Nolite
3013 5172 3184 5234 timere
3202 5197 3285 5249 eos
3308 5182 3396 5254 qui
3415 5198 3530 5236 cor-

1954 5287 2048 5339 pus
2093 5270 2359 5334 occidunt,
2415 5270 2637 5324 animam
2697 5278 2865 5323 autem
2910 5285 3013 5323 non
3057 5279 3262 5338 possunt
3309 5273 3532 5328 occidere

1952 5362 2164 5436 (Matth.
2193 5378 2244 5427 ι,
2272 5360 2365 5433 28)
2393 5379 2406 5416 :
2436 5371 2525 5416 aut
2562 5375 2689 5416 vero
2715 5361 2874 5416 etiam
2904 5359 3134 5431 Spiritus
3173 5373 3386 5418 sanctus
3410 5378 3531 5420 car-

1953 5471 2073 5509 nem
2102 5454 2411 5527 assumpsit,
2459 5454 2527 5508 de
2555 5468 2660 5522 quo
2702 5452 2884 5523 utique
2911 5454 3027 5508 sine
3054 5453 3213 5508 dubio
3239 5454 3529 5509 turbabun-

1950 5554 2057 5613 tur,
2085 5545 2128 5598 si
2159 5552 2375 5615 propter
2398 5557 2615 5598 carnem
2658 5543 2901 5599 mortalis
2928 5554 3009 5599 est
3036 5543 3221 5609 Filius,
3264 5544 3532 5614 quomodo

1947 5638 2211 5708 accipiant
2237 5636 2447 5691 Patrem
2478 5634 2845 5689 tantummodo
2883 5635 2998 5690 sine
3024 5632 3159 5691 Filio
3185 5644 3239 5691 et
3263 5637 3379 5690 sine
3405 5635 3528 5705 Spi-

1949 5731 2054 5785 ritu
2099 5738 2284 5784 saneto
2332 5727 2527 5781 habere
2571 5724 3057 5793 immortalitatem;
3102 5727 3527 5799 quandoquidem

1948 5822 2175 5895 Spiritus
2210 5830 2425 5878 sanctus
2468 5835 2574 5877 non
2598 5821 2887 5892 assummit
2911 5835 3125 5877 carnem
3157 5839 3172 5877 :
3213 5820 3303 5893 qui
3332 5821 3378 5878 si
3420 5838 3525 5877 non
