4042 6422
509 374 617 434 855

510 489 676 545 habet
695 487 1175 557 immortalitatem,
1204 499 1310 544 non
1326 500 1455 557 ergo
1474 490 1693 556 propter
1715 496 1932 538 carnem
1959 495 2101 537 mor-

507 581 633 639 talis
659 590 740 639 est
777 580 942 638 Filius
971 598 984 636 :
1016 582 1064 637 si
1090 588 1269 636 autem
1300 578 1460 634 habet
1501 575 1732 647 Spiritus
1756 582 1970 631 sanctus
1998 574 2103 630 im-

510 674 892 729 mortalitatem
912 714 927 739 ,
954 687 1063 728 non
1104 671 1170 727 de
1196 670 1355 726 Patre
1379 666 1745 725 tantummodo
1770 666 1969 723 dictum
1997 674 2099 733 est,

514 764 618 832 Qui
655 765 795 821 solus
817 763 965 819 habet
1005 761 1454 817 immortalitatem.
1486 759 1745 828 Quocirca
1774 760 1844 813 ita
1869 772 1927 814 se
1956 756 2100 812 arbi-

510 864 720 912 trantur
744 865 799 911 et
824 864 947 910 ante
975 853 1397 909 incarnationem
1419 867 1515 923 per
1535 866 1596 907 se
1619 850 1792 921 ipsum
1818 849 2101 905 mortalem

507 947 703 1003 Filium
749 961 908 1017 posse
934 946 1257 1001 convincere
1279 986 1293 1011 ,
1321 944 1443 1015 quia
1488 943 1601 1013 ipsa
1644 941 1967 998 mutabilitas
1992 955 2101 996 non

505 1038 945 1095 inconvenienter
969 1036 1266 1093 mortalitas
1297 1035 1514 1103 dicitur,
1547 1033 1839 1091 secundum
1864 1048 2021 1104 quam
2046 1040 2101 1088 et

506 1131 685 1186 anima
713 1130 908 1187 dicitur
934 1130 1070 1185 mori
1117 1148 1130 1184 :
1178 1144 1287 1185 non
1315 1128 1439 1199 quia
1480 1128 1533 1183 in
1561 1142 1756 1197 corpus
1798 1125 1882 1181 vel
1923 1126 1976 1180 in
2003 1124 2101 1179 ali-

505 1236 665 1294 quam
692 1223 917 1278 alteram
946 1221 1298 1279 substantiam
1342 1227 1579 1275 mutatur
1619 1228 1674 1275 et
1715 1217 2100 1274 vertiturzsed

502 1315 559 1369 in
588 1315 701 1386 ipsa
747 1329 844 1370 sua
883 1314 1180 1370 substantia
1226 1310 1485 1382 quidquid
1529 1311 1632 1365 alio
1661 1310 1823 1365 modo
1849 1325 1990 1365 nunc
2017 1316 2100 1365 est

504 1422 568 1463 ac
605 1406 705 1463 fuit
728 1448 747 1477 ,
793 1406 1087 1463 secundum
1116 1405 1171 1461 id
1212 1404 1355 1476 quod
1394 1402 1600 1459 destitit
1642 1417 1763 1458 esse
1790 1401 1931 1473 quod
1960 1410 2093 1468 erat,

505 1498 733 1554 mortale
759 1497 1198 1569 deprehenditur.
1228 1495 1361 1563 Quia
1388 1495 1567 1565 itaque
1591 1534 1607 1560 ,
1636 1493 1902 1564 inquiunt,
1942 1500 2095 1548 ante-

503 1608 665 1664 quam
711 1602 869 1648 natus
898 1598 1043 1646 esset
1079 1588 1246 1645 Filius
1278 1587 1374 1644 Dei
1416 1587 1485 1643 de
1530 1587 1734 1658 virgine
1758 1586 1941 1651 Maria,
1984 1586 2098 1656 ipse

500 1686 748 1757 apparuit
775 1685 1014 1757 patribus
1055 1685 1255 1740 nostris
1278 1724 1293 1751 ,
1322 1697 1429 1738 non
1454 1686 1509 1737 in
1538 1697 1643 1737 una
1670 1680 1965 1752 eademque
1984 1696 2097 1752 spe-

502 1779 606 1844 cie,
640 1778 735 1833 sed
760 1776 1181 1843 multiformiter,
1213 1775 1554 1847 aliter‘atqne
1582 1774 1769 1847 aliter,
1796 1782 1851 1829 et
1875 1773 2095 1831 visibilis

501 1880 586 1926 est
608 1885 702 1941 per
732 1887 791 1926 se
817 1871 1015 1942 ipsum,
1043 1869 1165 1940 quia
1191 1867 1426 1924 nondum
1457 1883 1618 1922 carne
1645 1876 1939 1938 assumpta,
1972 1868 2098 1923 sub-

500 1961 695 2016 stantia
723 1960 838 2031 ejus
873 1960 1159 2030 conspicua
1188 1958 1503 2015 mortalibus
1529 1958 1700 2013 oculis
1724 1958 1851 2025 fuit;
1880 1966 1935 2014 et
1953 1974 2098 2014 mor-

499 2054 644 2119 talis,
674 2054 727 2107 in
759 2062 1012 2123 quantum
1043 2052 1314 2106 mutabilis
1348 2070 1362 2106 :
1389 2051 1460 2106 ita
1503 2059 1557 2105 et
1595 2050 1822 2120 Spiritus
1848 2061 2089 2121 sanctus,

500 2146 591 2215 qui
635 2145 767 2200 alias
808 2144 1091 2211 columba,
1129 2143 1260 2198 alias
1305 2143 1442 2213 ignis
1482 2143 1745 2212 apparuit.
1790 2142 1943 2198 Unde
1985 2158 2093 2199 non

499 2234 769 2304 Trinitati,
799 2236 966 2302 aiunt,
1000 2234 1095 2290 sed
1121 2234 1459 2305 singulariter
1483 2240 1539 2288 et
1564 2220 1778 2303 proprie
1801 2234 1946 2289 Patri
1974 2244 2095 2291 tan-

498 2329 779 2384 tummodo
806 2328 1055 2384 convenit
1078 2327 1221 2400 quod
1252 2327 1451 2382 dictum
1495 2336 1598 2394 est,
1626 2324 1937 2393 Immortali,
1960 2329 2092 2383 invi-

498 2420 668 2489 sibili,
696 2422 791 2475 soli
828 2420 976 2488 Deo;
1004 2429 1091 2487 et,
1133 2420 1233 2486 Qui
1269 2418 1407 2473 solus
1447 2418 1595 2473 habet
1627 2419 2088 2487 immortalitatem,

498 2524 546 2568 et
573 2514 736 2568 lucem
759 2513 1008 2568 inhabitat
1031 2509 1423 2567 inaccessibilem
1445 2527 1466 2577 ;
1494 2528 1643 2583 quem
1664 2528 1808 2567 nemo
1830 2511 2092 2567 hominum

496 2605 643 2674 uidit,
677 2622 766 2660 nec
790 2606 957 2660 uidere
980 2614 1163 2677 potest.

570 2697 659 2752 16.
700 2696 924 2753 Omissis
949 2712 1076 2767 ergo
1105 2696 1241 2763 istis,
1270 2694 1361 2767 qui
1392 2709 1491 2751 nec
1518 2694 1711 2751 animae
1736 2694 2091 2753 substantiam

494 2788 817 2845 invisibilem
848 2802 1007 2843 nosse
1039 2795 1348 2858 potuerunt,
1376 2786 1518 2843 unde
1540 2787 1700 2857 longe
1731 2795 1995 2843 remotum
2023 2788 2092 2844 ab

494 2880 575 2936 eis
600 2887 718 2934 erat
746 2887 802 2934 ut
827 2886 1047 2935 nossent
1078 2879 1233 2933 unius
1263 2887 1318 2935 et
1343 2878 1507 2932 solius
1538 2876 1666 2944 Dei,
1697 2877 1748 2933 id
1776 2886 1880 2947 est,
1912 2878 2089 2941 Patris

495 2978 556 3025 et
575 2969 697 3027 Filii
723 2980 777 3026 et
802 2968 1034 3040 Spiritus
1057 2970 1249 3037 sancti,
1278 2984 1382 3024 non
1409 2969 1583 3025 solum
1621 2969 1963 3038 invisibilem,
1993 2956 2090 3027 ve;

493 3077 617 3117 rum
645 3070 702 3117 et
748 3061 1234 3117 incommutabilem
1279 3076 1594 3133 permanere
1622 3061 1996 3130 substantiam,
2026 3079 2091 3120 ac

492 3169 594 3227 per
618 3153 722 3211 hoc
745 3154 800 3210 in
829 3170 954 3210 vera
980 3161 1035 3209 et
1070 3154 1277 3210 sincera
1315 3153 1711 3208 immortalitate
1746 3155 2041 3210 consistere
2070 3172 2083 3209 :

495 3260 600 3302 nos
627 3245 717 3316 qui
761 3261 1034 3317 nunquam
1072 3245 1381 3317 apparuisse
1408 3245 1678 3314 corporeis
1710 3246 1877 3302 oculis
1916 3246 2086 3302 Deum

497 3353 601 3395 nec
627 3339 862 3406 Patrem,
890 3315 994 3395 nec
1021 3315 1238 3404 Filium,
1268 3315 1367 3393 ne‘c
1392 3336 1649 3408 Spiritum
1674 3344 1918 3393 sanctum
1946 3338 2087 3393 dici-

496 3447 650 3501 mus,
700 3432 803 3489 nisi
846 3449 942 3505 per
984 3432 1280 3504 subjectam
1318 3447 1429 3487 sum
1470 3431 1720 3502 potestati
1772 3446 2087 3503 corpoream

496 3533 796 3582 creaturam
814 3566 832 3594 ,
857 3526 911 3581 in
939 3541 1069 3597 pace
1092 3525 1353 3581 catholica
1383 3523 1604 3595 paciﬁco
1633 3524 1809 3581 studio
1846 3526 2086 3597 requira-

497 3631 637 3685 mus,
667 3616 835 3688 parati
859 3617 1089 3688 corrigi,
1124 3616 1170 3672 si
1212 3615 1448 3672 fraterne
1464 3622 1711 3700 aereae
1734 3615 2088 3686 reprehendi-

497 3723 652 3775 mur;
680 3709 850 3779 parati
883 3707 1091 3765 etiamsi
1120 3707 1188 3763 ab
1212 3707 1448 3774 inimico,
1477 3720 1603 3761 vera
1633 3715 1809 3761 tamen
1835 3706 2049 3764 dicente
2068 3750 2084 3777 ,

504 3800 847 3869 mordemur;
878 3808 1055 3856 utrum
1086 3798 1373 3855 indiscrete
1408 3798 1550 3854 Deus
1591 3799 1895 3869 apparuerit
1924 3800 2089 3869 patri-

495 3895 599 3952 bus
641 3895 840 3950 nostris
864 3904 1148 3963 antequam
1192 3891 1435 3962 Christus
1476 3892 1686 3947 veniret
1728 3892 1783 3947 in
1808 3907 1990 3962 carne,
2019 3908 2089 3950 an

498 3988 676 4059 aliqua
708 4004 775 4044 ex
812 3988 1072 4046 Trinitate
1097 4004 1350 4061 persona,
1380 4004 1449 4045 an
1473 3988 1780 4060 singillatim
1806 3990 1959 4061 quasi
1989 4004 2088 4061 per

496 4078 662 4135 vices.
990 4104 1001 4113 ι

568 4169 794 4227 CAPUT
833 4169 903 4226 Χ.
942 4202 1014 4213 -
1051 4172 1141 4228 17.
1181 4170 1261 4225 An
1278 4171 1547 4243 indiscrete
1569 4168 1708 4227 Deus
1726 4169 1953 4227 Trinitas
1973 4170 2086 4226 Pa-

495 4263 655 4321 tribua
668 4265 983 4337 apparuerit,
996 4282 1064 4319 an
1081 4264 1253 4336 aliqua
1266 4279 1329 4319 ea:
1346 4262 1591 4318 Trinitate
1607 4280 1841 4334 persona.
1860 4262 2086 4335 Appari-

496 4357 566 4413 tio
599 4356 698 4412 Dei
731 4357 949 4411 Adamo.
988 4356 1067 4411 De
1092 4356 1267 4411 eadem
1301 4356 1643 4428 apparitione.
1680 4354 1820 4410 Vitio
1847 4355 2083 4411 Abrahar.

314 4457 332 4469 ‘
362 4466 373 4485 λ
448 4450 577 4529 ῃΔο
594 4450 847 4520 primum,
871 4449 926 4504 in
956 4464 1022 4505 eo
1050 4448 1191 4519 quod
1217 4448 1273 4503 in
1297 4448 1494 4505 Genesi
1518 4448 1775 4519 scriptum
1799 4455 1902 4515 est,
1934 4447 2085 4502 locu-

497 4550 614 4598 tum
644 4541 813 4597 Deum
839 4556 959 4597 cum
986 4541 1205 4597 homine
1228 4554 1387 4611 quem
1416 4538 1487 4595 de
1506 4538 1634 4594 limo
1654 4539 1901 4607 ﬁnxerat,
1928 4539 1972 4593 si
1993 4554 2087 4595 ex-

498 4641 653 4704 cepta
694 4633 916 4705 ﬁgurata
942 4631 1353 4704 signiﬁcatione,
1387 4639 1444 4686 ut
1467 4631 1546 4687 rei
1570 4639 1734 4701 gesta:
1764 4630 1896 4685 ﬁdes
1923 4632 2085 4686 etiam

447 4796 457 4809 ‘
497 4726 567 4782 ad
593 4726 825 4782 litteram
856 4735 1120 4789 teneatur,
1150 4725 1249 4780 ista
1281 4732 1591 4791 tractamus,
1619 4723 1672 4777 in
1701 4723 1879 4794 specie
1906 4722 2085 4777 homi-

495 4818 581 4874 nis
606 4818 817 4873 videtur
845 4818 987 4874 Deus
1010 4832 1133 4874 cum
1172 4816 1388 4872 homine
1411 4825 1537 4871 tunc
1563 4816 1792 4870 locutus.
1820 4813 1936 4868 Non
1965 4814 2089 4884 qui-

497 4910 620 4966 dem
645 4925 898 4981 expresse
924 4909 1028 4965 hoc
1067 4910 1121 4965 in
1159 4908 1299 4964 libro
1337 4909 1571 4979 positum
1601 4917 1701 4974 est,
1730 4906 1824 4961 sed
1856 4906 2089 4961 circum-

496 5007 690 5063 stantia
715 5006 962 5063 lectionis
984 5007 1000 5038 ⁸
1031 5005 1086 5061 id
1114 5013 1365 5073 resonat,
1395 5004 1626 5060 maxime
1667 5003 1755 5058 illo
1782 5002 1924 5074 quod
1949 5004 2087 5058 scri-

494 5108 646 5172 ptum
672 5109 770 5167 est,
795 5114 983 5156 vocem
1008 5098 1101 5155 Dei
1129 5098 1397 5154 audivisse
1417 5097 1585 5153 Adam
1615 5096 2005 5153 deambulantis
2033 5097 2089 5153 in

496 5192 743 5263 paradiso
762 5191 831 5247 ad
851 5207 1128 5262 vesperam
1148 5233 1163 5260 ,
1190 5200 1245 5248 et
1281 5189 1624 5247 abscondisse
1653 5202 1713 5244 se
1738 5188 1790 5242 in
1812 5188 1990 5244 medio
2019 5188 2086 5244 li-

497 5287 589 5357 gni
612 5285 755 5357 quod
779 5294 895 5341 erat
918 5287 973 5341 in
1001 5284 1269 5356 paradiso,
1286 5285 1501 5354 Deoque
1529 5279 1749 5345 dicenti,
1782 5279 1968 5349 Adam,
2002 5281 2088 5335 ubi

498 5380 589 5435 es?
616 5379 974 5449 respondisse,
997 5380 1181 5434 Audivi
1209 5394 1376 5434 uocem
1400 5387 1557 5441 tuam,
1592 5384 1641 5429 et
1681 5374 1921 5430 abscondi
1950 5391 2029 5429 me
2055 5390 2089 5429 a

500 5472 630 5546 {acie
660 5482 765 5538 tua,
786 5474 1025 5542 quoniam
1044 5472 1213 5527 nudus
1239 5488 1349 5525 sum
1379 5469 1529 5544 (Gen.
1552 5485 1630 5537 ιιι,
1653 5468 1828 5540 8-10).
1850 5468 2091 5535 Quomo-

503 5564 575 5620 do
602 5563 747 5619 enim
774 5564 941 5634 possit
966 5564 1034 5619 ad
1061 5564 1293 5619 litteram
1320 5563 1541 5633 intelligi
1566 5562 1686 5617 talis
1712 5561 1810 5617 Dei
1834 5560 2089 5617 deambu-

501 5658 632 5714 latio
656 5664 712 5713 et
736 5656 1036 5721 collocutio,
1068 5657 1169 5712 nisi
1197 5658 1251 5711 in
1279 5656 1461 5727 specie
1489 5657 1741 5725 humana,
1773 5670 1883 5711 non
1906 5654 2084 5711 video.

502 5748 688 5823 Neque
702 5750 847 5808 enim
867 5748 972 5805 dici
995 5758 1168 5819 potest
1187 5762 1372 5805 vocem
1392 5748 1560 5804 solam
1582 5749 1773 5806 factam
1794 5747 1885 5805 ubi
1904 5746 2089 5806 deam-

576 5880 592 5911 ¹
618 5888 737 5940 Ε.ὰὶιί
756 5922 773 5952 ,
798 5885 1074 5941 locutionis.
1102 5892 1159 5940 At
1186 5886 1315 5950 Mss.,

432 5963 455 5993 (

1580 366 1674 425 DE
1713 362 2103 434 TRINITATE,
2145 364 2205 423 S.
2247 365 2618 427 AUGUSTINI

3694 380 3806 440 856

2210 481 2420 539 bulasse
2444 482 2621 540 dictus
2644 491 2729 541 est
2755 483 2919 554 Deus,
2944 491 3041 541 aut
3061 500 3185 543 eum
3210 487 3303 560 qui
3341 487 3719 554 deambulabat
3745 500 3806 554 in

2211 573 2331 631 loco
2358 590 2462 630 non
2489 574 2653 632 fuisse
2677 576 2961 647 visibilem,
2984 592 3105 635 cum
3131 588 3186 636 et
3207 580 3379 638 Adam
3404 584 3547 641 dicat
3569 589 3715 659 quod
3737 604 3803 646 se

2209 666 2549 723 absconderit
2585 683 2618 723 a
2657 666 2793 725 facie
2822 668 2937 725 Dei.
2968 671 3099 738 Quis
3128 682 3243 728 erat
3283 689 3413 746 ergo
3448 677 3577 734 ille?
3618 691 3803 739 utrum

2209 757 2387 827 Pater,
2439 775 2509 815 an
2537 760 2731 830 Filius,
2782 778 2850 817 an
2878 763 3106 833 Spiritus
3144 768 3402 824 sanctus?
3445 772 3528 826 An
3576 776 3804 832 omnino

2211 850 2349 907 Deus
2373 851 2661 909 indiscrete
2692 854 2807 923 ipsa
2837 855 3068 911 Trinitas
3091 897 3106 922 ,
3137 857 3189 912 in
3217 856 3388 916 forma
3432 861 3663 920 hominis
3690 866 3801 923 bo.

2207 944 2337 1000 mini
2380 943 2734 1015 loquebatur?
2759 946 3040 1003 Contextio
3080 949 3295 1019 quidem
3337 952 3451 1022 ipsa
3502 956 3801 1029 Scriptum

2206 1047 2463 1105 nusquam
2491 1036 2718 1092 transire
2758 1039 2987 1094 sentitur
3022 1055 3052 1093 a
3083 1056 3311 1111 persona
3350 1044 3416 1099 ad
3454 1060 3742 1117 personam
3780 1071 3797 1108 :

2206 1126 2301 1217 sed
2334 1126 2425 1217 ille
2465 1128 2677 1185 videtur
2702 1129 2847 1201 loqui
2876 1131 2942 1186 ad
2974 1133 3202 1202 primum
3231 1134 3503 1193 hominem
3528 1140 3622 1217 qui
3648 1141 3803 1198 dice-

2204 1215 2314 1284 bat,
2338 1215 2462 1272 Fiat
2483 1219 2605 1284 lux,
2643 1229 2717 1289 et,
2740 1220 2863 1276 Fiat
2889 1223 3268 1292 ﬁrmamentum
3293 1226 3450 1299 (Gen.
3474 1246 3513 1296 ι,
3542 1215 3595 1299 3,
3627 1232 3709 1306 6),
3743 1243 3803 1291 et

2204 1318 2398 1366 caetera
2437 1325 2535 1381 per
2573 1312 2695 1367 illos
2732 1314 2970 1385 singulos
2999 1315 3144 1384 dies;
3177 1333 3335 1388 quem
3366 1320 3532 1376 Deum
3577 1323 3798 1382 Patrem

2204 1401 2443 1458 solemus
2468 1404 2748 1475 accipere,
2788 1406 3055 1464 dicentem
3100 1418 3157 1464 ut
3201 1410 3295 1467 ﬁat
3332 1413 3589 1485 quidquid
3616 1416 3800 1475 facere

2203 1493 2389 1548 voluit.
2435 1493 2624 1551 Omnia
2666 1498 2805 1553 enim
2853 1514 2949 1569 per
2987 1500 3221 1557 Verbum
3260 1518 3416 1560 suum
3457 1504 3616 1576 fecit,
3648 1509 3799 1579 quod

2204 1582 2437 1639 Verbum
2467 1585 2584 1655 ejus
2633 1587 2843 1644 unicum
2883 1589 3076 1645 Filium
3117 1592 3232 1662 ejus
3259 1595 3552 1651 secundum
3589 1608 3799 1655 rectam

2202 1673 2327 1730 ﬁdei
2347 1677 2584 1746 regulam
2611 1680 2875 1736 novimus.
2900 1680 2958 1737 Si
2979 1696 3107 1753 ergo
3130 1683 3272 1739 Deus
3294 1685 3453 1741 Pater
3478 1687 3690 1744 locutus
3710 1699 3799 1747 est

2201 1766 2268 1823 ad
2291 1768 2519 1838 primum
2544 1769 2836 1841 hominem,
2863 1784 2917 1828 et
2938 1774 3051 1843 ipse
3072 1775 3445 1833 deambulabat
3464 1779 3517 1834 in
3541 1782 3799 1850 paradiso

2200 1858 2268 1914 ad
2293 1874 2591 1932 vesperam,
2619 1871 2673 1918 et
2700 1863 2768 1918 ab
2791 1864 2907 1935 ejus
2934 1865 3071 1921 facie
3097 1882 3157 1922 se
3185 1868 3238 1923 in
3268 1869 3444 1924 medio
3471 1871 3599 1942 ligni
3625 1888 3793 1944 para-

2201 1950 2301 2005 disi
2329 1962 2576 2022 peccator
2602 1955 2954 2012 absconderat
2991 1974 3006 2013 :
3047 1973 3144 2013 cur
3166 1959 3275 2029 jam
3308 1975 3417 2016 non
3447 1962 3560 2032 ipse
3588 1964 3794 2021 intelli-

2200 2051 2354 2114 gatur
2378 2047 2686 2114 apparuisse
2712 2048 2941 2104 Abrahae
2970 2058 3024 2105 et
3048 2051 3245 2123 Moysi,
3273 2062 3329 2108 et
3351 2054 3544 2124 quibus
3577 2057 3752 2113 voluit
3771 2101 3789 2128 ,

2200 2144 2253 2190 et
2282 2136 2733 2206 quemadmodum
2762 2140 2943 2207 voluit,
2978 2157 3076 2212 per
3101 2145 3395 2214 subjectam
3422 2148 3522 2203 sibi
3547 2164 3797 2207 commu-

2199 2227 2417 2283 tabilem
2442 2238 2602 2300 atque
2626 2229 2890 2287 visibilem
2929 2244 3227 2291 creaturam
3250 2278 3265 2303 ,
3301 2253 3423 2293 cum
3454 2240 3565 2308 ipse
3594 2242 3646 2295 in
3675 2243 3797 2312 ipso

2198 2329 2358 2409 atque
2384 2322 2435 2376 in
2466 2322 2759 2378 substantia
2787 2340 2882 2379 sua
2911 2342 3013 2397 qua
3047 2338 3129 2382 est
3156 2328 3604 2387 incommutabilis
3628 2345 3795 2405 atque

2198 2411 2476 2468 invisibilis
2505 2416 2753 2470 maneat?
2796 2416 2904 2473 Sed
2934 2417 3048 2473 ﬁeri
3079 2420 3249 2489 potuit
3277 2429 3336 2475 ut
3372 2438 3407 2478 a
3449 2428 3685 2492 persona‘
3723 2426 3795 2482 ad

2201 2519 2487 2574 personam
2515 2507 2725 2565 occulte
2752 2509 3028 2581 Scriptura
3057 2513 3327 2581 transiret,
3352 2522 3544 2570 etcum
3568 2516 3793 2574 Patrem

2197 2596 2397 2654 dixisse
2428 2609 2716 2667 narrasset,
2749 2600 2872 2656 Fiat
2909 2604 3033 2671 lux,
3070 2613 3125 2660 et
3150 2613 3344 2661 caetera
3371 2622 3491 2677 quae
3531 2624 3629 2678 per
3653 2608 3794 2665 Ver-

2196 2690 2323 2746 bum
2366 2692 2557 2749 fecisse
2591 2705 3062 2765 commemoratur,
3093 2697 3205 2768 jam
3246 2698 3439 2753 Filium
3486 2700 3791 2758 indicaret‘

2197 2782 2339 2854 loqui
2360 2784 2425 2839 ad
2448 2786 2676 2855 primum
2703 2786 2995 2855 hominem,
3026 2804 3131 2843 non
3156 2799 3341 2860 aperte
3361 2790 3463 2846 hoc
3486 2793 3783 2863 explicans,

2197 2877 2291 2933 sed
2314 2878 2393 2933 eis
2422 2879 2512 2949 qui
2544 2888 2760 2949 possent
2779 2880 3182 2952 intelligendum
3212 2883 3483 2938 intimans.

2268 2973 2356 3029 i8.
2396 2972 2497 3041 Qui
2538 2989 2665 3043 ergo
2711 2973 2871 3030 habet
2920 2975 3095 3041 vires,
3146 2976 3340 3046 quibus
3378 2977 3481 3032 hoc
3516 2987 3791 3035 secretum

2194 3068 2365 3137 possit
2394 3066 2588 3121 mentis
2615 3067 2730 3122 acie
2769 3076 3086 3137 penetrare,
3118 3077 3177 3124 ut
3213 3069 3263 3125 ei
3293 3070 3493 3140 liquido
3532 3079 3794 3140 appareat

2193 3159 2278 3213 vel
2310 3172 2467 3228 posse
2501 3159 2662 3214 etiam
2700 3159 2915 3216 Patrem
2942 3203 2955 3227 ,
2983 3161 3067 3216 vel
3108 3176 3213 3216 non
3244 3178 3404 3232 posse
3432 3163 3537 3217 nisi
3567 3164 3785 3234 Filium,

2194 3257 2251 3306 et
2278 3248 2534 3321 Spiritum
2565 3259 2829 3321 sanctum,
2860 3268 2955 3323 per
2983 3261 3283 3308 creaturam
3306 3254 3569 3309 visibilem
3597 3255 3789 3310 huma-

2194 3343 2280 3398 nis
2304 3344 2474 3399 oculis
2511 3360 2790 3415 apparere,
2825 3355 3008 3416 pergat
3052 3346 3107 3400 in
3137 3345 3251 3401 haec
3279 3346 3583 3413 scrutanda,
3619 3348 3664 3402 si
3694 3363 3794 3418 po-

2197 3442 2340 3503 test,
2372 3436 2531 3491 etiam
2562 3436 2739 3491 verbis
2772 3436 3100 3492 enuntianda
3142 3446 3301 3508 atque
3340 3437 3619 3493 tractanda
3650 3456 3664 3493 :
3694 3454 3787 3495 res

2195 3535 2396 3596 tamen,
2429 3536 2683 3599 quantum
2709 3528 2776 3583 ad
2817 3528 2922 3584 hoc
2957 3528 3247 3599 Scripturae
3272 3531 3638 3587 testimonium
3672 3533 3794 3588 atti-

2196 3627 2308 3687 net,
2343 3619 2432 3675 ubi
2462 3619 2604 3675 Deus
2629 3635 2749 3675 cum
2779 3619 2996 3676 homine
3027 3621 3236 3676 locutus
3263 3628 3365 3687 est,
3394 3632 3655 3692 quantum
3684 3623 3795 3679 exi-

2194 3712 2355 3767 stimo
2380 3712 2586 3768 occulta
2625 3721 2708 3767 est
2748 3729 2762 3766 :
2810 3714 2931 3783 quia
2959 3714 3119 3769 etiam
3160 3722 3339 3769 utrum
3375 3715 3575 3771 soleret
3613 3716 3791 3772 Adam

2196 3805 2469 3875 corporeis
2490 3804 2659 3860 oculis
2680 3804 2847 3860 Deum
2871 3805 3075 3873 videre,
3102 3821 3208 3861 non
3236 3805 3514 3863 evidenter
3539 3818 3787 3878 apparet;

2194 3912 2315 3953 cum
2343 3896 2639 3968 praesertim
2684 3912 2876 3969 magna
2920 3897 2993 3951 sit
3027 3898 3271 3968 quaestio,
3303 3897 3605 3969 cujusmodi
3645 3899 3793 3955 oculi

2194 3992 2274 4048 eis
2296 3992 2465 4062 aperti
2494 3991 2714 4057 fuerint,
2743 3990 2956 4062 quando
2976 3991 3196 4046 vetitum
3222 3990 3401 4046 cibum
3438 3999 3795 4062 gustaverunt

2196 4082 2323 4157 (Id.
2348 4099 2427 4151 ιιι,
2470 4083 2542 4154 7)
2574 4100 2587 4136 :
2618 4082 2674 4137 hi
2704 4083 2848 4139 enim
2869 4124 2884 4151 ,
2923 4091 3208 4153 antequam
3247 4090 3589 4153 gustassent,
3618 4083 3796 4139 clausi

2194 4184 2369 4233 erant.
2413 4174 2545 4230 illud
2593 4185 2772 4232 tamen
2796 4177 2817 4208 ³
2847 4191 2951 4231 non
2980 4185 3187 4232 temere
3212 4176 3446 4232 dixerim
3466 4218 3480 4243 ,
3510 4176 3555 4230 si
3581 4177 3797 4245 paradi-

2194 4284 2313 4325 sum
2341 4268 2679 4339 corporalem
2710 4267 2992 4340 quemdam
3030 4267 3206 4323 locum
3240 4268 3327 4322 illa
3357 4265 3629 4337 Scriptura
3659 4267 3796 4321 insi.

2194 4373 2343 4431 nuat,
2375 4362 2722 4419 deambulare
2767 4360 2839 4416 ibi
2876 4361 3043 4415 Deum
3073 4360 3176 4416 nisi
3206 4361 3264 4415 in
3307 4360 3483 4431 aliqua
3525 4374 3795 4430 corporea

2192 4458 2363 4514 forma
2390 4457 2537 4512 nullo
2563 4455 2725 4511 modo
2749 4454 3006 4525 potuisse.
3036 4452 3169 4508 Nam
3192 4462 3246 4509 et
3270 4453 3409 4508 solas
3432 4466 3593 4507 voces
3619 4450 3798 4508 factas

2194 4567 2326 4623 quas
2354 4550 2562 4607 audiret
2585 4550 2768 4614 homo,
2794 4562 2893 4603 nec
2912 4547 3147 4618 aliquam
3174 4547 3399 4602 formam
3424 4545 3658 4613 videret,
3682 4546 3798 4601 dici

2194 4655 2368 4718 potest
2400 4664 2412 4700 :
2446 4661 2546 4701 nec
2570 4645 2691 4716 quia
2727 4644 2989 4713 scriptum
3029 4648 3147 4708 est,
3183 4639 3459 4694 Abscondit
3484 4656 3537 4693 se
3558 4639 3731 4693 Adam
3762 4655 3799 4692 a

2194 4738 2325 4809 facie
2343 4736 2473 4801 Dei;
2492 4736 2747 4791 continuo
2785 4735 3028 4805 sequitur
3047 4740 3107 4788 ut
3129 4731 3327 4786 soleret
3353 4728 3543 4784 faciem
3569 4729 3691 4799 ejus
3718 4730 3799 4784 vi-

2192 4830 2342 4886 dere.
2375 4828 2512 4897 Quid
2541 4828 2587 4881 si
2628 4827 2770 4881 enim
2807 4842 2913 4881 non
2943 4826 3159 4897 quidem
3198 4822 3378 4877 videre
3408 4822 3525 4891 ipse
3550 4829 3797 4891 poterat,

2193 4922 2286 4978 sed
2311 4920 2478 4977 videri
2510 4920 2626 4989 ipse
2650 4919 2919 4974 metuebat
2939 4918 3005 4973 ab
3029 4932 3095 4973 eo
3120 4920 3271 4987 cujus
3303 4928 3489 4972 vocem
3518 4913 3797 4979 audierat,

2193 5024 2248 5070 et
2284 5011 2674 5068 deambulantis
2708 5010 3047 5081 praesentiam
3084 5008 3366 5065 senserat?
3395 5003 3529 5063 Nam
3571 5014 3628 5058 et
3658 5003 3802 5059 Cain

2191 5107 2325 5163 dixit
2350 5106 2479 5173 Deo,
2511 5104 2556 5159 A
2581 5105 2711 5176 facie
2735 5114 2821 5158 tua
2849 5104 3157 5159 abscondam
3177 5119 3255 5157 me
3276 5101 3325 5175 (1
3333 5103 3386 5156 ά.
3416 5118 3489 5171 tv,
3521 5102 3611 5174 14)
3644 5114 3658 5154 :
3685 5113 3803 5156 nec

2193 5200 2314 5255 ideo
2342 5197 2497 5253 fateri
2534 5197 2795 5267 cogimur,
2827 5210 2952 5252 eum
2993 5196 3168 5251 solere
3210 5210 3434 5252 cernere
3465 5194 3655 5249 faciem
3692 5191 3803 5251 Dei

2194 5290 2467 5360 corporeis
2495 5288 2685 5355 oculis,
2714 5288 2767 5342 in
2796 5287 3033 5358 qualibet
3072 5285 3245 5341 forma
3272 5285 3469 5341 visibili
3492 5325 3508 5351 ,
3536 5287 3802 5356 quamvis

2194 5382 2261 5437 de
2314 5381 2551 5435 facinore
2596 5394 2695 5435 suo
2737 5392 2922 5433 vocem
2955 5378 3337 5450 interrogantis
3390 5392 3680 5447 secumque
3716 5377 3801 5432 io-

2195 5473 2407 5545 quentis
2435 5471 2693 5528 audisset.
2717 5470 3026 5542 Cujusmodi
3052 5479 3227 5526 autem
3255 5470 3465 5541 loquela
3492 5478 3620 5525 tunc
3640 5470 3802 5526 Deus

2194 5566 2547 5624 exterioribus
2575 5564 2851 5620 hominum
2891 5562 3109 5618 auribus
3133 5562 3429 5628 insonarct,
3456 5561 3691 5616 maxime
3722 5561 3803 5618 ad

2194 5660 2427 5732 primum
2457 5657 2730 5713 hominem
2772 5655 3021 5726 loquens,
3050 5662 3105 5709 et
3144 5653 3385 5710 invenire
3414 5652 3629 5709 difﬁcile
3652 5662 3750 5709 est
3778 5699 3798 5725 ,

2258 5816 2277 5849 ⁸
2310 5815 2385 5865 Sic
2404 5812 2630 5875 plerique
2650 5815 2843 5875 ttae/tt
2864 5808 2999 5871 editi,
3023 5821 3111 5875 per
3131 5806 3310 5863 Filium
3329 5805 3531 5862 indicat.

2258 5880 2282 5910 ι
2313 5871 2481 5928 Plures
2500 5871 2630 5940 Mss,
2655 5871 2779 5929 illud
2802 5876 3003 5926 tantm.
