4084 6458
251 448 356 509 857

251 573 305 622 et
327 577 440 618 non
469 558 574 616 hoc
591 558 696 614 isto
724 550 974 612 sermone
1001 547 1351 620 suscepimus.
1382 542 1762 600 Verumtamen
1791 534 1838 590 si

252 657 385 713 solre
411 667 572 709 voces
598 660 652 707 et
678 649 886 706 sonitus
927 645 1127 701 ﬂebant
1148 684 1164 708 ,
1195 640 1386 712 quibus
1412 634 1657 708 quaedam
1682 629 1843 688 sensi-

255 751 377 810 bilis
421 745 705 821 praascntia
742 743 833 798 Dei
871 739 1054 812 primis
1101 737 1207 791 illis
1243 731 1551 789 hominibus
1588 725 1846 798 praebere-

259 854 368 909 tur,
391 857 489 897 cur
517 840 592 895 ibi
634 850 916 909 personam
945 832 1041 888 Dei
1065 829 1238 887 Patris
1264 841 1371 883 non
1417 821 1710 892 intelligam
1746 832 1846 873 ne-

255 936 370 991 scio
393 954 406 988 :
429 929 858 1004 quandoquidem
889 937 1116 997 persona
1145 920 1260 992 ejus
1288 915 1591 974 ostenditur
1617 921 1672 968 et
1700 911 1752 965 in
1785 923 1847 965 ea

256 1041 416 1092 voce,
447 999 586 1080 cum
621 1021 778 1077 Jesus
808 1019 864 1072 in
897 1023 1080 1072 monte
1119 1025 1300 1069 coram
1349 1007 1522 1063 tribus
1569 999 1850 1072 discipulis

257 1090 584 1190 praefulgens
629 1109 873 1182 apparuit
921 1103 1150 1181 (Matth.
1196 1115 1348 1190 xvn,
1391 1096 1446 1168 5)
1475 1113 1489 1162 ;
1516 1103 1584 1190 et
1620 1090 1847 1190 lin‘illa,

260 1181 481 1279 quando
499 1181 677 1275 super,
689 1199 1014 1270 baptizatum
1033 1192 1276 1250 columba
1302 1185 1594 1279 descendit
1649 1181 1739 1279 Id.
1769 1195 1847 1248 ιιι,

262 1272 401 1369 i7);
429 1303 486 1352 et
521 1272 582 1350 in
625 1293 714 1366 illa
737 1289 830 1368 ubi
873 1288 940 1344 ad
993 1287 1203 1342 Patrem
1234 1281 1301 1338 de
1328 1294 1426 1336 sua
1469 1272 1852 1332 clariﬁcatione

262 1365 555 1454 clamavit,
601 1385 757 1455 eique
796 1365 1116 1452 responsum
1163 1381 1245 1431 est
1269 1415 1284 1442 ,
1331 1371 1400 1426 Et
1443 1365 1754 1436 clariﬁcaui,
1807 1371 1853 1418 et

262 1481 449 1534 iterum
479 1475 769 1546 clariﬁcabo
790 1473 980 1545 (Joan.
1008 1485 1104 1537 xu,
1132 1464 1262 1538 28).
1284 1463 1403 1520 Non
1441 1460 1564 1532 quia
1607 1458 1718 1513 ﬁeri
1761 1469 1855 1526 po-

264 1571 367 1624 tuit
395 1585 501 1625 vox
525 1569 640 1623 sine
673 1579 834 1636 opere
873 1562 995 1618 Filii
1031 1568 1087 1616 et
1123 1557 1353 1628 Spiritus
1383 1551 1552 1609 sancti
1581 1547 1852 1621 (Trinitas

264 1661 464 1732 quippe
513 1655 938 1728 inseparabiliter
967 1657 1220 1723 operatur
1258 1648 1314 1719 );
1361 1645 1456 1701 sed
1488 1643 1609 1713 quia
1636 1655 1700 1696 ea
1752 1653 1856 1694 vox

266 1754 403 1808 facta
440 1759 559 1817 est,
600 1763 718 1820 quae
761 1745 927 1802 solius
964 1755 1246 1815 personam
1278 1737 1450 1795 Patris
1499 1733 1805 1789 ostenderet
1839 1747 1854 1785 :

267 1845 407 1900 sicut
434 1843 722 1897 humanam
747 1838 894 1894 illam
925 1835 1149 1890 formam
1170 1847 1241 1888 ex
1265 1829 1470 1901 virgine
1496 1825 1658 1881 Maria
1684 1821 1861 1878 Trini-

270 1947 347 1992 tas
377 1944 599 2005 Operata
625 1941 727 2001 est,
754 1930 850 1987 sed
875 1929 1041 1985 solius
1062 1925 1182 1982 Filii
1204 1937 1428 1996 persona
1452 1927 1564 1985 est;
1595 1915 1860 1972 visibilem

270 2043 504 2098 namque
546 2025 668 2082 Filii
709 2024 876 2080 solius
921 2032 1243 2093 personam,
1300 2012 1582 2070 invisibilis
1628 2010 1863 2066 Trinitas

269 2129 496 2191 operata
523 2127 624 2174 est.
656 2116 764 2172 Nec
789 2129 890 2169 nos
919 2110 1114 2182 aliquid
1154 2106 1417 2179 prohibet,
1449 2104 1568 2160 illas
1595 2117 1756 2158 voces
1779 2099 1860 2156 fa-

272 2224 384 2269 ctas
407 2213 478 2267 ad
509 2211 699 2276 Adam,
749 2223 854 2263 non
888 2205 1059 2260 solum
1094 2218 1124 2257 a
1166 2199 1427 2256 Trinitate
1453 2196 1620 2252 factas
1664 2193 1864 2250 intelli-

272 2321 427 2378 gere,
455 2303 553 2360 sed
604 2302 762 2357 etiam
807 2309 1096 2370 personam
1141 2293 1574 2348 demonstrantes
1623 2285 1862 2357 ejusdem

274 2375 555 2452 Trinitatis
583 2393 842 2460 accipere.
871 2388 948 2444 lbi
975 2386 1120 2440 enim
1150 2382 1410 2453 cogimur,
1447 2378 1664 2434 nonnisi
1687 2375 1862 2431 Patris

276 2489 522 2558 accipere
544 2527 558 2552 ,
593 2485 677 2540 ubi
703 2483 900 2538 dictum
925 2488 1028 2547 est,
1060 2475 1162 2532 Hic
1195 2485 1266 2530 est
1293 2473 1462 2528 Filius
1482 2488 1618 2526 meus
1657 2470 1867 2524 dilectus

280 2580 299 2650 (
322 2578 617 2644 Matt/2.111,
660 2575 790 2646 i7).
834 2573 1016 2642 Neque
1061 2569 1206 2626 enim
1247 2566 1404 2623 Jcsus
1427 2565 1587 2620 etiam
1635 2563 1868 2632 Spiritus

279 2673 449 2729 sancti
501 2672 661 2737 ﬁlius,
690 2667 964 2723 autetiam
992 2679 1120 2721 suus
1145 2662 1285 2718 [ilius
1329 2657 1474 2715 credi
1518 2665 1610 2712 aut
1646 2655 1870 2726 intelligi

282 2773 478 2835 potest.
511 2763 580 2816 Et
604 2761 690 2816 ubi
724 2759 918 2827 sonuit,
947 2755 1016 2811 Et
1058 2752 1356 2824 clari/icavi,
1399 2759 1445 2805 et
1472 2750 1655 2804 iterum
1681 2747 1872 2816 clariﬁ-

283 2856 427 2919 cabo,
472 2852 683 2908 nonnisi
720 2850 892 2906 Patris
942 2860 1223 2918 personam
1272 2843 1520 2898 fatemur.
1575 2837 1872 2908 Responsio

285 2946 487 3017 quippe
513 2953 593 2999 est
618 2942 684 2997 ad
713 2941 857 2996 illam
881 2937 1088 2994 Domini
1110 2949 1296 2992 vocem
1317 2947 1418 3004 qua
1441 2931 1668 2995 dixerat,
1693 2928 1872 2995 Pater,

287 3037 518 3106 clariﬁca
560 3033 755 3088 Filium
796 3041 939 3086 tuum
968 3027 1150 3100 :quod
1196 3041 1303 3081 non
1353 3024 1527 3095 potuit
1561 3021 1741 3077 dicere
1774 3019 1877 3075 nisi

289 3131 404 3186 Deo
428 3128 571 3184 Patri
596 3135 801 3182 tantum
823 3167 838 3192 ,
867 3139 974 3180 non
1000 3132 1054 3178 et
1081 3120 1299 3192 Spiritui
1337 3127 1546 3184 sancto,
1577 3117 1731 3188 cujus
1769 3130 1876 3170 non

288 3231 402 3278 erat
429 3221 592 3276 iilius.
625 3219 722 3274 Hie
749 3225 925 3273 autem
954 3214 1046 3270 ubi
1088 3213 1343 3282 scriptum
1369 3218 1471 3277 est,
1521 3209 1590 3263 Et
1616 3208 1744 3262 dixit
1775 3206 1880 3262 Do-

289 3315 458 3369 minus
483 3311 622 3366 Deus
646 3311 713 3365 ad
741 3309 926 3375 Adam,
959 3322 1054 3364 cur
1082 3320 1188 3362 non
1210 3305 1325 3375 ipsa
1352 3301 1584 3358 Trinitas
1613 3301 1881 3373 intelliga-

291 3417 394 3476 tur,
439 3406 572 3461 nibil
597 3404 702 3460 dici
727 3412 919 3474 potest.

363 3502 454 3556 1⁸).
495 3497 751 3555 Similiter
787 3497 946 3552 etiam
993 3493 1134 3564 quod
1180 3492 1438 3562 scriptum
1488 3499 1600 3557 est,
1638 3489 1706 3545 Et
1753 3490 1884 3545 dixit

296 3593 545 3648 Dominus
580 3591 648 3644 ad
675 3588 932 3643 Abraham
960 3602 980 3641 :
1005 3585 1109 3640 Exi
1151 3585 1213 3640 de
1251 3594 1386 3640 terra
1435 3592 1522 3637 tua
1545 3624 1560 3650 ,
1603 3591 1650 3636 et
1693 3581 1756 3636 de
1796 3598 1883 3637 co-

296 3685 532 3757 gnatione
559 3691 648 3736 tua
666 3723 682 3750 ,
709 3689 754 3737 et
777 3681 841 3736 de
864 3680 1014 3734 domo
1041 3678 1199 3748 patris
1238 3677 1331 3742 tui,
1356 3690 1462 3731 non
1489 3681 1573 3730 est
1596 3682 1838 3744 apertum
1863 3715 1880 3743 ,

297 3786 474 3832 utrum
505 3776 618 3830 sola
645 3790 749 3829 vox
775 3773 909 3828 facta
941 3772 1010 3827 sit
1036 3771 1104 3826 ad
1134 3784 1292 3826 aures
1323 3768 1574 3835 Abrahae,
1608 3781 1677 3820 an
1701 3775 1756 3822 et
1782 3766 1885 3822 ali-

295 3872 423 3944 quid
463 3869 634 3925 oculis
678 3868 793 3939 ejus
839 3865 1162 3939 apparuerit.
1211 3864 1372 3919 Paulo
1416 3871 1537 3933 post
1576 3870 1754 3916 autem
1792 3860 1891 3916 ali-

297 3972 498 4035 quanto
536 3960 770 4031 apertius
819 3957 1019 4013 dictum
1075 3963 1177 4022 est,
1225 3953 1292 4008 Et
1334 3954 1468 4008 visus
1519 3961 1592 4008 est
1637 3951 1890 4009 Dominus

299 4053 549 4120 Abrahae,
583 4061 628 4106 et
672 4051 798 4105 dixit
840 4050 918 4104 illi
950 4065 968 4104 :
998 4047 1193 4104 Semini
1236 4056 1320 4101 tuo
1365 4045 1494 4100 dabo
1534 4054 1718 4100 terram
1761 4046 1892 4100 hanc

304 4146 458 4220 (Gen.
489 4161 587 4209 xu,
619 4145 672 4212 i,
705 4144 798 4214 7).
826 4141 932 4198 Sed
972 4155 1074 4196 nec
1116 4140 1188 4194 ibi
1231 4153 1541 4210 expressum
1573 4146 1676 4206 est,
1706 4139 1760 4193 in
1789 4153 1892 4209 qua

211 4233 222 4274 «⁵
301 4239 482 4310 specie
509 4238 654 4292 visus
699 4237 767 4290 sit
812 4236 862 4292 ei
911 4233 1202 4300 Dominus;
1243 4241 1331 4288 aut
1372 4241 1552 4288 utrum
1597 4232 1792 4300 Pater,
1825 4247 1893 4288 an

302 4331 494 4396 Filius,
518 4345 586 4385 an
617 4329 845 4400 Spiritus
875 4336 1090 4383 sanctus
1120 4327 1170 4382 ei
1197 4325 1343 4381 visus
1367 4326 1452 4380 sit.
1476 4325 1590 4381 Nisi
1614 4324 1750 4380 forte
1770 4325 1894 4381 ideo

305 4435 495 4497 putant
522 4425 715 4480 Filium
741 4425 912 4479 visum
936 4437 1055 4478 esse
1081 4420 1332 4488 Abrahae,
1364 4420 1486 4490 quia
1512 4435 1616 4475 non
1638 4420 1897 4490 scriptum

307 4531 425 4587 est,
458 4519 619 4575 Visus
655 4526 736 4574 est
762 4517 808 4572 ei
841 4517 1010 4582 Deus;
1052 4514 1181 4582 sed,
1237 4513 1383 4568 Visus
1429 4522 1500 4568 est
1540 4515 1585 4568 ei
1627 4513 1895 4569 Dominus.

311 4613 587 4683 Tanquam
618 4610 784 4686 enim.
809 4606 1024 4677 proprie
1068 4605 1278 4660 videtur
1317 4603 1484 4659 Filius
1527 4604 1783 4660 Dominus
1809 4619 1902 4661 vo-

311 4703 422 4759 cari
447 4744 462 4769 ,
495 4701 710 4756 dicente
738 4698 994 4770 Apostolo
1016 4739 1030 4763 ,
1074 4695 1214 4751 Nam
1242 4705 1289 4750 et
1326 4696 1370 4750 si
1400 4704 1515 4751 sunt
1550 4697 1636 4768 qui
1665 4697 1903 4752 dicuntur

315 4795 385 4848 dii
411 4795 515 4850 sive
540 4795 594 4848 in
622 4793 746 4847 coelo
767 4793 870 4846 sive
897 4792 951 4845 in
982 4801 1134 4856 terra,
1167 4789 1316 4844 siculi
1340 4799 1456 4843 sunt
1478 4790 1549 4844 dii
1577 4791 1721 4844 multi
1746 4800 1791 4845 et
1811 4791 1902 4846 do-

316 4886 439 4940 mini
468 4885 619 4939 multi
647 4900 665 4939 :
693 4883 834 4938 nobis
856 4893 1020 4937 tamen
1049 4899 1178 4937 unus
1202 4881 1340 4936 Deus
1369 4881 1546 4951 Pater,
1576 4900 1640 4938 ex
1666 4901 1763 4950 quo
1792 4901 1904 4938 om-

318 4980 421 5044 nia,
441 4989 486 5032 et
514 4995 605 5031 nos
628 4978 680 5031 in
707 4978 851 5048 ipso;
874 4986 920 5031 et
943 4993 1074 5030 unus
1102 4975 1348 5030 Dominus
1367 4974 1519 5031 Jesus
1541 4976 1786 5044 Christus,
1819 4995 1908 5049 per

318 5089 463 5144 quem
489 5072 681 5137 omnia,
705 5079 750 5124 et
791 5086 881 5124 nos
911 5085 998 5138 per
1035 5070 1200 5138 ipsum
1231 5067 1286 5140 (l
1312 5068 1428 5123 Cor.
1461 5085 1576 5136 vm,
1609 5069 1662 5135 5,
1687 5069 1774 5143 6).
1803 5071 1905 5127 Sed

321 5181 439 5219 cum
464 5174 518 5219 et
545 5163 686 5218 Deus
709 5163 865 5216 Pater
886 5160 1066 5214 multis
1097 5160 1224 5214 locis
1269 5160 1572 5215 inveniatur
1600 5161 1771 5217 dictus
1803 5164 1910 5219 Do-

322 5255 520 5322 minus,
552 5254 708 5308 sicuti
746 5261 828 5308 est
860 5251 1026 5318 illud,
1054 5249 1303 5305 Dominus
1337 5251 1464 5306 dixit
1496 5253 1564 5306 ad
1602 5270 1680 5307 me
1705 5271 1724 5309 :
1747 5254 1913 5311 Filius

323 5365 464 5401 meus
492 5363 544 5402 es
570 5357 644 5413 tu,
676 5362 769 5418 ego
794 5345 941 5399 hodie
968 5344 1116 5415 genui
1143 5352 1189 5398 te
1234 5345 1251 5414 (
1274 5343 1418 5399 Psal.
1450 5361 1508 5412 ιι,
1531 5347 1598 5415 7)
1621 5365 1634 5414 ;
1679 5356 1734 5402 ει
1760 5349 1910 5418 illud,

325 5439 469 5494 Dixit
495 5439 744 5493 Dominus
771 5437 989 5492 Domino
1020 5453 1128 5491 meo
1148 5452 1169 5492 :
1198 5437 1331 5492 Sede
1358 5437 1426 5490 ad
1467 5438 1720 5494 dexteram
1753 5459 1914 5498 meam

330 5530 500 5603 (Psat.
532 5545 641 5595 crx,
672 5530 738 5599 i)
774 5546 788 5583 :
820 5544 940 5585 eum
969 5529 1130 5584 etiam
1159 5528 1385 5598 Spiritus
1416 5542 1630 5586 sanctus
1663 5535 1916 5591 Dominus

328 5623 505 5678 dictus
530 5620 830 5676 inveniatur
849 5661 864 5686 ,
889 5621 978 5675 ubi
1021 5621 1306 5690 Apostolus
1333 5623 1440 5687 ait,
1485 5622 1729 5680 Dominus
1750 5634 1916 5682 autem

329 5714 561 5786 Spiritus
587 5721 696 5778 est;
719 5720 774 5766 et
811 5727 881 5768 ne
918 5711 1197 5783 quisquam
1228 5713 1574 5768 arbitraretur
1611 5713 1803 5772 Filium
1845 5719 1919 5774 si-

331 5802 659 5877 gniﬁcatum',
692 5811 748 5860 et
774 5802 894 5859 ideo
919 5801 1118 5859 dictum
1148 5803 1393 5874 Spiritum
1432 5814 1648 5876 pr0pter
1674 5806 1920 5880 incorpo-

334 5904 487 5956 ream
509 5895 884 5967 substantiam,
912 5904 1126 5956 secutus
1149 5897 1443 5972 contexuit,
1475 5898 1575 5958 Ubi
1595 5909 1762 5961 autem
1788 5901 1919 5978 Spi-

1587 420 1796 482 LIBER
1833 415 2212 476 SECUNDUS.

3425 413 3534 471 858

1948 532 2078 586 ritus
2103 531 2351 599 Domini,
2377 531 2447 587 ibi
2487 529 2688 586 libertas
2714 527 2793 603 (Il
2837 528 2954 586 Cor.
2983 544 3075 597 ιιι,
3105 529 3172 584 17
3192 527 3250 600 );
3279 528 3532 600 Spiritum

1949 633 2128 681 autem
2151 626 2361 681 Domini
2384 625 2639 697 Spiritum
2664 632 2906 680 sanctum
2933 637 3052 680 esse
3064 638 3238 702 _nemo
3261 622 3537 679 dubitave-

1951 718 2021 773 rit
2047 735 2061 773 :
2086 733 2258 790 neque
2297 719 2383 775 hic
2425 734 2552 791 ergo
2581 719 2857 776 evidenter
2885 727 3121 788 apparet,
3155 727 3336 772 utrum
3361 717 3538 789 aliqua

1951 825 2018 866 ex
2046 811 2306 867 Trinitate
2332 825 2558 882 persona
2583 853 2598 879 ,
2626 826 2695 866 an
2721 812 2860 866 Deus
2900 809 3016 880 ipse
3040 810 3271 864 Trinitas
3294 851 3310 874 ,
3338 809 3405 866 de
3433 824 3541 880 quo

1953 920 2060 961 uno
2083 905 2192 961 Deo
2214 905 2415 961 dictum
2440 913 2521 961 est
2544 947 2560 972 ,
2590 904 2863 960 Dominum
2904 904 3066 958 Deum
3101 913 3244 958 tuum
3267 905 3503 959 adorabis
3526 945 3542 972 ,

1955 1006 2002 1052 et
2028 997 2107 1052 illi
2126 998 2221 1052 soli
2240 998 2418 1053 servies
2447 997 2635 1068 (Deut.
2666 1013 2737 1060 Vl,
2765 998 2832 1051 15
2853 997 2892 1068 ),
2916 997 3061 1050 visus
3102 995 3264 1050 fuerit
3286 997 3542 1051 Abralt:e.

1957 1087 2068 1144 Sub
2099 1088 2220 1144 ilice
2262 1096 2437 1144 autem
2479 1087 2716 1143 Mambrc
2759 1096 2866 1143 tres
2896 1088 3037 1142 viros
3065 1087 3235 1154 vidit,
3276 1087 3467 1158 quibus
3493 1095 3548 1142 et

1956 1180 2190 1236 invitatis
2211 1180 2548 1250 hospitioque
2568 1178 2830 1248 susceptis
2855 1186 2909 1234 et
2931 1179 3266 1248 epulantibus
3285 1180 3548 1234 ministra-

1956 1271 2050 1327 vit.
2083 1270 2171 1327 Sic
2197 1279 2374 1327 tamen
2417 1271 2689 1342 Scriptura
2731 1271 2874 1325 illam
2920 1285 3030 1325 rem
3065 1279 3283 1344 gestam
3327 1285 3548 1326 narrare

1958 1366 2140 1436 coepit,
2171 1373 2229 1420 ut
2253 1380 2358 1420 non
2385 1365 2545 1430 dicat,
2576 1363 2688 1420 Visi
2714 1371 2839 1419 sunt
2859 1365 2908 1418 ei
2936 1371 3046 1418 tres
3065 1363 3204 1428 viri;
3246 1363 3362 1428 sed,
3400 1361 3550 1418 Visus

1957 1466 2031 1513 est
2068 1457 2115 1513 ei
2157 1457 2425 1510 Dominus.
2471 1457 2660 1538 atque-
2685 1455 2810 1510 inde
2857 1463 3248 1525 consequenter
3277 1469 3550 1525 exponens
3699 1435 3704 1438 ’

1961 1547 2228 1620 quomodo
2253 1549 2302 1603 ei
2329 1548 2474 1602 visus
2517 1547 2587 1602 sit
2634 1547 2891 1602 Dominus
2913 1588 2930 1615 ,
2957 1547 3145 1602 attexit
3191 1547 3548 1619 narrationem

1961 1639 2029 1697 de
2057 1640 2227 1696 tribus
2256 1639 2383 1694 viris
2405 1679 2421 1706 ,
2453 1653 2586 1708 quos
2614 1637 2882 1692 Abraham
2929 1653 3023 1708 per
3064 1638 3327 1709 pluralem
3366 1652 3552 1692 nume-

1961 1749 2082 1789 rum
2108 1732 2294 1787 invitat
2319 1774 2334 1799 ,
2364 1740 2422 1786 ut
2444 1731 2675 1801 hospitio
2703 1730 2996 1800 suscipiat;
3025 1738 3078 1786 et
3105 1739 3287 1800 postea
3313 1730 3553 1800 singula-

1965 1826 2098 1880 riter
2122 1825 2258 1880 sicnt
2291 1839 2452 1878 unum
2479 1821 2768 1893 alloquitur
2792 1839 2806 1887 ;
2848 1829 2902 1876 et
2925 1821 3064 1876 sicut
3094 1837 3230 1876 unus
3255 1821 3305 1874 ei
3331 1820 3398 1874 de
3423 1820 3554 1875 Sara

1966 1919 2135 1974 illium
2177 1918 2498 1988 pollicetur,
2532 1931 2694 1987 quem
2736 1915 3020 1969 Dominum
3068 1913 3197 1969 dicit
3241 1913 3553 1984 Scriptura,

1968 2013 2106 2067 sicut
2126 2011 2176 2065 in
2200 2009 2441 2080 ejusdem
2465 2009 2788 2063 narrationis
2806 2006 3046 2072 exordio,
3080 2005 3230 2060 Visus
3251 2015 3344 2068 est,
3366 2004 3555 2074 inquit,

1968 2105 2218 2160 Dominus
2260 2103 2494 2158 Abralue.
2542 2102 2733 2157 invitat
2767 2116 2936 2172 ergo,
2979 2109 3034 2156 et
3073 2100 3236 2170 pedes
3279 2099 3458 2166 lavat,
3505 2106 3559 2154 et

1968 2197 2184 2254 deducit
2208 2196 2466 2252 abeuntes
2506 2204 2752 2266 tanquam
2795 2193 3040 2249 homines
3073 2210 3087 2248 :
3119 2192 3354 2262 loquitur
3378 2201 3558 2247 autem

1970 2301 2222 2362 tanquam
2249 2306 2367 2345 cum
2394 2289 2621 2344 Domino
2667 2288 2778 2343 Deo
2802 2329 2817 2355 ,
2849 2301 2962 2342 sive
3003 2300 3124 2340 cum
3151 2285 3200 2340 ei
3233 2283 3560 2354 promittitur

1972 2385 2115 2440 ﬁlius
2140 2427 2156 2452 ,
2185 2385 2297 2438 sive
2322 2398 2445 2438 cum
2474 2383 2524 2438 ei
2551 2380 2801 2438 Sodomis
2825 2377 3110 2434 imminens
3148 2376 3393 2435 interitus
3426 2373 3563 2429 indi-

1972 2485 2123 2533 catur
2153 2475 2173 2550 (
2197 2475 2323 2530 Gen.
2354 2491 2485 2530 xvtn
2500 2475 2541 2545 ).
2857 2471 2860 2475 ’

2044 2570 2267 2628 CAPUT
2305 2570 2399 2625 XI.
2427 2599 2498 2610 ——
2521 2567 2613 2624 20.
2637 2567 2716 2622 De
2745 2565 2923 2623 eadem
2947 2565 3156 2620 uisione.
3185 2563 3303 2619 Non
3345 2574 3564 2633 parvam

1974 2679 2146 2734 neque
2214 2662 2576 2717 transitoriam
2639 2659 3122 2716 considerationem
3175 2654 3410 2726 postulat
3462 2653 3566 2708 iste

1975 2756 2265 2826 Scripturae
2290 2756 2458 2810 locus.
2490 2753 2547 2809 Si
2571 2753 2717 2808 enim
2748 2752 2828 2805 vir
2859 2765 2994 2804 unus
3021 2750 3168 2803 visus
3201 2747 3422 2811 fuisset,
3447 2745 3562 2815 jam

1977 2848 2052 2903 illi
2094 2848 2184 2918 qui
2229 2846 2416 2901 dicunt
2449 2855 2506 2901 et
2538 2845 2846 2915 priusquam
2896 2843 2964 2898 de
2991 2842 3208 2911 Virgine
3247 2844 3559 2893 nasceretur

1980 2955 2076 3010 per
2121 2954 2273 2994 suam
2319 2937 2671 2993 substantiam
2709 2935 2972 2990 visibilem
3011 2934 3238 2999 Filium,
3270 2930 3396 3001 quid
3425 2927 3569 2983 aliud

1980 3046 2138 3103 quam
2165 3031 2336 3102 ipsum
2365 3043 2486 3085 esse
2507 3027 2834 3090 clamarent?
2863 3025 3133 3093 Quoniam
3174 3023 3242 3078 de
3269 3023 3449 3087 Patre,
3484 3020 3569 3074 in-

1981 3123 2186 3195 quiunt,
2216 3122 2416 3176 dictum
2456 3130 2537 3174 est
2557 3163 2572 3186 ,
2603 3118 2853 3173 Invisibili
2889 3118 2985 3172 soli
3014 3116 3124 3170 Deo
3151 3114 3194 3186 (l
3223 3113 3356 3168 Tim.
3380 3129 3419 3179 ι,
3452 3109 3568 3185 i7).

1983 3215 2053 3272 Et
2082 3225 2257 3271 tamen
2277 3228 2490 3286 possem
2516 3209 2689 3266 adhuc
2708 3225 2968 3280 quaerere,
2997 3206 3266 3279 quomodo
3291 3213 3416 3261 ante
3444 3217 3569 3259 sus-

1983 3315 2194 3378 ceptam
2222 3321 2468 3371 carnem,
2495 3303 2670 3358 habitu
2713 3311 2786 3372 est
2834 3288 3062 3356 inventus
3094 3309 3146 3352 ut
3183 3301 3367 3352 homo:
3391 3311 3566 3367 quan-

1985 3399 2268 3471 doquidem
2299 3399 2350 3454 ei
2375 3397 2539 3468 pedes
2564 3397 2656 3452 loti
2683 3403 2828 3461 sunt,
2856 3404 2910 3450 et
2929 3392 3176 3448 humanis
3201 3391 3372 3462 epulis
3393 3390 3577 3459 epula-

1989 3502 2074 3548 tus
2100 3493 2216 3547 est?
2240 3477 2517 3557 Quomodo
2557 3487 2698 3543 istud
2735 3485 2853 3542 fieri
2874 3493 3115 3556 poterat,
3143 3497 3264 3539 cum
3303 3481 3478 3536 adhuc
3519 3481 3569 3536 in

1988 3585 2154 3655 forma
2184 3582 2279 3636 Dei
2308 3589 2454 3647 esset,
2501 3597 2604 3634 non
2628 3579 2864 3650 rapinam
2903 3577 3175 3630 arbitratus
3221 3589 3327 3628 esse
3367 3571 3572 3644 (aqualis

1987 3675 2139 3731 Deo?
2164 3672 2430 3744 Numquid
2457 3673 2598 3726 enim
2615 3671 2725 3742 jam
2746 3669 3068 3738 semetipsum
3092 3666 3424 3729 exinanierat,
3457 3667 3570 3735 for-

1991 3786 2126 3824 mam
2151 3767 2280 3822 serui
2307 3765 2560 3836 accipiens
2586 3804 2600 3830 ,
2632 3764 2686 3816 in
2718 3761 3046 3817 similitudine
3072 3759 3333 3813 hominum
3373 3755 3539 3826 factus
3557 3796 3572 3820 ,

1991 3873 2040 3920 et
2060 3862 2232 3916 habitu
2261 3861 2488 3914 inventus
2513 3866 2566 3910 ut
2583 3857 2730 3910 hamo
2761 3852 3016 3926 (Philipp.
3046 3867 3103 3918 ιι,
3127 3851 3180 3918 6,
3215 3850 3444 3919 7)?cum
3477 3845 3582 3901 hoc

1994 3953 2206 4023 quando
2237 3951 2423 4008 fecerit
2448 3963 2546 4019 per
2579 3957 2788 4018 partum
2813 3944 3043 4016 Virginis
3083 3942 3409 3998 noverimus.
3437 3939 3585 4007 Quo-

1993 4047 2154 4103 modo
2173 4047 2332 4117 igitur
2360 4053 2644 4115 antequam
2671 4041 2773 4096 hoc
2802 4039 3037 4105 fecisset,
3067 4046 3127 4117 ut
3145 4037 3228 4092 vir
3253 4049 3390 4091 unus
3417 4048 3585 4104 appa-

1996 4141 2102 4196 ruit
2121 4113 2389 4194 Abrahae?
2409 4113 2628 4192 An'illa
2671 4134 2839 4190 forma
2864 4147 2989 4187 vera
3029 4113 3136 4185 no'n
3180 4128 3333 4184 erat?
3360 4127 3584 4182 Possem

1998 4233 2098 4288 ista
2125 4245 2388 4303 qumrere,
2411 4229 2457 4284 si
2487 4229 2571 4283 vir
2610 4242 2748 4282 unus
2775 4224 3108 4296 apparuisset
3129 4220 3379 4286 Abrahae,
3413 4219 3586 4273 idem-

2000 4340 2106 4396 que
2145 4323 2242 4379 Dei
2285 4321 2455 4376 Filius
2493 4319 2825 4375 crederetur.
2865 4316 2995 4372 Cum
3031 4328 3161 4370 vero
3209 4321 3319 4366 tres
3356 4309 3454 4365 viri
3493 4307 3593 4362 visi

2001 4425 2146 4484 sunt,
2180 4429 2280 4470 nec
2308 4413 2589 4484 quisquam
2621 4411 2675 4464 in
2707 4410 2783 4465 eis
2829 4407 2913 4463 vel
2944 4407 3112 4462 forma
3138 4447 3152 4472 ,
3183 4404 3270 4458 vel
3297 4410 3474 4466 aetate,
3504 4397 3592 4453 vel

2003 4515 2265 4581 potestate
2294 4505 2466 4575 major
2493 4503 2704 4580 caeteris
2733 4501 2907 4556 dictus
2926 4508 3041 4564 est;
3072 4514 3166 4553 cur
3199 4511 3307 4551 non
3338 4494 3424 4548 hic
3451 4492 3596 4547 acci-

2003 4601 2212 4672 piamus
2236 4596 2519 4652 visibiliter
2539 4595 2859 4649 insinuatam
2886 4607 2980 4661 per
3007 4597 3305 4646 creaturam
3324 4585 3588 4641 visibilem
3663 4647 3673 4657 κ

2005 4669 2284 4747 Trinitatis
2313 4686 2692 4758 mqualitatem,
2725 4693 2885 4754 atque
2904 4683 2956 4738 in
2977 4681 3149 4738 tribus
3170 4678 3416 4751 personis
3436 4688 3598 4729 unam
3671 4669 3694 4692 “

2009 4781 2360 4850 eamdemque
2390 4772 2824 4834 substantiam?‘
2839 4797 2854 4802 -

2078 4875 2168 4928 2|.
2198 4871 2333 4927 Nam
2363 4885 2428 4925 ne
2453 4872 2731 4940 quisquam
2764 4873 2970 4937 putaret
2995 4865 3072 4918 sic
3098 4851 3590 4923 intimaturrﬁunum

2011 4967 2065 5022 in
2105 4965 2274 5020 tribus
2316 4961 2479 5017 fuisse
2520 4960 2806 5030 majorem,
2843 4966 2898 5013 et
2931 4970 3050 5011 eum
3077 4953 3358 5009 Dominum
3391 4948 3486 5004 Dei
3515 4947 3606 5002 Fi-

2013 5058 2144 5113 lium
2170 5053 2571 5126 intelligendum
2595 5094 2608 5120 ,
2638 5053 2772 5108 duos
2801 5059 2978 5105 autem
3004 5048 3136 5101 alios
3164 5044 3378 5116 angelos
3402 5041 3519 5112 ejus
3547 5044 3564 5074 ¹
3585 5079 3603 5105 ,

2013 5152 2137 5222 quia
2180 5163 2302 5204 cum
2347 5158 2456 5202 tres
2501 5146 2600 5200 visi
2645 5145 2784 5209 sint,
2830 5143 2920 5197 uni
2965 5141 3188 5196 Domino
3231 5137 3337 5192 illic
3377 5135 3608 5206 loquitur

2016 5241 2285 5298 Abraham
2314 5256 2330 5306 ;
2373 5247 2555 5294 sancta
2592 5237 2862 5306 Scriptura
2901 5235 3090 5290 futuris
3120 5232 3312 5288 talibus
3337 5228 3610 5308 cogitatio-

2018 5321 2184 5391 nibus.
2202 5342 2360 5404 atque
2389 5329 2725 5404 opinionibus
2750 5325 3162 5383 contradicendo
3183 5339 3290 5380 non
3310 5319 3611 5395 praetermi-

2019 5427 2089 5484 sit
2129 5440 2444 5490 occurrere,
2489 5422 2701 5494 quando
2741 5421 2899 5492 paulo
2925 5430 3044 5492 post
3072 5420 3205 5476 duos
3229 5419 3448 5490 angelos
3483 5415 3615 5471 dicit

2020 5520 2231 5575 venisse
2270 5517 2337 5572 ad
2383 5516 2551 5582 Loth,
2598 5515 2649 5570 in
2696 5513 2888 5585 quibus
2931 5521 2985 5569 et
3010 5512 3100 5567 ille
3125 5512 3207 5568 vir
3229 5511 3403 5581 justus
3429 5508 3516 5580 qui
3546 5506 3618 5564 de

2022 5613 2375 5669 Sodomorum
2417 5607 2662 5664 incendio
2707 5608 2904 5663 meruit
2945 5606 3188 5672 liberari,
3219 5603 3287 5661 ad
3316 5617 3481 5658 unum
3516 5600 3619 5656 Do-

2023 5705 2228 5761 minum
2257 5702 2508 5774 loquitur.
2540 5699 2627 5757 Sic
2652 5701 2794 5757 enim
2822 5699 3060 5770 sequitur
3085 5698 3359 5768 Scriptura
3388 5696 3570 5751 dicens
3599 5709 3615 5748 :

2023 5799 2159 5856 Abiit
2201 5808 2370 5854 autem
2410 5797 2658 5852 Dominus
2727 5805 2993 5870 postquam
3037 5793 3245 5850 cessauit
3285 5792 3491 5863 loquens
3551 5787 3621 5843 ad

2091 5918 2110 5950 ⁸
2145 5914 2369 5982 Plerique
2389 5921 2519 5980 Issa
2544 5915 2665 5973 duos
2680 5923 2840 5972 autem
2859 5915 2968 5974 illos
2990 5911 3184 5983 arrectos
3205 5908 3329 5976 ejus.
