4084 6450
464 369 565 427 859

464 481 721 538 Abraham
740 518 754 544 ,
785 484 832 530 et
857 472 1107 528 Abrabam
1132 483 1355 524 reversus
1374 471 1444 519 est
1467 462 1535 516 ad
1560 463 1724 516 locum
1745 477 1911 514 suum.

529 555 754 626 CAPUT
769 564 961 622 Xll.-—
972 562 1109 615 Visio
1122 558 1250 612 Loth
1273 554 1616 610 excutitur.——
1628 551 1876 604 Venerunt
1888 558 2053 602 autent

467 667 567 721 duo
605 661 774 733 angeli
815 658 867 712 in
894 653 1130 716 Sodomis
1155 664 1371 718 vespere.
1403 645 1499 700 Hic
1527 645 1777 698 attentius
1806 640 2052 698 conside-

467 753 691 810 randum
717 756 832 812 est,
857 743 996 815 quod
1023 738 1303 795 ostendere
1327 735 1549 790 institui.
1566 733 1696 789 Cum
1720 733 1888 786 tribus
1914 739 2057 784 certe

469 844 784 914 loquebatur
829 833 1126 896 Abraham,
1169 838 1218 882 et
1259 844 1378 882 eum
1409 826 1689 880 Dominum
1721 822 2060 892 singulariter

470 911 770 1009 appellavit.
821 929 978 983 Forte
1022 922 1191 992 inquit
1235 918 1423 988 aliquis
1465 919 1482 949 ¹
1531 934 1543 971 :
1586 915 1760 1009 Unum
1797 911 2060 1009 extribus

471 1004 788 1098 agnoscebat
835 1018 1114 1073 Dominum
1164 1029 1177 1078 ;
1226 1013 1357 1065 alios
1403 1020 1578 1062 autem
1632 1007 1796 1067 duos,
1847 1004 2061 1072 angelos

472 1095 606 1186 eius.
655 1112 796 1179 Quid
838 1109 938 1165 sibi
984 1120 1111 1175 ergo
1151 1103 1299 1167 vult,
1343 1100 1482 1170 quod
1526 1104 1913 1166 consequenter
1939 1095 2062 1147 dicit

472 1210 741 1277 Scriptura
765 1245 780 1270 ,
823 1201 956 1255 Abiit
989 1207 1153 1252 autem
1191 1195 1438 1249 Dominus
1466 1201 1726 1261 postquam
1749 1189 1956 1243 cessavit
1988 1186 2054 1240 lo-

471 1316 627 1374 quens
663 1298 730 1350 ad
757 1295 1043 1354 Abraham,
1077 1300 1121 1344 et
1152 1289 1405 1342 Abraham
1438 1301 1661 1339 reversus
1697 1291 1769 1336 est
1805 1284 1870 1334 ad
1905 1281 2067 1374 locum

473 1370 622 1446 suum
651 1404 669 1443 :
697 1393 935 1441 venerunt
972 1392 1136 1435 autem
1163 1379 1262 1432 duo
1289 1377 1454 1446 angeli
1481 1377 1533 1429 in
1562 1375 1797 1430 Sodomis
1827 1370 2066 1440 vespere?

478 1488 556 1538 An
589 1482 722 1536 forte
751 1480 837 1532 ille
865 1491 1000 1530 unus
1023 1475 1388 1534 abscesserat,
1415 1469 1500 1538 qui
1530 1468 1781 1522 Dominus
1810 1480 2066 1534 agnosce-

478 1578 634 1630 batur
661 1574 712 1628 in
746 1572 913 1626 tribus
940 1612 952 1634 ,
976 1577 1029 1622 et
1054 1567 1188 1620 duos
1213 1563 1427 1634 angelos
1457 1562 1543 1630 qui
1570 1576 1688 1614 cum
1719 1561 1808 1613 illo
1829 1565 1978 1613 eram
2004 1557 2068 1612 ad

477 1661 838 1719 consumenda
863 1660 1082 1714 miserat
1107 1653 1385 1711 Sodoma?
1414 1652 1555 1720 Ergo
1586 1649 1857 1719 sequentia
1889 1646 2070 1703 videa-

478 1772 613 1813 mus.
650 1755 934 1818 Venerunt,
961 1750 1130 1819 inquit
1153 1789 1168 1814 ,
1194 1747 1294 1800 duo
1321 1745 1487 1814 angeli
1511 1744 1563 1796 in
1590 1741 1828 1797 Sodomis
1849 1755 2068 1808 vespere.

480 1851 609 1904 Loth
639 1856 801 1901 autem
831 1844 1030 1898 sedebat
1059 1840 1125 1892 ad
1155 1847 1348 1910 portam
1378 1835 1735 1889 Sodomorum.
1771 1831 1835 1885 Et
1861 1847 1972 1885 cum
1994 1829 2073 1882 vi-

481 1944 632 1996 disset
666 1955 748 1993 eos
786 1935 918 1988 Loth
939 1976 951 1996 ,
990 1932 1206 1986 surrexit
1242 1929 1295 1980 in
1320 1927 1510 1978 obviam
1535 1925 1638 1977 illis
1659 1965 1671 1986 ,
1700 1934 1746 1977 et
1770 1922 1994 1976 adoravit
2021 1921 2073 1974 in

481 2035 662 2106 faciem
695 2046 846 2099 super
876 2037 1059 2080 terram
1080 2066 1094 2090 ,
1119 2031 1167 2076 et
1194 2022 1318 2075 dixit
1344 2035 1361 2074 :
1388 2018 1518 2072 Ecce
1540 2059 1555 2083 ,
1589 2017 1778 2070 domini
1803 2057 1816 2080 ,
1849 2015 2076 2071 divertite

479 2142 533 2179 tn
577 2124 778 2178 domum
831 2117 970 2188 pueri
1010 2115 1176 2168 vestri.
1220 2111 1317 2166 Hic
1356 2109 1689 2164 manifestum
1717 2121 1832 2174 est,
1865 2116 1919 2161 et
1943 2107 2076 2161 duos

479 2216 697 2291 angelos
741 2211 903 2265 fuisse
927 2249 942 2275 ,
984 2216 1036 2262 et
1081 2207 1132 2260 in
1173 2203 1456 2274 hospitium
1489 2201 1757 2270 pluraliter
1787 2200 2068 2264 invitatos,

480 2317 535 2361 et
567 2290 868 2358 honoriﬁce
891 2299 1186 2369 appellatos
1211 2295 1455 2350 dominos
1480 2334 1493 2358 ,
1516 2309 1636 2347 cum
1658 2291 1883 2346 fortasse
1904 2290 2075 2344 homi-

483 2414 580 2453 nes
608 2401 932 2465 putarentur.

551 2491 641 2544 23.
673 2488 775 2544 Sed
807 2501 1015 2540 rursum
1053 2490 1256 2548 movet,
1288 2481 1408 2550 quia
1440 2479 1539 2533 nisi
1568 2478 1739 2548 angeli
1765 2477 1856 2531 Dei
1883 2490 2078 2546 cogno-

479 2591 776 2644 sectentur,
811 2594 916 2632 non
947 2577 1196 2630 adoraret
1222 2573 1358 2628 Loth
1385 2573 1437 2627 in
1465 2571 1649 2625 faciem
1671 2587 1830 2639 super
1855 2579 2071 2625 terram.

479 2671 587 2727 Cur
627 2686 755 2739 ergo
798 2677 1044 2738 tanquam
1088 2665 1178 2720 tali
1219 2663 1546 2718 humanitate
1585 2661 1975 2729 indigentibus,
2024 2669 2077 2714 et

481 2764 768 2834 hospitium
813 2760 1083 2830 praebetur
1119 2766 1174 2812 et
1209 2757 1420 2811 victus?
1455 2754 1559 2810 Sed
1586 2753 1860 2825 quodlibet
1890 2753 1975 2808 hic
1999 2753 2076 2806 la-

481 2865 627 2923 teat,
676 2853 803 2908 illud
837 2867 975 2908 nunc
1013 2849 1154 2920 quod
1198 2849 1524 2916 suscepimus
1561 2861 1935 2916 exsequamur.
1963 2847 2077 2900 Duo

482 2953 774 3015 apparent,
824 2943 997 3012 angeli
1032 2940 1190 2995 ambo
1217 2939 1464 2993 dicuntur
1478 2939 1520 3004 ³,
1548 2937 1820 3006 pluraliter
1847 2937 2074 3008 invitan-

482 3047 597 3104 tur,
640 3046 888 3106 tanquam
927 3051 1049 3089 cum
1078 3032 1285 3087 duobus
1312 3030 1585 3100 pluraliter
1611 3030 1872 3098 loquitur,
1905 3029 2077 3084 donec

483 3138 704 3190 exestur
745 3142 776 3180 a
818 3125 1085 3180 Sodomis.
1131 3123 1331 3176 Deinde
1357 3122 1595 3191 sequitur
1621 3121 1894 3190 Scriptura
1922 3130 1969 3176 el
1998 3122 2078 3174 di-

483 3219 556 3272 cit
583 3235 596 3271 :
634 3217 696 3270 Et
725 3221 915 3285 factum
938 3224 1009 3270 est
1037 3225 1300 3284 postquam
1325 3212 1604 3267 eduxerunt
1631 3228 1714 3265 eos
1734 3217 1870 3283 foras
1889 3252 1903 3276 ,
1933 3212 2075 3266 diate-

481 3293 601 3364 runt
631 3325 648 3362 :
678 3309 895 3363 Salvans
920 3307 1059 3360 salva
1087 3297 1504 3376 animangtuam;
1528 3323 1590 3359 ne
1612 3307 1890 3376 respexeris
1909 3315 2040 3359 retro
2057 3347 2071 3373 ,

485 3418 643 3472 neque
678 3409 775 3454 stes
812 3400 866 3453 in
901 3400 992 3452 hac
1029 3399 1258 3454 universa
1293 3397 1492 3466 regione
1531 3412 1550 3450 :
1585 3397 1652 3472 in
1674 3408 1888 3458 montem
1915 3398 2036 3452 vade
2056 3439 2070 3464 ,

488 3501 534 3546 et
559 3469 640 3545 tibi
677 3491 947 3548 salvaberis
965 3531 980 3554 ,
1019 3505 1082 3542 ne
1107 3493 1234 3560 forte
1257 3469 1713 3557 comprehendaris.
1743 3487 1884 3542 Dixit
1911 3499 2076 3541 autent

486 3582 621 3638 Loth
665 3581 733 3636 ad
773 3597 896 3646 eos;
943 3579 1113 3650 Rogo,
1160 3579 1401 3644 domine,
1449 3579 1683 3648 quoniam
1723 3579 1908 3632 invenit
1955 3595 2078 3646 puer

489 3681 603 3732 tuus
627 3681 743 3728 ante
767 3681 812 3726 te
835 3669 1228 3726 arisericordiam
1251 3667 1402 3738 (Gen.
1435 3683 1524 3722 XIX
1546 3710 1560 3734 ,
1591 3668 1744 3736 1-19)
1769 3708 1782 3728 ,
1812 3677 1913 3722 etc.
1939 3667 2076 3735 Quid

488 3770 570 3816 est
612 3760 711 3822 hoc
749 3758 890 3829 quod
928 3758 1059 3814 dixit
1101 3757 1166 3818 ad
1205 3771 1317 3821 eos,
1346 3756 1512 3827 Rogo,
1539 3757 1761 3823 domine,
1791 3759 1833 3812 si
1853 3759 1961 3827 jam
1992 3759 2079 3814 illo

489 3851 807 3906 discesserat
833 3850 924 3919 qui
950 3849 1204 3903 Dominus
1223 3857 1370 3913 erat,
1392 3856 1447 3902 et
1465 3849 1681 3917 angelos
1705 3847 1960 3903 miserat?
1981 3865 2080 3904 cur

491 3944 682 3998 dicitur
705 3983 718 4006 ,
765 3942 905 4011 Rogo
924 3979 938 4003 ,
979 3939 1213 4001 domine;
1241 3947 1295 3994 et
1323 3954 1461 4005 non,
1493 3939 1640 4008 Rogo
1659 3979 1673 4004 ,
1705 3939 1905 3994 domini
1926 3940 1950 3993 ‘i
1975 3942 2079 3996 Aut

491 4035 535 4088 si
583 4049 744 4087 unum
786 4047 850 4086 ex
893 4031 972 4084 eis
1011 4031 1179 4090 voluit
1215 4031 1520 4098 appellare,
1553 4047 1648 4084 cur
1672 4031 1745 4088 ait
1771 4031 2036 4099 Scriptura
2059 4072 2076 4099 ,

494 4122 634 4182 Dixit
671 4131 835 4174 autem
871 4119 1008 4172 Loth
1023 4119 1090 4171 ad
1114 4135 1197 4178 eos
1224 4134 1242 4172 :
1266 4117 1410 4189 Rogo
1429 4161 1442 4184 ,
1471 4119 1671 4184 domine
1693 4157 1709 4186 ,
1738 4121 1973 4190 quoniam
2002 4121 2078 4182 in«

493 4213 626 4264 venit
655 4227 779 4277 puer
808 4221 922 4264 tuus
949 4219 1063 4262 ante
1090 4218 1135 4262 te
1162 4209 1552 4270 misericordiam
1572 4211 1596 4264 ?
1620 4212 1699 4266 An
1727 4222 1779 4266 et
1805 4211 1892 4266 hic
1921 4211 2080 4268 intel-

495 4302 705 4371 ligimus
735 4301 784 4353 in
818 4299 999 4370 plurali
1030 4315 1251 4354 numero
1276 4299 1408 4356 duas
1433 4302 1729 4371 personas?
1758 4317 1876 4356 cum
1904 4312 2080 4358 autem

495 4391 654 4448 iidem
680 4391 784 4444 duo
807 4400 1053 4459 tanquam
1077 4405 1210 4448 unus
1229 4392 1634 4462 compellantur,
1659 4393 1814 4454 unius
1833 4395 2079 4450 substanq

499 4488 585 4540 tiae
628 4501 787 4540 unum
837 4486 1114 4540 Dominum
1143 4485 1306 4540 Deum
1327 4486 1352 4537 ‘l
1384 4485 1488 4538 Sed
1515 4501 1644 4555 quas
1669 4485 1798 4540 duas
1825 4502 2082 4556 personas

499 4578 585 4632 hic
613 4576 989 4645 intelligimus?
1018 4577 1188 4632 Patris
1214 4586 1267 4630 et
1296 4575 1412 4636 Filii
1430 4615 1446 4640 ,
1473 4591 1541 4634 an
1574 4576 1743 4631 Patris
1771 4585 1826 4632 et
1854 4578 2082 4648 Spiritus

496 4670 685 4730 sancti,
714 4685 778 4726 an
806 4667 923 4724 Filii
949 4678 1001 4723 et
1025 4669 1250 4736 Spiritus
1277 4668 1604 4722 sancti‘IHoc
1627 4667 2078 4740 fortecongruen-

499 4761 601 4814 tius
641 4759 781 4828 quod
824 4760 1061 4813 ultimum
1098 4758 1226 4811 dixi.
1287 4757 1471 4812 Missos
1524 4760 1664 4812 enim
1708 4775 1766 4814 se
1792 4761 2078 4830 dixerunt,

497 4852 636 4923 quod
666 4852 733 4906 de
765 4851 898 4906 Filio
933 4859 987 4904 et
1014 4849 1080 4904 de
1108 4849 1303 4918 Spiritu
1333 4859 1518 4903 sancto
1547 4849 1789 4906 dicimus.
1822 4852 1951 4910 Nam
1981 4853 2081 4908 Pa-

498 4953 631 5004 trem
663 4945 876 4997 missum
906 4957 1160 5010 nusquam
1191 4941 1578 5010 Scripturarum
1606 4943 1756 4996 nobis
1782 4945 2030 4998 occurrit.

569 5033 790 5088 CAPUT
835 5032 971 5087 Χ111.
1009 5061 1078 5071 —
1118 5032 1207 5086 25.
1240 5030 1374 5086 Visio
1413 5033 1464 5086 in
1501 5032 1642 5085 rubo.
1674 5033 1879 5103 Moyses
1905 5043 2080 5090 autem

498 5124 708 5195 quando
754 5124 817 5178 ad
869 5124 1114 5194 populum
1159 5122 1316 5177 Israel
1363 5138 1433 5178 ex
1482 5123 1712 5194 AEgypto
1753 5126 2082 5184 educendum

500 5219 691 5270 missus
720 5225 832 5281 est,
866 5216 941 5268 sic
970 5215 1018 5269 ei
1045 5215 1320 5268 Domimnu
1351 5217 1657 5283 apparuisse
1683 5219 1935 5284 scriptum
1962 5228 2042 5274 est
2067 5238 2079 5274 :

505 5307 774 5370 Pascebal,
811 5306 1012 5376 inquit,
1045 5321 1156 5358 oves
1184 5306 1361 5358 Jethro
1389 5306 1547 5360 soceri
1568 5305 1646 5359 sui
1671 5309 1940 5362 sacerdotis
1963 5309 2016 5361 Μ
2023 5327 2082 5366 a-

502 5397 620 5448 dian
639 5438 652 5459 ,
695 5404 740 5448 et
776 5397 871 5465 egit
907 5411 1017 5448 oves
1046 5395 1097 5448 in
1127 5395 1406 5458 desertum,
1440 5402 1484 5447 et
1508 5395 1638 5448 venit
1665 5395 1717 5454 in
1749 5407 1964 5454 montem
1991 5398 2085 5457 Dei

509 5485 693 5548 lloreb.
731 5486 977 5556 Apparuit
1017 5495 1182 5537 autem
1216 5484 1298 5538 illi
1330 5485 1536 5556 angelus
1579 5485 1782 5550 Domini
1802 5489 1853 5542 in
1879 5491 2086 5560 ﬂamma

576 5663 593 5693 *
623 5667 694 5710 Er.
722 5661 868 5724 Lugd.
894 5668 1019 5726 Ven.
1042 5667 1171 5721 Lov.,
1202 5662 1364 5710 Forte:
1386 5658 1565 5721 inquiet
1587 5660 1789 5726 aliquis._
1845 5672 1899 5714 Μ.

573 5727 593 5756 ι
622 5731 747 5772 Unus
764 5723 1052 5792 e'yaticanis
1073 5730 1200 5784 uss,
1233 5730 1339 5773 Duo
1368 5727 1602 5788 apparent
1631 5723 1808 5792 angeli,
1837 5726 1975 5781 ambo
2007 5729 2084 5782 di-

503 5791 676 5846 cuntur
700 5786 898 5844 domant.

1593 352 1680 408 DE
1717 349 2108 418 TRINITATE,
2149 349 2208 407 S.
2239 348 2608 414 AUGUSTINI

3639 350 3746 408 860

2155 461 2284 531 ignis
2311 462 2372 514 de
2398 462 2544 516 rubo.
2579 462 2643 516 Et
2662 462 2784 516 vidit
2803 463 2922 533 quia
2944 464 2998 518 in
3020 463 3144 518 rubo
3169 464 3366 518 arderet
3392 465 3524 535 ignis
3542 506 3558 532 ,
3590 464 3749 519 rubus

2155 569 2270 607 vero
2303 571 2401 607 non
2442 553 2838 608 comburebatur.
2872 551 2941 608 Et
2975 557 3048 608 ait
3077 554 3278 626 Moyses
3303 572 3321 609 :
3347 552 3440 610 Ibo
3460 598 3474 622 ,
3502 566 3550 609 et
3575 556 3751 612 videbo

2157 644 2317 699 visum
2342 645 2502 712 istud,
2535 643 2668 716 quod
2690 655 2792 699 tam
2809 663 3045 716 magnum
3070 646 3172 701 vidi
3190 691 3204 713 ,
3231 648 3468 716 quoniam
3487 666 3587 703 non
3608 666 3720 704 eam
3739 680 3754 691 ο

2159 735 2353 790 buritur
2371 739 2542 790 rubus.
2570 735 2694 791 Cum
2723 752 2839 807 ergo
2861 738 2981 790 vidit
3014 737 3261 792 Dominus
3276 740 3392 810 quia
3412 742 3543 794 venit
3564 743 3754 807 videre,

2161 830 2391 884 clamavit
2416 847 2530 884 eum
2553 831 2569 862 ¹
2606 831 2848 886 Dominus
2874 831 2936 884 de
2958 831 3080 884 rubo
3110 833 3279 886 dicens
3301 849 3318 886 :
3338 831 3448 904 Ego
3475 851 3588 887 sum
3621 834 3756 886 Deus

2167 923 2322 991 patris
2357 923 2458 986 tui,
2496 921 2629 976 Deus
2657 922 2938 989 Abraham,
2967 933 3014 976 et
3040 919 3178 977 Deus
3205 922 3356 977 Isaac
3376 967 3390 989 ,
3423 936 3467 978 et
3491 925 3632 979 Deus
3659 924 3760 979 Ja-

2165 1015 2271 1068 cob.
2324 1014 2514 1085 (Exod.
2557 1031 2648 1078 m,
2701 1015 2838 1082 1-6).
2870 1014 2937 1069 Ει
2977 1015 3060 1068 hic
3103 1016 3276 1085 primo
3301 1017 3518 1087 angelus
3548 1017 3758 1071 Domini

2131 1134 2134 1138 ~
2167 1106 2338 1161 dictus
2381 1115 2494 1172 est,
2531 1106 2724 1160 deinde
2772 1107 2927 1160 Deus.
2971 1107 3235 1177 Numquid
3281 1123 3405 1178 ergo
3432 1108 3652 1178 angelus
3677 1117 3763 1161 est

2169 1199 2310 1252 Deus
2341 1198 2603 1252 Abraham
2626 1240 2639 1262 ,
2664 1208 2717 1253 et
2746 1199 2884 1253 Deus
2906 1198 3049 1254 lsaac
3074 1243 3088 1264 ,
3114 1211 3166 1254 et
3194 1201 3334 1255 Deus
3356 1200 3553 1255 Jacob?
3574 1201 3764 1255 Potest

2169 1305 2296 1359 ergo
2339 1300 2482 1344 recte
2523 1289 2740 1359 intelligi
2779 1291 2890 1360 ipse
2929 1291 3204 1358 Salvator,
3233 1291 3300 1345 de
3325 1307 3430 1361 quo
3459 1292 3585 1345 dicit
3612 1295 3766 1360 Apo-

2172 1382 2338 1434 stolus
2380 1398 2391 1433 :
2443 1381 2669 1448 Quorum
2707 1391 2908 1452 patres,
2951 1391 2997 1435 et
3040 1399 3100 1436 ex
3125 1383 3302 1451 quibus
3327 1382 3556 1436 Christus
3580 1399 3764 1435 secun-

2173 1473 2291 1526 dum
2336 1491 2570 1539 carnem,
2611 1475 2695 1544 qui
2737 1483 2809 1527 est
2846 1491 2996 1543 super
3033 1474 3201 1527 omnia
3243 1473 3377 1527 Deus
3405 1474 3689 1527 benedictus
3711 1475 3767 1526 in

2173 1564 2358 1618 sa'rula
2404 1563 2580 1632 (Rom.
2613 1581 2690 1629 1x,
2721 1565 2799 1634 5).
2832 1564 2931 1630 Qui
2957 1579 3083 1631 ergo
3114 1580 3275 1633 snper
3303 1565 3479 1618 omnia
3508 1573 3591 1619 est
3620 1564 3770 1619 Deus

2176 1653 2483 1708 benedictus
2506 1654 2556 1706 in
2588 1654 2779 1707 saecula
2802 1694 2818 1718 ,
2849 1670 2954 1707 non
2983 1653 3211 1708 absurde
3239 1655 3396 1708 etiam
3425 1654 3513 1708 hic
3542 1655 3654 1722 ipse
3681 1655 3768 1708 in-
3849 1689 3854 1692 -

2176 1747 2426 1816 telligitur
2470 1747 2608 1802 Deus
2635 1746 2934 1812 Abraham,
2968 1755 3020 1800 et
3049 1747 3188 1801 Deus
3214 1745 3390 1814 lsaac,
3417 1757 3471 1801 et
3502 1747 3644 1801 Deus
3671 1746 3770 1800 Ja-

2176 1837 2291 1891 cob.
2327 1837 2430 1892 Sed
2457 1853 2550 1890 cur
2581 1837 2726 1906 prius
2748 1837 2963 1905 angelus
2988 1837 3192 1890 Domini
3220 1835 3388 1890 dictus
3415 1844 3528 1902 est,
3554 1851 3673 1890 cum
3701 1835 3772 1890 de

2177 1929 2309 1982 rubo
2349 1927 2402 1981 in
2443 1927 2653 1980 ﬂauuua
2700 1927 2835 1999 ignis
2872 1928 3156 1997 apparuit?
3184 1937 3357 1981 utrum
3386 1928 3506 1998 quia
3538 1944 3675 1982 unus
3701 1943 3771 1981 ex

2179 2021 2357 2074 multis
2383 2021 2601 2090 Angelis
2623 2028 2755 2086 erat,
2780 2019 2868 2073 sed
2895 2037 2988 2089 per
3008 2020 3457 2090 dispensationem
3487 2006 3782 2090 personam-

2181 2111 2387 2164 Domini
2418 2112 2496 2164 sui
2523 2111 2774 2180 gerebat;
2803 2127 2871 2164 an
2893 2120 3220 2180 assumptum
3248 2121 3360 2166 erat
3388 2101 3587 2180 aliquid
3615 2127 3772 2167 crea-

2181 2211 2346 2268 turae,
2388 2201 2527 2272 quod
2567 2203 2631 2256 ad
2675 2218 2908 2271 praesens
2947 2203 3214 2272 negotium
3243 2203 3516 2257 visibiliter
3549 2219 3777 2273 appare-

2179 2304 2262 2349 ret
2281 2337 2294 2359 ,
2320 2304 2372 2348 et
2397 2294 2537 2349 unde
2562 2310 2719 2348 voces
2745 2294 3068 2348 sensibilitcr
3093 2295 3398 2362 ederentur,
3425 2296 3613 2365 quibus
3636 2312 3774 2367 prte-

2179 2383 2345 2438 sentia
2373 2384 2577 2438 Domini
2591 2401 2688 2455 per
2700 2384 2989 2452 subjectum
3012 2393 3307 2440 creaturam
3330 2388 3600 2456 corporeis
3612 2389 3774 2442 etiam

2179 2474 2422 2528 sensibus
2464 2473 2725 2538 hominis,
2770 2477 2907 2527 sicut
2949 2476 3252 2542 Oportebat,
3295 2476 3678 2531 exhiberetur?
3714 2478 3774 2532 Si

2179 2565 2320 2618 enim
2353 2580 2487 2619 unus
2517 2579 2579 2642 ex
2610 2563 2824 2633 Angelis
2849 2573 2996 2629 erat,
3029 2566 3146 2635 quis
3175 2567 3326 2621 facile
3353 2566 3622 2623 afﬁrmare
3647 2583 3778 2639 pos-

2179 2658 2246 2711 sit
2286 2668 2463 2711 utrum
2502 2659 2550 2710 ei
2585 2655 2702 2711 Filii
2735 2672 2959 2727 persona
2987 2659 3276 2714 nuntianda
3306 2660 3548 2729 imposita
3581 2661 3773 2729 fuerit,

2180 2766 2245 2802 an
2288 2749 2514 2818 Spiritus
2559 2749 2726 2803 sancti
2752 2791 2765 2814 ,
2795 2764 2863 2802 an
2906 2749 2998 2804 Dei
3029 2751 3235 2819 Patris,
3265 2767 3329 2806 an
3360 2753 3525 2823 ipsius
3555 2755 3778 2810 omnino

2179 2840 2486 2906 Trinitatis,
2527 2840 2616 2910 qui
2663 2850 2743 2895 est
2784 2857 2917 2896 unus
2955 2850 3008 2896 et
3050 2842 3195 2896 solus
3237 2843 3416 2910 Deus,
3446 2861 3505 2898 tu
3532 2845 3775 2914 diceret,

2181 2932 2290 3002 Ego
2314 2949 2422 2986 sum
2449 2932 2587 2986 Deus
2609 2931 2886 2998 Abraham,
2918 2943 2963 2988 et
2992 2933 3126 2988 Deus
3154 2933 3322 3004 Isaac,
3346 2945 3392 2990 et
3411 2933 3547 2991 Deus
3567 2936 3729 2993 Ιασοὺ
3751 2937 3781 2993 2’

2178 3022 2357 3093 Neque
2380 3023 2519 3077 enim
2539 3038 2816 3092 possumus
2837 3023 3016 3079 dicere
3037 3023 3198 3079 Deum
3223 3026 3508 3095 Abraham,
3532 3039 3586 3083 et
3603 3028 3777 3084 Deum

2179 3114 2352 3178 Isaac,
2397 3122 2451 3168 et
2489 3115 2652 3168 Deum
2694 3113 2892 3181 Iacob,
2944 3113 3134 3170 Filium
3173 3117 3264 3172 Dei
3293 3133 3446 3184 esse,
3479 3128 3532 3174 et
3559 3119 3777 3175 Patrem

2179 3221 2285 3262 non
2324 3221 2474 3272 esse;
2511 3215 2601 3260 aut
2629 3206 2882 3276 Spiritum
2915 3219 3154 3263 sanetum
3176 3251 3191 3276 ,
3224 3218 3316 3264 aut
3343 3210 3511 3281 ipsam
3541 3211 3777 3268 Trinita-

2178 3308 2287 3355 tem
2312 3341 2326 3364 ,
2355 3314 2512 3368 quam
2532 3300 2799 3355 credimus
2827 3313 2880 3355 et
2910 3299 3248 3372 intelligimus
3272 3320 3432 3358 unum
3456 3306 3656 3374 Deum,
3685 3323 3778 3363 au-

2179 3391 2324 3445 debit
2351 3391 2538 3460 aliquis
2567 3407 2759 3460 negare
2793 3391 2958 3447 Deum
2982 3394 3248 3448 Abraham
3274 3438 3289 3462 ,
3322 3407 3375 3451 et
3399 3396 3566 3452 Deum
3593 3398 3774 3465 Isaac,

2179 3491 2233 3538 et
2275 3482 2440 3538 Deum
2483 3482 2666 3538 Jacob.
2710 3483 2802 3539 Ille
2851 3487 2992 3539 enim
3037 3503 3141 3541 non
3187 3498 3268 3542 est
3307 3488 3518 3543 illorum
3568 3501 3776 3560 patrum

2180 3575 2351 3637 Deus,
2397 3575 2484 3643 qui
2525 3590 2630 3629 non
2676 3583 2759 3630 est
2799 3576 2958 3632 Deus.
3009 3578 3175 3632 Porro
3215 3580 3258 3633 si
3287 3597 3391 3635 non
3418 3583 3590 3637 solum
3617 3583 3777 3640 Pater

2182 3666 2321 3718 Deus
2345 3673 2458 3728 est,
2482 3666 2620 3720 sicut
2645 3681 2835 3722 omnes
2862 3669 3021 3723 etiam
3055 3671 3290 3726 hzeretici
3317 3674 3648 3741 concedunt;
3681 3677 3777 3731 sed

2181 3755 2340 3809 etiam
2377 3755 2541 3810 Filius
2563 3798 2577 3820 ,
2623 3758 2763 3826 quod
2790 3800 2804 3823 ,
2840 3759 3008 3813 velint
3044 3760 3252 3830 nolint,
3288 3773 3552 3833 coguntur
3585 3766 3775 3832 fateri,

2181 3846 2390 3901 dicente
2416 3847 2701 3916 Apostolo,
2737 3849 2837 3914 Qui
2859 3859 2930 3903 est
2958 3867 3109 3922 super
3135 3853 3304 3907 omnia
3331 3853 3470 3909 Deus
3492 3855 3778 3913 benedictus

2181 3938 2234 3990 in
2259 3937 2445 3991 saecula
2468 3955 2487 4003 ;
2509 3949 2563 3992 et
2592 3940 2818 4008 Spiritus
2839 3951 3051 3997 sanctus
3070 3985 3083 4008 ,
3114 3944 3321 4001 dicente
3347 3947 3461 4016 ipso
3490 3950 3775 4018 Apostolo,

2185 4027 2473 4096 Clariﬁcate
2499 4045 2616 4098 ergo
2643 4029 2802 4083 Deum
2827 4032 2878 4085 in
2906 4049 3115 4103 corpore
3131 4045 3292 4089 vestro
3315 4052 3336 4100 ;
3362 4055 3480 4092 cum
3507 4054 3667 4112 supra
3698 4040 3780 4096 di-

2185 4127 2362 4183 ceret,
2408 4117 2626 4172 Nescitis
2668 4123 2785 4190 quia
2823 4139 3036 4192 corpora
3075 4137 3235 4180 vestra
3282 4131 3526 4200 templum
3565 4132 3615 4185 in
3642 4135 3780 4190 vobis

2185 4218 2255 4264 est
2286 4209 2509 4279 Spiritus
2535 4213 2726 4276 sancti,
2755 4229 2899 4281 quem
2926 4215 3114 4269 habetis
3144 4234 3174 4270 a
3204 4217 3311 4272 Deo
3334 4220 3379 4289 (1
3408 4221 3520 4274 Cor.
3551 4239 3632 4289 v1,
3660 4222 3734 4278 20
3757 4267 3774 4292 ,

2187 4301 2321 4372 i9)?
2347 4311 2400 4356 et
2429 4301 2482 4356 hi
2507 4311 2614 4357 tres
2638 4320 2770 4360 unus
2794 4309 2937 4361 Deus
2955 4349 2968 4369 ,
2997 4310 3133 4363 sicut
3151 4311 3408 4368 catholica
3433 4316 3626 4370 sanitas
3651 4333 3778 4372 cre-

2187 4394 2264 4450 dit
2291 4411 2307 4450 t
2330 4409 2438 4450 non
2462 4395 2592 4450 satis
2617 4397 2792 4460 elucet
2821 4413 2977 4468 quam
3009 4400 3060 4454 in
3089 4402 3344 4460 Trinitate
3371 4421 3651 4474 personam
3678 4451 3693 4475 ,
3725 4418 3780 4464 et

2187 4493 2363 4549 utrum
2385 4486 2611 4555 aliquam
2637 4529 2651 4553 ,
2680 4503 2748 4542 an
2775 4489 2937 4557 ipsius
2964 4490 3236 4548 Trinitatis
3260 4497 3480 4564 gerebat
3505 4498 3594 4553 ille
3614 4515 3778 4570 ange—

2186 4575 2271 4631 lus
2289 4617 2303 4642 ,
2334 4577 2377 4630 si
2401 4593 2536 4633 unus
2556 4594 2622 4632 ex
2645 4581 2854 4635 cmteris
2882 4582 3097 4653 Angelis
3117 4595 3249 4639 erat.
3273 4585 3326 4642 Si
3347 4598 3525 4644 autem
3548 4591 3599 4647 in
3623 4608 3776 4647 usum

2196 4668 2272 4722 rei
2301 4670 2577 4737 prazsentis
2603 4680 2872 4740 assumpta
2898 4684 3138 4729 creatura
3165 4685 3274 4742 est,
3306 4695 3424 4748 qua:
3455 4690 3509 4735 et
3537 4682 3779 4740 humanis

2193 4761 2360 4814 oculis
2397 4769 2708 4830 appareret,
2746 4771 2798 4816 et
2831 4766 3047 4819 auribus
3073 4767 3376 4834 insonaret,
3407 4780 3460 4826 et
3485 4775 3780 4844 appellare-

2189 4859 2271 4903 tur
2298 4851 2519 4919 angelus
2545 4851 2782 4918 Domini,
2813 4863 2863 4907 et
2890 4855 3142 4912 Dominus
3160 4900 3175 4926 ,
3198 4868 3250 4912 et
3271 4860 3412 4916 Deus
3436 4880 3450 4927 ;
3476 4880 3580 4918 non
3605 4877 3780 4934 potest

2189 4938 2275 4994 hic
2316 4939 2452 4994 Deus
2491 4942 2714 5011 intelligi
2750 4943 2933 5009 Pater,
2974 4948 3066 5002 sed
3092 4957 3181 5002 aut
3209 4950 3403 5015 Filius,
3436 4965 3526 5010 aut
3554 4957 3779 5027 Spiritus

2189 5039 2422 5084 sanctus.
2451 5031 2762 5101 Quanquam
2782 5034 3033 5104 Spiritum
3057 5049 3296 5096 sanctum
3318 5044 3512 5100 alicubi
3533 5049 3778 5118 angelum

2189 5119 2387 5174 dictum
2417 5136 2520 5175 non
2550 5124 2777 5179 recolam
2795 5167 2810 5192 ,
2843 5127 2935 5182 sed
2958 5145 3020 5183 ex
3043 5146 3203 5200 opere
3224 5137 3392 5202 possit
3419 5139 3639 5210 intelligi
3667 5159 3678 5192 :
3703 5143 3781 5195 di-

2190 5219 2332 5265 ctum
2374 5214 2514 5266 enim
2555 5213 2622 5268 de
2660 5216 2750 5270 illo
2790 5227 2902 5285 est,
2938 5219 3064 5285 Qum
3091 5235 3296 5278 ventura
3320 5239 3435 5282 sunt
3463 5233 3784 5287 annuntiabit

2190 5301 2324 5355 vobis
2347 5300 2521 5370 (Joan.
2548 5321 2637 5360 xvr
2656 5346 2671 5371 ,
2699 5305 2786 5379 15)
2812 5324 2826 5373 ;
2854 5317 2908 5362 et
2930 5311 3107 5381 utique
3133 5316 3362 5384 Angelus
3387 5335 3560 5387 graece
3580 5365 3593 5386 ,
3623 5323 3782 5378 latine

2191 5391 2414 5446 Nuntius
2441 5395 2819 5464 interpretatur
2844 5418 2856 5452 :
2885 5401 2954 5456 de
2976 5402 3198 5459 Domino
3219 5416 3394 5461 autem
3421 5409 3545 5464 Jcsu
3569 5411 3784 5468 Christo

2193 5485 2587 5541 evidentissime
2626 5488 2852 5558 legimus
2885 5493 3020 5559 apud
3063 5496 3372 5565 pr0phetam
3397 5539 3412 5565 ,
3444 5503 3582 5569 quod
3615 5506 3786 5574 magni

2191 5578 2388 5631 consilii
2423 5576 2644 5648 Angelus
2678 5579 2850 5638 dictus
2886 5583 2954 5638 sit
2974 5582 3124 5653 (lsai.
3158 5603 3210 5642 ιιι
3235 5629 3248 5653 ,
3277 5588 3333 5660 6)
3361 5606 3374 5643 :
3399 5606 3519 5646 cum
3542 5602 3596 5648 et
3614 5595 3781 5664 Spiri-

2198 5732 2705 5859 grtegtilt;,xclamatiit
2725 5734 2791 5786 ad
2812 5749 2938 5788 eum.
2965 5741 3212 5807 Particula,
3233 5745 3318 5812 ad,
3342 5746 3486 5812 abest
3505 5761 3536 5810 tt
3558 5757 3661 5806 Mitt.
3689 5758 3740 5806 et
3755 5764 3786 5808 ι
