4042 6436
197 512 282 558 tus
301 503 562 566 sanctus,-
581 504 640 554 οι
665 496 764 552 Dei
781 493 984 563 Pilius,-
1009 493 1084 550 sit
1105 493 1244 552 Deus
1271 499 1326 550 et
1349 491 1605 550 Dominus
1628 505 1789 563 attge-

197 595 390 650 lorum.

265 681 498 740 CAPUT
525 679 664 738 XIV.-
691 709 764 722 --—
789 678 880 736 26.
911 678 992 736 De
1015 679 1202 734 uisione
1229 679 1284 734 in
1310 677 1552 734 columna
1575 676 1720 732 nubis
1744 685 1792 730 et

195 777 340 848 ignis.
369 775 506 832 Item
525 774 578 830 in
599 774 746 830 exitu
765 773 994 828 ﬁliorum
1017 772 1180 828 Israel
1195 771 1264 826 de
1281 769 1516 842 Egypto
1535 769 1792 838 scriptum

195 878 274 922 est
311 885 328 918 :
369 865 506 920 Deus
535 873 702 920 autent
738 863 946 932 prtsibat
971 863 1117 929 illos,
1147 861 1228 916 die
1252 863 1452 932 quidem
1475 861 1528 916 in
1557 863 1792 916 columna

201 959 364 1024 nubis,
399 967 450 1012 et
475 956 765 1014 ostendebat
793 957 896 1014 illis
920 957 1053 1012 ciant
1076 973 1091 1022 ;
1121 965 1266 1012 nocte
1286 967 1456 1010 autem
1483 957 1534 1010 in
1555 955 1792 1010 columna

194 1052 320 1122 ignis
349 1066 369 1104 :
397 1059 450 1107 et
477 1067 580 1114 non
603 1050 861 1118 deﬁciebat
897 1052 1134 1106 columna
1162 1051 1306 1106 nubis
1331 1051 1412 1104 die
1430 1093 1445 1117 ,
1476 1060 1524 1104 et
1556 1055 1792 1104 columna

195 1145 324 1214 ignis
349 1155 499 1198 nocte
517 1153 634 1198 ante
657 1145 900 1215 populum
925 1143 1118 1218 (Exod.
1145 1159 1240 1198 xm
1265 1186 1278 1208 ,
1309 1143 1372 1198 2|
1403 1185 1419 1210 ,
1447 1144 1560 1214 Ἡ).
1583 1145 1714 1210 Quis
1735 1153 1790 1198 et

195 1237 274 1290 hic
299 1235 512 1291 dubitet
533 1251 628 1304 per
647 1237 938 1304 subjectum
955 1245 1254 1290 creaturam
1279 1235 1630 1305 eamdemque
1657 1249 1778 1290 cor-

195 1343 440 1398 porcam,
476 1343 582 1383 non
612 1343 706 1398 per
729 1345 878 1384 suam
905 1329 1275 1396 substantiam,
1309 1330 1474 1384 Deum
1503 1328 1672 1383 oculis
1697 1342 1792 1398 ap-

193 1421 434 1494 paruisse
471 1421 817 1477 mortalium?
859 1421 952 1476 sed
983 1429 1158 1476 utrum
1185 1421 1396 1476 Patrem
1417 1459 1433 1486 ,
1461 1435 1528 1474 an
1559 1420 1748 1474 Filium
1773 1461 1788 1484 ,

194 1529 254 1568 an
296 1515 558 1586 Spiritum
609 1523 894 1580 sanctum,
943 1530 1012 1568 an
1061 1515 1228 1582 ipsam
1274 1513 1586 1568 Trinitatem
1631 1527 1790 1566 unum

194 1607 358 1662 Deum
379 1649 396 1671 ,
443 1609 692 1663 similiter
734 1624 840 1662 non
870 1615 1107 1677 apparot.
1139 1607 1248 1662 Nec
1278 1607 1348 1662 ibi
1383 1613 1482 1662 hoc
1507 1607 1790 1676 distingui-

195 1707 274 1752 tur
296 1739 310 1762 ,
339 1707 604 1768 quantum
629 1699 896 1763 existimo,
925 1699 1012 1753 ubi
1033 1701 1288 1770 scriptum
1311 1707 1392 1752 est
1416 1713 1432 1751 :
1459 1697 1526 1760 Et
1549 1699 1792 1767 majestas

193 1789 396 1842 Domini
439 1791 680 1860 apparuit
717 1791 768 1843 in
811 1789 941 1842 nube
965 1831 980 1854 ,
1015 1799 1062 1844 et
1101 1790 1298 1843 locutus
1335 1797 1410 1842 est
1445 1788 1695 1842 Dominus
1727 1787 1796 1842 ad

196 1878 408 1951 Iloysen
431 1923 444 1944 ,
470 1882 644 1936 dicens
663 1897 682 1936 .°
707 1881 964 1936 Exaudioi
987 1897 1214 1936 murmur
1237 1881 1464 1950 ﬁliorum
1489 1879 1654 1936 Israel
1680 1879 1790 1953 (Id.

195 1987 276 2027 ιη
295 2015 312 2038 ,
349 1972 578 2042 tota),
605 1981 710 2028 etc.

251 2065 483 2120 CAPUT
505 2065 622 2120 XV.
646 2095 720 2106 —
743 2065 831 2122 9.5.
863 2063 938 2118 De
966 2067 1152 2120 uisione
1169 2066 1224 2120 in
1248 2066 1396 2122 Sino.
1430 2065 1508 2120 An
1533 2064 1754 2120 Trinitas
1770 2107 1785 2132 ,

194 2173 250 2210 an
273 2157 450 2225 aliqua
481 2158 688 2226 proprie
709 2173 924 2228 persona
949 2159 1002 2211 in
1031 2173 1090 2211 ea
1115 2159 1306 2214 uisione
1331 2159 1644 2228 loquebatur.
1673 2157 1788 2212 lam

193 2261 312 2300 vero
331 2247 404 2301 de
435 2248 664 2302 nubibus
689 2289 704 2312 ,
735 2255 790 2302 et
819 2247 1072 2314 vocibus,
1095 2257 1150 2302 et
1176 2249 1468 2318 fulguribus
1489 2289 1505 2316 ,
1539 2255 1592 2303 et
1621 2247 1744 2302 tuba
1773 2289 1788 2313 ,

196 2345 244 2394 et
278 2339 430 2394 fumo
469 2339 523 2394 in
563 2349 743 2396 monte
773 2339 901 2396 Sina
928 2381 942 2404 ,
973 2355 1094 2394 cum
1121 2340 1390 2396 diceretur
1421 2357 1436 2392 :
1464 2339 1594 2394 Sina
1625 2348 1792 2393 autem

193 2451 326 2489 mons
359 2433 592 2506 fumabat
625 2443 788 2500 totus,
825 2444 1090 2504 propterea
1123 2433 1260 2504 quod
1297 2432 1630 2488 descendisset
1653 2431 1794 2486 Deus

195 2529 240 2582 in
259 2543 374 2580 eum
394 2527 448 2580 in
470 2527 588 2596 igne
609 2567 622 2590 ,
653 2535 702 2580 et
720 2525 1014 2580 ascendebat
1039 2529 1210 2596 {unius
1236 2535 1476 2596 tanquam
1493 2524 1666 2594 fumus
1685 2524 1792 2593 for-

194 2619 366 2677 nacis:
407 2627 456 2670 et
499 2627 664 2671 ments
695 2621 938 2688 confusus
981 2627 1054 2672 est
1097 2617 1262 2671 omnis
1292 2618 1510 2687 populus
1533 2617 1794 2672 uehemen-

203 2721 307 2775 ter;
333 2708 526 2778 fiebant
555 2719 724 2762 autem
747 2725 890 2763 voces
911 2709 1044 2764 tuba:
1062 2710 1364 2779 prodeuntes
1385 2711 1584 2778 fortiter
1597 2710 1743 2766 valde
1767 2725 1788 2765 :

195 2803 392 2873 lloyses
429 2801 760 2872 loquebatur,
803 2809 850 2856 et
891 2802 1027 2858 Deus
1063 2803 1398 2874 respondebat
1441 2803 1488 2856 ei
1519 2819 1638 2857 uoce
1673 2803 1788 2873 (Id.

193 2909 294 2960 ιιι,
315 2894 410 2960 18,
445 2892 556 2964 I9).
587 2893 654 2947 Et
685 2893 844 2963 paqu
871 2902 987 2962 post
1013 2893 1132 2948 data
1161 2893 1366 2964 chein
1387 2893 1572 2948 decem
1585 2909 1788 2962 praece-

197 2985 317 3053 ptis,
359 2993 760 3056 consequenter
797 2984 994 3040 dicitur
1027 3001 1042 3038 :
1073 2983 1142 3038 Et
1161 2987 1324 3038 omnis
1349 2985 1568 3054 populus
1589 2985 1790 3040 videbat

195 3089 321 3132 roses
345 3119 360 3143 ,
403 3085 448 3130 et
485 3077 752 3147 lampadas
771 3115 787 3141 ,
826 3085 872 3130 et
900 3091 1042 3130 uoces
1070 3075 1230 3142 tubce,
1260 3085 1306 3130 et
1337 3085 1554 3130 montem
1584 3077 1789 3146 fuman-

193 3177 294 3222 tsnt.
323 3171 390 3222 Et
413 3167 570 3238 paulo
595 3175 716 3237 post
741 3185 758 3221 :
782 3166 850 3220 Et
873 3169 1070 3234 stabat,
1093 3166 1266 3236 inquit
1282 3207 1298 3233 ,
1331 3167 1490 3220 omnis
1511 3166 1732 3236 populus
1756 3183 1790 3220 a

197 3261 328 3329 longe
351 3277 372 3324 ;
403 3259 608 3330 Moyses
635 3268 800 3312 autem
823 3259 1024 3312 intrauit
1051 3259 1102 3312 in
1122 3257 1358 3312 nebulam
1381 3257 1464 3312 ubi
1485 3267 1590 3312 erat
1611 3255 1750 3314 Deus
1767 3299 1786 3326 ,

194 3361 232 3405 et
271 3353 400 3408 dixit
435 3351 690 3405 Dominus
727 3350 795 3404 ad
835 3349 1049 3421 Moysen
1085 3347 1196 3418 (Id.
1231 3365 1335 3414 xx,
1367 3349 1468 3413 18,
1508 3347 1638 3418 21),
1677 3357 1788 3406 etc.

195 3445 316 3512 Quid
367 3445 500 3500 hinc
539 3443 756 3508 dicam;
802 3442 905 3496 nisi
949 3441 1088 3510 quod
1133 3457 1290 3496 nemo
1318 3449 1424 3498 tam
1453 3454 1640 3500 vecors
1664 3449 1784 3507 est,

193 3539 270 3607 qui
315 3536 508 3592 credat
549 3535 752 3592 fumum
773 3575 786 3600 ,
819 3534 992 3604 ignem
1011 3575 1026 3600 ,
1053 3534 1222 3588 nubes
1241 3575 1256 3600 ,
1285 3543 1338 3588 et
1365 3533 1636 3596 "nebuloni,
1663 3542 1716 3588 et
1739 3535 1784 3589 si

193 3643 280 3698 qua
309 3627 622 3698 hujusmodi
643 3669 658 3692 ,
689 3627 845 3682 Verbi
871 3625 1229 3696 etSapientiae
1259 3625 1352 3680 Del
1373 3625 1513 3694 quod
1535 3634 1616 3680 est
1637 3624 1784 3680 Chri-

191 3731 326 3786 stus,
374 3719 462 3774 vel
502 3719 731 3789 Spiritus
769 3719 939 3773 sancti
973 3732 1092 3774 esse
1133 3716 1531 3774 substantiam?
1558 3715 1690 3772 Nam
1716 3715 1785 3772 de

197 3813 342 3869 Patre
393 3811 506 3866 Deo
523 3852 539 3876 ,
591 3827 688 3866 nec
711 3811 898 3867 Ariani
923 3811 1025 3866 hoe
1046 3825 1276 3880 unquam
1297 3809 1412 3864 ausi
1438 3817 1562 3864 sunt
1581 3807 1780 3864 dicere.

193 3904 323 3975 Ergo
342 3911 592 3960 creatura
617 3903 884 3958 serviente
905 3901 1146 3956 Creatori
1171 3901 1307 3956 facta
1331 3907 1454 3954 sunt
1476 3899 1564 3954 illa
1576 3899 1780 3966 omnia,

193 4006 240 4050 et
279 3997 528 4052 Immanis
553 3994 802 4050 sensibus
827 4009 924 4064 pro
950 3993 1348 4062 dISpensatione
1373 4007 1606 4062 congrua
1639 4007 1778 4062 prte-

190 4097 382 4143 scntata
409 4105 424 4142 :
449 4088 551 4142 nisi
577 4087 741 4152 forte,
764 4085 886 4155 quia
915 4085 1112 4140 dictum
1134 4095 1246 4152 est,
1279 4085 1478 4154 Moyses
1507 4093 1672 4138 autem
1695 4083 1780 4140 iu-

191 4183 322 4236 traeit
341 4183 396 4234 in
419 4180 653 4234 nebulam
671 4179 756 4234 ubi
779 4189 884 4233 erat
907 4177 1044 4232 Deus
1062 4221 1076 4243 ,
1105 4178 1208 4233 hoc
1226 4177 1569 4232 arbitrabitur
1589 4191 1778 4232 carna-

189 4269 246 4325 lis
279 4271 563 4342 cogitatio,
603 4285 632 4322 a
669 4269 866 4338 populo
891 4268 1106 4338 quidem
1135 4268 1380 4324 nebulam
1405 4267 1572 4324 visam
1597 4307 1612 4332 ,
1641 4267 1779 4324 intra

189 4363 426 4420 nebulam
463 4377 595 4418 vero
631 4361 852 4432 Moysen
891 4361 1061 4416 oculis
1101 4359 1312 4414 carneis
1348 4358 1544 4414 vidisse
1585 4357 1778 4414 Filium

191 4454 294 4522 Dei,
313 4471 474 4526 quem
494 4454 784 4508 delirantes
813 4452 1046 4508 hmretici
1075 4453 1126 4506 In
1157 4465 1250 4506 sua
1263 4450 1554 4506 substantia
1571 4449 1777 4506 visum‘

189 4547 378 4602 volunt.
408 4547 552 4602 Sane
595 4545 785 4600 viderit
819 4559 940 4599 eum
975 4542 1205 4612 Moyses
1247 4541 1417 4595 oculis
1465 4542 1704 4606 carneis,
1733 4542 1776 4596 si

189 4641 344 4694 oculis
384 4637 600 4695 carneis
639 4645 815 4707 potest
837 4635 1038 4702 videri,
1069 4651 1174 4690 non
1203 4633 1362 4688 modo
1389 4631 1656 4701 Sapientia
1687 4633 1780 4688 Dei

189 4732 318 4800 quod
359 4741 442 4786 est
480 4729 758 4794 Christus,
782 4727 878 4784 sed
907 4727 992 4782 vel
1017 4727 1130 4796 ipsa
1160 4724 1441 4794 cujuslibet
1469 4723 1702 4780 hominis
1725 4733 1782 4780 et
1819 4715 1834 4724 ’

187 4827 579 4896 qualiscumque
615 4821 910 4892 sapientis:
941 4829 1034 4876 aut
1057 4820 1179 4890 quia
1207 4819 1462 4888 scriptum
1489 4827 1570 4874 est
1597 4818 1664 4874 de
1687 4833 1776 4872 se-

187 4919 414 4973 nioribus
465 4917 674 4984 Israel,
701 4917 820 4986 quia
847 4915 1074 4968 viderunt
1101 4913 1270 4969 locum
1295 4911 1381 4966 ubi
1403 4921 1608 4970 steterat
1640 4910 1778 4968 Deus

189 5005 382 5075 Israel,
415 5017 472 5062 et
505 5007 630 5078 quia
659 5007 750 5062 sub
781 5003 992 5074 pedibus
1029 5005 1138 5076 ejus
1165 5012 1404 5072 tanquam
1433 5019 1560 5072 epus
1589 5004 1778 5072 lapidis

185 5099 407 5168 sapphiri
432 5137 450 5165 ,
491 5107 542 5152 et
579 5107 820 5169 tanquam
867 5103 1095 5166 aspectus
1145 5094 1450 5162 firmamenti
1498 5095 1608 5148 cani
1663 5091 1774 5166 (1d.

184 5207 334 5258 utr,
378 5191 470 5262 ιο)
496 5233 514 5259 ,
557 5198 838 5261 propterea
869 5185 1194 5244 credendum
1233 5193 1316 5242 est
1341 5183 1572 5240 Verbum
1599 5193 1650 5240 et
1681 5184 1776 5240 Sa-

187 5285 432 5352 pientiam
461 5285 556 5340 Dei
585 5297 680 5354 per
707 5297 858 5338 suam
887 5277 1236 5336 substantiam
1265 5277 1320 5332 in
1347 5278 1520 5345 Spalit')
1547 5277 1647 5331 loci
1671 5285 1776 5332 ter-

187 5379 290 5431 reni
315 5379 550 5444 stetisse,
573 5391 693 5446 qua:
719 5373 982 5444 pertendit
1005 5387 1036 5426 a
1065 5371 1172 5426 line
1197 5385 1363 5439 usque
1386 5369 1450 5424 ad
1479 5369 1639 5426 tinem
1659 5369 1776 5426 lor-

189 5473 342 5540 titer,
381 5483 434 5528 et
471 5471 708 5541 disponit
743 5469 920 5524 omnia
961 5465 1198 5522 suaviter
1237 5463 1394 5534 (Sap.
1433 5479 1526 5518 vnt
1551 5503 1566 5528 ,
1603 5465 1654 5530 l)
1681 5481 1694 5528 ;
1721 5473 1778 5520 et

188 5563 254 5617 ita
297 5577 418 5618 esse
456 5563 710 5618 mutabile
742 5561 982 5616 Verbum
1027 5559 1164 5626 Dei,
1195 5573 1288 5627 per
1325 5557 1464 5626 quod
1495 5555 1629 5612 laeta
1655 5565 1778 5614 sunt

189 5657 362 5710 Omnia
393 5655 568 5726 (Ioan.
595 5671 614 5709 1
641 5697 656 5720 ,
679 5653 734 5725 5)
763 5696 776 5718 ,
811 5661 868 5707 ut
895 5651 1054 5706 modo
1079 5665 1138 5706 se
1153 5649 1450 5714 contrahat,
1483 5647 1642 5704 modo
1665 5650 1778 5704 disc

191 5749 371 5803 tendat
403 5747 908 5818 (mundetDominus
925 5760 954 5799 a
977 5745 1168 5800 talibus
1188 5744 1597 5814 cogitationibus
1615 5743 1777 5800 corda

249 5861 270 5894 ⁵
299 5867 433 5914 Unus
452 5875 483 5915 e
500 5861 738 5916 vaticanls
759 5857 885 5926 Mss,

1511 375 1714 434 LIBER
1751 375 2123 442 SECUNDUS.

3371 383 3478 454 ΜΩ

1895 497 2134 554 ﬁdelium
2172 497 2422 570 suorum)
2455 514 2468 552 :
2497 495 2594 556 sed
2630 511 2728 569 per
2749 497 3084 568 sum,
3103 505 3164 562 ιιι
3351 501 3491 562 dixi»

1895 605 2014 644 mus
2033 631 2048 655 ,
2097 601 2396 648 creaturam
2441 589 2764 648 exhibentur
2807 591 2926 648 haec
2955 594 3138 656 omnia.
3173 591 3402 650 visibilia
3437 603 3496 654 et

1895 685 2170 740 sensibilis
2191 725 2208 750 ,
2238 684 2304 738 ad
2329 683 2734 755 signiﬁcandum
2755 683 3072 746 inuisibilem
3099 685 3491 758 atqueintellis

1895 776 2110 846 gibilem
2147 777 2316 832 Deum
2341 819 2356 844 ,
2401 792 2506 832 non
2531 777 2708 832 solum
2737 777 2948 834 Patrem
2968 819 2984 844 ,
3015 779 3108 834 sed
3134 789 3188 838 et
3213 777 3408 840 Filium
3437 790 3494 838 et
3609 791 3622 826 ε

1895 867 2150 938 Spiritum
2188 877 2432 924 sanctum
2454 909 2470 934 ,
2498 884 2562 924 ex
2589 877 2696 938 quo
2723 869 2902 924 orantia
2923 910 2942 936 ,
2971 883 3066 938 per
3089 884 3248 940 quem
3273 871 3484 936 omnia,

1895 960 2075 1029 inquo
2095 960 2272 1015 omnia
2299 958 2476 1032 (Rom.
2505 975 2590 1026 st,
2623 960 2712 1033 36)
2741 978 2754 1026 ;
2780 961 3024 1032 quamvis
3047 961 3330 1016 invisibilia
3361 962 3482 1030 Dei,

1894 1066 1924 1106 a
1969 1063 2212 1108 creatura
2251 1053 2432 1108 mundi
2458 1095 2472 1118 ,
2517 1067 2610 1123 per
2645 1069 2708 1108 ea
2750 1053 3034 1124 quatlacta
3062 1063 3188 1110 sunt
3215 1055 3490 1112 intellecta

1895 1147 2287 1214 conspiciantur
2311 1185 2324 1210 ,
2375 1147 2698 1216 sempiterna
2733 1161 2946 1216 quoque
2971 1147 3142 1204 virtus
3175 1147 3294 1218 ejus
3318 1162 3380 1204 ac
3405 1146 3490 1202 di-

1895 1238 2090 1292 vinitas
2114 1237 2224 1306 (Id.
2255 1253 2270 1292 1
2295 1279 2310 1304 ,
2341 1237 2456 1304 90).

1965 1327 2055 1382 26.
2083 1327 2186 1383 Sed
2213 1329 2352 1398 quod
2379 1330 2568 1384 attinet
2593 1328 2660 1384 ad
2689 1329 2742 1384 id
2771 1329 2914 1399 quod
2939 1346 3078 1386 nunc
3103 1331 3440 1400 suscepimus
3470 1373 3486 1398 ,

1897 1433 1999 1474 nec
2026 1421 2078 1474 in
2109 1431 2292 1476 monte
2319 1421 2444 1476 Sina
2469 1421 2622 1476 video
2647 1422 3094 1492 quemadmodum
3117 1433 3368 1493 appareat
3395 1439 3491 1494 per

1897 1511 1986 1566 illa
2019 1513 2195 1566 omnia
2225 1529 2344 1583 qum
2374 1515 2678 1570 mortalium
2709 1515 2954 1570 sensibus
2983 1517 3289 1572 terribiliter
3316 1527 3491 1572 osten-

1897 1603 2182 1668 debantur,
2217 1613 2396 1660 utrum
2422 1607 2564 1662 Deus
2589 1605 2845 1670 Trinitas,
2875 1623 2942 1662 an
2989 1607 3165 1672 Pater,
3193 1623 3260 1662 an
3301 1609 3484 1675 Filius,

1898 1713 1964 1752 an
1993 1698 2228 1768 Spiritus
2261 1707 2476 1754 sanctus
2507 1699 2720 1768 proprie
2748 1699 3080 1770 loquebatur.
3111 1700 3488 1758 Verumtamen

1898 1789 1942 1842 si
1971 1789 2098 1860 quid
2126 1790 2252 1844 hinc
2271 1790 2390 1845 sine
2415 1789 2714 1844 afﬁrmandi
2743 1790 3044 1846 temeritate
3067 1791 3308 1850 modeste
3333 1801 3492 1870 atque

1897 1891 2214 1938 cunctanter
2243 1883 2548 1953 conjectare
2571 1883 2902 1950 conceditur,
2933 1884 2978 1938 si
3005 1897 3108 1938 una
3137 1899 3200 1938 ex
3231 1883 3492 1940 Trinitate

1897 1985 2126 2044 persona
2167 1983 2346 2045 potest
2387 1975 2650 2044 intelligi,
2693 1990 2792 2031 cur
2815 1989 2922 2030 non
2952 1975 3208 2043 Spiritum
3249 1985 3490 2029 sanctum

1899 2065 2072 2134 potius
2102 2065 2450 2134 intelligimus
2475 2107 2490 2131 ,
2523 2065 2738 2135 quando
2779 2073 2838 2120 et
2883 2065 3080 2122 tabulis
3129 2065 3350 2134 lapideis
3379 2065 3492 2121 Lex

1897 2155 2010 2224 ipsa
2037 2171 2154 2225 quae
2175 2155 2246 2212 ibi
2265 2155 2386 2212 data
2411 2161 2514 2221 est,
2545 2155 2710 2226 digito
2733 2156 2826 2210 Dei
2853 2157 3050 2226 scripta
3075 2156 3270 2212 dicitur
3291 2155 3488 2226 (Exod.

1899 2257 2049 2312 XXXI,
2081 2247 2196 2318 18),
2223 2263 2330 2317 quo
2355 2248 2572 2302 nomine
2599 2247 2852 2317 Spiritum
2893 2257 3138 2306 sanctum
3165 2249 3218 2304 in
3249 2250 3490 2319 Evange-

1897 2339 1988 2406 Iio,
2022 2340 2312 2410 signiﬁcari
2357 2341 2602 2394 novimus
2633 2337 2796 2410 (Luc.
2843 2355 2928 2404 xl,
2959 2339 3076 2412 20).
3107 2339 3177 2396 Et
3221 2341 3486 2410 quinqua-

1894 2432 2040 2502 ginta
2067 2432 2182 2488 dies
2229 2439 2580 2486 numerantur
2619 2431 2687 2486 ab
2717 2431 2986 2487 occisione
3012 2431 3132 2501 agni
3159 2439 3214 2484 et
3251 2431 3492 2486 celebra-

1897 2519 2042 2578 tione
2067 2523 2306 2587 Puschae,
2339 2537 2510 2592 usque
2552 2522 2620 2576 ad
2665 2523 2810 2578 diem
2851 2537 2962 2591 quo
3001 2522 3120 2578 haec
3149 2521 3266 2576 ﬁeri
3313 2531 3488 2591 coepta

1895 2625 2020 2670 sunt
2043 2615 2096 2669 In
2125 2625 2308 2670 monte
2335 2615 2498 2680 Sina;
2527 2615 2668 2672 sicut
2707 2623 2828 2684 post
2855 2613 3066 2672 Dom-ini
3093 2615 3392 2684 passionem
3421 2616 3489 2670 ab

1895 2707 2011 2776 ejus
2040 2708 2444 2761 resurrectione
2469 2706 2854 2777 quinquaginta
2895 2706 3012 2762 dies
3035 2715 3406 2770 numerantur,
3433 2715 3492 2762 et

1895 2799 2040 2853 venit
2081 2799 2378 2867 promissus
2405 2813 2438 2852 a
2481 2798 2622 2854 Filio
2648 2799 2742 2852 Dei
2771 2797 3002 2868 Spiritus
3043 2804 3277 2854 sanctus.
3325 2797 3392 2852 Et
3433 2797 3490 2851 in

1896 2889 2012 2958 ipso
2053 2889 2172 2959 ejus
2201 2890 2453 2954 adventu,
2481 2905 2642 2958 quem
2681 2891 2734 2944 in
2765 2889 3140 2960 Apostolorum
3163 2889 3384 2946 Actibus
3409 2889 3488 2950 Ie—

1893 2980 2088 3051 gimus,
2123 2995 2217 3051 per
2243 2981 2560 3037 divisionem
2591 2981 2892 3052 linguarum
2939 2982 3074 3051 ignis
3099 2983 3364 3050 apparuit,
3395 2979 3489 3050 qui

1893 3081 1947 3128 ct
1977 3073 2170 3128 insedit
2195 3087 2356 3143 super
2387 3089 2819 3144 unumquemque
2845 3089 3036 3130 eorum
3063 3074 3197 3144 (Act.
3233 3090 3290 3142 tt,
3325 3072 3442 3145 1-4)
3469 3092 3484 3128 :

1891 3167 2031 3236 quod
2061 3165 2248 3222 Exodo
2277 3166 2547 3235 congruit,
2577 3167 2668 3222 ubi
2707 3167 2966 3238 scriptum
2993 3177 3074 3226 est
3100 3207 3114 3230 ,
3162 3165 3294 3224 Sina
3317 3174 3490 3220 autem

1890 3273 2032 3310 mons
2060 3257 2286 3328 fumabat
2329 3265 2484 3320 totus,
2516 3266 2780 3327 prapterea
2807 3256 2943 3326 quod
2981 3256 3236 3312 descendit
3275 3257 3330 3310 in
3371 3272 3488 3310 eum

1889 3348 2028 3403 Deus
2055 3352 2108 3403 in
2135 3350 2282 3420 igne;
2311 3358 2366 3404 et
2409 3349 2676 3419 aliquanto
2699 3359 2836 3419 post,
2867 3351 3128 3421 Aspectus,
3159 3351 3348 3420 inquit,
3371 3367 3485 3404 ma—

1879 3439 2084 3510 jestatis
2125 3437 2336 3494 Domini
2381 3449 2622 3509 tauquam
2667 3439 2799 3510 ignis
2837 3441 3022 3496 ardetis
3060 3451 3214 3509 super
3253 3443 3486 3496 uerticem

1889 3531 2074 3584 montis
2094 3547 2270 3583 corant
2303 3531 2426 3599 ﬁliis
2452 3529 2638 3584 Israel.
2667 3533 2774 3592 Aut
2803 3531 2848 3586 si
2879 3531 2996 3586 haec
3023 3531 3144 3586 ideo
3169 3531 3306 3586 facta
3336 3542 3482 3600 sunt,

1887 3621 2012 3691 quia
2037 3635 2140 3676 nec
2179 3621 2360 3687 Pater,
2391 3635 2492 3676 nec
2531 3621 2700 3676 Filius
2743 3622 2848 3676 illic
2873 3637 2940 3676 eo
2979 3621 3142 3678 modo
3169 3623 3482 3692 prtesentari

1887 3721 2136 3783 poterant
2161 3714 2278 3768 sine
2303 3712 2506 3783 Spiritu
2536 3723 2742 3778 sancto,
2770 3729 2878 3784 quo
2903 3715 3074 3784 ipsam
3097 3715 3292 3784 Legem
3319 3715 3482 3772 scribi

1886 3805 2168 3876 oportebat
2193 3823 2207 3860 :
2243 3805 2410 3860 Deum
2439 3805 2676 3876 quidem,
2701 3821 2808 3862 non
2837 3821 2936 3875 per
2955 3805 3306 3862 substantiam
3329 3821 3482 3866 suam

1885 3912 2008 3968 qua:
2051 3897 2336 3952 invisibilis
2379 3905 2436 3952 et
2480 3897 2936 3958 incommutabilis
2981 3907 3196 3964 manet,
3247 3899 3342 3958 sed
3387 3915 3484 3969 per

1885 3989 2036 4045 illam
2059 3991 2296 4059 speciem
2315 3999 2578 4046 creaturae
2607 3991 2714 4046 illic
2737 3991 3054 4061 apparuisse
3071 3992 3478 4062 cognoscimus;

1885 4084 1980 4138 sed
2027 4083 2258 4153 aliquam
2312 4099 2378 4138 ex
2419 4083 2680 4138 Trinitato
2723 4097 3008 4154 personam
3061 4084 3212 4154 signo
3249 4084 3482 4155 quodam

1883 4179 2102 4250 proprio
2128 4219 2143 4245 ,
2173 4187 2431 4247 Quantum
2457 4176 2526 4232 ad
2569 4178 2677 4234 mei
2705 4193 2898 4236 sensus
2921 4183 3271 4249 capacitatem
3313 4181 3480 4250 perti-

1885 4277 1998 4336 net,
2033 4285 2136 4324 non
2165 4269 2424 4326 videmus.

1953 4363 2182 4420 CAPUT
2209 4363 2349 4418 XVI.
2375 4393 2446 4405 ——
2463 4362 2554 4418 27.
2589 4363 2792 4435 Moyses
2811 4365 3064 4435 quomodo
3085 4363 3263 4420 uiderit
3285 4363 3476 4422 Dcttut.

1885 4457 1984 4514 Est
2013 4459 2176 4512 etiam
2209 4469 2315 4526 quo
2343 4456 2547 4510 moveri
2579 4456 2820 4526 plerique
2845 4457 3038 4523 solent,
3071 4458 3191 4526 quia
3217 4455 3478 4526 scriptum

1882 4557 1984 4614 est,
2013 4547 2078 4601 Et
2099 4547 2298 4601 locutus
2318 4555 2390 4601 est
2416 4545 2670 4600 Dominus
2693 4547 2762 4600 ad
2789 4546 3000 4618 Moysen
3025 4549 3156 4618 facio
3175 4546 3243 4602 ad
3267 4547 3476 4616 faciem,

1883 4639 2012 4694 sicut
2057 4641 2170 4710 quis
2198 4637 2422 4708 loquitur
2451 4637 2520 4692 ad
2549 4638 2770 4692 amicum
2795 4655 2944 4694 suum
2971 4655 2988 4698 ς
3017 4653 3138 4694 cum
3163 4638 3320 4707 paulo
3358 4646 3480 4707 post

1883 4731 2025 4786 dicat
2046 4731 2186 4784 Idem
2226 4729 2458 4800 Moyses,
2495 4729 2555 4785 Si
2579 4746 2698 4802 ergo
2723 4731 2892 4786 inueni
2915 4733 3130 4803 gratiam
3155 4739 3269 4790 ante
3297 4739 3362 4796 te,
3388 4747 3474 4784 ese

1884 4825 2030 4879 tende
2065 4825 2190 4877 mihi
2225 4824 2540 4895 temetipsum
2567 4825 2827 4895 manifeste
2851 4863 2866 4892 ,
2895 4835 2948 4878 ut
2968 4825 3164 4880 videant
3191 4831 3238 4876 te
3253 4838 3273 4885 ,'
3299 4831 3351 4876 ut
3379 4823 3476 4876 sim

1881 4918 2140 4972 inveniens
2163 4917 2380 4988 gratiam
2409 4926 2527 4970 ante
2556 4926 2620 4982 te,
2645 4927 2690 4970 ct
2719 4925 2776 4970 ut
2799 4917 2958 4970 sciant
2981 4918 3100 4985 quia
3121 4915 3338 4984 papulas
3359 4923 3474 4968 tuus

1882 5021 1954 5066 est
1975 5027 2094 5083 gens
2111 5011 2218 5064 lucc
2237 5025 2256 5064 :
2279 5019 2333 5065 et
2353 5009 2510 5080 paulo
2533 5017 2656 5080 post
2677 5009 2869 5064 iterum
2889 5008 3020 5062 dixit
3047 5006 3256 5076 Moyses
3283 5005 3348 5060 ad
3373 5004 3475 5058 Do-

1883 5104 2108 5168 minum,
2137 5101 2359 5156 Ostende
2377 5102 2504 5156 mihi
2537 5102 2850 5170 majestatom
2884 5109 3040 5152 tuam.
3076 5097 3214 5163 Quid
3241 5095 3469 5165 esthoc,

1881 5197 2020 5267 quod
2063 5197 2118 5250 in
2145 5193 2391 5250 omnibus
2416 5209 2535 5266 quae
2563 5209 2721 5262 supra
2765 5192 2984 5256 ﬁebant,
3013 5191 3150 5246 Deus
3180 5189 3346 5250 videri
3377 5206 3473 5260 per

1882 5304 2030 5344 suam
2061 5287 2412 5342 substantiam
2441 5285 2744 5355 putabatur,
2776 5282 2918 5338 unde
2944 5298 2973 5336 a
3005 5282 3212 5338 miseris
3237 5281 3472 5340 creditus

1881 5391 1984 5444 est,
2005 5395 2110 5435 non
2129 5393 2224 5449 per
2239 5387 2560 5442 creaturam,
2579 5375 2674 5431 sed
2695 5391 2790 5446 per
2805 5375 3038 5445 seipsum
3063 5374 3284 5432 visibilis
3305 5374 3472 5432 Filius

1881 5473 1974 5527 Dei
1997 5488 2013 5534 ;
2036 5479 2090 5526 et
2123 5469 2267 5540 quod
2291 5470 2579 5522 Intraverat
2597 5467 2648 5520 in
2673 5467 2916 5522 nebulam
2935 5466 3164 5538 Moyses,
3179 5466 3244 5522 ad
3267 5466 3371 5522 hoc
3391 5467 3474 5522 in-

1883 5574 2052 5618 trasse
2075 5559 2373 5626 videbatur,
2391 5566 2450 5612 ut
2469 5559 2638 5612 oculis
2659 5557 2874 5628 quidem
2901 5558 3076 5628 populi
3097 5557 3472 5616 ostenderetur

1881 5659 2050 5728 caligo
2085 5653 2360 5717 nebulosa,
2387 5653 2474 5707 ille
2513 5661 2692 5706 autem
2717 5653 2862 5708 intus
2893 5654 3052 5708 verba
3089 5653 3186 5708 Dei
3214 5661 3468 5722 tanquam

1882 5751 1998 5820 ejus
2011 5747 2200 5802 faciem
2225 5744 2620 5814 contemplatus
2654 5743 2866 5800 staiiret
2905 5751 2960 5798 et
2977 5743 3248 5816 quomodo
3265 5742 3468 5800 dictum

1883 5853 1985 5916 est,
2007 5839 2230 5902 Locutus
2242 5845 2314 5896 est
2325 5835 2580 5896 Dominus
2591 5837 2660 5896 ad
2671 5837 2886 5916 Moysen
2900 5835 3110 5916 {adsed
3120 5835 3326 5910 facient,
3341 5834 3474 5892 sicut
