4084 6444
550 372 658 432 863

549 491 663 562 quis
690 488 913 561 loquitur
935 487 1005 543 ad
1026 487 1243 543 amicum
1273 498 1420 540 suum
1441 498 1461 537 :
1485 490 1541 539 et
1560 496 1686 539 ecce
1713 483 1854 539 idem
1884 484 2043 552 dicit,
2077 484 2139 540 Si

550 586 718 641 inveni
754 585 971 657 gratiam
994 592 1112 637 ante
1139 590 1214 647 te,
1246 578 1454 633 ostende
1478 577 1604 631 mihi
1634 578 1948 646 temetipsum
1971 578 2140 632 mani-

552 678 713 750 feste?
740 676 971 732 Noverat
1010 673 1191 743 utique
1232 668 1375 740 quod
1418 668 1766 738 corporaliter
1790 668 2039 734 videbat,
2086 675 2141 723 et

550 783 732 825 veram
763 768 1018 821 visionem
1052 762 1144 817 Dei
1186 759 1531 830 spiritualiter
1560 759 1881 829 requirebat.
1916 757 2139 814 Locutio

547 862 744 931 quippe
772 860 861 914 illa
889 871 1007 928 quas
1039 854 1198 909 [iebat
1226 854 1277 907 in
1307 852 1560 917 vocibus,
1594 852 1671 907 sic
1707 850 2134 920 modiﬁcabatur,

550 964 797 1021 tanquam
824 956 969 1004 esset
996 946 1150 1001 amici
1183 945 1448 1015 loquentis
1467 943 1534 999 ad
1556 944 1806 998 amicum.
1834 942 1941 999 Sed
1970 944 2138 998 Deum

546 1044 757 1097 Patrem
785 1041 903 1111 quis
926 1038 1201 1107 corporeis
1225 1037 1395 1092 oculis
1421 1036 1605 1091 videt?
1632 1036 1698 1091 Et
1722 1036 1864 1106 quod
1891 1036 1946 1090 in
1984 1036 2135 1106 prin-

544 1135 683 1203 cipio
706 1143 823 1187 erat
855 1131 1083 1186 Verbum
1106 1172 1120 1195 ,
1166 1138 1221 1185 et
1247 1129 1478 1185 Verbum
1505 1137 1620 1183 erat
1661 1128 1799 1198 apud
1841 1129 2039 1194 Deum,
2082 1135 2138 1184 et
2173 1135 2176 1139 ’

544 1227 685 1281 Deus
709 1233 825 1280 erat
848 1223 1104 1290 Verbum,
1128 1238 1223 1293 per
1252 1221 1392 1292 quod
1425 1220 1560 1275 facta
1588 1229 1712 1274 sunt
1739 1220 1916 1274 omnia
1948 1219 2132 1291 (Joan.

542 1336 579 1386 ι,
611 1322 663 1387 l,
693 1318 769 1389 '5),
803 1319 920 1388 quis
950 1316 1224 1385 corporeis
1249 1315 1416 1369 oculis
1441 1312 1622 1367 videt?
1653 1312 1722 1365 Et
1750 1312 2004 1381 Spiritum
2044 1326 2134 1366 sa-

545 1410 755 1479 pientire
782 1408 901 1478 quis
929 1406 1203 1477 corporeis
1235 1404 1402 1459 oculis
1434 1403 1616 1457 videt?
1645 1402 1781 1469 Quid
1815 1409 1898 1456 est
1924 1411 2129 1468 autem,

545 1502 764 1556 Ostende
793 1501 915 1553 mihi
944 1500 1261 1568 temetipsum
1283 1497 1567 1566 manifeste,
1595 1505 1650 1547 ut
1676 1495 1869 1547 videam
1894 1503 1977 1561 te;
2008 1494 2129 1559 nisi,

541 1593 764 1647 ostende
793 1592 922 1646 mihi
951 1588 1301 1646 substantiam
1346 1586 1527 1641 tuam?
1569 1586 1682 1640 Hoc
1724 1594 1899 1640 autem
1941 1585 1987 1640 si
2026 1601 2132 1641 non

541 1685 761 1739 dixisset
788 1684 1000 1755 Moyses
1023 1725 1037 1747 ,
1066 1691 1354 1751 utcumque
1383 1679 1585 1734 ferendi
1616 1687 1797 1733 essent
1821 1677 2002 1743 stulti,
2042 1678 2135 1747 qui

542 1785 729 1845 putant
755 1791 849 1844 per
874 1790 935 1829 ea
957 1790 1075 1845 quae
1097 1788 1253 1843 supra
1276 1772 1413 1826 dicta
1437 1772 1519 1826 vel
1545 1778 1692 1841 gesta
1714 1779 1858 1834 sunt,
1888 1769 2134 1824 substan-

543 1868 670 1922 tiam
716 1866 809 1921 Dei
840 1866 1008 1920 oculis
1053 1865 1169 1935 ejus
1212 1864 1377 1918 fuisse
1419 1863 1800 1932 conspicuam:
1835 1876 1957 1915 cum
2004 1875 2133 1915 vero

542 1959 628 2014 hic
672 1960 1005 2029 apertissime
1050 1958 1464 2017 demonstretur,
1517 1968 1615 2009 nec
1655 1952 1979 2007 desideranti
2030 1951 2134 2005 hoc

538 2050 703 2105 fuisse
756 2065 1107 2115 concessum;
1159 2048 1278 2118 quis
1330 2046 1524 2101 audeat
1567 2046 1746 2101 dicere
1794 2061 1887 2115 per
1930 2044 2132 2098 similes

538 2142 776 2209 formas,
829 2158 945 2212 quae
992 2142 1113 2195 huic
1155 2154 1364 2210 quoque
1406 2137 1684 2192 visibiliter
1734 2143 2128 2207 apparuerant,

538 2250 643 2288 non
702 2241 1001 2289 creaturam
1057 2232 1170 2286 Deo
1223 2230 1583 2295 servientem,
1644 2227 1738 2283 sed
1804 2227 1906 2282 hoc
1957 2227 2129 2297 ipsum

539 2324 679 2394 quod
731 2325 869 2379 Deus
910 2331 992 2379 est
1038 2322 1352 2393 cujusquam
1403 2321 1572 2375 oculis
1616 2319 1929 2390 apparuisse
1980 2333 2131 2374 mor-

536 2416 762 2471 talium?

605 2507 695 2563 28.
738 2506 805 2561 Et
846 2505 897 2560 id
924 2504 1136 2576 quidem
1181 2504 1323 2575 quod
1369 2511 1553 2575 postea
1596 2502 1853 2557 Dominus
1894 2500 2023 2557 dicit
2062 2500 2132 2557 ad

535 2598 789 2669 Moysen,
817 2613 917 2651 non
957 2597 1143 2665 poteris
1180 2596 1348 2649 uidere
1388 2595 1569 2665 faciem
1611 2610 1810 2661 meam,
1843 2604 1889 2647 et
1927 2595 2128 2648 uiuere:

535 2707 636 2743 non
675 2689 807 2743 enim
844 2688 1029 2741 videbit
1057 2689 1206 2741 homo
1241 2687 1422 2758 faciem
1464 2702 1626 2739 meam
1668 2695 1713 2739 et
1759 2685 1903 2739 vivet.
1957 2683 2027 2738 Et
2055 2689 2130 2739 ait

533 2784 824 2837 Dominus:
855 2782 989 2836 Ecce
1009 2782 1148 2835 locus
1174 2797 1323 2852 penes
1347 2796 1426 2833 me
1458 2788 1565 2847 est,
1598 2787 1645 2832 et
1680 2779 1837 2833 stabis
1860 2794 2011 2848 super
2035 2794 2129 2849 pe-

534 2884 663 2928 tram
680 2916 696 2941 ,
724 2874 893 2927 statim
927 2881 983 2926 ut
1011 2872 1218 2927 transiet
1246 2887 1357 2925 mea
1382 2871 1623 2940 majestas
1641 2909 1656 2935 ,
1702 2878 1748 2923 et
1779 2886 1966 2938 ponam
1996 2878 2045 2922 te
2072 2868 2128 2923 in

533 2965 741 3035 specula
766 2965 784 2996 ¹
817 2972 1004 3031 petrae;
1027 2972 1076 3017 et
1114 2973 1277 3033 tegam
1316 2978 1470 3015 manu
1496 2978 1609 3015 mea
1646 2976 1797 3026 super
1842 2970 1921 3027 te,
1968 2960 2129 3015 donec

534 3066 816 3122 transeam,
858 3064 905 3109 et
946 3055 1176 3125 auferam
1205 3069 1412 3108 manum
1452 3068 1647 3117 meam,
1692 3060 1739 3105 et
1782 3058 1899 3104 tunc
1941 3051 2130 3106 videbis

535 3149 816 3219 posteriora
858 3164 1001 3214 mea;
1047 3164 1166 3201 nam
1212 3148 1370 3218 facies
1418 3161 1531 3199 mea
1577 3160 1680 3198 non
1727 3143 1994 3214 apparebit
2039 3142 2128 3197 tibi

538 3239 731 3311 (Exod.
763 3255 956 3304 χχχιιι,
987 3239 1203 3311 1135).

606 3331 830 3388 CAPUT
855 3330 1018 3387 XVII.
1043 3362 1115 3372 —
1144 3331 1437 3386 Posteriora
1462 3328 1560 3384 Dei
1584 3328 1834 3398 quomodo
1860 3329 1985 3383 visa.
2016 3328 2125 3384 Re-

532 3424 854 3479 surrectionis
882 3423 1071 3477 Christi
1094 3423 1240 3493 ﬁdes.
1268 3421 1529 3477 Catholica
1550 3420 1781 3475 Ecclesia
1808 3421 1920 3475 sola
1944 3430 2015 3475 est
2040 3420 2126 3477 lo-

530 3532 619 3570 cus
660 3514 795 3569 unde
830 3514 1065 3569 videntur
1106 3514 1387 3584 posteriora
1424 3512 1539 3567 Dei.
1585 3510 1884 3567 Posteriora
1926 3511 2025 3567 Dei
2061 3515 2126 3568 ab

529 3607 780 3662 Israelitis
809 3608 934 3661 uisa.
966 3606 1135 3659 Deum
1169 3604 1378 3659 Patrem
1401 3605 1566 3659 solum
1593 3621 1849 3675 nunquam
1878 3602 2126 3661 Patribus

529 3700 694 3753 uisum
717 3699 1005 3753 existimare
1027 3697 1291 3752 temeraria
1311 3697 1481 3768 opinio
1506 3706 1600 3751 est.
1630 3696 1744 3751 Non
1768 3696 2125 3767 incongruen-

531 3801 616 3848 ter
643 3809 708 3847 ex
738 3807 966 3863 persona
994 3791 1205 3845 Domini
1232 3791 1399 3846 nostri
1426 3789 1554 3846 Jesu
1583 3788 1785 3845 Christi
1814 3790 2124 3861 praeﬁgura-

529 3895 641 3941 tum
671 3888 809 3942 solet
837 3888 1084 3957 intelligi,
1113 3895 1173 3942 ut
1198 3887 1492 3957 posteriora
1516 3887 1634 3957 ejus
1654 3886 1981 3956 accipiantur
1999 3900 2125 3941 caro
2171 3920 2177 3927 -

531 3978 665 4048 ejus,
697 3979 747 4031 in
776 3994 879 4048 qua
905 3979 971 4034 de
999 3979 1220 4050 Virgine
1240 3988 1396 4034 natus
1419 3986 1531 4045 est,
1565 3986 1620 4032 et
1651 3985 1915 4045 mortuus,
1942 3985 1998 4032 et
2033 3992 2122 4032 re-

530 4068 792 4133 surrexit;
831 4070 943 4124 sive
983 4079 1203 4139 propter
1243 4068 1694 4139 posterioritatem
1722 4069 1742 4098 ²
1781 4067 2120 4123 mortalitatis

533 4159 831 4228 posteriora
856 4160 997 4215 dicta
1041 4161 1183 4228 sint,
1230 4161 1342 4215 sive
1379 4159 1521 4229 quod
1560 4174 1678 4214 eam
1722 4171 1889 4229 prope
1918 4159 1973 4213 in
2018 4160 2125 4215 ﬁne

532 4251 751 4319 saeculi,
802 4251 904 4307 hoc
946 4261 1060 4319 est,
1108 4252 1376 4321 posterius
1418 4251 1694 4321 suscipere
1722 4250 1969 4322 dignatus
1995 4260 2121 4306 est:

528 4342 693 4398 facies
718 4351 896 4397 autem
922 4342 1036 4413 ejus
1062 4343 1149 4398 illa
1176 4343 1268 4399 Dei
1295 4343 1465 4399 forma
1483 4384 1499 4410 ,
1527 4343 1581 4397 in
1607 4359 1709 4414 qua
1751 4358 1858 4399 non
1882 4344 2123 4413 rapinam

531 4433 821 4488 arbitratus
849 4442 930 4489 est
955 4450 1075 4490 esse
1109 4435 1330 4506 aequalis
1356 4435 1467 4491 Deo
1491 4434 1634 4490 Patri
1662 4434 1920 4507 (Philipp.
1954 4451 2013 4503 ιι,
2042 4434 2120 4507 6),

529 4539 689 4595 quam
720 4540 879 4580 nemo
906 4526 1087 4596 utique
1112 4535 1289 4596 potest
1316 4526 1499 4582 videre
1524 4536 1580 4583 et
1615 4527 1828 4593 vivere;
1861 4529 1974 4584 sive
1999 4527 2122 4598 quia

528 4627 649 4684 post
678 4616 817 4671 hanc
845 4618 1009 4671 vitam
1030 4658 1045 4684 ,
1076 4618 1130 4673 in
1158 4634 1262 4688 qua
1304 4619 1706 4689 peregrinamur
1739 4634 1769 4672 a
1798 4619 2027 4675 Domino
2058 4617 2124 4690 (ιι

527 4704 646 4761 Cor.
674 4724 727 4774 v,
758 4706 847 4779 6),
889 4718 943 4763 et
972 4709 1059 4764 ubi
1086 4725 1283 4780 corpus
1323 4710 1462 4780 quod
1489 4713 1848 4781 corrumpitur
1873 4719 2124 4781 aggravat

525 4800 756 4855 animam
782 4801 940 4871 (Sap.
966 4818 1040 4867 ιχ,
1076 4803 1189 4873 15),
1219 4802 1515 4857 videbimus
1544 4804 1675 4874 facie
1699 4804 1767 4856 ad
1792 4804 1993 4873 faciem,
2014 4804 2121 4859 sic-

524 4900 583 4946 ut
652 4891 778 4948 dicit
806 4893 1097 4963 Apostolus
1123 4894 1168 4965 (l
1196 4894 1311 4949 Cor.
1334 4909 1448 4959 χιιι,
1483 4894 1570 4963 12)
1602 4894 1694 4964 (de
1720 4893 1820 4948 hac
1841 4895 1982 4948 enim
2015 4894 2122 4950 vita

524 4985 578 5039 in
608 4984 830 5040 Psalmis
859 4986 1076 5052 dicitur,
1111 4985 1469 5040 Verumtamen
1490 4986 1723 5039 universa
1744 4986 1938 5039 vanitas
1960 4986 2122 5040 omnis

524 5077 674 5131 homo
714 5078 880 5130 vivens
914 5075 1087 5149 [Psal.
1119 5092 1355 5141 xxxvut,
1388 5074 1477 5146 6];
1509 5084 1563 5129 et
1602 5075 1791 5130 iterum
1813 5117 1828 5142 ,
1869 5076 2123 5140 Quoniam

523 5188 626 5224 non
649 5172 1011 5240 iustiﬁcabitur
1031 5186 1204 5224 coram
1224 5177 1270 5221 te
1294 5169 1457 5222 omnis
1479 5168 1644 5221 vivens
1667 5166 1835 5239 [Psal.
1856 5184 2015 5233 CXLII,
2034 5166 2116 5240 2].

522 5261 576 5315 ιιι
608 5278 711 5332 qua
734 5263 842 5316 vita
863 5264 1046 5325 etiam,
1077 5260 1371 5317 secundum
1400 5260 1682 5327 Joannem,
1713 5261 1937 5314 nondum
1966 5278 2121 5332 appa-

522 5355 624 5407 ruit
643 5356 765 5423 quid
792 5358 1002 5412 erimus.
1037 5354 1243 5411 Scimus
1271 5364 1459 5418 autem,
1494 5353 1693 5423 inquit,
1736 5356 1856 5423 quia
1880 5371 1993 5408 cum
2025 5372 2122 5424 ap-

523 5448 782 5515 paruerit,
820 5449 1013 5503 similes
1051 5448 1097 5502 ei
1139 5448 1357 5511 erimus;
1404 5447 1643 5517 quoniam
1691 5446 1962 5500 videbimus
2005 5464 2120 5501 eum

524 5539 673 5594 sicuti
697 5548 769 5594 est
798 5539 842 5614 [ι
868 5541 1026 5596 Joan.
1054 5556 1132 5608 ιιι,
1155 5541 1191 5595 2
1209 5538 1252 5612 ];
1282 5538 1426 5609 quod
1445 5539 1626 5610 utique
1649 5547 1771 5610 post
1793 5537 1930 5594 hanc
1952 5538 2115 5594 vitam

456 5782 459 5783 ν
587 5745 605 5778 ⁸
642 5744 761 5795 Edtti
803 5744 896 5796 hoc
936 5745 1060 5805 loco,
1099 5742 1153 5794 in
1182 5738 1432 5805 speltmca.
1470 5740 1562 5805 sed
1595 5739 1704 5805 aliis
1736 5738 1938 5805 inferius
1980 5738 2116 5804 locis,

524 5808 649 5875 sicut
676 5808 870 5875 _ub_ique
910 5801 1116 5858 veteres
1135 5801 1374 5875 plerique
1416 5803 1625 5866 codices,
1672 5802 1725 5853 in
1746 5801 1958 5867 specula.

587 5870 608 5901 ³
640 5867 864 5933 Plerique
887 5877 1015 5935 Mss,
1038 5867 1426 5935 postremitatem.

1680 367 1769 424 DE
1807 367 2201 440 TRlNlTATE,
2240 370 2296 426 S.
2338 372 2709 435 AUGUSTINI

3740 396 3850 457 εει

2247 486 2466 560 intelligi
2489 492 2675 560 voluit,
2703 507 2823 561 cum
2844 499 3035 556 mortis
3054 499 3293 560 debitum
3317 504 3659 575 solverimus,
3683 518 3741 566 et
3759 527 3848 568 re—

2246 582 2595 639 surrectionis
2616 588 2937 656 promissum
2956 595 3370 669 receperimus);
3394 600 3505 656 sive
3519 601 3664 672 quod
3682 605 3849 661 etiam

2246 687 2387 728 nunc
2416 674 2469 729 in
2498 688 2753 747 quantum
2782 682 2875 738 Dei
2905 684 3229 756 Sapientiam
3251 707 3349 761 per
3372 709 3530 764 quam
3557 696 3695 751 facta
3718 708 3849 756 sunt

2246 767 2443 831 omnia,
2472 770 2817 839 spiritualiter
2838 774 3200 848 intelligimus,
3230 782 3284 837 in
3304 792 3509 840 tantum
3530 789 3847 845 carnalibus

2244 857 2519 915 aliectibus
2564 866 2857 934 morimur,
2898 878 2955 924 ut
2993 882 3263 930 mortuum
3298 876 3452 933 nobis
3492 880 3634 935 hunc
3682 897 3844 936 mun-

2245 949 2371 1004 dum
2413 952 2731 1023 deputantes
2755 1000 2770 1023 ,
2801 974 2901 1015 nos
2944 977 3157 1034 quoque
3186 966 3283 1036 ipsi
3329 968 3457 1024 huic
3486 971 3690 1026 mundo
3722 987 3845 1028 mo-

2244 1044 2475 1115 riamur,
2528 1058 2582 1103 et
2643 1050 2882 1108 dicamus
2935 1057 3077 1126 quod
3120 1060 3194 1113 ait
3237 1062 3563 1131 Apostolus,
3608 1065 3845 1120 Mundus

2244 1134 2367 1187 mihi
2412 1138 2688 1207 cruciﬁxus
2720 1151 2793 1195 est
2817 1184 2831 1209 ,
2880 1154 2928 1198 et
2969 1163 3062 1217 ego
3106 1151 3295 1205 mundo
3325 1153 3343 1221 (
3370 1152 3537 1208 Gatat.
3580 1172 3653 1223 γι,
3704 1158 3773 1212 14
3799 1158 3841 1229 ).

2245 1225 2320 1281 De
2348 1226 2448 1282 hac
2475 1231 2618 1287 enim
2647 1243 2820 1289 morte
2846 1236 2973 1292 item
3005 1239 3156 1306 dixit,
3189 1242 3251 1297 Si
3289 1255 3457 1300 autem
3500 1251 3688 1302 mortui
3712 1225 3834 1305 estis

2242 1335 2355 1372 cum
2382 1320 2602 1390 Christo,
2652 1328 2775 1396 quid
2800 1331 2967 1385 adhuc
2993 1334 3127 1387 velut
3154 1337 3368 1393 viventes
3416 1341 3479 1393 de
3521 1342 3615 1395 hoc
3648 1345 3843 1399 mundo

2242 1410 2504 1491 decernitis
2538 1414 2755 1487 (Coloss.
2804 1438 2861 1489 ιι,
2892 1424 3031 1495 20)?
3061 1426 3176 1481 Non
3221 1445 3350 1501 ergo
3380 1432 3646 1490 immerito
3677 1453 3840 1493 nemo

2241 1503 2436 1569 poterit
2482 1504 2691 1574 faciem,
2738 1510 2791 1564 id
2839 1521 2938 1578 est,
2996 1515 3164 1585 ipsam
3205 1522 3685 1580 maniiestationem
3736 1528 3841 1581 Sa-

2243 1593 2453 1661 pientia:
2480 1595 2571 1650 Dei
2606 1598 2788 1656 videre
2814 1612 2867 1657 et
2889 1603 3092 1661 vivere.
3126 1609 3243 1678 Ipsa
3270 1622 3353 1666 est
3396 1616 3537 1668 enim
3583 1618 3794 1684 species
3818 1659 3835 1685 ,

2239 1686 2323 1738 cui
2366 1690 2792 1759 contemplanda:
2830 1697 3060 1764 suspirat
3088 1702 3263 1754 omnis
3290 1703 3380 1771 qui
3419 1704 3629 1760 aﬁ‘ectat
3662 1708 3840 1763 Deum

2238 1775 2457 1848 diligere
2500 1797 2567 1837 ex
2596 1791 2710 1839 toto
2737 1786 2919 1854 corde,
2952 1799 3005 1843 et
3029 1806 3096 1845 ex
3142 1800 3250 1846 tota
3293 1795 3492 1862 anima,
3520 1806 3576 1852 et
3603 1816 3669 1853 ex
3723 1808 3836 1856 tota

2238 1880 2461 1926 mente:
2494 1874 2561 1928 ad
2611 1891 2768 1945 quam
2807 1882 3270 1951 contemplandam
3319 1888 3477 1942 etiam
3528 1892 3838 1959 proximum

2238 1972 2491 2029 quantum
2520 1976 2694 2034 potest
2716 1969 2964 2039 aediﬁcat,
2995 1974 3084 2042 qui
3114 1974 3285 2046 diligit
3309 1988 3362 2032 et
3391 1980 3694 2047 proximum
3725 1983 3835 2039 sic-

2240 2060 2295 2105 ut
2323 2068 2381 2108 se
2411 2056 2582 2124 ipsum
2615 2076 2629 2113 :
2659 2058 2711 2113 in
2754 2062 2947 2130 quibus
2992 2063 3201 2120 duobus
3245 2072 3522 2138 prmceptis
3567 2082 3675 2126 tota
3721 2072 3837 2130 Lex

2238 2147 2435 2215 pendet
2476 2159 2531 2204 et
2564 2151 2843 2222 Propheta:
2889 2156 3098 2227 (Matth.
3131 2176 3259 2227 χχιι,
3308 2163 3522 2235 57-40).
3570 2166 3722 2234 Quod
3754 2167 3836 2222 si-

2237 2238 2518 2309 gniﬁcatur
2559 2244 2717 2297 etiam
2748 2246 2802 2299 in
2847 2247 2963 2316 ipso
3008 2249 3209 2321 Moyse.
3256 2252 3385 2306 Nam
3414 2271 3535 2309 cum
3564 2257 3835 2325 dixisset,

2238 2340 2455 2400 propter
2500 2333 2837 2392 dilectionem
2890 2339 2985 2395 Dei
3014 2356 3115 2411 qua
3146 2346 3414 2415 praecipue
3457 2346 3734 2418 ﬂagrabat,
3770 2349 3838 2406 Si

2236 2423 2405 2478 inveni
2431 2428 2647 2497 gratiam
2676 2430 2730 2484 in
2770 2446 3037 2504 conspectu
3083 2445 3188 2500 tuo,
3234 2440 3437 2493 ostende
3480 2443 3605 2495 mihi
3649 2453 3834 2498 temet-

2235 2514 2403 2585 ipsum
2450 2521 2728 2589 manifeste,
2781 2534 2837 2577 ut
2879 2527 2976 2579 sim
3018 2527 3272 2585 inveniens
3318 2533 3535 2602 gratiam
3583 2544 3700 2589 ante
3743 2544 3837 2603 te;

2236 2611 2489 2665 oontinuo
2520 2622 2735 2683 pr0pter
2755 2616 3093 2675 dilectionem
3118 2621 3279 2675 etiam
3327 2625 3555 2691 proximi
3598 2627 3831 2694 subjecit

2235 2708 2396 2783 atque
2420 2703 2514 2770 ait,
2543 2703 2611 2758 Et
2636 2716 2691 2759 ut
2718 2707 2873 2761 sciant
2907 2711 3025 2779 quia
3051 2712 3268 2781 papulas
3296 2722 3411 2769 tuus
3438 2726 3510 2769 est
3552 2734 3675 2787 gens
3699 2719 3831 2772 hare.
3906 2764 3913 2775 η

2236 2778 2329 2847 llla
2354 2803 2437 2849 est
2462 2811 2589 2866 ergo
2619 2799 2825 2867 species
2853 2816 2973 2871 quze
3003 2803 3140 2872 rapit
3164 2819 3377 2859 omnem
3402 2808 3634 2862 animam
3664 2811 3833 2866 ratio-

2236 2884 2410 2939 nalem
2435 2885 2704 2943 desiderio
2732 2892 2833 2955 sui,
2866 2899 3012 2947 tanto
3046 2893 3406 2951 ardentiorem
3435 2908 3635 2969 quanto
3665 2916 3832 2957 mun-

2235 2974 2460 3043 diorem,
2512 2989 2567 3034 et
2609 2987 2757 3035 tanto
2802 2982 3136 3040 mundiorem
3182 2996 3381 3056 quanto
3423 2990 3491 3043 ad
3534 2991 3835 3059 spiritualia

2235 3078 2597 3139 resurgentem
2634 3081 2825 3129 :tanto
2868 3084 3046 3130 autem
3091 3077 3157 3132 ad
3200 3080 3497 3149 spiritualia
3543 3097 3834 3154 resurgen-

2234 3168 2363 3226 tem,
2392 3171 2591 3232 quanto
2628 3180 2660 3220 a
2687 3167 2991 3225 carnalibus
3032 3172 3369 3228 morientem.
3401 3173 3507 3229 Sed
3544 3175 3671 3231 dum
3700 3193 3833 3248 per-

2234 3254 2540 3323 egrinamur
2563 3272 2593 3311 a
2620 3258 2865 3327 Domino,
2898 3269 2951 3316 et
2997 3278 3092 3333 per
3132 3262 3291 3319 ﬁdem
3332 3267 3690 3335 ambulamus,
3721 3284 3834 3327 non

2232 3359 2333 3415 per
2359 3348 2590 3416 speciem
2623 3348 2688 3421 (ll
2717 3350 2833 3405 Cor.
2865 3369 2918 3420 v,
2952 3353 3006 3419 6,
3038 3354 3116 3425 7),
3149 3358 3445 3425 posteriora
3475 3358 3696 3427 Christi,
3726 3360 3833 3417 hoc

2233 3445 2316 3491 est
2338 3452 2575 3505 carnem,
2606 3456 2703 3510 per
2748 3444 2918 3512 ipsam
2951 3443 3107 3499 ﬁdem
3138 3446 3323 3503 videre
3350 3447 3627 3515 debemus,
3660 3452 3714 3505 id
3743 3459 3832 3508 est

2232 3526 2287 3581 in
2338 3529 2510 3586 solido
2553 3531 2677 3587 ﬁdei
2719 3531 3064 3592 fundamento
3107 3545 3331 3603 stantes,
3376 3541 3517 3609 quod
3563 3542 3834 3612 signiﬁcat

2232 3629 2381 3691 petra
2407 3639 2421 3687 ;
2446 3630 2501 3678 et
2526 3638 2645 3678 eam
2670 3624 2737 3680 de
2780 3626 2870 3681 tali
2910 3628 3170 3683 tutissima
3203 3631 3419 3699 specula
3458 3633 3745 3698 intuentes,
3772 3636 3831 3692 in

2231 3715 2491 3772 catholica
2517 3718 2719 3773 scilicet
2736 3719 2991 3788 Ecclesia,
3015 3722 3083 3777 de
3103 3738 3206 3792 qua
3226 3724 3425 3779 dictum
3448 3735 3550 3791 est,
3578 3728 3646 3781 Et
3670 3746 3829 3798 super

2233 3807 2363 3861 hanc
2404 3818 2597 3877 petram
2626 3810 2889 3879 wdi/icabo
2934 3811 3217 3868 Ecclesium
3247 3832 3408 3870 meam
3441 3818 3662 3889 (Matth.
3693 3837 3782 3876 xw
3806 3864 3826 3890 ,

2233 3898 2345 3967 18).
2375 3898 2545 3953 Tanto
2574 3900 2715 3954 enim
2742 3902 2938 3955 certius
2963 3902 3251 3973 diligimus,
3284 3921 3442 3975 quam
3469 3909 3652 3964 videre
3676 3910 3828 3965 desi-

2232 3990 2481 4047 deramus
2544 3993 2732 4049 faciem
2782 3995 3013 4062 Christi,
3066 4007 3268 4067 quanto
3320 4000 3377 4054 in
3440 4004 3830 4071 posterioribus

2232 4085 2347 4153 ejus
2371 4087 2706 4155 agnoscimus
2747 4099 3001 4157 quantum
3048 4106 3146 4146 nos
3190 4092 3336 4162 prior
3366 4093 3623 4163 ~dilexerit
3665 4094 3828 4152 Chri-

2231 4184 2367 4230 stus.

2299 4267 2389 4323 29.
2423 4268 2529 4324 Sed
2560 4269 2614 4323 in
2640 4271 2753 4339 ipsa
2793 4286 2955 4327 carne
2984 4272 3116 4329 ﬁdes
3142 4278 3547 4332 resurrectionis
3571 4280 3686 4349 ejus
3716 4283 3831 4336 sal-

2229 4375 2326 4415 vos
2349 4359 2493 4427 facit,
2526 4371 2680 4437 atque
2701 4362 2976 4432 justilicat,
3021 4365 3084 4421 Si
3112 4368 3243 4420 enim
3270 4370 3561 4436 credideris,
3607 4372 3827 4444 inquit,

2230 4450 2283 4505 in
2303 4452 2451 4505 corde
2475 4460 2581 4519 tuo,
2607 4450 2725 4522 quia
2756 4453 2891 4509 Deus
2912 4455 3058 4510 illum
3074 4461 3330 4513 suscitavit
3348 4478 3380 4515 a
3398 4464 3629 4526 mortuis,
3650 4465 3828 4523 salvus

2230 4545 2327 4599 eris
2357 4544 2532 4614 (Rom.
2563 4562 2617 4611 χ,
2650 4546 2704 4615 9)
2735 4564 2747 4600 :
2781 4556 2835 4602 et
2872 4549 3085 4617 iterum,
3117 4550 3217 4616 Qui
3242 4552 3458 4608 traditus
3485 4565 3581 4622 est,
3611 4556 3822 4627 inquit,

2230 4645 2434 4706 prapter
2480 4636 2665 4691 delicta
2704 4649 2897 4705 nostra,
2929 4651 2977 4695 et
3019 4646 3294 4698 resurrexit
3340 4657 3545 4717 prapter
3566 4650 3827 4719 justi/ica-

2230 4729 2414 4783 tionem
2458 4740 2683 4784 nostram
2731 4731 2843 4802 (Id.
2874 4750 2951 4802 ιν,
2995 4734 3111 4808 25).
3158 4736 3390 4810 Ideoque
3418 4743 3667 4796 meritum
3700 4743 3826 4801 ﬁdei

2230 4829 2428 4874 nostrae
2473 4823 2794 4877 resurrectio
2840 4828 3080 4895 corporis
3111 4828 3321 4884 Domini
3362 4842 3464 4887 est.
3513 4833 3647 4889 Nam
3678 4852 3829 4892 mor-
3868 4822 3869 4825 η

2228 4920 2372 4966 tuam
2393 4926 2512 4967 esse
2538 4912 2681 4967 illam
2708 4929 2924 4971 carnem
2952 4917 3005 4972 in
3027 4933 3184 4975 cruce
3210 4922 3496 4992 passionis,
3524 4927 3688 4981 etiam
3720 4929 3822 4985 ini-

2228 5002 2351 5059 mici
2402 5003 2519 5074 ejus
2564 5004 2808 5073 credunt,
2857 5007 2952 5063 sed
3005 5013 3365 5070 resurrexisse
3409 5031 3515 5071 non
3573 5019 3825 5076 credunt.

2228 5095 2381 5162 Quod
2426 5096 2732 5153 ﬁrmissime
2778 5113 2877 5155 nos
2925 5101 3227 5172 credentes,
3279 5114 3528 5177 tanquam
3557 5108 3624 5164 de
3656 5121 3829 5180 petra:

2228 5188 2492 5244 soliditate
2540 5199 2856 5245 contuemur
2887 5209 2900 5246 :
2932 5193 3074 5249 unde
3132 5204 3278 5250 certa
3329 5212 3425 5267 spe
3476 5199 3828 5269 adoptionem

2227 5290 2598 5351 exspectamus
2661 5282 3083 5353 redemptionem
3153 5289 3394 5355 corporis
3465 5291 3635 5345 nostri
3698 5293 3826 5363 (Id.

2228 5387 2344 5439 VIII,
2376 5371 2467 5445 2'5)
2493 5391 2508 5441 ;
2539 5373 2660 5443 quia
2681 5373 2782 5429 hoc
2807 5375 2859 5428 in
2886 5376 3140 5430 membris
3156 5376 3353 5432 Christi
3380 5395 3681 5450 speramus,
3706 5400 3829 5454 qua:

2227 5481 2325 5521 nos
2352 5466 2452 5537 ipsi
2481 5482 2685 5534 sumus,
2706 5467 2846 5538 quod
2879 5468 3170 5538 perfectum
3199 5486 3318 5527 esse
3344 5474 3398 5527 in
3420 5475 3536 5544 ipso
3568 5485 3827 5547 tanquam

2226 5558 2279 5613 in
2308 5559 2482 5628 capite
2508 5567 2690 5613 nostro
2718 5559 2837 5615 ﬁdei
2866 5560 3094 5616 sanitate
3138 5566 3529 5633 cognoscimus.
3560 5567 3690 5624 lude
3718 5585 3828 5625 non

2225 5649 2357 5715 vult,
2390 5649 2490 5704 nisi
2518 5664 2638 5704 cum
2670 5651 2958 5717 transierit,
3008 5651 3176 5707 videri
3204 5658 3499 5723 posteriora
3524 5672 3644 5723 sua,
3679 5668 3742 5715 ut
3769 5662 3824 5717 in

2226 5741 2341 5813 ejus
2366 5741 2816 5797 resurrectionem
2836 5742 3101 5797 credatur.
3133 5743 3338 5800 Pascha
3366 5747 3511 5802 enim
3544 5748 3824 5806 hehrzeum

2231 5832 2450 5890 verbum
2479 5831 2693 5901 dicitur,
2723 5833 2867 5905 quod
2894 5833 3172 5895 Transitus
3210 5838 3615 5910 interpretatur.
3670 5840 3822 5901 Unde
