4042 6430
509 483 533 546 ξ
557 479 628 538 lio
653 476 1005 536 dessrriebant
1031 477 1097 545 ei,
1127 481 1176 530 et
1195 475 1331 529 dena
1375 473 1542 528 millia
1585 473 1772 529 denum
1799 475 2017 529 millium
2059 491 2148 530 as-

509 545 525 560 ϊ
557 573 799 628 sistebant
835 573 902 628 ei.
950 570 1022 627 Et
1071 569 1329 640 judicium
1377 569 1674 635 collocauit,
1723 579 1770 624 et
1825 569 1940 623 libri
1989 571 2154 640 aperti

556 675 699 733 sunt,
742 674 848 722 etc.
877 666 950 724 Et
991 665 1150 735 paulo
1189 672 1348 734 post:
1383 664 1720 733 Aspicicbam,
1752 663 1948 734 inquit,
1979 663 2036 716 in
2074 662 2153 716 vi—

558 760 700 817 sione
727 759 938 816 noctis:
976 766 1024 812 et
1059 772 1172 810 ecce
1214 767 1328 809 cum
1373 757 1484 810 caeli
1522 756 1756 820 nubibus,
1799 758 1943 825 quasi
1983 754 2152 809 Filius

559 853 778 908 hontiuis
800 852 1002 906 ueniens
1029 859 1160 916 erat,
1189 859 1233 902 et
1262 865 1418 920 usque
1450 847 1518 902 ad
1552 846 1776 902 Veterem
1806 849 2002 903 dierum
2034 865 2152 920 per-

560 947 711 1012 uenit,
740 955 786 998 et
815 944 1014 999 oblatus
1039 951 1114 997 est
1150 943 1216 996 ei.
1254 940 1323 995 Et
1353 942 1451 1012 ipsi
1476 944 1624 996 datus
1649 952 1720 996 est
1761 943 2079 1014 principatus
2109 953 2155 997 et

563 1039 726 1092 honor
767 1046 814 1090 et
849 1053 1100 1106 regnum;
1139 1045 1188 1090 et
1227 1051 1398 1090 omnes
1439 1035 1634 1106 populi,
1666 1037 1843 1101 tribus,
1874 1046 1920 1089 et
1969 1037 2159 1107 lingua:

564 1131 662 1199 ipsi
701 1131 938 1184 servient.
988 1127 1222 1182 Potestas
1251 1129 1381 1199 ejus,
1417 1137 1636 1196 potestas
1669 1137 1879 1194 (eterna,
1918 1145 2031 1198 qute
2055 1146 2158 1184 non

563 1221 856 1290 prmterioit,
876 1229 922 1273 et
951 1236 1163 1289 regnum
1192 1219 1300 1290 ejus
1323 1235 1424 1272 non
1452 1231 1802 1289 corrumpetur
1819 1222 1833 1251 ¹
1869 1219 2030 1293 (Dan;
2063 1236 2154 1286 vn,

572 1314 748 1384 9-H).
774 1314 911 1370 Ecce
957 1313 1114 1368 Pater
1142 1311 1294 1377 dans,
1333 1319 1391 1365 et
1425 1309 1595 1366 Filius
1629 1311 1895 1380 accipiens
1935 1325 2158 1382 regnum

567 1407 975 1475 sempiternum,
1018 1414 1071 1460 et
1115 1415 1240 1459 sunt
1279 1403 1438 1457 ambo
1479 1404 1538 1456 in
1583 1411 1872 1472 conspectu
1926 1403 2159 1473 prophe-

566 1499 729 1553 tantis
772 1497 971 1552 visibili
1017 1496 1217 1566 specie.
1263 1495 1380 1549 Non
1415 1509 1542 1564 ergo
1572 1495 2010 1549 inconvenienter
2037 1510 2159 1550 cre-

565 1589 707 1650 ditur
736 1591 898 1646 etiam
952 1589 1108 1643 Pater
1161 1589 1304 1643 Deus
1347 1603 1415 1642 eo
1462 1587 1623 1641 modo
1673 1588 1856 1643 solere
1899 1603 2161 1659 apparere

568 1681 905 1734 mortalibus.

635 1772 724 1832 54.
768 1771 877 1828 Nisi
904 1769 1042 1826 forte
1065 1771 1262 1841 aliquis
1299 1770 1505 1836 dicet',
1530 1771 1652 1825 ideo
1687 1785 1796 1827 non
1823 1785 1944 1827 esse
1972 1772 2158 1828 visibi-

563 1865 671 1930 lem
703 1863 936 1929 Patrem,
970 1863 1092 1932 quia
1123 1865 1175 1917 in
1201 1872 1492 1932 conspectu
1531 1864 1850 1920 somniantis
1873 1867 2158 1935 apparuit;

563 1957 686 2013 ideo
721 1967 905 2016 autem
950 1955 1143 2010 Filium
1186 1956 1449 2010 visibilem
1493 1965 1548 2010 et
1591 1954 1847 2026 Spiritum
1892 1966 2157 2026 sanctum,

563 2050 686 2118 quia
737 2049 947 2119 Moyses
999 2049 1086 2102 illa
1127 2049 1304 2102 omnia
1354 2049 1582 2117 vigilans
1610 2049 1762 2103 vidit.
1813 2050 1975 2117 Quasi
2029 2065 2160 2106 vero

564 2141 798 2202 Verbum
823 2150 881 2195 et
913 2139 1236 2210 Sapientiam
1277 2140 1372 2193 Dei
1400 2140 1592 2194 viderit
1619 2141 1827 2211 Moyses
1854 2143 2160 2198 carnalibus

563 2236 754 2300 oculis,
785 2243 874 2288 aut
928 2234 1093 2288 videri
1145 2233 1364 2302 spiritus
1405 2233 1491 2288 vel
1541 2233 1804 2288 humanus
1855 2237 2024 2305 possit
2067 2238 2156 2306 qui

562 2343 780 2383 carnem
811 2328 966 2382 istam
995 2326 1249 2387 vivilicat,
1281 2328 1361 2381 vel
1391 2328 1503 2396 ipse
1532 2342 1821 2396 corporeus
1846 2329 1937 2399 qui
1967 2337 2160 2386 ventus

566 2419 797 2485 dicitur;
826 2428 1032 2489 quanto
1064 2418 1240 2472 minus
1286 2417 1374 2471 ille
1417 2417 1650 2488 Spiritus
1682 2420 1771 2474 Dei
1799 2422 1886 2489 qui
1917 2421 2157 2476 omnium

568 2511 842 2570 hominum
869 2519 925 2567 et
950 2511 1275 2580 Angelorum
1318 2519 1528 2565 mentes
1559 2511 1809 2566 ineﬂ‘abili
1837 2513 2156 2567 excellentia

561 2605 759 2661 divinae
796 2604 1111 2662 substantiae
1158 2605 1604 2675 supergreditur?
1631 2615 1721 2658 aut
1751 2606 2032 2676 quisquam
2067 2607 2156 2661 tali

565 2696 926 2766 praecipitetur
952 2711 1156 2759 errore,
1189 2705 1246 2750 ut
1275 2697 1467 2751 audeat
1493 2697 1676 2752 dicere
1723 2696 1914 2750 Filium
1947 2707 2000 2752 et
2029 2697 2156 2766 Spi-

562 2791 723 2846 ritum
751 2800 993 2848 sanctum
1021 2790 1184 2844 etiam
1214 2789 1554 2860 vigilantibus
1586 2790 1893 2844 hominibus
1921 2806 2041 2846 esse
2079 2790 2156 2844 vi-

562 2883 794 2946 sibilem,
837 2883 1049 2938 Patrem
1096 2891 1271 2936 autem
1304 2881 1513 2936 nonnisi
1559 2881 2156 2949 sonmianlibus?Quo-

563 2977 726 3032 odo
753 2991 882 3046 ergo
907 2975 976 3030 de
999 2976 1159 3030 Patre
1186 2977 1300 3028 solo
1329 2975 1614 3044 accipiunt,
1664 2975 1822 3041 Quem
1873 2992 2018 3028 nemo
2065 2975 2157 3028 Ito-

563 3071 760 3123 minum
795 3069 941 3135 uidit,
982 3085 1073 3122 nec
1107 3067 1278 3122 uidere
1326 3069 1530 3138 potest?
1581 3069 1663 3121 An
1711 3084 1830 3122 eum
1883 3069 2155 3124 dormiunt

564 3161 830 3227 homines,
861 3171 987 3215 tunc
1035 3175 1138 3214 non
1185 3173 1311 3215 sunt
1353 3160 1645 3216 homines?
1672 3163 1776 3214 Aut
1803 3162 1890 3231 qui
1923 3162 2153 3220 formare

562 3256 962 3310 similitudinem
990 3255 1230 3324 corporis
1257 3263 1434 3324 potest
1457 3254 1522 3308 ad
1545 3268 1603 3308 se
1625 3254 2028 3324 signiﬁcandum
2056 3271 2153 3326 per

561 3349 672 3402 visa
702 3347 1102 3413 somniantium,
1137 3361 1242 3401 non
1287 3354 1464 3429 potest
1492 3345 1724 3400 formare
1757 3347 1924 3416 ipsam
1955 3363 2150 3418 corpo-

557 3456 704 3496 ream
732 3449 1032 3495 creaturam
1074 3439 1139 3494 ad
1169 3454 1226 3494 sc
1268 3437 1677 3509 significandum
1721 3440 1894 3494 oculis
1923 3441 2150 3509 vigilan-

556 3537 728 3591 tium?
778 3549 896 3588 cum
929 3534 1046 3601 ejus
1089 3533 1206 3601 ipsa
1255 3532 1550 3585 substantia
1584 3547 1684 3600 qua
1717 3543 1798 3586 est
1849 3533 1962 3602 ipse
2005 3533 2148 3603 quod

553 3636 658 3692 est,
697 3627 841 3681 nulla
865 3627 1109 3695 corporis
1147 3625 1494 3680 similitudine
1523 3625 1832 3688 dormienti,
1862 3627 2003 3680 nulla
2030 3643 2148 3682 cor-

549 3731 720 3789 IpOrea
747 3717 924 3788 specie
949 3715 1187 3788 vigilanti
1211 3708 1379 3785 possit
1405 3710 1610 3769 ostendi
1642 3733 1654 3768 :
1687 3714 1782 3770 sed
1813 3731 1916 3771 non
1942 3719 2148 3772 solum'

547 3812 760 3879 Patris,
812 3825 996 3866 verum
1061 3809 1220 3863 etiam
1277 3807 1394 3862 Filii
1446 3817 1500 3862 et
1547 3806 1778 3879 Spiritus
1830 3810 2018 3864 sancti.
2076 3812 2144 3866 Et

619 3949 636 3978 ι
672 3945 807 4003 Fditi,
831 3945 956 4009 quod
977 3957 1070 3994 non
1093 3938 1446 4008 corrumpetur.
1473 3941 1636 4001 Abest,
1675 3940 1822 4003 quod,
1847 3953 1875 3990 a
1897 3949 2004 3992 Mss.
2033 3951 2084 3993 et
2117 3956 2149 3994 a

556 4010 783 4074 νεπδὶυιιυ
807 4015 933 4074 LXX.
1123 4073 1128 4074 γ
1160 4073 1172 4074 7
1405 4063 1417 4074 .
1449 4065 1468 4074 ‘
1524 4070 1532 4074 _
1619 4063 1646 4074 η
1721 4063 1731 4074 .
1803 4064 1832 4074 η

619 4072 638 4101 ²
673 4075 744 4116 Er.
774 4069 899 4128 Lugd
941 4077 1055 4116 ven.
1085 4073 1138 4116 et
1159 4073 1290 4128 tot,
1317 4063 1562 4127 A‘ist'forte
1581 4063 1756 4128 aliquis
1780 4064 1928 4115 dicat.
1991 4073 2050 4116 at.

619 4130 642 4164 ³
672 4137 793 4179 Tres
807 4126 936 4190 διὲξ»,
959 4135 1004 4179 et
1025 4141 1119 4178 non
1139 4126 1308 4177 solum.

1689 359 1778 414 DE
1816 354 2208 427 TRINITATE,
2240 357 2304 418 S.
2347 355 2711 420 AUGUSTINI

3745 373 3857 432 868

2262 485 2410 534 certe
2456 479 2546 550 qui
2588 479 2915 551 vigilantium
2965 479 3095 538 visis
3139 489 3445 551 moventur,
3476 489 3537 541 nt
3588 500 3702 543 non
3757 490 3862 544 Pa-

2265 578 2423 639 trem,
2456 571 2550 627 sed
2587 582 2792 628 tantum
2829 571 3026 629 Filium
3051 575 3136 630 vel
3176 573 3434 647 Spiritum
3467 589 3712 635 sanctum
3743 597 3865 637 cre-

2264 662 2394 717 dant
2414 665 2781 734 corporalibus
2810 667 3084 721 hominum
3114 671 3426 737 apparuisse
3445 673 3856 742 conspectibus;

2265 761 2322 808 ut
2347 755 2588 810 omittam
2637 764 2837 811 tantam
2895 757 3228 814 latitudinem
3275 771 3580 818 sanctarum
3637 766 3866 837 pagina-

2263 862 2402 910 rum,
2438 853 2490 902 e‘t
2517 857 2623 903 tam
2654 850 3002 920 multiplicem
3034 867 3220 908 earum
3252 853 3682 925 intelligentiam,
3718 858 3868 914 unde

2264 953 2423 994 nemo
2463 940 2577 994 sani
2623 941 2810 1011 capitis
2837 941 3110 998 afﬁrmare
3158 941 3338 1013 debet,
3378 962 3641 1017 nusquam
3671 964 3861 1020 perso-

2267 1047 2386 1086 nam
2434 1032 2607 1088 Patris
2655 1048 2749 1102 per
2793 1035 3025 1105 aliquam
3068 1037 3301 1105 speciem
3353 1038 3688 1107 corporalem
3724 1041 3869 1110 vigi-

2266 1124 2486 1177 lantium
2534 1125 2702 1178 oculis
2743 1125 3165 1181 demonstratam
3192 1146 3206 1182 :
3231 1125 3330 1183 sed
3377 1138 3438 1183 ut
3465 1129 3589 1195 hoc,
3623 1139 3682 1184 ut
3727 1131 3866 1197 dixi,

2265 1215 2542 1281 omittam;
2569 1217 2695 1286 quid
2727 1217 2912 1273 dicunt
2937 1219 3004 1274 de
3028 1218 3186 1275 Patre
3227 1230 3413 1275 nostro
3455 1221 3745 1290 Abraham,
3777 1225 3869 1278 cui

2259 1317 2408 1362 certe
2433 1308 2670 1376 vigilanti
2697 1317 2751 1362 et
2795 1310 3140 1373 ministranti,
3166 1325 3288 1366 cum
3319 1310 3598 1382 Scriptura
3641 1315 3868 1386 pt'lei-

2266 1399 2424 1452 sisset
2459 1398 2666 1462 dicens,
2706 1397 2854 1454 Visus
2887 1411 2962 1454 est
3012 1400 3263 1456 Dominus
3298 1402 3534 1471 Abrahae,
3573 1420 3679 1458 non
3721 1421 3867 1459 unus

2264 1498 2358 1543 aut
2397 1489 2524 1555 duo,
2558 1489 2651 1544 sed
2695 1498 2803 1545 tres
2841 1501 3203 1562 apparuerunt
3247 1495 3375 1559 viri,
3416 1511 3641 1565 quorum
3683 1497 3868 1564 nullus

2265 1582 2529 1635 excelsius
2575 1582 2694 1636 aliis
2747 1583 3037 1639 eminuisse
3082 1585 3257 1640 dictus
3303 1595 3419 1651 est,
3471 1588 3644 1640 nullus
3692 1585 3868 1642 hono-

2265 1673 2431 1727 ratius
2479 1672 2776 1739 eﬁ‘ulsisse,
2844 1675 3026 1731 nullus
3088 1675 3426 1746 imperiosius
3475 1678 3651 1748 egisse
3705 1677 3863 1747 (Gen.

2267 1780 2424 1827 xvm.
2460 1766 2512 1835 l)
2544 1765 2568 1818 τ

2335 1859 2425 1913 55.
2467 1859 2835 1929 Quapmpter,
2865 1859 3114 1930 quoniam
3151 1861 3210 1914 in
3246 1861 3333 1915 illa
3373 1861 3633 1932 tripartita
3673 1872 3861 1919 nostra

2266 1948 2640 2006 distributione
2690 1952 2917 2020 primum
2966 1966 3207 2022 quaerere
3251 1953 3582 2009 instituimus
3629 1953 3865 2027 (Supra,

2265 2058 2380 2113 cap.
2414 2039 2503 2113 7),
2534 2053 2709 2098 utrum
2739 2044 2918 2108 Pater,
2948 2060 3014 2098 an
3042 2045 3230 2110 Filius,
3258 2062 3324 2100 an
3350 2047 3581 2117 Spiritus
3608 2059 3864 2116 sanctus;

2263 2149 2331 2189 an
2357 2135 2640 2206 aliquando
2668 2135 2857 2203 Pater,
2883 2136 3169 2207 aliquando
3198 2136 3394 2204 Filius,
3425 2139 3718 2209 aliquando
3741 2141 3867 2210 Spi-

2265 2228 2398 2282 ritus
2428 2239 2676 2294 sanctus;
2710 2244 2776 2283 an
2807 2230 2924 2284 sine
2953 2229 3059 2284 ulla
3099 2230 3443 2286 distinctione
3482 2247 3863 2303 personarum,

2264 2322 2401 2375 sicut
2425 2321 2637 2388 dicitur,
2670 2322 2812 2377 Deus
2838 2338 2976 2378 unus
3000 2333 3053 2377 et
3079 2323 3255 2388 solus;
3284 2324 3336 2379 id
3358 2333 3440 2380 est
3465 2325 3701 2381 Trinitas
3729 2329 3864 2398 ipsa,

2267 2429 2360 2482 per
2387 2414 2504 2468 illas
2532 2425 2791 2470 creatura:
2818 2415 3017 2469 formas
3041 2415 3287 2471 Patribus
3314 2420 3620 2489 apparuerit
3649 2439 3663 2475 :
3696 2422 3867 2477 inter-

2264 2508 2461 2575 rogatis
2489 2524 2606 2577 qum
2637 2510 2907 2578 potuimus
2929 2509 2972 2578 ί,
3001 2521 3254 2580 quantum
3283 2514 3526 2570 sufﬁcere
3551 2515 3728 2571 visum
3762 2526 3864 2582 est,

2262 2610 2565 2655 sanctarum
2603 2601 2998 2673 Scripturarum
3041 2604 3201 2672 locis,
3236 2605 3363 2660 nihil
3393 2607 3568 2674 aliud,
3602 2621 3866 2679 quantum

2263 2693 2528 2758 existimo,
2555 2693 2855 2748 divinorum
2878 2704 3329 2752 sacramentorum
3356 2699 3597 2754 modesta
3625 2711 3680 2755 et
3708 2711 3869 2758 cauta

2260 2784 2618 2838 consideratio
2663 2786 2977 2854 persuadet,
3020 2788 3122 2843 nisi
3166 2797 3222 2842 ut
3256 2795 3456 2845 temere
3483 2807 3590 2844 non
3618 2791 3868 2849 dicamus

2261 2889 2505 2946 quaenam
2531 2893 2597 2932 ex
2616 2877 2879 2934 Trinitate
2903 2894 3128 2949 persona
3153 2882 3369 2936 cuilibet
3389 2882 3606 2938 Parrum
3629 2885 3720 2940 vel
3745 2886 3868 2941 Pro-

2261 2969 2541 3039 phetarum
2568 2971 2622 3024 in
2650 2970 2830 3040 aliquo
2857 2985 3085 3040 corpore
3124 2972 3207 3025 vel
3241 2973 3588 3029 similitudine
3615 2977 3866 3045 corporis

2257 3062 2599 3130 apparuerit,
2627 3062 2726 3115 nisi
2753 3076 2874 3117 cum
2901 3063 3229 3118 continentia
3259 3064 3502 3120 lectionis
3533 3065 3712 3138 aliqua
3742 3084 3866 3138 pro-

2257 3155 2454 3212 babilia
2496 3157 2853 3226 circumponit
2897 3157 3110 3213 indicia.
3158 3157 3274 3228 lpsa
3317 3160 3458 3213 enim
3511 3172 3739 3230 natura,
3777 3163 3865 3219 vel

2257 3249 2575 3310 substantia,
2603 3250 2692 3303 vel
2713 3250 2977 3315 essentia,
3010 3251 3093 3304 vel
3122 3251 3360 3320 quolibet
3388 3251 3492 3305 alio
3519 3255 3741 3309 nomine
3771 3271 3867 3324 ap-

2261 3342 2560 3412 pcllandum
2594 3351 2676 3397 est
2706 3341 2932 3412 idipsum
2961 3343 3101 3414 quod
3133 3343 3273 3398 Deus
3299 3354 3380 3398 est
3402 3385 3416 3409 ,
3443 3346 3704 3416 quidquid
3727 3347 3864 3402 illud

2247 3441 2367 3499 est,
2398 3433 2750 3502 corporaliter
2791 3433 2958 3488 videri
3006 3449 3114 3488 non
3163 3441 3381 3503 potest:
3420 3451 3518 3505 per
3559 3437 3863 3505 subiectam

2259 3539 2385 3580 vero
2409 3532 2730 3591 creaturam,
2765 3539 2868 3578 non
2899 3526 3068 3580 solum
3094 3526 3308 3588 Filium.
3340 3527 3422 3582 vel
3446 3528 3704 3596 Spiritum
3737 3545 3864 3585 san-

2256 3627 2399 3672 etum
2421 3660 2436 3683 ,
2466 3618 2560 3672 sed
2591 3617 2749 3672 etiam
2776 3617 2987 3672 Patrem
3014 3618 3278 3688 corporali
3307 3619 3486 3687 specie
3513 3620 3625 3673 sive
3662 3621 3863 3675 simili-

2260 3710 2441 3764 tudine
2483 3709 2795 3762 mortalibus
2838 3709 3082 3762 scnsihus
3121 3708 3560 3778 signiﬁcationem
3602 3710 3685 3764 sui
3729 3711 3862 3767 dare

2259 3804 2493 3873 potuisse
2517 3803 2840 3858 credendum
2869 3811 2968 3857 est.
2996 3802 3125 3871 Quze
3153 3819 3274 3857 cum
3302 3803 3372 3857 ita
3402 3803 3537 3869 sint,
3568 3820 3636 3858 ne
3663 3805 3864 3860 immo-

2255 3896 2491 3952 deratius
2523 3896 2891 3965 progrediatur
2915 3895 3133 3950 secundi
3177 3896 3334 3964 hujus
3371 3895 3655 3950 voluminis
3686 3897 3864 3968 longi-

2257 3989 2404 4052 tudo,
2434 4004 2495 4044 ea
2524 4003 2643 4059 qum
2665 3995 2891 4054 restant,
2925 3988 2976 4042 in
3006 3989 3454 4058 consequentibus
3479 3989 3784 4045 videamus.

2320 4130 2338 4158 ι
2373 4133 2480 4175 Mss.
2506 4124 2783 4187 duodecim,
2811 4122 3208 4190 interrogatisque
3230 4129 3370 4190 prout
3393 4123 3645 4189 potuimus.

1576 4322 2057 4429 LIBER
2142 4324 2632 4433 TERTI
2656 4323 2858 4431 US.

497 4533 522 4572 τ,
615 4518 666 4560 tn
688 4523 786 4572 quo
807 4509 1057 4572 quaeritur,
1081 4519 1142 4572 an
1163 4507 1210 4556 in
1236 4504 1625 4572 illis_de_quibus
1641 4508 1895 4572 superiore
1919 4509 2044 4558 libro
2065 4510 2244 4560 dictum
2269 4519 2362 4569 est,
2391 4513 2471 4559 Dei
2499 4510 2908 4572 apparitionibus,
2933 4523 3023 4572 per
3044 4523 3304 4572 corporeas
3329 4511 3524 4572 species
3563 4509 3721 4570 factis,
3751 4519 3864 4562 tan-

505 4569 517 4575 ’⁷
555 4569 799 4624 tummodo
828 4569 1057 4620 creatura
1092 4569 1288 4634 lormata
1311 4569 1401 4634 sit,
1427 4569 1474 4615 in
1498 4582 1589 4630 qua
1616 4575 1745 4618 Deus
1766 4570 1888 4618 sicut
1911 4579 2025 4620 tunc
2048 4576 2323 4634 oportuisse
2352 4569 2599 4634 judicavit,
2626 4572 2846 4621 humanis
2884 4569 3227 4622 ostenderetur
3248 4569 3559 4634 aspectibus;
3598 4586 3658 4621 an
3684 4573 3862 4634 angeli

551 4637 636 4698 qui
654 4635 754 4695 jam
777 4641 922 4698 antea
945 4640 1084 4681 erant
1108 4634 1170 4680 ita
1193 4633 1524 4698 mittebantur,
1548 4636 1602 4678 ut
1621 4644 1682 4678 ex
1712 4643 1918 4698 persona
1941 4634 2027 4681 Dei
2050 4633 2383 4698 loquerentur,
2424 4635 3060 4698 assumentesrcorporalem
3082 4633 3386 4696 speciem’de
3425 4644 3651 4684 creatura
3675 4633 3780 4696 cur}
3799 4648 3861 4683 o-

551 4692 762 4754 r'ea,'aut
783 4697 939 4758 ipsum
958 4707 1140 4758 corpus
1155 4706 1295 4740 suum
1321 4693 1367 4740 in
1390 4694 1584 4758 species
1605 4705 1726 4758 quas
1750 4692 1935 4742 vellent
1969 4692 2352 4746 accommodatas
2373 4692 2659 4746 actionibus‘
2678 4697 2780 4746 suis
2809 4692 3065 4748 vertentes
3093 4692 3360 4748 eccundtun
3395 4699 3683 4748 attributam
3831 4709 3862 4746 ι

548 4764 778 4808 Creatore
798 4755 1064 4821 potentiam
1090 4769 1102 4804 :
1129 4756 1232 4818 ipsa
1254 4761 1419 4803 autem
1437 4755 1524 4802 Dei
1542 4755 1759 4804 essentia
1781 4768 2024 4818 nunquam
2048 4771 2135 4819 per
2158 4771 2216 4809 se
2240 4759 2392 4821 ipsam
2417 4758 2519 4808 visa
2542 4758 2704 4807 luerit.

2000 4887 2420 4940 αωοθωθ»

622 5018 951 5074 Ριιοαξιιιωί.
988 5043 1060 5055 —-
1097 5013 1150 5067 1.
1191 5010 1294 5067 Cur
1344 5011 1406 5064 de
1451 5009 1703 5064 Trinitate
1755 5009 1956 5065 scribat.
2011 5009 2146 5076 Quid

551 5129 583 5167 a
634 5110 898 5166 lectoribus
949 5106 1213 5162 desideret.
1270 5104 1404 5172 Quid
1447 5103 1634 5158 dictum
1681 5104 1746 5156 sit
1793 5105 1844 5157 in
1887 5107 2144 5174 superiore

553 5205 700 5261 libro.
731 5203 995 5267 Credant,
1029 5200 1118 5270 qui
1147 5197 1362 5262 volunt,
1393 5197 1551 5252 malle
1591 5213 1676 5252 me
1717 5197 1947 5268 legendo
1984 5212 2143 5268 quam

548 5300 772 5370 legenda
798 5296 1045 5354 dictando
1072 5296 1332 5350 laborare.
1359 5294 1460 5363 Qui
1485 5306 1659 5349 autem
1691 5292 1794 5348 hoc
1820 5295 2003 5348 nolunt
2025 5308 2143 5348 cre-

552 5391 701 5456 dere,
731 5389 963 5458 experiri
987 5397 1160 5442 autem
1191 5395 1245 5441 et
1273 5395 1492 5456 possunt
1517 5394 1573 5441 et
1596 5385 1798 5448 volunt,
1827 5385 1953 5439 dent
1979 5401 2097 5455 qum
2121 5384 2139 5416 ι

549 5479 779 5551 legendo
793 5479 885 5535 'vel
912 5478 1046 5533 meis
1067 5475 1496 5547 inquisitionibus
1514 5475 1936 5547 respondeantur
1954 5475 2039 5530 vel
2062 5475 2141 5529 in-

551 5570 996 5641 terrogationibus
1022 5569 1248 5625 aliorum
1265 5609 1280 5636 ,
1308 5584 1438 5639 quas
1466 5584 1563 5640 pro
1589 5583 1706 5624 mea
1728 5583 1954 5638 persona
1980 5582 2138 5636 quam

551 5664 606 5720 in
637 5660 854 5718 servitio
882 5659 1079 5716 Christi
1108 5674 1266 5730 gero,
1297 5668 1352 5716 et
1379 5675 1474 5731 pro
1503 5659 1677 5726 studio
1704 5674 1810 5730 quo
1845 5659 2002 5713 ﬁdem
2042 5673 2138 5712 non

548 5767 718 5811 stram
766 5752 1049 5820 adversum
1093 5767 1337 5810 errorem
1388 5754 1676 5812 carnalium
1723 5763 1777 5808 et
1826 5751 2136 5808 animalium

616 5870 634 5899 ⁸
667 5865 807 5926 Edilt,
829 5864 1052 5928 denique.
1078 5864 1400 5914 Emendantur
1425 5879 1488 5915 ex
1513 5867 1862 5928 manuscriptis.

2253 5010 2526 5067 hominum
2556 5012 2749 5068 muniri
2783 5014 2798 5044 ¹
2823 5013 3123 5084 inardesco,
3149 5028 3372 5070 necesse
3397 5022 3476 5068 est
3506 5027 3592 5067 me
3619 5012 3732 5082 pati
3763 5032 3776 5067 :
3813 5025 3868 5069 et

2249 5103 2462 5161 videant
2492 5123 2647 5176 quam
2679 5107 2830 5163 facile
2857 5105 2935 5162 'a‘b
2975 5108 3076 5161 isto
3110 5107 3294 5164 labore
3321 5123 3408 5162 me
3436 5117 3732 5175 temperem
3754 5150 3771 5173 ,
3812 5119 3868 5162 et

2247 5210 2446 5269 quanto
2475 5200 2633 5253 etiam
2663 5199 2856 5269 gaudio
2884 5197 3062 5252 stilum
3097 5201 3291 5268 possim
3333 5198 3534 5253 habere
3573 5199 3864 5254 feriatum.

2247 5289 2398 5359 Quod
2422 5290 2467 5345 si
2489 5307 2548 5346 ea
2570 5307 2688 5362 quae
2711 5289 2933 5361 legimus
2954 5290 3020 5345 de
3043 5289 3122 5345 his
3143 5291 3322 5356 rebus,
3351 5289 3683 5344 sufﬁcienter
3707 5291 3864 5346 edita

2247 5382 2300 5436 in
2331 5382 2492 5437 latino
2521 5397 2768 5437 sermone
2797 5392 2887 5436 aut
2914 5398 3019 5436 non
3052 5391 3194 5449 sunt,
3222 5392 3315 5436 aut
3340 5397 3444 5436 non
3476 5381 3864 5448 inveniuntur,

2245 5485 2336 5532 aut
2363 5485 2508 5531 certe
2532 5476 2751 5531 difﬁcile
2776 5491 2803 5530 a
2834 5475 2987 5531 nobis
3011 5475 3238 5531 inveniri
3265 5485 3497 5546 queunt,
3525 5489 3724 5546 graeca:
3755 5492 3864 5530 au-

2245 5575 2351 5623 tem
2377 5567 2576 5639 lingute
2608 5584 2711 5624 non
2753 5569 2821 5625 sit
2858 5567 3012 5624 nobis
3053 5577 3231 5624 tantus
3270 5568 3512 5630 habitus.
3555 5575 3613 5622 ut
3651 5568 3866 5623 talium

2243 5675 2423 5715 rerum
2450 5661 2601 5716 libris
2625 5660 2865 5731 legendis
2890 5668 2946 5717 et
2972 5661 3327 5733 intelligendis
3353 5662 3463 5717 ullo
3490 5659 3651 5716 modo
3684 5677 3866 5732 repe-

2241 5753 2446 5808 riamur
2466 5751 2664 5818 idonei,
2691 5768 2799 5824 quo
2821 5767 3020 5824 genere
3042 5753 3342 5810 litterarum
3367 5769 3432 5809 ex
3454 5753 3660 5823 iisque:
3681 5754 3864 5811 nobis

2305 5866 2324 5898 ι
2357 5871 2487 5920 ων..
2507 5861 2713 5916 metire.
