4042 6434
218 493 380 552 pauca
425 479 774 552 interpretata
803 485 956 548 sunt,
985 491 1094 534 non
1121 465 1308 534 dubito
1338 485 1527 534 cuncta
1557 493 1676 550 quae
1703 479 1812 534 uti-

217 575 336 629 liter
378 589 624 644 quaerere
669 587 952 643 possumus
994 571 1293 638 contineri;
1345 571 1595 629 fratribus
1638 582 1816 629 autem

187 682 320 738 ,non
347 666 558 720 valeam
589 665 862 732 resistere,
891 665 1010 734 jure
1040 681 1146 736 quo
1175 664 1254 720 eis
1283 679 1470 720 servus
1507 665 1675 721 factus
1700 681 1818 722 sum

217 759 600 828 ﬂagitantibus,
635 767 693 814 ut
717 775 900 812 eorum
931 759 984 813 in
1009 757 1224 814 Christo
1249 757 1602 814 laudabilibus
1631 758 1818 814 studiis

101 883 106 888 ~
182 889 186 892 -
218 851 390 922 lingua
419 865 484 906 ac
507 850 631 904 stilo
659 865 814 916 meo,
838 865 969 920 quas
1007 851 1157 921 bigas
1187 851 1240 906 in
1265 865 1352 906 me
1377 851 1612 906 charitas
1635 851 1816 920 agitat,

177 935 188 956 ⁷
217 943 452 998 maxime
480 943 709 998 serviam
731 985 745 1006 ,
775 957 979 1014 egoque
1005 943 1120 1012 ipse
1150 943 1313 996 multa
1341 959 1458 1013 qum
1493 941 1817 1009 nesciebam,

217 1035 507 1092 scribendo
539 1049 624 1089 mc
655 1034 908 1092 didicisse
934 1035 1198 1090 conﬁtear
1237 1053 1251 1090 :
1291 1050 1396 1090 non
1435 1033 1596 1090 debet
1627 1035 1715 1089 hic
1745 1034 1822 1088 la-

217 1129 314 1184 bor
337 1143 498 1184 meus
523 1128 770 1198 cuiquam
809 1128 994 1198 pigro.
1041 1136 1132 1182 aut
1181 1127 1404 1182 multum
1452 1125 1612 1182 docto
1649 1125 1820 1181 videri

217 1225 554 1296 superﬂuus,
585 1239 707 1278 cum
749 1223 932 1276 multis
971 1221 1212 1292 impigris
1241 1223 1526 1292 multisque
1567 1221 1815 1286 indoctis,

217 1317 356 1372 inter
379 1331 518 1386 quos
547 1315 706 1370 etiam
749 1314 878 1368 mihi
897 1355 912 1380 ,
945 1329 1050 1368 non
1083 1329 1243 1384 parva
1271 1329 1338 1369 ex
1365 1323 1514 1382 parte
1543 1313 1611 1368 sit
1635 1327 1820 1368 neces-

219 1409 412 1464 sarius.
443 1407 524 1462 Ex
559 1406 641 1461 his
680 1406 839 1478 igitur
879 1421 998 1476 qua:
1029 1405 1095 1460 ab
1123 1405 1240 1460 aliis
1283 1404 1350 1459 de
1383 1401 1488 1460 hac
1527 1420 1586 1460 re
1623 1403 1820 1474 scripta

215 1499 320 1570 jam
343 1499 600 1569 legimus,
627 1497 912 1568 plurimum
935 1495 1300 1552 adminiculati
1329 1505 1382 1550 et
1406 1495 1594 1564 adjuti,
1618 1510 1680 1550 ea
1701 1509 1820 1566 quze

219 1591 284 1646 de
308 1590 604 1652 Trinitate,
646 1603 756 1642 uno
785 1603 996 1642 summo
1034 1601 1348 1656 summeque
1376 1585 1518 1640 bono
1545 1585 1656 1640 Deo
1675 1627 1690 1652 ,
1736 1585 1820 1654 pie

219 1681 386 1752 quaeri
416 1691 470 1736 et
497 1677 690 1735 disseri
718 1694 874 1750 posse
905 1679 1156 1744 arbitror,
1189 1679 1303 1748 ipso
1328 1679 1644 1732 exhortante
1673 1693 1820 1748 qure-

217 1773 382 1829 renda
413 1780 576 1842 atque
601 1772 887 1842 adjuvante
927 1771 1239 1828 disserenda
1279 1771 1489 1840 suscepi
1521 1791 1534 1827 :
1562 1781 1621 1826 ut
1649 1771 1692 1826 si
1717 1771 1818 1826 alia

215 1881 320 1920 non
351 1872 482 1920 sunt
511 1863 816 1935 hujusmodi
843 1861 1038 1934 scripta
1061 1905 1076 1930 ,
1109 1863 1178 1918 sit
1205 1861 1344 1934 quod
1374 1863 1606 1918 habeant
1645 1871 1698 1918 et
1735 1863 1818 1916 lc-

215 1967 342 2028 gaut
371 1957 464 2028 qui
497 1957 762 2012 voluerint
793 1965 846 2010 et
871 1953 1170 2022 valuerint;
1217 1957 1261 2010 si
1303 1963 1480 2009 autem
1518 1951 1630 2023 jam
1670 1963 1814 2020 sunt,

217 2059 365 2104 tanto
403 2047 615 2104 facilius
642 2049 815 2120 aliqua
843 2047 1216 2116 inveniantur,
1259 2055 1463 2118 quanto
1501 2048 1626 2104 talia
1666 2047 1816 2118 plura

215 2155 334 2197 esse
373 2139 675 2211 potuerint.

279 2231 336 2286 2.
383 2231 530 2288 Sane
571 2247 693 2286 cum
741 2231 792 2286 in
835 2231 1084 2286 omnibus
1127 2231 1318 2288 litteris
1347 2233 1476 2290 meis
1507 2249 1614 2288 non
1643 2234 1816 2290 solum

215 2325 359 2396 pium
391 2323 678 2390 lectorem,
706 2325 800 2380 sed
827 2326 987 2380 etiam
1015 2325 1240 2380 liberum
1269 2335 1628 2382 correctorem
1668 2327 1814 2382 desi-

215 2419 425 2485 derem,
451 2419 621 2473 multo
641 2421 871 2474 maxime
894 2419 942 2472 in
967 2419 1071 2482 his,
1097 2419 1182 2474 ubi
1207 2419 1320 2490 ipsa
1343 2419 1649 2490 magnitudo
1670 2437 1816 2490 quae-

211 2513 405 2566 stionis
433 2515 636 2566 utinam
679 2522 785 2566 tam
816 2512 1016 2568 multos
1049 2515 1354 2568 inventores
1385 2514 1580 2568 habere
1611 2523 1810 2584 posset,

213 2619 372 2674 quam
399 2603 600 2658 multos
626 2603 1050 2660 contradictores
1073 2605 1250 2660 habet.
1275 2605 1653 2661 Verumtamen
1677 2607 1816 2661 sicut

211 2693 472 2752 lectorem
512 2712 691 2752 meum
731 2697 855 2752 nolo
885 2695 1012 2750 mihi
1044 2711 1164 2752 esse
1192 2697 1428 2752 deditum
1453 2699 1492 2766 ¹,
1527 2698 1596 2754 ita
1626 2713 1812 2755 corre-

210 2795 417 2842 ctorem
451 2787 578 2841 nolo
609 2787 731 2842 sibi.
758 2785 850 2842 llle
873 2803 960 2842 me
983 2803 1087 2842 non
1113 2797 1258 2844 amet
1283 2789 1512 2860 amplius
1540 2807 1698 2862 quam
1723 2807 1812 2846 ca-

213 2881 467 2936 tholicam
499 2879 682 2948 tidem,
713 2881 814 2937 iste
853 2897 911 2935 se
947 2897 1050 2936 non
1091 2891 1236 2938 amet
1273 2885 1500 2954 amplius
1537 2901 1694 2955 quam
1723 2902 1814 2941 ca-

211 2975 469 3031 tholicam
500 2975 802 3030 veritatem.
833 2975 984 3031 Sicut
1022 2977 1096 3030 illi
1123 2975 1276 3044 dico,
1309 2977 1424 3033 Noli
1457 2980 1589 3034 meis
1619 2979 1812 3036 litteris

211 3068 360 3137 quasi
401 3063 698 3137 Scripturis
739 3068 1008 3122 canonicis
1053 3069 1348 3132 inservire;
1391 3071 1482 3126 sed
1527 3073 1576 3126 in
1619 3073 1721 3126 illis
1758 3081 1812 3128 et

213 3158 350 3228 quod
377 3174 488 3212 non
516 3157 794 3220 credebas,
826 3173 948 3212 cum
978 3159 1268 3226 inveneris,
1303 3160 1672 3218 incunctanter
1696 3179 1813 3218 cre-

212 3251 298 3318 de,
323 3253 377 3306 in
405 3251 523 3308 istis
546 3259 720 3306 autem
751 3251 894 3322 quod
921 3261 1124 3306 certum
1155 3269 1260 3308 non
1289 3253 1542 3320 habebas,
1571 3256 1671 3310 nisi
1697 3272 1812 3312 cer-

214 3353 320 3398 tum
353 3345 680 3399 intellexeris
701 3387 715 3410 ,
747 3345 856 3398 noli
899 3345 1124 3400 ﬁrmiter
1159 3346 1392 3402 retinere
1421 3365 1436 3402 :
1467 3347 1536 3402 ita
1567 3348 1639 3402 illi
1667 3349 1809 3418 dico,

209 3435 326 3492 Noli
367 3451 522 3492 meas
560 3437 767 3492 litteras
805 3452 870 3492 ex
915 3445 1003 3492 tua
1044 3438 1296 3508 opinione
1333 3439 1414 3492 vel
1445 3441 1807 3510 contentione,

211 3529 304 3583 sed
331 3545 396 3583 ex
429 3527 608 3582 divina
649 3527 879 3583 lectione
919 3529 1004 3584 vel
1045 3530 1356 3585 inconcussa
1397 3533 1604 3588 ratione
1641 3537 1810 3588 corri-

211 3635 358 3692 gere.
391 3619 451 3676 Si
492 3619 620 3698 quid
661 3619 716 3675 in
746 3621 826 3676 eis
853 3621 964 3676 veri
996 3621 1500 3692 comprehenderis,
1533 3626 1812 3682 existendo

210 3729 316 3769 non
343 3723 422 3769 est
455 3729 669 3782 meum,
697 3723 751 3768 at
781 3713 1126 3786 intelligendo
1153 3725 1207 3770 et
1231 3715 1459 3770 amando
1487 3727 1540 3771 et
1569 3725 1712 3770 tuum
1744 3717 1811 3772 sit

211 3819 267 3864 et
310 3823 490 3862 meum
521 3827 534 3862 :
565 3807 612 3862 si
658 3807 784 3878 quid
829 3815 1006 3864 autem
1057 3807 1172 3864 falsi
1217 3808 1539 3874 conviceris,
1583 3810 1812 3866 errando

208 3901 371 3956 luerit
389 3915 595 3967 meum,
616 3901 834 3971 sedjam
857 3901 1095 3956 cavendo
1117 3915 1215 3956 nec
1237 3910 1384 3956 tuum
1411 3902 1478 3956 sit
1494 3917 1594 3956 nec
1610 3917 1806 3956 meum.

283 3993 336 4048 5.
379 3991 516 4046 Hinc
545 3991 724 4062 itaque
757 3993 943 4046 tertius
987 3992 1072 4048 hic
1117 3993 1252 4048 liber
1293 4001 1469 4047 sumat
1511 3993 1807 4060 exordium,

211 4101 490 4157 quousque
520 4085 790 4140 secundus
819 4093 1154 4154 pervenerat.
1182 4079 1314 4139 Cum
1343 4085 1482 4138 enim
1509 4085 1574 4138 ad
1603 4084 1654 4138 id
1679 4101 1810 4140 ven-

207 4187 324 4232 tum
355 4187 525 4242 esset,
561 4185 621 4231 ut
646 4177 908 4232 vellemus
937 4176 1223 4230 ostendere
1255 4193 1358 4230 non
1389 4175 1510 4231 ideo
1549 4176 1810 4231 minorem

207 4269 370 4325 Patre
393 4269 592 4324 Filium
610 4310 623 4334 ,
651 4269 774 4338 quia
801 4267 888 4323 ille
911 4269 1073 4334 misit,
1107 4267 1192 4322 hic
1217 4268 1412 4322 missus
1435 4279 1538 4336 est,
1565 4285 1664 4324 nec
1689 4269 1811 4326 ideo

209 4363 475 4417 minorem
505 4369 732 4430 utroque
752 4357 1006 4430 Spiritum
1033 4343 1296 4428 sanctum,
1323 4361 1444 4432 quia
1472 4369 1524 4415 et
1549 4362 1616 4416 ab
1643 4361 1732 4416 illo
1757 4371 1812 4418 et

209 4453 280 4507 ab
309 4453 400 4508 illo
429 4453 629 4506 missus
665 4453 718 4506 in
760 4451 1046 4521 Evangelio
1085 4453 1278 4521 legitur
1307 4471 1320 4506 :
1347 4453 1679 4524 suscepimus
1709 4453 1812 4510 hoc

206 4561 452 4617 qua‘rere
472 4587 486 4608 ,
519 4561 642 4600 cum
673 4545 796 4599 illuc
827 4546 1021 4600 missus
1050 4545 1120 4599 sit
1143 4544 1313 4599 Filius
1333 4585 1347 4608 ,
1379 4545 1468 4598 ubi
1509 4553 1654 4610 erat,
1687 4547 1810 4616 quia

203 4638 264 4692 in
293 4637 432 4692 hunc
462 4635 720 4692 mundum
747 4639 911 4704 venit,
945 4646 998 4692 et
1019 4639 1071 4690 in
1101 4637 1195 4691 hoc
1217 4637 1406 4692 mundo
1432 4647 1540 4692 erat
1570 4637 1748 4710 (Joan.
1771 4657 1808 4708 ι,

205 4729 337 4800 10);
365 4747 486 4785 cum
511 4729 637 4784 illnc
658 4731 816 4785 etiam
838 4729 1066 4799 Spiritus
1091 4739 1326 4796 sanctus,
1351 4729 1436 4786 ubi
1462 4739 1516 4786 et
1541 4732 1654 4802 ipse
1673 4742 1807 4798 erat,

203 4823 462 4892 quoniam
497 4822 723 4893 Spiritus
752 4821 957 4876 Domini
985 4823 1192 4893 replevit
1230 4823 1398 4878 orbem
1441 4833 1723 4891 terrarum,
1765 4833 1812 4880 et

203 4915 310 4967 hoc
347 4913 484 4982 quod
528 4913 747 4967 continet
789 4913 960 4968 omnia
1000 4915 1260 4969 scientiam
1302 4914 1450 4968 habet
1489 4917 1622 4969 vocis
1652 4915 1806 4987 (Sap.

197 5019 218 5060 ι
239 5048 258 5072 ,
296 5005 350 5074 7)
379 5023 394 5056 :
425 5013 602 5058 utrum
635 5013 914 5074 propterea
943 5005 1138 5059 missus
1175 5005 1244 5059 sit
1275 5005 1527 5059 Dominus
1547 5047 1562 5068 ,
1593 5007 1714 5076 quia
1743 5024 1811 5063 ex

201 5095 424 5151 occulto
451 5096 505 5150 in
534 5111 695 5152 carne
719 5105 872 5150 natus
899 5102 1002 5160 est,
1029 5101 1085 5149 et
1107 5095 1173 5148 dc
1197 5095 1314 5148 sinu
1337 5095 1509 5149 Patris
1536 5096 1598 5150 ad
1627 5098 1810 5152 oculos

199 5189 491 5244 hominum
529 5189 581 5243 in
613 5173 780 5242 forma
810 5189 946 5243 servi
981 5199 1228 5258 tanquam
1259 5201 1504 5255 egressus
1531 5190 1806 5259 apparuit;

197 5280 334 5334 ideo
363 5279 522 5332 etiam
562 5278 792 5348 Spiritus
837 5287 1085 5344 sanctus,
1134 5278 1254 5347 quia
1296 5285 1349 5331 et
1387 5279 1502 5346 ipse
1545 5279 1809 5349 corporali

195 5371 393 5441 specie
421 5370 574 5440 quasi
605 5369 850 5424 columba
889 5369 1033 5424 visus
1073 5377 1154 5424 est
1201 5367 1412 5438 (Matth.
1455 5385 1544 5433 ιιι,
1588 5370 1711 5441 16),
1756 5381 1811 5426 et

193 5461 404 5532 linguis
432 5459 618 5516 divisis
647 5461 794 5515 velut
821 5461 955 5530 ignis
989 5459 1122 5534 (Act.
1155 5477 1190 5515 ιι
1211 5503 1224 5526 ,
1253 5459 1308 5532 5)
1340 5479 1351 5514 :
1383 5469 1440 5516 ut
1463 5460 1565 5516 hoc
1590 5461 1668 5518 eis
1697 5461 1810 5516 fue-

191 5553 278 5610 rit
303 5553 464 5618 mitti,
493 5551 558 5606 ad
583 5561 856 5622 aspectum
884 5554 1185 5608 mortalium
1213 5555 1266 5608 in
1293 5553 1468 5624 aliqua
1497 5553 1664 5608 forma
1690 5569 1811 5610 cor-

193 5657 370 5716 porca
417 5643 488 5700 de
535 5643 800 5712 spirituali
843 5653 1052 5700 secreto
1099 5646 1424 5715 procedere;
1469 5646 1612 5717 quod
1653 5647 1809 5702 Pater

193 5735 463 5811 quoniam
491 5751 603 5792 non
635 5735 797 5803 fecit,
821 5737 1196 5794 tantummodo
1237 5737 1477 5808 misisse,
1509 5755 1615 5794 non
1646 5739 1806 5796 etiam

265 5851 294 5884 ⁸
321 5851 1134 5916 animumqu

1609 359 1812 420 LIBER
1849 359 2025 420 TER'X
2037 357 2165 422 IUS.

1924 481 2120 536 missus
2143 493 2262 537 esse
2285 473 2457 538 dictus
2477 469 2564 536 sit.
2583 477 2790 538 Deinde
2815 481 3098 554 quaesitum
3123 491 3206 544 est
3227 501 3325 545 cur
3348 491 3400 547 et
3420 491 3526 548 Pa:-

1927 579 2007 626 ter
2031 589 2136 628 non
2157 575 2634 646 aliquandodictus
2659 577 2728 632 sit
2747 579 2966 647 missus,
2991 579 3036 635 si
3059 595 3154 651 per
3175 582 3294 639 illas
3315 581 3524 654 species

1927 667 2234 735 corporales
2263 683 2382 738 qum
2408 669 2576 724 oculis
2618 670 2958 740 antiquorum
3002 683 3365 744 apparuerunt
3411 677 3525 746 ipse

1927 753 2410 812 demonstrabatur.
2459 759 2514 814 Si
2555 769 2730 816 autem
2771 761 2937 816 Filius
2963 771 3091 819 tunc
3116 763 3525 822 demonstraba-

1931 857 2046 914 tur,
2079 865 2174 904 cur
2211 859 2360 906 tanto
2397 859 2519 921 post
2547 853 2740 910 missus
2769 853 3070 926 diceretur,
3099 873 3220 913 cum
3253 859 3526 930 plenitudo

1929 940 2183 1008 temporis
2203 943 2366 1007 venit,
2393 951 2449 996 ut
2473 959 2538 998 ex
2561 943 2754 1000 femina
2780 959 3090 1003 nasceretur
3112 948 3308 1020 (Gatat.
3336 968 3412 1020 tv,
3436 951 3523 1026 4);

1927 1029 2355 1102 quandoquidem
2399 1043 2454 1089 et
2493 1042 2648 1090 antea
2677 1037 3010 1108 mittebatur,
3044 1057 3164 1096 cum
3197 1043 3248 1097 in
3280 1043 3384 1099 illis
3411 1045 3526 1100 for-

1929 1121 2030 1174 mis
2055 1125 2405 1192 corporaliter
2432 1126 2742 1196 apparebat.
2782 1129 2886 1184 Aut
2927 1129 2974 1186 si
3017 1147 3120 1186 non
3153 1142 3300 1190 recte
3329 1137 3525 1192 missus

1927 1211 2214 1280 diceretur,
2245 1215 2344 1270 nisi
2375 1231 2496 1270 cum
2531 1216 2762 1272 Verbum
2793 1233 2918 1274 caro
2943 1221 3137 1277 factum
3165 1233 3250 1280 est
3278 1224 3454 1296 (Joau.
3481 1243 3521 1296 ι,

1927 1303 2048 1374 14);
2077 1319 2173 1360 cur
2199 1305 2426 1376 Spiritus
2453 1317 2670 1364 sanctus
2697 1311 2892 1366 missus
2917 1313 3142 1384 legatur,
3173 1317 3325 1388 cujus
3354 1319 3525 1375 incar-

1926 1399 2071 1453 natio
2115 1399 2234 1456 talis
2283 1417 2386 1456 non
2434 1401 2568 1456 facta
2610 1413 2710 1458 est.
2758 1403 2812 1461 Si
2856 1423 2984 1461 vero
3015 1425 3108 1478 per
3139 1403 3253 1466 illas
3280 1415 3528 1485 antiquas

1925 1487 2436 1556 demonstrationes,
2469 1509 2567 1548 nec
2603 1493 2793 1564 Pater,
2826 1513 2926 1553 nec
2949 1498 3148 1565 Filius,
3179 1501 3270 1558 sed
3299 1504 3527 1574 Spiritus

1927 1591 2144 1636 sanctus
2185 1575 2598 1650 ostendebatur;
2627 1601 2722 1642 cur
2751 1590 2908 1644 etiam
2942 1591 3056 1659 ipse
3083 1609 3224 1649 nunc
3261 1594 3526 1652 diceretur

1926 1673 2148 1738 missus,
2181 1689 2300 1729 cum
2329 1673 2433 1730 illis
2461 1677 2633 1734 modis
2671 1687 2724 1733 et
2763 1689 2916 1736 antea
2963 1683 3280 1739 mitteretur.
3323 1683 3525 1744 Deinde

1925 1763 2330 1830 subdivisimus,
2362 1776 2420 1821 ut
2459 1769 2574 1823 lucc
2613 1769 3015 1840 diligentissime
3049 1783 3427 1844 tractarentur,
3470 1785 3526 1833 et

1927 1857 2240 1926 tripartitam
2267 1857 2492 1914 fecimus
2511 1863 2881 1931 quaestionem,
2907 1863 3060 1934 cujus
3085 1881 3188 1920 una
3217 1883 3340 1938 pars
3365 1870 3416 1922 in
3440 1883 3526 1925 se-

1923 1949 2100 2004 cundo
2125 1951 2261 2006 libro
2281 1953 2540 2022 explicata
2569 1963 2668 2020 est,
2693 1957 2811 2010 dure
2833 1969 2954 2012 sunt
2975 1959 3218 2030 reliquae,
3241 1961 3309 2016 de
3333 1961 3526 2032 quibus

1923 2043 2178 2114 deinceps
2204 2047 2468 2103 disserere
2496 2049 2790 2120 aggrediar.
2819 2051 2939 2106 Jam
2965 2054 3105 2108 enim
3134 2056 3414 2124 quaesitum
3442 2065 3523 2112 at-

1923 2151 2026 2205 que
2056 2145 2334 2192 tractatum
2364 2145 2480 2206 est,
2511 2141 2562 2193 iu
2602 2141 2705 2194 illis
2743 2143 2973 2214 antiquis
3012 2147 3378 2216 corporalibus
3408 2147 3525 2202 ior-

1921 2228 2024 2282 mis
2053 2237 2106 2283 et
2134 2229 2261 2284 visis
2281 2273 2296 2298 ,
2327 2243 2432 2286 non
2465 2234 2831 2290 tantummodo
2861 2235 3074 2292 Patrem
3097 2279 3111 2303 ,
3151 2253 3250 2294 nec
3285 2247 3520 2295 tantum-

1921 2319 2080 2375 modo
2123 2319 2352 2388 Filium,
2401 2337 2502 2380 nec
2551 2327 2920 2382 tantummodo
2971 2327 3223 2398 Spiritum
3277 2341 3521 2388 sanctum

1921 2413 2252 2482 apparuisse,
2284 2413 2378 2470 sed
2410 2425 2500 2471 aut
2527 2415 2894 2474 indifferenter
2920 2417 3204 2476 Dominum
3235 2423 3398 2477 Deum
3429 2423 3522 2494 qui

1919 2503 2152 2560 Trinitas
2193 2507 2305 2576 ipsa
2345 2508 2687 2580 intelligitur,
2719 2519 2809 2566 aut
2849 2513 3142 2583 quamlibet
3168 2531 3236 2570 ex
3262 2515 3521 2573 Trinitate

1920 2609 2202 2665 personam
2227 2637 2241 2662 ,
2269 2612 2430 2668 quam
2457 2599 2698 2657 lectionis
2727 2611 2904 2659 textus
2931 2605 3141 2662 iudiciis
3166 2607 3518 2664 circumstan-

1920 2687 2060 2742 tibus
2097 2689 2439 2759 significaret.

1987 2777 2216 2837 CAPUT
2255 2779 2542 2840 PRIMUM.
2585 2813 2656 2826 —-
2695 2787 2749 2842 4.
2795 2787 2934 2854 Quid
2962 2789 3197 2862 deinceps
3225 2791 3515 2848 dicendum.

1915 2869 2070 2927 Nunc
2093 2887 2220 2944 ergo
2243 2875 2474 2944 primum
2501 2891 2801 2947 qumramus
2825 2879 2966 2950 quod
2994 2883 3252 2952 sequitur.
3277 2881 3408 2938 Nam
3435 2899 3520 2942 se-

1917 2965 2092 3021 cundo
2113 2969 2231 3022 loco
2259 2968 2310 3022 in
2343 2969 2430 3024 illa
2454 2969 2830 3029 distributione
2855 2975 3088 3044 positum
3109 2985 3222 3044 est,
3243 2987 3424 3032 utrum
3449 2978 3520 3034 ad

1915 3057 2020 3113 hoc
2047 3073 2182 3128 Opus
2213 3064 2580 3118 tantummodo
2608 3071 2850 3120 creatura
2897 3065 3124 3123 formata
3169 3071 3271 3138 sit,
3315 3071 3373 3125 in
3415 3085 3520 3142 qua

1921 3149 2079 3214 Deus,
2113 3152 2249 3206 sicut
2279 3161 2406 3208 tunc
2435 3155 2737 3224 oportuisse
2763 3157 3040 3226 judicavit,
3067 3160 3313 3216 humanis
3338 3171 3520 3218 osten—

1917 3243 2135 3300 deretur
2155 3246 2465 3316 aspectibus
2489 3265 2502 3302 :
2529 3263 2596 3303 an
2620 3251 2828 3318 Angeli,
2853 3253 2942 3322 qui
2966 3253 3072 3321 jam
3104 3262 3275 3320 erant,
3305 3255 3376 3310 ita
3403 3255 3520 3312 mit-

1919 3337 2184 3404 tebantur,
2213 3347 2272 3394 ut
2300 3356 2363 3394 ex
2395 3355 2622 3411 persona
2651 3341 2744 3398 Dei
2775 3343 3117 3414 loquerentur
3139 3389 3153 3410 ,
3183 3357 3519 3405 assumentes

1917 3431 2248 3500 corporalem
2294 3433 2526 3502 speciem
2575 3434 2641 3488 de
2685 3443 2927 3490 creatura
2973 3451 3230 3506 corporea
3275 3440 3330 3492 in
3361 3453 3517 3494 usum

1917 3523 2198 3578 ministerii
2227 3525 2344 3591 sui;
2381 3533 2468 3578 aut
2499 3525 2669 3596 ipsum
2698 3541 2895 3597 corpus
2921 3543 3108 3596 suum,
3137 3531 3220 3584 cui
3247 3546 3356 3585 non
3384 3531 3516 3588 sub-

1915 3613 2149 3680 duntur,
2179 3615 2272 3670 sed
2299 3617 2568 3672 subditum
2600 3627 2792 3689 regunt
2813 3621 2852 3686 ί,
2887 3631 3152 3678 mutantes
3193 3634 3353 3696 atque
3397 3641 3518 3680 ver-

1919 3717 2091 3764 tentes
2137 3711 2188 3764 in
2229 3711 2435 3781 species
2471 3725 2604 3783 quas
2630 3713 2862 3778 vellent,
2897 3715 3328 3773 accommodatas
3355 3727 3516 3789 atque

1915 3815 2067 3874 aptas
2113 3805 2410 3861 actionibus
2459 3807 2606 3874 suis,
2653 3807 2945 3863 secundum
2995 3809 3302 3874 attributam
3341 3811 3441 3867 sibi
3484 3827 3518 3868 a

1918 3895 2170 3952 Creatore
2203 3897 2515 3966 potentiam.
2563 3897 2674 3964 Qua
2716 3901 3024 3969 qumstionis
3047 3909 3219 3970 parte,
3249 3913 3507 3972 quantum

1917 3987 2176 4042 Dominus
2220 3987 2452 4054 dederit,
2501 3998 2860 4060 pertractata,
2905 4001 3176 4061 postremo
3223 3993 3516 4051 videndum

1917 4079 2018 4134 erit
2061 4081 2110 4134 id
2140 4080 2280 4150 quod
2309 4081 2708 4138 institueramus
2734 4083 3005 4153 inquirere
3026 4124 3042 4151 ,
3069 4092 3246 4139 utrum
3270 4085 3436 4141 Filius
3461 4093 3518 4144 et

1918 4173 2150 4243 Spiritus
2179 4185 2392 4230 sanctus
2421 4183 2475 4230 et
2500 4183 2655 4230 antea
2686 4176 3064 4242 mittebantur;
3108 4189 3163 4232 et
3204 4179 3248 4232 si
3295 4179 3366 4233 ita
3409 4187 3513 4249 est,

1917 4265 2043 4336 quid
2073 4265 2210 4320 inter
2237 4267 2380 4320 illam
2407 4267 2717 4322 missionem
2746 4275 2800 4322 et
2822 4282 2938 4322 eam
2963 4283 3120 4338 quam
3147 4269 3200 4322 in
3225 4267 3517 4340 Evangelio

1915 4358 2141 4430 legimus
2169 4359 2330 4414 distet
2359 4379 2374 4414 :
2401 4374 2468 4413 an
2497 4359 2693 4414 missus
2723 4373 2828 4414 non
2856 4359 2924 4414 sit
2954 4359 3147 4430 aliquis
3174 4375 3380 4425 eorum,
3413 4360 3516 4415 nisi

1917 4467 2037 4507 cum
2063 4451 2148 4505 vel
2173 4451 2339 4506 Filius
2371 4450 2537 4505 factus
2569 4459 2652 4506 est
2690 4465 2754 4505 ex
2795 4450 2958 4504 Maria
2999 4450 3236 4522 virgine,
3269 4451 3351 4506 vel
3391 4465 3514 4507 cum
3591 4453 3594 4456 ’

1918 4541 2146 4614 Spiritus
2172 4553 2389 4598 sanctus
2417 4543 2610 4598 visibili
2637 4543 2846 4612 Specie,
2877 4544 2989 4598 sive
3018 4545 3069 4598 in
3099 4543 3368 4614 columba,
3401 4545 3516 4601 sive

1917 4635 1968 4690 iu
1993 4637 2158 4708 igneis
2179 4637 2375 4707 linguis
2397 4637 2643 4708 apparuit
2669 4637 2884 4708 (Supra,
2911 4638 2998 4692 lib.
3021 4637 3078 4704 2,
3103 4655 3214 4708 cap.
3241 4637 3293 4703 7,
3318 4655 3370 4691 η.
3396 4637 3510 4708 15).

1987 4731 2041 4786 5.
2075 4729 2178 4785 Sed
2194 4728 2362 4784 fateor
2382 4729 2642 4784 excedere
2662 4729 2801 4783 vires
2822 4729 3131 4784 intentionis
3152 4745 3306 4793 mea},
3331 4737 3510 4783 utrum

1918 4823 2106 4894 Angeli
2155 4830 2402 4876 manente
2429 4821 2688 4890 Spirituali
2729 4821 2811 4876 sui
2840 4821 3082 4892 corporis
3123 4819 3373 4890 qualitate
3417 4835 3512 4888 per

1918 4913 2056 4969 hanc
2103 4913 2364 4970 occultius
2391 4921 2695 4982 operantes,
2747 4919 3022 4967 assumant
3076 4925 3138 4964 ex
3167 4901 3537 4964 interioribus‘

1917 5007 2199 5061 elementis
2251 5005 2754 5076 corpulentioribus,
2816 5001 2958 5074 quod
3010 5001 3110 5056 sibi
3157 5009 3506 5070 coaptatum,

1917 5098 2066 5167 quasi
2100 5098 2329 5168 aliquam
2361 5106 2562 5152 vestem
2591 5103 2799 5151 mutent
2822 5103 2875 5150 et
2916 5101 3123 5148 vertant
3149 5091 3199 5146 in
3243 5091 3515 5161 quaslibet
3569 5097 3578 5104 '

1917 5192 2124 5261 species
2151 5190 2480 5260 corporales,
2509 5189 2668 5245 etiam
2697 5189 2839 5258 ipsas
2862 5199 3037 5248 veras,
3063 5185 3202 5238 sicut
3224 5199 3359 5255 aqua
3379 5197 3508 5239 vera

1917 5282 1970 5337 in
1998 5297 2182 5337 verum
2213 5282 2394 5335 vinum
2418 5293 2674 5336 conversa
2709 5286 2790 5333 est
2812 5293 2841 5332 a
2867 5277 3091 5352 Domino
3117 5274 3296 5346 (Joan.
3327 5293 3382 5343 ιι,
3407 5273 3461 5346 9)
3491 5294 3504 5330 :

1915 5388 1984 5428 an
2015 5373 2128 5444 ipsa
2177 5373 2388 5444 propria
2439 5385 2663 5441 corpora
2709 5383 2806 5424 sua
2861 5367 3241 5422 transforment
3265 5368 3320 5422 in
3363 5369 3508 5440 quod

1915 5469 2205 5536 voluerint,
2220 5463 2620 5522 accommodate
2639 5465 2660 5495 ’
2683 5463 2749 5518 ad
2781 5461 2833 5517 id
2850 5461 2989 5534 quod
3009 5471 3190 5532 agunt.
3209 5461 3316 5518 Sed
3334 5461 3509 5533 quod-

1915 5561 2049 5616 libet
2069 5559 2260 5626 borum
2291 5559 2382 5625 sit,
2414 5557 2480 5612 ad
2509 5563 2832 5628 praesentem
2858 5555 3210 5626 quaestionem
3241 5569 3350 5611 non
3377 5569 3510 5625 per-

1913 5656 2066 5712 tinet.
2099 5653 2164 5708 Et
2213 5651 2456 5722 quamvis
2504 5649 2640 5716 haec,
2671 5649 2922 5719 quoniam
2959 5649 3136 5706 homo
3183 5664 3326 5718 sum,
3343 5647 3504 5706 nullo

1977 5792 1994 5822 ι
2029 5789 2166 5848 mliti,
2192 5791 2384 5851 gerunt.
2393 5785 2634 5851 Plerique
2655 5793 2784 5851 Mss.,
2809 5792 3001 5850 regunt.
3507 5793 3524 5828 J

1974 5854 1995 5883 ³
2030 5857 2094 5901 Ita
2113 5848 2220 5899 Mss'.
2247 5855 2304 5899 At.
2325 5848 2464 5912 editi,
2487 5848 2862 5900 accommodata.
