4084 6436
520 339 622 398 8⁸11

517 448 885 526 experimento
908 444 1111 519 possim
1130 438 1605 513 comprehendere,
1627 437 1765 494 sicut
1795 436 1981 508 Angeli
2005 437 2097 507 qui

521 546 640 607 haec
663 552 845 617 agunt,
890 552 945 597 et
982 540 1149 611 magis
1173 554 1234 593 ea
1264 542 1461 591 norunt
1490 548 1645 604 quam
1677 547 1776 603 ego
1800 531 1944 595 novi,
1974 544 2104 599 qua-

523 650 682 698 tenus
720 642 955 694 mutetur
999 644 1193 701 corpus
1236 642 1414 683 meum
1466 624 1519 679 in
1550 623 1740 679 affectu
1772 623 1786 654 ¹
1817 619 2107 677 voluntatis

524 748 681 798 mete,
730 730 841 784 sive
866 724 1006 796 quod
1051 724 1103 777 in
1131 737 1249 787 me,
1298 720 1409 774 sive
1431 716 1571 789 quod
1601 732 1666 771 ex
1698 715 1816 770 aliis
1857 720 2109 782 expertus

526 838 644 881 sum
669 840 682 876 :
716 818 840 890 quid
868 817 1058 871 horum
1077 822 1258 868 tamen
1296 826 1359 867 ex
1391 808 1691 865 divinarum
1717 807 2109 876 Scripturarum

527 909 925 970 auctaritatibus
951 905 1163 961 credam
1184 946 1199 971 ,
1224 918 1367 979 nunc
1396 916 1500 957 non
1532 916 1667 971 opus
1696 907 1779 954 est
1805 896 2005 961 dicere,
2039 908 2107 949 ne

527 1019 687 1075 cogar
714 1001 957 1071 probare,
989 1005 1044 1052 et
1081 997 1175 1051 ﬁat
1202 1009 1381 1051 sermo
1411 993 1621 1065 longior
1660 992 1727 1047 de
1756 1005 1815 1046 re
1856 1004 1960 1059 qua
2005 1000 2111 1041 non

526 1096 727 1166 indiget
751 1107 987 1163 praesens
1016 1090 1261 1161 quaestio.
1902 1098 1914 1107 ’

598 1187 651 1242 6.
703 1184 833 1239 Illud
876 1197 1018 1238 nunc
1053 1180 1341 1235 videndum
1378 1186 1480 1242 est,
1536 1185 1716 1231 utrum
1766 1172 1956 1244 Angeli
1987 1180 2115 1226 tunc

527 1277 754 1347 agebant
781 1284 834 1330 et
876 1275 992 1329 illas
1026 1286 1310 1342 corporum
1352 1269 1557 1338 species
1593 1274 1910 1338 apparentes
1949 1263 2117 1319 oculis

464 1380 469 1386 '
528 1367 827 1431 hominum,
860 1373 912 1420 et
940 1364 1058 1419 illas
1079 1377 1237 1418 voces
1267 1361 1578 1416 insonantes
1600 1358 1835 1423 auribus,
1860 1372 1980 1411 cum
2005 1355 2117 1425 ipsa

528 1462 797 1519 sensibilis
822 1470 1067 1515 creatura
1088 1458 1155 1513 ad
1180 1464 1367 1511 nutum
1396 1454 1636 1510 serviens
1665 1451 1944 1507 Conditori
1972 1452 1992 1481 ³
2012 1492 2029 1515 ,
2064 1449 2117 1503 in

529 1556 668 1627 quod
699 1569 832 1625 opus
857 1561 974 1608 erat
1000 1566 1094 1623 pro
1122 1560 1363 1620 tempore
1384 1546 1709 1611 vertebatur,
1748 1544 1883 1598 sicut
1910 1543 1959 1595 in
1983 1541 2119 1595 libro

530 1648 817 1717 Sapientiae
842 1646 1097 1715 scriptum
1125 1652 1208 1699 est
1232 1660 1244 1695 :
1279 1639 1524 1697 Creatura
1549 1639 1680 1693 enim
1708 1637 1795 1691 tibi
1827 1635 2009 1707 [actori
2034 1635 2120 1687 de-

530 1742 765 1804 serviens,
796 1738 1082 1795 extenditur
1106 1738 1160 1791 in
1187 1744 1487 1790 tormentum
1513 1732 1783 1785 adversum
1814 1730 2050 1801 injustas,
2075 1734 2121 1781 et

534 1835 697 1891 lenior
723 1835 781 1903 ﬁt
810 1833 877 1886 ad
903 1829 1315 1902 benefaciendum
1338 1827 1400 1880 iis
1416 1826 1501 1897 qui
1527 1825 1581 1879 in
1607 1833 1653 1877 te
1672 1820 1952 1890 conﬁdunt.
1991 1817 2120 1871 Pro-

532 1936 646 1998 pter
676 1929 769 1981 hoc
797 1934 844 1979 et
875 1936 991 1978 tunc
1029 1924 1083 1976 in
1136 1921 1305 1976 omnia
1359 1935 1413 1973 se
1460 1916 1831 1988 transﬁgurans
1851 1954 1866 1978 ,
1899 1912 2124 1966 omnium

534 2018 719 2073 nutrici
764 2017 943 2088 gratia:
990 2023 1090 2068 tute
1138 2009 1442 2065 deserviebat
1483 2008 1549 2061 ad
1590 2007 1898 2061 voluntatem
1943 2004 2124 2056 horum

532 2110 619 2180 qui
649 2117 695 2161 te
721 2104 1070 2160 desiderabant
1099 2102 1256 2173 (Sap.
1289 2117 1398 2166 xvi,
1431 2099 1518 2166 24,
1547 2098 1661 2169 25).
1692 2095 1942 2152 Pervenit
1982 2094 2125 2148 enim

534 2199 772 2271 potentia
828 2198 1114 2252 voluntatis
1160 2194 1254 2249 Dei
1286 2194 1307 2226 ³
1338 2209 1433 2263 per
1472 2200 1769 2247 creaturam
1799 2187 2127 2259 Spiritualem

543 2311 713 2366 usque
738 2294 802 2348 ad
830 2292 1049 2348 effectus
1069 2289 1304 2345 visibiles
1346 2295 1505 2357 atque
1553 2284 1836 2340 sensibiles
1866 2289 2128 2337 creaturae

533 2384 847 2455 corporalis.
865 2382 963 2438 Ubi
981 2383 1121 2436 enim
1146 2396 1252 2434 non
1276 2386 1527 2448 operatur
1543 2375 1683 2446 quod
1706 2374 1817 2428 vult
1840 2373 1933 2428 Dei
1955 2371 2128 2427 omni-

536 2478 771 2549 potentis
808 2476 1065 2545 sapientia
1096 2516 1110 2540 ,
1166 2488 1285 2544 quae
1323 2470 1590 2541 pertendit
1627 2484 1658 2523 a
1700 2468 1806 2522 ﬁne
1850 2482 2019 2536 usque
2063 2464 2130 2519 ad

537 2570 699 2627 linem
722 2571 1018 2637 fortiter,et
1041 2568 1275 2638 disponit
1296 2565 1473 2621 omnia
1500 2562 1735 2619 suaviter
1761 2559 1872 2634 (Id.
1901 2576 2013 2623 vin,
2046 2557 2129 2630 l)?

608 2663 835 2720 CAPUT
874 2663 939 2717 ll.
978 2693 1051 2702 —
1114 2662 1167 2714 7.
1234 2645 1479 2713 Voluntas
1530 2655 1628 2709 Dei
1683 2670 1839 2707 causa
1903 2651 2133 2721 superior

538 2756 704 2811 omnis
750 2770 1005 2825 corporea:
1066 2752 1376 2806 mutationis.
1430 2747 1683 2817 Exemplo
1724 2745 1779 2799 id
1818 2744 2133 2799 demonstra-

538 2857 640 2904 tur.
696 2848 802 2904 Sed
849 2848 983 2902 alius
1033 2854 1115 2901 est
1167 2844 1299 2900 ordo
1360 2841 1616 2897 naturalis
1665 2841 1717 2893 in
1782 2836 2134 2894 conversione

539 2950 596 2999 et
643 2942 996 2997 mutabilitate
1051 2953 1354 3009 corporum,
1404 2936 1494 3007 qui
1537 2933 1780 3005 quamvis
1827 2931 1987 2985 etiam
2018 2930 2135 2999 ipse

545 3034 615 3089 ad
644 3043 827 3089 nutum
848 3032 940 3087 Dei
979 3031 1196 3095 serviat,
1248 3026 1645 3099 perseverantia
1688 3034 1863 3079 tamen
1903 3036 2132 3077 consue-

542 3127 741 3185 tudinis
787 3126 964 3181 amisit
1020 3123 1424 3179 admirationem
1468 3118 1667 3173 :sicuti
1725 3126 1847 3171 sunt
1899 3129 2018 3185 quae
2046 3113 2133 3168 vel

545 3221 907 3287 brevissimis,
955 3219 1040 3275 vel
1090 3226 1235 3273 certe
1288 3230 1394 3271 non
1434 3213 1606 3282 longis
1654 3210 1945 3266 intervallis
1995 3217 2132 3263 tem-

540 3331 752 3387 porum,
784 3314 939 3378 coelo,
971 3320 1131 3377 terra,
1164 3308 1404 3378 marique
1431 3312 1723 3367 mutantur,
1757 3303 1867 3356 sive
1896 3315 2126 3355 nascen-

538 3406 701 3471 tibus,
730 3408 843 3460 sive
875 3400 1237 3458 occidentibus
1267 3399 1446 3461 rebus,
1479 3396 1589 3451 sive
1615 3394 1747 3448 alias
1786 3394 1941 3447 aliter
1965 3399 2127 3460 atque

539 3498 695 3555 aliter
722 3494 1099 3567 apparentibus
1130 3507 1143 3544 :
1178 3491 1279 3545 alia
1319 3505 1446 3544 vero
1475 3487 1718 3559 quamvis
1746 3502 1811 3540 ex
1843 3486 1956 3555 ipso
1984 3484 2130 3539 ordi-

540 3605 608 3647 ne
636 3588 924 3653 venientia,
959 3594 1135 3639 tamen
1164 3590 1386 3653 propter
1416 3579 1651 3648 longiora
1683 3575 1960 3631 intervalla
1989 3584 2128 3628 tem-

540 3696 728 3752 porum
774 3679 950 3733 minus
987 3676 1201 3755 usitata.
1232 3674 1360 3741 Quae
1404 3671 1527 3725 licet
1567 3669 1715 3723 multi
1745 3673 2025 3735 stupeant,
2064 3664 2132 3719 ab

539 3772 940 3843 inquisitoribus
962 3768 1116 3838 hujus
1145 3766 1325 3821 szeculi
1353 3762 1737 3833 comprehensa
1759 3768 1901 3824 sunt,
1926 3767 1978 3813 et
2001 3772 2127 3827 pro-

540 3880 725 3935 gressu
746 3862 1148 3933 generationum
1174 3874 1279 3929 quo
1314 3855 1508 3925 surpius
1546 3854 1793 3923 repetita,
1816 3859 1866 3905 et
1897 3867 1926 3903 a
1955 3849 2128 3919 pluri-

537 3955 641 4011 bus
664 3956 891 4024 cognita,
923 3968 989 4007 eo
1019 3952 1192 4005 minus
1219 3949 1351 4003 mira
1378 3938 1531 4001 sunt.
1553 3944 1716 3999 Sicuti
1747 3952 1868 3996 sunt
1890 3941 2129 3996 defectus

540 4047 901 4110 luminarium,
935 4053 989 4099 et
1017 4026 1149 4098 raro
1168 4042 1460 4097 existentes
1480 4036 1720 4107 quaedam
1749 4035 1956 4105 species
1985 4033 2129 4089 side-

541 4155 695 4206 rum,
724 4147 777 4193 et
807 4147 960 4191 terrae
992 4146 1165 4190 motus
1190 4175 1205 4199 ,
1232 4141 1286 4187 et
1320 4128 1643 4185 monstruosi
1681 4136 1861 4197 partus
1889 4127 2133 4181 animan-

544 4230 698 4294 tium,
725 4239 778 4285 et
802 4242 1149 4299 quaecumque
1175 4224 1387 4286 similia,
1418 4237 1641 4291 quorum
1672 4220 1803 4273 nihil
1830 4218 1887 4272 ﬁt
1913 4220 2010 4273 nisi
2038 4233 2133 4273 vo-

544 4319 745 4375 luntate
774 4321 886 4383 Dei,
919 4319 1012 4373 sed
1046 4317 1313 4386 plerisque
1354 4328 1458 4367 non
1501 4320 1736 4380 apparet.
1776 4311 1957 4381 Itaque
1986 4311 2134 4365 licuit

544 4415 759 4468 vanitati
789 4410 1245 4482 phiIoSOpborum,
1270 4408 1429 4461 etiam
1447 4404 1620 4459 causis
1645 4404 1761 4458 aliis
1784 4418 1847 4458 ea
1873 4404 2130 4473 tribuere,

547 4508 626 4561 vel
656 4508 816 4570 veris,
848 4504 939 4559 sed
972 4501 1246 4573 proximis,
1274 4513 1393 4553 cum
1422 4498 1638 4551 omnino
1664 4495 1844 4551 videre
1873 4510 1978 4551 non
2010 4511 2133 4566 pos-

545 4607 663 4654 sent
691 4597 1021 4666 superiorem
1056 4592 1265 4648 caeteris
1291 4589 1535 4645 omnibus
1572 4604 1808 4656 causam,
1839 4589 1889 4643 id
1924 4597 2006 4644 est
2034 4603 2130 4643 vo-

544 4688 799 4745 luntatem
835 4688 924 4741 Dei
955 4703 968 4748 ;
1006 4685 1087 4739 vel
1116 4683 1279 4748 falsis,
1308 4690 1363 4737 et
1391 4697 1458 4737 ne
1496 4683 1563 4737 ab
1602 4681 1713 4751 ipsa
1746 4680 1959 4751 quidem
2004 4695 2130 4751 per-

544 4782 890 4854 vestigatione
911 4778 1264 4848 corporalium
1296 4790 1471 4830 rerum
1500 4784 1657 4845 atque
1692 4776 2006 4839 motionum,
2037 4773 2132 4829 sed

539 4894 570 4932 a
596 4894 691 4933 sua
722 4875 1023 4943 ευδιιὶρίοιιε
1044 4879 1097 4926 et
1116 4885 1298 4924 errore
1322 4869 1558 4939 prolatis.

611 4968 664 5024 8.
712 4968 890 5021 Dicam
925 4964 967 5017 si
1010 4971 1195 5031 potero
1232 4960 1503 5031 quiddam,
1536 4959 1766 5028 exempli
1807 4957 1992 5028 gratia,
2024 4972 2131 5026 quo

541 5058 657 5115 haec
686 5056 949 5127 apertiora
979 5055 1103 5107 sint.
1130 5052 1225 5107 Est
1245 5061 1389 5107 certe
1415 5052 1469 5104 in
1493 5065 1715 5121 corpore
1739 5049 1970 5103 humano
1986 5063 2131 5118 quae-

541 5150 663 5207 dam
705 5149 873 5204 moles
902 5147 1099 5213 carnis,
1130 5155 1183 5201 et
1213 5144 1399 5200 lormze
1429 5143 1655 5212 species,
1693 5151 1746 5195 et
1780 5140 1911 5195 ordo
1938 5140 2129 5194 distin-

541 5245 753 5314 ctioque
784 5240 1164 5304 membrorum,
1199 5247 1252 5293 et
1285 5235 1597 5306 temperatio
1636 5232 1949 5288 valetudinis
1984 5249 1996 5286 :
2028 5233 2131 5289 hoc

541 5351 735 5406 corpus
763 5335 1013 5404 inspirata
1039 5332 1215 5385 anima
1243 5329 1398 5399 regit,
1428 5327 1720 5395 eademque
1749 5325 2052 5388 rationalis;
2077 5334 2132 5379 et

538 5426 663 5483 ideo
699 5426 947 5497 quamvis
987 5421 1275 5485 mutabilis,
1308 5429 1481 5473 tamen
1513 5434 1629 5487 qua:
1661 5417 1828 5486 possit
1867 5416 2009 5471 illius
2044 5416 2130 5470 in-

537 5516 934 5574 commutabilis
962 5513 1235 5582 sapientiae
1264 5512 1532 5581 particeps
1558 5523 1707 5574 esse,
1738 5518 1797 5563 ut
1825 5508 1892 5563 sit
1922 5508 2130 5579 partici-

598 5653 617 5717 ῗ
650 5659 827 5717 ωρφω
851 5657 989 5717 “35:2-
1000 5645 1311 5717 ﬁtﬂﬂ'wm
1506 5705 1517 5717 .

596 5715 619 5746 ²
652 5714 790 5771 Editi,
820 5706 1186 5760 Conditoris."At
1208 5717 1312 5757 uss.
1337 5706 1533 5771 conditi.

540 5776 627 5889 δὲ
650 5776 725 5826 sic
748 5767 853 5825 Mss.
877 5784 1054 5836 magno
1075 5782 1335 5825 consensu.
1383 5776 1440 5820 At
1462 5769 1597 5832 editi,
1621 5767 1855 5833 sapientia
1878 5769 2130 5824 voluruatis

1608 274 1611 277 I
1648 326 1739 383 DE
1776 321 2171 405 TRINITATE,
2201 321 2262 379 S.
2302 320 2670 382 AUGUSTINI

3702 324 3815 384 87!

2216 440 2355 509 patio
2384 440 2492 510 ejus
2517 439 2569 493 in
2596 437 2840 505 idipsum,
2860 434 3000 493 sicut
3024 435 3076 491 in
3105 434 3319 491 Psalmo
3346 435 3600 506 scriptum
3629 446 3714 494 est
3738 438 3811 493 de

2216 530 2464 585 omnibus
2502 539 2732 595 sanctis,
2775 545 2839 585 ex
2880 529 3071 600 quibus
3102 538 3351 599 tanquam
3381 528 3645 599 lapidibus
3674 530 3815 585 vivis

2218 622 2511 677 tediﬁcatur
2533 622 2623 677 illa
2650 622 2943 678 Jerusalem
2975 631 3148 677 mater
3182 630 3362 676 nostra
3392 632 3588 677 aeterna
3620 623 3676 677 in
3702 638 3818 680 coe-

2217 713 2301 769 lis.
2329 714 2403 769 Ita
2430 716 2573 769 enim
2603 714 2811 770 canitur
2835 731 2848 767 :
2875 713 3180 780 Jerusalem,
3208 729 3321 785 qua:
3350 714 3634 783 aediﬁcatur
3662 724 3718 767 ut
3743 733 3820 768 Ct-

2217 805 2365 872 vitas,
2398 807 2543 875 cujus
2564 806 2886 877 participatio
2911 807 3021 876 ejus
3049 805 3101 859 in
3128 805 3349 874 idipsum
3380 804 3550 878 (Psal.
3570 822 3713 872 cxxr,
3733 807 3815 877 3).

2218 894 2455 966 Idipsum
2478 898 2675 968 quippe
2701 897 2803 953 hoc
2831 898 2952 952 loco
2984 897 3111 951 illud
3142 913 3407 952 summum
3434 906 3489 953 et
3514 898 3819 953 incommu-

2220 988 2383 1043 tabile
2422 989 2620 1043 bonum
2660 989 2992 1059 intelligitur,
3030 989 3171 1060 quod
3215 989 3355 1043 Deus
3384 998 3489 1053 est,
3530 998 3691 1060 atque
3734 1004 3824 1045 sa-

2179 1124 2182 1128 Α
2222 1079 2421 1149 pientia
2472 1080 2821 1150 voluntasque
2868 1080 3053 1149 ipsius.
3098 1078 3194 1134 Cui
3233 1089 3477 1135 cantatur
3513 1080 3619 1135 alio
3655 1081 3819 1136 loco:

2223 1166 2450 1222 Mutabis
2479 1187 2558 1234 ea,
2586 1180 2633 1224 et
2662 1170 2985 1225 mutabuntur
3006 1188 3026 1238 ;
3052 1180 3104 1224 tu
3128 1186 3241 1226 vero
3270 1171 3404 1226 idem
3432 1172 3540 1242 ipse
3564 1189 3616 1227 es
3643 1172 3821 1245 (Psal.

2223 1258 2413 1326 61,27,
2444 1259 2558 1331 28).

2295 1353 2521 1409 CAPUT
2578 1354 2664 1409 Ill.
2710 1386 2783 1396 —
2815 1356 2892 1410 De
2934 1356 3107 1411 eodem
3148 1368 3464 1429 argumento.
3518 1358 3827 1414 Constitua-

2225 1460 2346 1500 mus
2373 1461 2501 1517 ergo
2528 1448 2708 1502 animo
2738 1448 2896 1503 talem
2925 1449 3244 1518 sapientem,
3276 1449 3428 1519 cujus
3452 1450 3628 1505 anima
3657 1451 3826 1505 ratio-

2226 1537 2365 1592 nalis
2386 1537 2497 1607 jam
2518 1539 2587 1593 sit
2616 1540 2881 1610 particeps
2912 1541 3360 1596 incommutabilis
3383 1551 3709 1613 aeternaeque
3734 1560 3831 1597 vc-

2227 1630 2422 1698 ritatis,
2446 1647 2603 1702 quam
2625 1631 2693 1687 de
2714 1633 2959 1688 omnibus
2986 1634 3097 1689 suis
3124 1634 3419 1688 actionibus
3441 1635 3701 1699 consulat,
3725 1650 3829 1688 nec

2227 1724 2425 1795 aliquid
2457 1726 2675 1780 omnino
2696 1724 2873 1792 faciat,
2909 1726 3052 1795 quod
3081 1742 3185 1781 non
3215 1727 3267 1781 in
3287 1742 3349 1782 ea
3371 1728 3682 1797 cognoverit
3706 1741 3830 1781 esse

2229 1815 2550 1885 faciendum,
2579 1827 2637 1871 ut
2680 1818 2731 1872 ei
2778 1818 3020 1874 subditus
3062 1819 3218 1890 eique
3260 1819 3634 1889 obtemperans
3680 1827 3830 1875 recte

2229 1908 2405 1963 faciat.
2432 1909 2534 1965 Iste
2563 1910 2608 1965 si
2633 1910 2874 1965 consulta
2901 1925 3106 1965 summa
3134 1911 3339 1966 ratione
3361 1911 3554 1965 divina:
3579 1909 3828 1980 justitiae,

2233 2015 2393 2071 quam
2434 2001 2489 2055 in
2531 2010 2741 2057 secreto
2775 2001 2984 2057 audiret
3020 2017 3150 2057 aure
3185 2001 3362 2057 cordis
3391 2002 3493 2067 sui,
3526 2017 3694 2072 eaque
3724 1999 3832 2056 sibi

2228 2091 2477 2162 jubente,
2506 2092 2558 2147 in
2596 2094 2772 2163 aliquo
2799 2092 2976 2149 ofﬁcio
3006 2094 3387 2149 misericordia:
3420 2110 3614 2165 corpus
3642 2094 3833 2150 labore

2234 2182 2503 2254 fatigaret,
2543 2185 3019 2255 aegritudinemque
3060 2187 3423 2255 contraheret,
3462 2187 3833 2257 consultisque

2234 2278 2456 2333 medicis
2482 2277 2550 2332 ab
2574 2278 2678 2333 alio
2698 2278 2968 2333 diceretur
2992 2294 3204 2334 causam
3236 2279 3407 2334 morbi
3434 2294 3557 2335 esse
3584 2280 3833 2350 corporis

2235 2372 2548 2437 siccitatem,
2573 2372 2640 2427 ab
2665 2372 2772 2426 alio
2801 2381 2978 2427 autem
3010 2372 3253 2429 humoris
3288 2374 3789 2429 immoderationem
3814 2391 3831 2430 :

2236 2480 2377 2521 unus
2421 2481 2609 2521 eorum
2651 2482 2835 2522 veram
2882 2482 3097 2522 causam
3137 2466 3375 2533 diceret,
3420 2467 3555 2522 alter
3601 2475 3833 2534 erraret,

2238 2567 2464 2628 uterque
2496 2568 2673 2614 tamen
2700 2558 2767 2614 de
2798 2560 3053 2628 proximis
3091 2559 3286 2624 causis,
3319 2559 3371 2614 id
3406 2569 3506 2625 est,
3534 2559 3837 2629 corporali-

2237 2648 2338 2705 bus
2358 2651 2747 2721 pronuntiaret.
2772 2655 2843 2705 At
2866 2652 2909 2706 si
2938 2651 3078 2706 illius
3104 2651 3358 2706 siccitatis
3381 2666 3539 2706 causa
3561 2666 3837 2721 quaerere-

2238 2751 2345 2809 tur,
2368 2752 2421 2796 et
2445 2742 2775 2798 inveniretur
2802 2743 3133 2797 voluntarius
3162 2743 3344 2810 labor;
3362 2742 3473 2813 jam
3497 2754 3715 2799 ventum
3746 2760 3839 2802 es-

2238 2844 2321 2889 set
2343 2834 2408 2889 ad
2439 2835 2771 2905 superiorem
2798 2850 3031 2902 causam,
3063 2852 3182 2907 quae
3216 2836 3283 2891 ab
3311 2836 3489 2892 anima
3527 2836 3839 2907 proﬁcisce-

2240 2938 2388 2984 retur
2412 2928 2477 2983 ad
2500 2928 2837 2985 afﬁciendum
2858 2944 3054 3001 corpus
3080 2929 3221 3000 quod
3252 2931 3389 3000 regit
3416 2947 3431 2986 :
3463 2930 3558 2986 sed
3589 2945 3693 2986 nec
3718 2931 3840 3002 ipsa

2240 3024 2410 3095 prima
2455 3033 2634 3090 esset;
2683 3024 2772 3079 illa
2813 3025 2957 3080 enim
3008 3025 3192 3095 procul
3231 3024 3393 3080 dubio
3433 3026 3841 3100 superiorem

2242 3116 2296 3171 in
2344 3116 2457 3186 ipsa
2513 3115 2932 3171 incommutabili
2977 3116 3280 3186 Sapientia,
3326 3117 3410 3172 cui
3456 3117 3688 3173 hominis
3741 3134 3837 3174 sa-

2239 3208 2432 3278 pientis
2480 3209 2655 3262 anima
2706 3209 2757 3262 in
2806 3208 3063 3264 charitate
3104 3209 3362 3273 serviens,
3400 3218 3457 3265 et
3495 3208 3839 3264 ineffabiliter

2234 3301 2439 3371 jubenti
2482 3301 2760 3370 obediens,
2798 3302 3152 3357 voluntarium
3194 3302 3429 3358 laborem
3471 3311 3785 3373 susceperat
3818 3320 3836 3357 :

2238 3394 2311 3448 ita
2358 3394 2571 3449 nonnisi
2612 3395 2706 3450 Dei
2736 3396 2980 3450 voluntas
3023 3409 3179 3451 causa
3230 3396 3399 3465 prima
3439 3396 3584 3451 illius
3619 3396 3839 3467 aegritu-z

2237 3487 2379 3543 dinis
2430 3488 2773 3545 veracissime
2823 3489 3167 3559 reperiretur.
3217 3489 3337 3545 Jam
3383 3504 3511 3545 vero
3558 3490 3605 3545 si
3653 3489 3709 3544 in
3756 3490 3839 3543 la-

2236 3580 2368 3634 bore
2391 3579 2630 3635 ofﬁcioso
2655 3588 2709 3635 et
2740 3580 2826 3651 pio
2851 3580 3180 3636 adhibuisset
3204 3581 3296 3637 ille
3318 3582 3534 3652 sapiens
3557 3581 3839 3638 ministros

2237 3673 2626 3728 collaborantes
2655 3687 2835 3728 secum
2869 3674 2921 3727 in
2949 3688 3110 3743 opere
3135 3673 3298 3741 bono,
3322 3688 3423 3729 nec
3443 3682 3624 3729 tamen
3643 3674 3839 3729 eadem

2236 3765 2509 3820 voluntate
2540 3765 2650 3820 Deo
2692 3765 3019 3831 servientes,
3061 3765 3155 3820 sed
3197 3765 3263 3820 ad
3303 3766 3600 3821 carnalium
3629 3766 3840 3837 cupidi-

2238 3864 2406 3911 tatum
2430 3857 2445 3887 ¹
2470 3872 2685 3911 suarum
2708 3857 3010 3913 mercedem
3036 3858 3314 3928 pervenire
3334 3860 3629 3929 cupientes,
3649 3858 3732 3913 vel
3754 3859 3841 3912 in-

2237 3949 2514 4003 commoda
2558 3950 2788 4003 carnalia
2815 3949 3146 4017 devitantes;
3178 3950 3509 4005 adhibuisset
3547 3951 3709 4005 etiam
3732 3949 3830 4020 ju-

2237 4048 2438 4106 menta,
2471 4041 2513 4095 si
2537 4040 2640 4096 hoc
2666 4042 2905 4112 exigeret
2930 4042 3072 4097 illius
3100 4042 3279 4112 operis
3299 4041 3553 4112 implendi
3574 4056 3838 4113 procura-

2238 4132 2331 4197 tio,
2360 4148 2478 4202 qure
2503 4135 2683 4204 utique
2698 4134 2936 4204 jumenta
2962 4135 3289 4191 irrationalia
3310 4144 3491 4191 essent
3514 4136 3839 4204 animantia,

2238 4239 2337 4278 nec
2366 4224 2487 4279 ideo
2506 4235 2783 4281 moverent
2807 4226 3045 4281 membra
3072 4227 3170 4282 sub
3190 4228 3434 4295 sarcinis,
3458 4227 3595 4298 quod
3622 4228 3838 4298 aliquid

2237 4314 2304 4370 de
2330 4315 2423 4369 illo
2449 4316 2590 4371 bono
2617 4332 2778 4387 opere
2816 4318 3143 4387 cogitarent,
3182 4318 3278 4375 sed
3319 4318 3542 4374 naturali
3583 4321 3843 4389 appetitu

2238 4422 2347 4461 suae
2365 4407 2647 4477 voluptatis
2682 4417 2735 4463 et
2762 4407 3087 4465 devitatione
3108 4410 3398 4477 molestiae;
3422 4419 3696 4482 postremo
3731 4411 3837 4467 ad-

2240 4497 2502 4556 hibuisset
2540 4502 2699 4557 etiam
2731 4503 2843 4571 ipsa
2866 4505 3130 4572 corpora’
3170 4503 3317 4559 omni
3358 4518 3519 4559 sensu
3562 4505 3838 4572 carentia,
3891 4490 3898 4507 ³

2238 4610 2358 4664 quae
2388 4595 2460 4648 illi
2482 4595 2629 4664 operi
2661 4603 2841 4651 essent
2878 4596 3201 4659 necessaria,
3235 4596 3559 4653 frumentum
3594 4598 3839 4665 scilicet,

2237 4694 2291 4740 et
2317 4686 2521 4753 vinum,
2539 4694 2593 4741 et
2616 4687 2814 4753 oleum,
2838 4696 3066 4755 vestem,
3091 4705 3389 4757 nummum,
3418 4690 3687 4757 codicem,
3714 4700 3771 4745 et
3794 4690 3841 4745 si

2236 4791 2338 4846 qua
2379 4775 2717 4846 hujusmodi;
2752 4779 2804 4832 in
2846 4778 2929 4834 his
2968 4790 3113 4835 certe
3160 4782 3408 4836 omnibus
3443 4783 3498 4836 in
3535 4782 3630 4836 illo
3672 4797 3843 4853 opere
3894 4758 3909 4811 ³

2237 4869 2577 4923 versantibus
2601 4870 2938 4940 corporibus,
2961 4871 3076 4927 sive
3102 4872 3348 4927 animatis
3370 4873 3484 4929 sive
3502 4873 3837 4943 inanimatis,

2234 4974 2585 5029 qucccumque
2624 4973 2987 5026 moverentur,
3021 4972 3400 5029 attererentur,
3435 4975 3838 5036 repararentur,

2235 5051 2739 5119 exterminarentur,
2764 5052 3205 5123 reformarentur,
3229 5057 3334 5111 alio
3355 5066 3517 5127 atque
3540 5057 3649 5113 alio
3675 5060 3841 5114 modo

2233 5141 2364 5197 locis
2384 5153 2438 5198 et
2464 5147 2789 5215 temporibus
2818 5146 3006 5202 affecta
3037 5158 3371 5204 mutarentur
3401 5168 3415 5205 :
3448 5166 3575 5205 num
3609 5152 3717 5206 alia
3751 5168 3839 5209 es-

2234 5241 2317 5288 set
2357 5236 2577 5291 istorum
2614 5240 2849 5292 omnium
2877 5239 3161 5293 visibilium
3200 5248 3256 5295 et
3297 5241 3633 5296 mutabilium
3667 5243 3842 5299 facto-

2233 5340 2351 5380 rum
2382 5341 2563 5395 causa,
2612 5329 2714 5383 nisi
2742 5329 2830 5384 illa
2860 5330 3142 5385 invisibilis
3171 5340 3226 5386 et
3252 5332 3709 5389 incommutabilis
3741 5350 3840 5391 vo-

2235 5418 2410 5474 luntas
2440 5420 2531 5474 Dei
2574 5436 2668 5490 per
2692 5421 2922 5476 animam
2944 5422 3180 5492 justam,
3217 5425 3357 5479 sicut
3384 5424 3571 5480 sedem
3606 5424 3842 5496 Sapien-

2234 5510 2341 5579 tiae,
2372 5512 2576 5567 cunctis
2602 5522 2775 5581 utens,
2804 5524 2859 5570 et
2879 5514 3032 5569 malis
3051 5514 3072 5546 ³
3098 5523 3152 5570 et
3180 5515 3574 5571 irrationalibus
3594 5517 3792 5572 animis
3817 5558 3837 5586 ,

2298 5647 2316 5720 ξ
2350 5645 2519 5720 flares
2548 5655 2654 5698 Mss.
2672 5684 2687 5709 ,
2721 5649 2993 5702 carnalium
3024 5652 3332 5704 voltmtattan.
3369 5660 3493 5716 Duo,
3513 5654 3836 5720 voluptatum.

2295 5710 2317 5779 ξ
2350 5709 2486 5779 gditi,
2513 5723 2762 5779 corporea.
2789 5720 2845 5779 Α)
2864 5722 2969 5779 Mss.
2996 5726 3217 5779 corpora.

2298 5772 2319 5804 ³
2352 5771 2485 5843 Editi,
2508 5771 2715 5843 etnn'wlis
2731 5775 3059 5843 rationalibus,
3077 5771 3122 5843 et
3139 5776 3515 5843 irrationalibus.
3555 5778 3691 5843 Apud
3720 5784 3817 5832 MSS

2234 5844 2351 5896 vox,
2364 5833 2695 5899 rationalibus,
2719 5833 3130 5903 subintetligenda
3148 5840 3457 5905 relinquittu'.

3792 5966 3803 5971 θ
3846 5928 3863 5953 3
