4042 6494
210 435 307 495 873

206 559 257 605 ct
279 556 554 619 postremo
579 542 926 616 corporibus,
959 541 1073 597 sive
1096 557 1216 611 qure
1260 542 1363 597 illis
1402 541 1787 611 inSpirarentur

208 651 257 695 cl
301 641 691 701 animarentur,
736 638 847 691 sive
888 635 1031 690 omni
1088 651 1248 690 sensu
1293 637 1625 701 carentibus,
1667 651 1789 689 cum

211 732 453 803 primitus
491 739 728 784 uteretur
768 731 877 797 ipsa
909 728 1045 781 bona
1093 727 1266 783 anima
1297 737 1351 782 ct
1384 739 1600 792 sancta,
1632 743 1787 797 quant

207 824 305 880 sibi
332 822 400 877 ad
430 823 573 892 pium
605 831 660 876 et
689 821 989 891 religiosum
1015 820 1327 889 obsequiqu
1358 818 1719 873 subdidisset?

273 912 502 969 CAPUT
546 910 631 966 IV.
662 941 732 953 --
766 912 819 967 9.
856 910 990 965 Dens
1016 912 1245 964 omnibus
1269 912 1514 965 creaturis
1554 910 1711 962 utitur
1736 917 1791 961 ut

207 1004 329 1067 vult,
378 1012 425 1056 et
482 1001 696 1056 visibilia
743 1001 865 1072 facit
909 1000 977 1053 ad
1022 1016 1075 1054 se
1117 1000 1285 1069 ipsum
1314 999 1786 1053 demonstrandum.

207 1097 353 1163 Quod
406 1111 537 1166 ergo
566 1094 632 1149 de
660 1112 764 1149 uno
794 1094 1030 1162 sapiente
1050 1135 1066 1159 ,
1097 1094 1338 1164 quamvis
1368 1093 1540 1147 adhuc
1566 1093 1790 1147 mortale

204 1205 396 1258 corpus
420 1197 686 1260 gestante,
714 1187 955 1256 quamvis
984 1203 1046 1241 ex
1077 1198 1226 1257 parte
1257 1187 1485 1250 vidente,
1519 1186 1790 1255 posuimus

204 1280 433 1349 exempli
460 1281 663 1350 gratia;
707 1279 807 1333 hoc
845 1278 911 1332 de
937 1277 1111 1349 aliqua
1143 1278 1322 1344 domo,
1375 1278 1459 1331 ubi
1490 1278 1786 1347 aliquorum

207 1371 385 1424 talium
413 1372 643 1424 societas
671 1378 769 1433 est,
799 1368 902 1423 hoc
931 1368 997 1423 de
1022 1369 1236 1423 civitate
1265 1369 1346 1423 vel
1380 1369 1538 1422 etiam
1563 1368 1631 1422 de
1657 1368 1789 1421 urbe

207 1474 467 1518 terrarum
497 1462 619 1516 licet
641 1462 896 1530 cogitare,
925 1460 967 1514 si
997 1474 1161 1529 penes
1201 1459 1468 1530 sapientes
1494 1468 1787 1527 sancteque

203 1570 259 1609 ac
282 1554 528 1624 perfecte
553 1553 663 1608 Deo
694 1552 932 1607 subditos
957 1553 1027 1606 sit
1062 1552 1419 1622 principatus,
1449 1561 1497 1606 et
1548 1552 1784 1620 regimen

204 1634 377 1702 rerum
414 1648 789 1700 humanarum.
820 1644 923 1699 Sed
954 1644 1053 1699 hoc
1077 1646 1196 1714 quia
1215 1646 1446 1698 nondum
1467 1647 1581 1697 est‘
1606 1642 1789 1717 (opor-

205 1750 275 1796 tet
303 1740 450 1794 enim
484 1757 582 1793 nos
610 1739 661 1793 in
706 1737 807 1793 hac
849 1736 1273 1808 peregrinatione
1315 1737 1458 1806 prius
1494 1735 1788 1789 mortaliter

202 1834 468 1898 exerceri,
502 1842 555 1887 et
595 1848 689 1902 per
719 1832 857 1885 vires
896 1830 1318 1885 mansuetudinis
1346 1841 1400 1885 et
1432 1830 1701 1899 patientim
1732 1830 1783 1883 in

203 1925 425 1996 ﬂagellis
456 1924 715 1992 erudiri),
762 1923 907 1977 illam
941 1922 1108 1991 ipsam
1138 1937 1421 1991 supernam
1470 1930 1630 1991 atque
1669 1936 1785 1975 cte-

205 2018 386 2071 lestem
408 2058 424 2079 ,
466 2014 611 2085 unde
636 2014 1058 2085 peregrinantur,
1089 2014 1311 2083 patriam
1334 2013 1646 2081 Cogitemus.
1678 2011 1788 2067 Illic

202 2111 333 2163 enim
367 2108 462 2162 Dei
489 2078 754 2169 voltinlas,
785 2106 873 2175 qni
906 2104 1030 2159 facit
1055 2105 1272 2173 angelus
1303 2120 1429 2160 suos
1456 2103 1692 2173 Spiritus,
1734 2110 1785 2157 et

203 2201 474 2254 ministros
508 2213 634 2252 suos
666 2198 837 2267 ignem
881 2196 1187 2266 flagrantem
1238 2193 1406 2261 (Ρειιι.
1457 2209 1567 2259 cm,
1615 2193 1703 2259 4),
1734 2195 1785 2247 in

202 2290 475 2360 spiritibus
497 2305 703 2343 summa
733 2304 861 2358 pace
885 2295 1044 2358 atque
1072 2286 1301 2341 amicitia
1330 2284 1591 2353 capulatis
1610 2325 1625 2349 ,
1659 2294 1711 2339 et
1735 2284 1786 2337 in

204 2398 353 2436 unam
387 2381 715 2435 voluntatem
762 2372 989 2450 quodam
1042 2377 1303 2447 spirituali
1345 2376 1619 2430 charitatis
1668 2377 1788 2445 igne

201 2472 442 2539 ccul'latis
461 2514 478 2538 ,
514 2481 763 2541 tanquam
792 2472 842 2524 in
874 2469 1079 2524 excelsa
1103 2476 1352 2523 ctsancta
1368 2478 1420 2522 et
1439 2477 1639 2521 secreta
1662 2467 1788 2522 sede

206 2564 528 2634 pra-sideris,
558 2564 702 2617 velut
728 2563 778 2615 in
810 2561 970 2615 domo
997 2576 1089 2614 sua
1121 2569 1175 2613 et
1205 2559 1257 2612 in
1287 2560 1483 2629 templo
1512 2573 1631 2625 suo,
1663 2558 1787 2613 inde

202 2671 275 2718 se,
300 2653 620 2724 quibusdam
650 2651 1059 2706 ordittatiSsititis
1078 2660 1337 2705 creatura:
1369 2649 1597 2703 motibus
1618 2692 1632 2715 ,
1675 2651 1785 2720 pri-

204 2765 285 2801 nto
314 2746 703 2817 spiritualibns,
718 2745 909 2800 deinde
929 2744 1313 2813 corporalibus,
1346 2760 1439 2812 per
1463 2752 1652 2797 cuncta
1680 2742 1784 2797 dif-

202 2841 388 2907 fundit,
413 2851 469 2895 et
495 2842 657 2895 utitur
680 2840 926 2893 omnibus
956 2837 1020 2891 ad
1054 2836 1483 2891 inconmmtabile
1509 2836 1786 2890 arbitrium

202 2934 481 2989 sententia:
513 2948 644 2999 sum,
672 2932 782 2985 sive
814 2930 1139 2998 incorporcis
1165 2929 1274 2982 sive
1303 2929 1575 2997 corporeis
1601 2928 1784 2993 rebus,

203 3028 310 3081 sive
350 3024 702 3080 rationalibus
744 3024 857 3077 sive
904 3020 1298 3075 irrationalibus
1338 3020 1645 3089 spiritibus,
1677 3020 1789 3075 sive

203 3118 353 3173 bonis
396 3134 494 3187 per
528 3116 642 3186 ejus
669 3117 891 3187 gratiam
939 3116 1051 3168 sive
1079 3114 1234 3167 malis
1265 3129 1359 3182 per
1391 3114 1656 3184 propriam
1693 3128 1787 3167 vo-

204 3212 479 3264 luntatem.
528 3206 636 3263 Sed
677 3204 1123 3277 quemadmodum
1174 3218 1396 3273 corpora
1431 3204 1691 3257 crassiora
1736 3212 1791 3258 ct

204 3301 453 3356 inferiora
484 3316 583 3371 per
606 3298 878 3353 subtiliora
906 3308 960 3352 et
988 3296 1283 3365 potentiora
1323 3294 1553 3364 quodam
1603 3291 1792 3348 ordine

204 3404 491 3463 reguntur;
544 3393 613 3445 ita
648 3392 823 3444 onmia
850 3404 1072 3458 corpora
1118 3404 1213 3457 per
1254 3388 1494 3448 spiritum
1532 3387 1651 3441 vitae
1675 3428 1690 3453 ,
1739 3396 1794 3443 et

204 3486 422 3554 Spiritus
473 3483 597 3537 vita:
640 3480 962 3536 irrationalis
992 3495 1087 3548 per
1113 3478 1354 3548 spiritum
1391 3479 1510 3532 vita:
1552 3480 1791 3533 rationa-

204 3578 343 3643 lem,
380 3584 438 3631 ct
476 3575 695 3645 spiritus
729 3576 850 3628 vita:
896 3572 1165 3626 rationalis
1195 3571 1435 3625 dCSt’l'lOl‘
1460 3581 1617 3641 atque
1664 3587 1785 3641 pec-

200 3680 347 3722 cator
375 3684 475 3738 per
501 3667 742 3736 spiritum
783 3664 903 3719 vita:
947 3663 1261 3719 rationalem
1296 3662 1438 3733 pium
1465 3663 1740 3732 etjustum
1772 3704 1787 3729 ,

199 3771 251 3816 et
272 3763 361 3817 ille
400 3777 497 3831 per
523 3760 693 3829 ipsum
730 3757 916 3823 Deum,
946 3772 1008 3811 ac
1050 3756 1127 3810 sic
1155 3755 1399 3809 universa
1429 3764 1669 3809 creatura
1697 3768 1793 3824 per

199 3854 513 3909 Creatorem
538 3867 715 3913 suum.
738 3866 801 3904 ex
832 3864 938 3919 quo
964 3858 1011 3903 et
1047 3863 1143 3916 per
1166 3862 1323 3916 quem
1351 3847 1478 3900 etin
1502 3863 1606 3916 quo
1630 3847 1791 3901 etiam

197 3946 414 3999 cumdita
441 3955 602 4013 atque
630 3943 863 3996 instituta
897 3950 976 3995 est
1004 3938 1219 4011 (Coloss.
1253 3954 1288 3999 ι.
1329 3934 1415 4008 16)
1442 3953 1539 3991 :ac
1566 3952 1662 4007 per
1694 3936 1793 3990 hoc

199 4037 449 4091 voluntas
476 4035 569 4089 Dei
607 4042 690 4088 est
716 4033 881 4102 prima
908 4042 960 4085 et
991 4046 1196 4085 summa
1223 4044 1380 4083 causa
1407 4029 1645 4081 omnium
1675 4043 1795 4082 cor-

198 4130 464 4199 poralium
507 4126 804 4196 specierum
843 4133 1002 4193 atque
1042 4121 1355 4175 motionum.
1395 4119 1533 4173 Nihil
1564 4119 1707 4174 enim
1739 4119 1796 4173 lit

196 4222 482 4276 visibilitcr
513 4228 567 4274 et
591 4217 935 4279 sensibiliter,
966 4213 1108 4285 quod
1139 4231 1242 4267 non
1285 4213 1352 4267 de
1386 4210 1636 4267 interiore
1662 4212 1795 4266 invi-

196 4315 339 4369 sibili
380 4324 545 4384 atque
594 4310 907 4381 intelligibili
936 4310 1056 4362 aula
1082 4307 1277 4362 summi
1314 4304 1679 4377 Imperatoris,
1706 4314 1797 4360 aint

192 4407 450 4475 jubeatur
481 4448 497 4470 ,
548 4414 641 4458 aut
691 4403 1052 4473 permittatur,
1109 4397 1404 4454 secundum
1471 4397 1793 4453 ineffabilem

189 4498 460 4567 justitiam
506 4493 850 4565 pnetttiornm
880 4502 1042 4561 atque
1083 4505 1358 4560 poenarum
1388 4532 1401 4555 ,
1426 4488 1715 4558 gratiarum
1742 4499 1797 4542 et

194 4588 637 4651 retributionmn,
655 4586 705 4638 in
731 4586 827 4639 ista
852 4584 1013 4638 totius
1035 4593 1292 4637 creatura:
1315 4582 1642 4652 amplissima
1664 4598 1795 4652 qua-

190 4682 317 4735 dam
349 4682 722 4748 immensaque
761 4676 1047 4746 republica.

262 4775 360 4830 I0.
390 4773 448 4827 Si
470 4787 601 4841 ergo
626 4769 895 4840 apostolus
923 4768 1136 4830 Paulus,
1160 4766 1400 4836 quamvis
1419 4765 1593 4819 adhuc
1614 4774 1797 4835 porta-

189 4877 273 4920 ret
302 4865 580 4921 sarcinam
604 4861 868 4931 corporis,
917 4858 1059 4928 quod
1084 4858 1442 4927 corrumpitur
1468 4865 1523 4912 et
1548 4867 1798 4927 aggravat

188 4959 435 5013 animam
460 4955 625 5026 (δίῳ.
651 4968 725 5015 Ix,
748 4952 883 5021 15),
909 4948 1151 5019 quamvis
1179 4947 1352 5002 adhuc
1374 4963 1438 5002 ex
1468 4956 1618 5017 parte
1638 4957 1798 5017 atque

192 5051 241 5106 in
292 5050 594 5119 enigmate
642 5046 846 5098 videret
880 5039 944 5112 '(l
970 5039 1087 5095 Cor.
1133 5056 1249 5105 xm,
1288 5039 1355 5093 12
1378 5041 1393 5102 )
1420 5080 1436 5103 ,
1467 5051 1658 5109 optans
1685 5040 1796 5093 dis-

192 5145 334 5198 solvi
367 5152 422 5197 et
451 5155 573 5196 esse
599 5154 720 5193 cum
750 5132 964 5189 Christo
996 5130 1263 5201 (Philipp.
1306 5146 1342 5195 ι,
1372 5129 1480 5211 2.3)
1506 5172 1520 5196 ,
1553 5142 1606 5184 et
1637 5131 1687 5183 in
1713 5145 1799 5185 se-

184 5236 433 5305 metipso
462 5230 841 5302 ingemiscens,
870 5224 1210 5293 adeptionem
1242 5232 1555 5291 exspectans
1584 5220 1796 5275 redem-

183 5331 441 5399 ptionem
466 5320 719 5393 DOI‘pOI‘iS
748 5321 828 5374 sui
872 5316 1053 5389 (Rom.
1085 5332 1196 5381 \‘lll,
1226 5314 1362 5385 25),
1408 5313 1577 5383 potuit
1623 5323 1796 5367 tamen

1547 429 1749 485 LIBER
1787 428 2099 488 TERTIUS.

1884 3930 1992 4009 'per
2017 3938 2248 3993 radicem
2274 3939 2397 3993 vitis
2415 3939 2479 3992 ad
2508 3938 2736 4002 botrum,
2762 3939 3005 3995 etvinnm
3027 3942 3167 4006 facit,
3189 3943 3286 3997 nisi
3315 3943 3476 4006 Deus,

3378 443 3481 501 επ

1898 558 2053 611 gnam
2078 548 2273 616 quippe
2296 546 2433 616 ejus,
2466 562 2564 604 nec
2586 550 2941 619 membranas,
2973 567 3072 607 nec
3099 564 3477 624 atramentum,

1899 648 1996 687 nec
2014 635 2372 705 signiﬁcantes
2399 654 2561 695 sonos
2592 640 2767 711 lingua
2796 643 2989 709 editos,
3032 661 3130 701 nec
3154 647 3302 717 signa
3332 649 3473 705 litte'

1898 740 2077 780 rarum
2103 730 2403 801 conscripta
2429 732 2704 799 pelliculis,
2740 750 2938 804 corpus
2963 732 3157 792 Christi
3184 746 3239 794 et
3263 742 3481 810 sangui-

1898 833 2018 871 nent
2068 819 2327 887 dicimus;
2372 823 2465 877 sed
2517 824 2640 878 illud
2687 833 2888 880 tantum
2936 828 3075 898 quod
3118 845 3181 883 ex
3228 828 3487 886 fructibus

1898 919 2054 963 terra:
2099 924 2374 980 acceptum
2414 924 2465 967 et
2512 930 2670 984 prece
2712 918 2934 986 mystica
2979 929 3350 973 consecratum
3384 921 3486 976 ri.e

1895 1002 2152 1056 smnimus
2168 1004 2231 1056 ad
2251 1005 2471 1060 salutem
2498 1007 2823 1075 spiritualem
2844 1010 2894 1063 in
2923 1012 3232 1065 memoriam
3266 1028 3362 1080 pro
3385 1030 3483 1067 no-

1894 1090 1976 1145 bis
2009 1093 2293 1148 Dominiczn
2323 1097 2582 1165 passionis
2612 1117 2625 1152 :
2653 1099 2792 1168 quod
2814 1116 2933 1154 cum
2965 1117 3059 1170 per
3086 1116 3275 1158 manus
3304 1103 3480 1157 Immi-

1896 1197 2020 1236 nmn
2072 1182 2137 1237 ad
2195 1185 2337 1239 illam
2397 1187 2657 1241 visibilem
2703 1189 2933 1257 speciem
2982 1194 3320 1259 perducatur,
3375 1210 3480 1247 non

1894 1275 2257 1330 sanctificatnr
2285 1287 2340 1330 nt
2377 1278 2447 1332 sit
2492 1288 2598 1332 tam
2627 1294 2874 1349 magnum
2917 1281 3345 1350 Sacramentum,
3380 1284 3481 1338 nisi

1891 1377 2148 1436 operante
2193 1369 2527 1425 invisibiliter
2571 1370 2769 1440 Spiritu
2813 1372 2929 1439 Dei,
2980 1390 3100 1428 cum
3147 1375 3260 1430 ham
3305 1374 3481 1430 ornnia

1891 1472 2010 1527 qua:
2045 1473 2143 1528 per
2184 1460 2490 1529 corporales
2536 1471 2709 1516 tnotus
2746 1463 2796 1517 in
2842 1464 2934 1517 illo
2964 1480 3124 1534 opere
3154 1465 3304 1531 fiunt,
3340 1466 3482 1522 Dens

1892 1560 2179 1617 operetur,
2218 1567 2438 1606 movens
2479 1538 2724 1622 primitus
2772 1555 3054 1610 invisibilia
3091 1559 3479 1624 miniSIrorum,

1891 1640 2004 1696 sive
2052 1642 2255 1697 animas
2304 1643 2599 1711 hominum,
2658 1647 2771 1701 sive
2812 1647 3143 1703 occultorum
3200 1651 3478 1720 spirituum

1891 1730 1991 1785 sibi
2042 1732 2282 1789 subditas
2335 1736 2700 1806 seriitutes):
2751 1738 2877 1808 quid
2930 1740 3121 1793 mirum
3166 1742 3209 1795 si
3235 1742 3393 1796 etiam
3427 1744 3478 1795 in

1890 1834 2133 1879 creatura
2158 1826 2278 1881 caeli
2305 1836 2359 1881 et
2390 1840 2562 1887 teme.
2592 1829 2755 1884 maris
2778 1840 2832 1885 et
2852 1832 3013 1895 aeris,
3042 1830 3166 1886 facit
3196 1834 3333 1887 Deus
3360 1851 3482 1905 qua:

1892 1918 2003 1971 vult
2039 1919 2307 1973 scnsibilia
2348 1928 2509 1991 atque
2548 1921 2794 1984 visibilia,
2837 1923 2903 1976 ad
2935 1938 2995 1979 se
3043 1924 3214 1995 ipsum
3272 1925 3324 1979 in
3380 1926 3479 1992 eis,

1890 2008 2027 2063 sicut
2057 2017 2305 2078 Oportere
2348 2010 2462 2079 ipse
2502 2013 2668 2078 novit,
2725 2012 3128 2083 significandum
3171 2028 3225 2070 et
3258 2016 3482 2071 demoa-

1890 2098 2191 2165 strandnm,
2220 2116 2324 2154 non
2356 2101 2469 2169 ipsa
2500 2117 2594 2157 sua
2620 2118 2721 2173 qua
2745 2112 2828 2158 est
2847 2116 3135 2174 apparente
3159 2106 3477 2172 substantia,

1892 2207 2009 2259 qua:
2044 2191 2262 2246 omnino
2307 2193 2754 2249 incommutabilis
2793 2204 2897 2260 est,
2931 2198 3282 2267 omnibusque
3310 2199 3474 2269 spiri-

1893 2280 2071 2349 tibus,
2130 2298 2264 2353 quos
2306 2286 2539 2353 creavit,
2593 2285 2813 2342 interius
2875 2288 3241 2359 secretiusque
3306 2290 3477 2346 subli-

1892 2373 2065 2427 lnior?

1961 2461 2186 2521 CAPUT
2210 2463 2274 2519 ν.
2298 2496 2373 2506 -
2395 2468 2479 2522 Η.
2514 2466 2767 2521 Miracula
2789 2484 2880 2522 cur
2908 2486 3007 2523 non
3033 2480 3271 2525 consueta
3300 2488 3475 2543 apem.

1897 2554 1956 2609 Vi
2004 2556 2146 2609 enim
2185 2555 2360 2611 divina
2416 2566 2581 2612 totam
2638 2558 2978 2629 spiritualem
3039 2563 3479 2634 corporalemqne

1892 2648 2299 2705 administrante
2341 2661 2675 2715 creaturam,
2720 2653 2957 2708 onmium
3018 2670 3277 2711 annorum
3320 2660 3480 2712 certis

1892 2738 2080 2795 diebus
2126 2741 2454 2797 advocantur
2476 2758 2626 2813 aqua:
2666 2744 2850 2811 maris,
2878 2754 2931 2801 et
2955 2744 3295 2802 ellunduntur
3321 2765 3482 2820 super

1894 2830 2079 2887 facient
2113 2844 2284 2889 terrm.
2305 2832 2409 2889 Sed
2437 2849 2559 2889 eum
2591 2834 2690 2889 hoc
2714 2845 2901 2891 orante
2925 2849 3109 2892 sancto
3137 2839 3248 2893 Elia
3284 2840 3477 2896 factum

1893 2934 1996 2991 est,
2027 2924 2149 2994 quia
2180 2934 2527 2994 prmcesserat
2554 2936 2660 2980 tam
2702 2927 2953 2982 continua
2986 2938 3040 2983 et
3069 2941 3174 2983 tam
3203 2931 3355 3001 longa
3395 2948 3485 2997 see-

1898 3015 2120 3080 renitas,
2155 3025 2211 3070 ut
2236 3016 2530 3071 deficerent
2555 3017 2691 3072 fame
2721 3017 2985 3084 homines,
3016 3036 3114 3075 nec
3139 3037 3200 3076 ea
3231 3021 3356 3077 hora
3379 3040 3479 3094 qua

1895 3107 1984 3162 ille
2024 3106 2113 3161 Dei
2154 3123 2341 3163 servus
2383 3109 2577 3174 oravit,
2600 3124 2691 3163 aer
2713 3110 2824 3180 ipse
2868 3111 3043 3181 aliqua
3089 3112 3305 3167 humida
3350 3114 3483 3171 facie

1895 3217 2017 3257 mox
2044 3201 2237 3257 futura:
2266 3202 2456 3273 pluvia:
2485 3204 2634 3273 signa
2657 3204 3302 3273 praetulerat,conseeutis
3324 3211 3484 3263 tantis

1894 3305 1947 3349 et
1974 3304 2078 3349 tam
2108 3296 2360 3351 velociter
2389 3296 2649 3352 imbribus
2679 3298 2924 3368 apparuit
2944 3299 3024 3352 vis
3061 3298 3261 3365 divina,
3290 3303 3485 3371 quibus

1896 3386 2021 3441 illud
2060 3387 2283 3442 dabatur
2327 3388 2840 3459 tlispensabatnrque
2887 3390 3325 3463 miraculum(lll
3352 3391 3480 3464 Reg.

1895 3494 2045 3544 xvm,
2074 3479 2184 3549 45).
2214 3476 2285 3533 Ita
2318 3479 2455 3534 Deus
2483 3490 2735 3550 operatur
2767 3481 3026 3535 solemnia
3076 3480 3279 3554 fulgura
3326 3495 3484 3555 atque

1898 3570 2129 3624 tonitrua
2156 3588 2168 3624 :
2193 3570 2419 3640 sedquia
2466 3572 2516 3624 in
2542 3580 2721 3625 monte
2764 3572 2888 3627 Sina
2918 3572 3168 3627 inusitato
3203 3574 3480 3630 niodolie-

1897 3662 2040 3729 bant,
2058 3678 2317 3733 vocesque
2331 3663 2433 3718 ilhc
2451 3680 2554 3718 non
2571 3666 2791 3734 strepitu
2808 3665 3031 3719 confuso
3050 3665 3364 3733 edebantur,
3381 3668 3474 3723 sed

1896 3753 1974 3807 eis
2000 3754 2241 3823 qumdam
2271 3754 2420 3824 signa
2449 3754 2560 3808 dari
2597 3755 2906 3809 certissimis
2943 3755 3149 3811 iudiciis
3168 3759 3476 3828 apparebat,

1897 3845 2149 3899 miracula
2175 3844 2531 3918 erant(Ea:od.
2548 3862 2664 3911 xix,
2685 3847 2939 3917 l6).Quis
2965 3848 3181 3902 attrahit
3199 3849 3477 3905 humorem

1897 4031 1985 4099 qui
2016 4040 2069 4085 et
2096 4027 2313 4085 homine
2354 4030 2627 4102 plantante
2659 4041 2715 4085 et
2740 4031 2945 4102 rigante
2976 4032 3362 4091 incrementum
3390 4038 3485 4094 dat

1898 4121 1950 4192 (Ι
1980 4120 2097 4176 Cor.
2126 4138 2204 4184 In,
2236 4118 2335 4185 7)?
2360 4121 2465 4177 Sed
2495 4138 2615 4176 cum
2652 4122 2716 4176 ad
2767 4132 2953 4177 nutum
3002 4125 3209 4179 Domini
3258 4142 3393 4197 aqua
3427 4130 3479 4181 in

1900 4214 2078 4267 vinum
2121 4213 2365 4267 inusitata
2395 4214 2667 4268 celeritate
2705 4230 2961 4269 conversa
2990 4226 3090 4280 est,
3118 4218 3277 4271 ctiam
3308 4222 3485 4272 stultis

1902 4304 2185 4359 fatentibus
2222 4305 2300 4359 vis
2333 4305 2508 4359 divina
2550 4302 2815 4360 declarata
2863 4316 2944 4359 est
2971 4305 3146 4377 (Joan.
3172 4324 3225 4371 ιι,
3252 4308 3329 4379 9).
3358 4310 3487 4379 Quis

1899 4396 2113 4450 arbusta
2148 4397 2333 4451 fronde
2358 4412 2420 4451 ac
2448 4399 2577 4451 llore
2605 4398 2763 4451 vestit
2794 4398 3127 4461 Solenmiler,
3156 4401 3257 4454 nisi
3303 4403 3481 4456 Deus?

1906 4486 2099 4541 Verum
2144 4503 2262 4541 cum
2291 4488 2467 4541 ﬂoruit
2498 4488 2640 4558 virga
2672 4487 2967 4543 sacerdotis
2996 4496 3191 4555 Aaron,
3222 4493 3481 4548 collocuta

1902 4589 1983 4631 cst
2002 4578 2230 4646 quodam
2260 4577 2417 4632 modo
2437 4594 2555 4632 cum
2582 4578 2858 4634 dubitante
2884 4579 3208 4637 humanitate
3238 4584 3487 4639 divini:as

1906 4667 2090 4739 (Nam.
2125 4685 2252 4734 xvn,
2286 4672 2361 4740 8).
2396 4671 2461 4725 Et
2504 4670 2662 4740 lignis
2706 4681 2851 4727 certe
2880 4674 3127 4729 omnibus
3155 4686 3209 4730 et
3246 4682 3483 4732 orimium

1902 4762 2208 4816 animalium
2235 4763 2482 4818 carnibus
2521 4765 2800 4834 gignendis
2826 4776 2987 4835 atque
3014 4768 3303 4824 formandis
3339 4788 3486 4824 com-

1904 4855 2078 4909 munis
2103 4865 2186 4911 est
2211 4866 2419 4911 terrena
2449 4858 2698 4913 materies
2724 4876 2737 4911 :
2765 4867 2819 4913 et
2844 4860 2963 4929 quis
3000 4875 3062 4914 ea
3089 4860 3228 4926 facit,
3263 4863 3363 4915 nisi
3394 4864 3482 4932 qui

1904 4949 2037 5004 dixit
2080 4960 2137 5003 ut
2174 4950 2286 5004 lnrc
2339 4960 2477 5004 terra
2521 4951 2840 5021 produceret
2870 4950 3031 5024 (Gen.
3075 4953 3127 5018 l,
3175 4952 3291 5024 24),
3332 4963 3387 5009 et
3432 4955 3482 5009 in

1904 5042 2092 5096 eodem
2123 5043 2282 5096 verbo
2312 5058 2410 5097 suo
2433 5060 2553 5112 quae
2587 5045 2808 5107 creavit,
2839 5045 2972 5113 regit
3010 5053 3169 5113 atque
3209 5047 3351 5115 agit?
3378 5047 3483 5102 Sed

1903 5148 2023 5186 cum
2051 5130 2291 5187 eamdem
2315 5135 2589 5188 materiam
2612 5150 2677 5190 ex
2700 5138 2843 5203 virga
2865 5134 3027 5207 Moysi
3053 5135 3101 5187 in
3129 5150 3343 5191 carnem
3366 5153 3486 5192 scr-

1910 5225 2082 5294 pentis
2125 5225 2366 5294 proxime
2408 5241 2471 5281 ac
2514 5227 2765 5280 velociter
2800 5227 2979 5290 vertit,
3029 5226 3343 5282 miraculum
3384 5229 3485 5285 fuit

1907 5316 2098 5387 (Exod.
2143 5334 2213 5379 IV.
2244 5318 2321 5390 3),
2356 5320 2429 5373 rei
2476 5319 2689 5389 quidem
2733 5318 3003 5372 mutabilis
3026 5360 3040 5382 ,
3069 5319 3163 5373 sed
3193 5330 3367 5377 tamen
3402 5325 3483 5377 in-

3493 3784 4002 4109 θ,

180 5416 556 5489 significando
600 5410 891 5484 pmedicare
939 5410 1217 5463 Dominum
1262 5406 1442 5462 Jesum
1482 5404 1750 5460 Christum
1781 5447 1795 5469 ,

179 5511 358 5565 aliter
389 5524 489 5578 per
518 5506 753 5575 linguam
794 5516 966 5566 suam,
999 5499 1151 5553 aliter
1178 5513 1272 5568 per
1302 5496 1615 5567 Epistolam,
1643 5497 1800 5551 aliter

179 5612 284 5668 per
312 5596 732 5652 Sacramentum
761 5587 999 5657 corporis
1028 5593 1082 5640 et
1100 5584 1369 5654 sanguinis
1390 5584 1506 5652 ejus
1537 5580 1673 5653 (nec
1698 5582 1801 5636 litt-

1907 5413 2094 5467 usitata
2126 5413 2368 5466 mutatio.
2398 5411 2526 5479 Quis
2555 5421 2729 5465 autem
2758 5410 2957 5463 animat
2984 5427 3206 5481 qmrque
3246 5414 3361 5469 viva
3393 5432 3491 5471 na-

1905 5504 2128 5568 scentia,
2158 5504 2256 5556 nisi
2280 5504 2368 5571 qui
2395 5511 2450 5557 et
2479 5504 2625 5555 illum
2670 5511 2973 5570 serpentem
3021 5503 3087 5556 ad
3120 5504 3326 5573 horam,
3354 5509 3490 5562 sicut

1906 5609 2040 5665 opus
2066 5593 2256 5658 fuerat,
2289 5593 2573 5647 :mimavit?

1978 5686 2204 5741 CAPUT
2235 5684 2319 5738 Vl.
2352 5713 2422 5723 —
2453 5676 2581 5738 Sola
2630 5683 2843 5738 varietas
2887 5684 3009 5753 facit
3055 5686 3386 5742 mulcatum.
3432 5692 3495 5745 Et

1907 5779 2027 5849 quis
2056 5776 2282 5832 reddidit
2309 5774 2656 5830 cadaveribus
2682 5774 2887 5828 animas
2916 5789 3065 5843 suas,
3095 5793 3216 5834 cum
3248 5795 3480 5850 l'esurge~

1912 5881 2030 5929 rent
2072 5867 2263 5923 inermi
2292 5867 2498 5931 (Ειεσίι.
2554 5882 2761 5932 xxxvn,
2802 5866 2988 5933 I-IO),
3040 5870 3137 5923 nisi
3175 5872 3259 5938 qui
3295 5872 3492 5929 animat

2881 5970 2911 6037 {
2926 5961 3287 6039 I’ittghhut’l
3318 5966 3351 6035 Ι

246 5769 266 5799 ι
310 5765 476 5813 editio
500 5769 610 5811 Lov.
639 5773 651 5809 :
679 5762 771 5810 Sed
795 5756 884 5807 hoc
906 5757 1102 5821 quidem
1125 5757 1335 5807 nondum
1355 5764 1423 5806 est
1446 5770 1463 5816 ;
1486 5771 1542 5807 ac
1559 5763 1667 5820 post
1687 5770 1800 5821 ver-

176 5831 329 5883 bum,
358 5823 576 5881 erudiri,
594 5822 757 5871 addita
781 5820 1030 5883 partiCula,
1056 5825 1125 5867 ut.
1149 5821 1219 5867 sic
1240 5823 1485 5883 connectit
1501 5820 1759 5882 sequentia
1783 5832 1795 5868 :

176 5865 757 5949 :m'img'aa
773 5865 1040 5943 attigas;
1060 5865 1131 5929 es
1153 5865 1484 5942 aeaut-sas;

358 5971 598 6033 Sancr.
634 5970 908 6031 Auensr.
956 5965 1122 6025 Vlll.
