4042 6490
534 415 638 499 es
1417 397 1423 404 ’
1658 432 1744 488 DE
1785 426 2173 489 TRINI‘I‘ATE,
2214 425 2270 481 s.
2315 419 2677 484 AUCUS’t'lNl
3698 407 3810 486 sim

533 580 723 621 carnes
753 564 801 616 in
835 559 994 614 uteris
1023 566 1271 617 'n‘tatrum,
1307 561 1361 606 ut
1387 562 1627 606 oriantur
1654 549 1893 604 morituri
1914 547 1972 600 ‘?
2003 543 2109 597 Sed
2218 545 2428 609 generis
2467 543 2708 597 attitttalia
2734 543 2925 616 (Grut,
2959 545 3166 617 20-823).
3201 544 3379 617 Neque
3421 546 3568 600 enim
3592 552 3720 602 tunc
3747 552 3808 602 in

531 676 654 716 cum
684 659 816 712 liunt
839 657 924 710 illa
955 652 1266 708 continuato
1299 647 1448 717 quasi
1480 643 1709 715 quodam
1738 641 1899 696 ﬂuvio
1925 638 2109 693 labrn-
2222 635 2588 707 hujuscemodi
2635 639 2770 694 fetus
2800 639 2867 694 ita
2917 641 3169 710 producta
3200 643 3376 705 sunt‘,
3410 651 3465 695 ut
3493 632 3544 694 iu
3576 642 3655 696 eis
3682 657 3811 712 qua:

531 753 662 806 tium
707 745 1137 812 ntanantiumque
1185 755 1388 805 rerum,
1409 747 1461 793 et
1488 753 1552 792 ex
1597 735 1827 793 occulto,
1855 731 1905 786 in
1933 745 2111 801 prom-
2223 729 2475 800 producta
2521 742 2643 785 sunt
2674 731 2752 785 vis
2779 733 2863 787 illa
2892 743 3202 803 consumpta
3234 735 3337 788 sil:
3367 734 3459 788 sed
3493 735 3811 804 plerumque

531 851 670 904 tum,
696 849 854 909 atque
901 853 967 890 ex
1019 841 1266 905 prompto
1295 831 1345 884 in
1394 829 1660 894 occultum
1698 827 1896 880 usitato
1925 823 2115 876 itinere
2221 822 2411 892 desunt
2436 838 2682 893 congrusv
2701 834 3240 892 teutperamentorunt
3257 826 3586 890 occasiones,
3607 827 3812 895 quibus

482 913 485 916 I
533 911 940 992 transeuntium,
969 925 1224 979 naturalia
1271 922 1518 976 dicuntur
1549 939 1560 972 :
1589 933 1709 971 cum
1758 931 1884 970 vero
1931 913 2115 968 adtnn-
2222 923 2518 982 erutnpant,
2546 916 2823 983 etspccics
2853 929 2977 968 suas
3017 924 3288 985 peragant.
3318 917 3454 971 Ecce
3503 917 3642 970 enim
3678 919 3808 971 Inre-

535 1020 721 1076 nendis
752 1017 1050 1072 hominibus
1091 1014 1339 1067 inusitata
1380 1009 1732 1065 mutabilitate
1778 1007 2107 1077 ingeruntur,
2225 1007 2474 1061 viss-intus
2531 1005 2778 1060 surculus
2833 1024 3020 1060 semen
3076 1018 3192 1070 est;
3238 1024 3359 1062 nam
3423 1010 3812 1064 ευυνοηῑρηιυιν

533 1110 793 1181 magnalia
819 1108 1181 1162 nominantur.
1414 1095 1434 1108 ”

2225 1099 2510 1156 mandatus
2538 1112 2695 1157 terra:
2721 1104 2966 1159 arborem
2995 1104 3134 1158 facit.
3169 1104 3334 1174 llujus
3378 1114 3555 1158 autem
3604 1104 3812 1158 surculi

604 1200 831 1257 CAPUT
878 1197 967 1252 VII
1003 1197 1185 1250 ——12.
1235 1191 1486 1247 Miracula
1529 1207 1713 1262 magna
1761 1205 1849 1260 per
1893 1187 2110 1256 magicas

2227 1192 2474 1245 subtilius
2510 1209 2694 1248 semen
2722 1197 2931 1265 aliquod
2959 1197 3194 1265 ejusdem
3217 1199 3428 1266 generis
3457 1213 3677 1266 granum
3697 1206 3808 1257 est.

537 1293 688 1350 artes.
721 1295 816 1348 llic
845 1291 999 1346 video
1016 1289 1139 1360 quid
1168 1288 1389 1342 inllrntae
1418 1283 1719 1355 cogitationi
1749 1281 1912 1351 possit
1936 1295 2113 1333 occur-
2227 1294 2282 1338 et
2328 1284 2429 1338 huc
2459 1303 2625 1354 usque
2664 1290 2689 1319 ί
2715 1290 2872 1344 nobis
2898 1289 3128 1344 visibile.
3156 1290 3272 1345 hut
3310 1307 3437 1345 vero
3463 1289 3621 1361 hujus
3644 1289 3819 1346 etiam

533 1403 674 1452 rere,
693 1403 788 1441 cur
808 1385 1011 1439 scilicet
1029 1382 1128 1437 ista
1151 1378 1400 1435 miracula
1425 1378 1582 1432 etiam
1598 1374 1815 1444 magicis
1839 1373 2044 1426 artibus
2061 1369 2116 1424 li-
2222 1379 2370 1449 gum;
2389 1395 2570 1433 ερηιυη
2587 1382 2825 1450 quamvis
2844 1382 3010 1436 oculis
3033 1383 3210 1437 ﬁdem
3229 1398 3572 1453 mmmam“,
3597 1383 3817 1436 nume

533 1493 662 1538 aut:
692 1497 814 1537 nam
839 1490 890 1534 et
916 1477 1052 1549 magi
1079 1475 1371 1532 Pharaonis
1391 1473 1636 1529 similiter
1661 1471 1936 1540 serpentes
1975 1465 2115 1521 [εδει
2227 1478 2404 1522 tamen
2434 1471 2696 1539 conjicere
2725 1487 3005 1541 possumus
3032 1475 3182 1544 :quia
3213 1474 3310 1527 nisi
3352 1475 3470 1528 talis
3515 1473 3686 1542 aliqua
3726 1473 3822 1526 vis

533 1578 675 1640 runt,
693 1583 745 1629 et
764 1573 865 1628 alia
887 1571 1099 1625 similia.
1113 1567 1217 1625 Sed
1234 1566 1358 1622 illud
1376 1566 1600 1635 amplius
1621 1573 1702 1618 est
1720 1558 2110 1623 admirandum,

2223 1573 2364 1616 essrt
2386 1562 2443 1616 in
2463 1563 2576 1616 istis
2601 1565 2904 1628 elementis,
2931 1581 3036 1619 non
3060 1566 3370 1636 plerumque
3390 1575 3819 1620 nascerenturex

534 1663 802 1735 quomodo
836 1677 1110 1732 magorum
1155 1659 1244 1714 illa
1292 1657 1548 1727 potentia,
1585 1669 1705 1724 qua:
1729 1659 2008 1722 serpentes
2034 1647 2110 1701 Er-

2226 1662 2361 1706 terra
2384 1669 2501 1722 qua-
2544 1655 2613 1708 ibi
2643 1657 2900 1709 seminata
2924 1673 3026 1710 non
3061 1667 3275 1723 essent;
3306 1673 3402 1712 nec
3428 1657 3672 1711 animalia
3701 1667 3820 1709 tam

533 1772 657 1812 ecre
687 1755 878 1825 potuit,
908 1753 995 1810 tibi
1025 1752 1088 1806 ad
1118 1763 1328 1806 muscas
1357 1745 1740 1816 minutissimas
1763 1751 1976 1799 ventum
2008 1748 2110 1806 est,
2225 1744 2409 1809 multa,
2435 1745 2574 1798 nulla
2606 1746 2828 1799 marium
2853 1747 3823 1819 feminarumquecommixtioneprae-

535 1848 754 1905 omnino
791 1847 1003 1904 defecit;
1033 1841 1329 1915 deniphes
1358 1841 1500 1898 enim
1547 1836 1803 1894 mus'culte
1843 1843 1965 1890 sunt
1993 1832 2116 1887 bre-
2229 1834 2474 1900 cedente,
2508 1836 2619 1890 sire
2649 1838 2698 1891 iu
2731 1847 2895 1900 terra,
2926 1838 3038 1895 sive
3058 1840 3109 1895 in
3138 1857 3431 1912 aqua,qua:
3455 1852 3633 1895 tamen
3665 1858 3825 1896 cres—

536 1941 787 2006 vissimzc,
819 1955 919 2010 qua
971 1936 1120 1992 tertia
1166 1937 1316 2006 plaga
1359 1931 1623 2002 superbus
1648 1928 1875 2000 populus
1907 1923 2106 1995 [Egyp-

2224 1938 2351 1983 eunt
2366 1937 2420 1984 et
2435 1931 2676 1986 coeundo
2689 1933 2789 1986 alia
2813 1933 3044 2005 pariunt,
3071 1953 3190 1990 cum
3219 1936 3307 1992 illa
3329 1937 3484 1992 nullis
3497 1939 3830 1994 coeuntibus

537 2033 729 2087 tiorutn
770 2030 1091 2085 caedebatur.
1126 2025 1199 2082 lbi
1242 2031 1389 2081 certe
1440 2023 1752 2079 deﬁcientes
1790 2018 1925 2089 magi
1968 2017 2118 2071 dixe-
2227 2010 2534 2091 parentibus
2561 2034 2676 2079 orta
2718 2026 2842 2082 sint.
2873 2027 2936 2082 Et
2964 2037 3112 2084 certe
3152 2045 3283 2100 apes
3327 2030 3530 2085 sentina
3583 2031 3827 2084 ﬁliorum

535 2125 659 2176 runt
692 2139 705 2177 :
738 2120 934 2191 Digitius
960 2115 1050 2172 Dei
1086 2129 1154 2173 est
1185 2112 1522 2186 Itoc'(E:t:od.
1554 2129 1645 2175 vn,
1677 2119 1721 2165 et
1759 2115 1870 2176 vui,
1896 2108 1934 2181 ).
1963 2106 2117 2164 Unde
2232 2126 2338 2167 non
2386 2115 2627 2170 coeundo
2665 2117 3000 2188 concipiunt,
3052 2120 3142 2174 sed
3197 2131 3442 2190 tanquam
3486 2138 3670 2190 sparsa
3717 2138 3828 2191 per

537 2211 756 2281 intelligi
808 2211 978 2274 datur,
1023 2225 1090 2263 ne
1137 2208 1279 2277 ipsos
1321 2206 1533 2277 quidem
1572 2213 1995 2273 transgressmes
2022 2215 2120 2252 att-
2231 2211 2396 2258 terras
2423 2220 2518 2260 ore
2542 2207 2812 2276 colligunt.
2848 2208 3196 2266 lnvisibilium
3212 2213 3352 2266 enim
3371 2214 3631 2267 seminum
3655 2231 3820 2268 crea-

536 2303 683 2368 gelos
725 2311 779 2356 et
820 2315 1004 2355 aen-as
1049 2307 1358 2369 potestates,
1377 2297 1431 2351 in
1471 2297 1630 2350 i'mam
1658 2294 1810 2348 istam
1833 2291 2114 2360 caliginem
2230 2302 2332 2356 tor,
2357 2295 2470 2363 ipse
2512 2306 2720 2351 creator
2746 2308 2820 2352 est
2851 2301 3089 2354 omnium
3119 2317 3302 2357 rerum
3333 2323 3344 2358 :
3377 2306 3630 2374 quoniam
3660 2323 3826 2374 qure-

537 2405 786 2463 tanquam
819 2395 869 2447 itt
897 2393 976 2446 sui
1019 2390 1232 2464 generis
1279 2404 1570 2448 carcerein.
1604 2387 1671 2441 ab
1713 2385 1853 2439 illius
1874 2381 2120 2438 sublimis
2228 2398 2452 2454 cunulae
2479 2388 2745 2441 nascendo
2774 2389 2837 2442 ad
2862 2391 3046 2446 oculos
3073 2402 3284 2448 nostros
3306 2407 3525 2458 exeunt,
3549 2397 3829 2451 exticcuh

538 2485 781 2540 aetherem
808 2485 1047 2555 puritatis
1074 2482 1400 2537 habitatione
1423 2479 1689 2546 detrusas,
1722 2493 1818 2548 per
1843 2492 1974 2547 quas
2003 2492 2118 2530 ma-
2231 2477 2299 2530 tis
2342 2479 2634 2532 seminibus
2682 2482 2945 2550 arripiunt
2985 2481 3356 2554 progrediendi
3405 2487 3712 2556 primordia,
3769 2499 3830 2542 et

537 2579 670 2648 gica:
692 2587 834 2633 artes
863 2585 1085 2646 possunt
1111 2572 1365 2646 quidquid
1414 2580 1654 2644 possunt,
1687 2568 1868 2625 valere
1895 2567 2116 2638 aiiquid,
2234 2567 2556 2622 incrementa
2631 2570 2823 2625 debitm
2902 2575 3280 2643 magnitudinis
3341 2573 3836 2647 distinctionesque

541 2669 638 2724 nisi
689 2669 808 2724 data
857 2667 1090 2737 desuper
1155 2675 1453 2737 potestate.
1505 2662 1666 2717 Datur
1709 2671 1885 2715 autem
1931 2660 2013 2715 vel
2053 2657 2118 2714 ad
2231 2654 2602 2712 fm'ntaruntab
2645 2661 2997 2731 originalihus
3037 2674 3286 2735 tanquam
3341 2667 3538 2736 regulis
3566 2679 3825 2721 sumunt.

538 2760 796 2814 iitllendos
824 2756 1054 2822 fallaces,
1077 2755 1212 2811 sicut
1241 2758 1296 2810 in
1318 2755 1690 2827 Aigyptios,et
1715 2753 1768 2807 itt
1792 2753 1935 2823 ipsos
1958 2750 2120 2806 etiam
2229 2745 2375 2806 Sicut
2401 2767 2528 2822 ergo
2553 2770 2649 2807 nec
2671 2765 2917 2822 parentes
2951 2756 3177 2810 dicimus
3203 2766 3474 2812 creatures
3515 2755 3834 2826 hominum,

539 2867 724 2922 magos
771 2852 890 2906 data
919 2864 1024 2917 est,
1056 2861 1112 2904 ttt
1143 2851 1199 2904 in
1245 2866 1428 2904 eorum
1479 2847 1760 2918 spirituutn
1809 2844 2122 2900 seductione
2231 2857 2328 2895 nec
2353 2844 2610 2913 agricolas
2655 2855 2924 2899 creatores
2952 2847 3186 2918 frugum,
3228 2850 3471 2918 quamvis
3493 2867 3677 2903 eorum
3717 2868 3836 2905 ex-

540 2943 844 2996 videreutur
873 2941 1165 2995 admirandi
1195 2957 1225 2994 a
1254 2940 1444 3010 quibus
1471 2937 1684 3004 ﬁebant,
1713 2953 1743 2991 a
1774 2937 1866 2991 Dei
1898 2934 2121 2990 veritate
2231 2934 2493 2990 trinsectts
2534 2936 2787 2992 adhibitis
2833 2939 3061 2993 motibus
3111 2940 3207 2994 ista
3255 2941 3483 2995 creanda
3526 2942 3615 2996 Dei
3649 2943 3832 2997 virtus

539 3031 856 3096 damnandi;
890 3031 972 3086 vel
1020 3030 1084 3084 ad
1127 3029 1492 3084 admoaendos
1533 3028 1739 3094 lideles,
1767 3042 1836 3082 ne
1878 3027 1980 3083 tale
2024 3026 2118 3080 ali-
2232 3024 2843 3096 interiusoperettn':ita
2867 3048 2972 3083 non
2996 3032 3169 3085 solum
3193 3034 3379 3095 malos,
3397 3033 3489 3086 sed
3520 3051 3616 3086 nec
3648 3033 3838 3088 bonos

539 3125 663 3195 qttid
707 3124 880 3179 facere
934 3139 1028 3194 pro
1071 3139 1261 3192 magno
1307 3122 1646 3186 desiderent,
1714 3130 1933 3192 prepter
1977 3119 2118 3190 quod
2231 3120 2459 3190 Angelus
2485 3123 2665 3175 tasrst
2698 3133 2877 3190 putare
2899 3134 3186 3188 oratores,
3214 3127 3256 3177 si
3292 3141 3387 3195 pro
3413 3125 3704 3180 subtilitate
3738 3126 3844 3182 sui

541 3219 697 3271 etiam
727 3217 876 3270 nobis
906 3215 1197 3285 Scriptura:
1245 3214 1561 3268 auctoritate
1607 3221 1730 3266 sunt
1768 3210 2009 3281 prodita;
2039 3210 2119 3263 vel
2231 3227 2419 3265 sensus
2445 3221 2494 3265 et
2514 3214 2774 3281 corporis,
2796 3215 2995 3268 semina
3026 3231 3202 3268 rerum
3228 3214 3445 3268 istarum
3473 3217 3628 3268 nobis
3645 3217 3836 3271 occul-

539 3311 603 3365 ad
633 3310 1005 3374 exercendam,
1038 3307 1384 3378 probandam,
1423 3303 1968 3374 manilestandamque
2007 3303 2122 3371 jus-
2234 3307 2365 3356 tiura
2390 3314 2673 3370 noverunt,
2691 3314 2744 3357 et
2773 3320 2833 3359 ea
2865 3321 2956 3374 per
2977 3322 3238 3375 congruas
3262 3308 3685 3375 tenuit-rationes
3709 3310 3836 3363 ele-

541 3414 711 3456 turum
739 3402 1064 3472 patientiam.
1087 3400 1266 3468 Neque
1293 3398 1432 3452 enim
1464 3411 1626 3468 parva
1645 3396 1928 3450 visibilium
1958 3396 2118 3448 ntira-
2233 3399 2531 3449 meatorum
2569 3397 2798 3452 latenter
2835 3410 3111 3469 spargunt,
3131 3409 3291 3469 atque
3323 3400 3390 3452 ita
3430 3401 3840 3470 gignendartnu

540 3495 780 3549 culorum
839 3493 1091 3564 potentia,
1123 3491 1224 3547 Job
1269 3502 1460 3545 cuneta
1499 3507 1615 3561 qtae
1649 3489 1876 3544 habebat
1917 3488 2116 3554 amisit,
2231 3505 2407 3542 rerum
2453 3498 2506 3542 et
2546 3489 3011 3552 accelerandorunt
3073 3480 3521 3545 incrententormit
3578 3495 3836 3561 praebent

534 3599 590 3642 et
619 3587 756 3642 ﬁlios
780 3595 834 3640 et
860 3586 1024 3656 ipsam
1054 3584 1293 3654 corporis
1319 3582 1592 3638 sanitatem
1612 3579 1753 3654 (Job.
1783 3597 1798 3636 ι
1829 3590 1873 3634 et
1894 3582 1977 3652 ιι).
2228 3581 2558 3636 occasiones.
2587 3581 2690 3637 Sed
2723 3597 2824 3637 nee
2865 3581 2991 3638 boni
3041 3581 3174 3646 haec,
3231 3581 3330 3637 nisi
3370 3564 3632 3653 quantum
3681 3585 3841 3639 liciis

606 3679 830 3737 CAPUT
857 3677 988 3733 VIII.
1007 3708 1078 3718 ——
1096 3679 1178 3732 i3.
1205 3677 1359 3732 Solus
1375 3674 1517 3730 Deus
1539 3683 1672 3729 creat
1703 3674 1858 3729 etiam
1891 3674 1981 3727 illa
2008 3689 2120 3746 qua;
2224 3673 2395 3745 jubet,
2421 3675 2657 3729 necntaii
2683 3674 2795 3729 htee
2814 3675 3006 3744 injuste
3025 3674 3243 3739 faciunt,
3273 3677 3370 3729 nisi
3395 3685 3653 3745 quantum
3679 3675 3841 3746 justo

535 3773 744 3842 magicis
764 3770 953 3824 artibus
977 3773 1418 3842 transfommutur.
1440 3767 1547 3821 Nec
1569 3766 1689 3822 ideo
1721 3765 2008 3835 putandum
2038 3772 2120 3818 est
2230 3769 2344 3838 ipse
2372 3766 2652 3839 permittit.
2679 3767 2811 3821 Nam
2842 3767 3003 3838 iniqui
3037 3768 3239 3821 malitia
3293 3769 3618 3822 Voluntatem
3666 3783 3842 3824 suam

535 3773 744 3842 magicis
764 3770 953 3824 artibus
977 3773 1418 3842 transfommutur.
1440 3767 1547 3821 Nec
1569 3766 1689 3822 ideo
1721 3765 2008 3835 putandum
2038 3772 2120 3818 est
2230 3769 2344 3838 ipse
2372 3766 2652 3839 permittit.
2679 3767 2811 3821 Nam
2842 3767 3003 3838 iniqui
3037 3768 3239 3821 malitia
3293 3769 3618 3822 Voluntatem
3666 3783 3842 3824 suam

49 3868 52 3870 ’
78 3756 652 4082 ,ἰθύει
671 3863 1357 3934 transgressoribusa—ngelis
1375 3859 1438 3914 ad
1458 3869 1639 3913 nutum
1662 3859 1862 3913 servire
1883 3857 2017 3911 hanc
2041 3856 2139 3909 vi-.
2230 3858 2389 3913 habet
2416 3859 2699 3927 injustam;
2733 3869 3045 3927 potestatem
3096 3867 3273 3912 autem
3307 3875 3408 3944 ιιρη
3443 3859 3542 3912 nisi
3567 3859 3715 3928 jnste
3739 3875 3844 3912 ac-

537 3955 767 4008 sibilium
799 3970 972 4009 rerum
1005 3953 1308 4016 materiam,
1338 3951 1430 4005 sed
1458 3950 1567 4031 Deo
1599 3949 1796 4019 potius,
1824 3965 1852 4001 a
1879 3964 1982 4018 quo
2005 3947 2119 4001 lucc
2229 3951 2536 4021 cipit’,sive
2557 3952 2620 4004 ad
2644 3966 2852 4020 pmaam
2889 3952 3197 4017 suatn,sive
3221 3951 3287 4004 ad
3324 3951 3571 4018 aliorum,
3591 3955 3676 4007 vel
3711 3970 3842 4024 pa-

541 4052 776 4082 hnlnclnc
813 4043 968 4082 tl-xlnr
1011 4053 1262 4082 nimnlinn
1307 4044 1359 4082 in
1387 4041 1600 4082 culilimi
1629 4048 1675 4082 nl
1708 4039 1963 4082 gnirillmli
1993 4039 2121 4082 male
2231 4057 2350 4082 nAm
2382 4043 2638 4082 nmini-nni
2671 4043 2747 4082 ινμΙ
2773 4043 2979 4082 lmulmn
3010 4042 3288 4082 Imnnrnni,

140 3973 511 4082 ν

537 3955 767 4008 sibilium
799 3970 972 4009 rerum
1005 3953 1308 4016 materiam,
1338 3951 1430 4005 sed
1458 3950 1567 4005 Deo
1599 3949 1796 4019 potius,
1824 3965 1852 4001 a
1879 3964 1982 4018 quo
2005 3947 2119 4001 lucc
2229 3951 2536 4021 cipit’,sive
2557 3952 2620 4004 ad
2644 3966 2852 4020 pmaam
2889 3952 3197 4017 suatn,sive
3221 3951 3287 4004 ad
3324 3951 3571 4018 aliorum,
3591 3955 3676 4007 vel
3711 3970 3842 4024 pa-

541 4052 778 4112 potestas
813 4043 988 4108 datur,
1011 4053 1263 4113 quantum
1307 4044 1360 4095 in
1387 4027 1600 4095 sublimi
1629 4048 1676 4094 et
1707 4039 1964 4108 Spirituali
1993 4039 2121 4092 sede
2229 4057 2350 4096 nam
2382 4043 2748 4106 ntalorunt,vel
2773 4043 2979 4097 laudem
3010 4042 3296 4098 bonorum.

540 4135 985 4189 incommutabilis
1000 4134 1220 4204 judicat.
1242 4133 1372 4187 Nam
1395 4142 1447 4186 et
1467 4131 1728 4187 damnatis
1751 4130 1943 4200 iniquis
1959 4130 2116 4184 etiam
2302 4136 2395 4190 l4.
2408 4134 2868 4205 ltaqueapostolus
2886 4135 3078 4188 Paulus
3089 4135 3398 4190 discernens
3411 4137 3634 4191 interius
3651 4138 3849 4195 Deum

540 4227 594 4282 in
625 4227 840 4282 metallo
868 4228 1031 4281 servit
1053 4226 1073 4256 ³
1099 4242 1232 4296 aqua
1261 4232 1315 4279 et
1359 4223 1493 4294 ignis
1533 4230 1586 4276 et
1630 4232 1767 4276 terra
1789 4262 1804 4287 ,
1837 4230 1893 4275 ut
1930 4221 2120 4276 faciant
2228 4237 2496 4281 creantezn
2519 4235 2676 4295 atque
2697 4229 3034 4293 formantem,
3053 4227 3119 4281 ab
3140 4228 3389 4297 operibus
3416 4239 3676 4283 creatura:
3700 4250 3852 4299 quae

541 4318 667 4373 inde
707 4317 846 4389 quod
897 4316 1097 4380 volunt,
1145 4314 1236 4369 sed
1287 4322 1540 4385 quantum
1589 4311 1798 4367 sinitur.
1841 4309 1949 4367 Nec
1991 4327 2118 4366 sane
2227 4315 2578 4370 admoventur
2623 4317 2976 4381 extrinsecus,
3003 4317 3150 4371 etde
3193 4317 3510 4388 agricultura
3555 4319 3849 4376 similitu-

536 4417 810 4464 ereatores
845 4407 920 4462 illi
947 4407 1069 4461 mali
1115 4405 1284 4476 angeli
1315 4403 1525 4459 dicendi
1553 4411 1696 4467 sunt,
1727 4403 1850 4473 quia
1882 4418 1975 4472 per
1999 4402 2117 4456 illos
2227 4408 2404 4462 dinem
2451 4425 2728 4463 assumens
2765 4410 2839 4463 ait
2877 4427 2894 4464 :
2935 4408 3043 4480 Ego
3090 4408 3348 4480 plantari,
3382 4409 3562 4482 Apollo
3595 4411 3851 4483 rigavit;

539 4501 673 4571 magi
711 4500 1018 4555 resistentes
1061 4497 1258 4553 famulo
1286 4497 1376 4551 Dei
1425 4511 1580 4552 ranas
1605 4505 1656 4550 et
1681 4504 1957 4564 serpentes
1978 4493 2118 4548 fece-
2225 4500 2314 4554 sed
2339 4499 2476 4553 Deus
2516 4501 2873 4554 incrementum
2913 4487 3049 4554 dedit
3077 4498 3122 4571 (ι
3145 4501 3269 4556 Cur.
3299 4518 3374 4564 ut,
3407 4500 3482 4567 ϐ).
3511 4502 3662 4557 Sicut
3691 4520 3854 4576 ergo

537 4603 703 4650 runt:
736 4609 839 4647 non
870 4591 1009 4648 enim
1035 4591 1132 4662 ipsi
1163 4606 1252 4646 eas
1279 4599 1609 4644 creaverunt.
1637 4587 1886 4642 Omnium
1920 4587 2115 4657 quippe
2227 4593 2278 4645 in
2308 4592 2418 4662 ipsa
2468 4593 2573 4645 vita
2640 4601 2874 4646 nostram
2923 4601 3155 4646 mentem
3193 4591 3534 4661 justifieando
3583 4592 3853 4652 formare

537 4691 714 4741 rerum
745 4701 861 4755 qua:
890 4682 1238 4753 corporaliter
1273 4681 1652 4751 visibiliterque
1687 4687 1994 4745 nascuntur,
2026 4696 2116 4735 oc-
2225 4699 2329 4736 non
2360 4691 2535 4752 potest
2565 4682 2665 4736 nisi
2713 4681 2882 4747 Deus,
2936 4682 3224 4752 prasdicare
3251 4693 3425 4736 autem
3461 4683 3848 4753 Evangelinm

535 4777 672 4832 culta
705 4775 943 4844 quaedam
986 4771 1187 4827 semina
1215 4774 1264 4826 in
1297 4772 1408 4825 istis
1435 4772 1706 4841 corporeis
1736 4771 1917 4825 mundi
1958 4771 2114 4839 hujus
2223 4777 2554 4828 extrinsecus
2577 4783 2629 4827 et
2660 4773 2903 4828 homines
2943 4784 3184 4843 possunt,
3230 4788 3333 4826 non
3360 4774 3531 4827 solum
3565 4775 3698 4829 boni
3736 4794 3856 4847 per

537 4867 821 4922 elementis
847 4866 1031 4920 latent.
1062 4864 1175 4920 Alia
1217 4872 1347 4918 'sunt
1373 4865 1514 4917 enim
1547 4863 1660 4917 haec
1683 4863 1792 4932 jam
1825 4863 2110 4932 conspicua
2223 4864 2635 4930 veritatem,sed
2662 4865 2822 4919 etiam
2851 4864 2973 4918 mali
3007 4880 3098 4934 per
3127 4866 3460 4919 occasionem
3484 4863 3771 4938 (Philipp.
3801 4886 3851 4937 ι,

539 4957 712 5013 oculis
754 4958 951 5012 noStris
975 4961 1038 5012 ex
1071 4957 1328 5011 fructibus
1363 4964 1416 5008 et
1441 4955 1819 5019 animantibus,
1849 4955 1948 5009 alia
1985 4970 2111 5010 vero
2225 4955 2337 5025 58):
2364 4955 2432 5009 ita
2481 4955 2807 5011 creationem
2850 4972 3028 5011 rerum
3073 4955 3356 5010 visibilium
3403 4957 3543 5011 Deus
3587 4957 3857 5018 interius

536 5051 624 5104 illa
651 5051 855 5106 oceulta
881 5051 1103 5104 istorum
1151 5049 1414 5103 seminum
1451 5049 1676 5114 semina,
1713 5049 1861 5124 unde
1889 5047 2110 5119 jubente
2220 5058 2506 5116 operatur;
2535 5049 2827 5104 exteriores
2855 5058 3031 5103 autem
3055 5047 3393 5116 operationes
3413 5047 3525 5103 sive
3546 5047 3857 5110 bonorum

533 5144 785 5198 Creatt‘tre
829 5140 1229 5212 produxitaqua
1273 5141 1444 5210 prima
1485 5139 1716 5193 natatilia
1761 5150 1815 5194 et
1855 5141 2107 5207 volatilia,
2220 5138 2332 5193 sive
2381 5140 2675 5202 tnalorum,
2725 5137 2805 5193 vel
2858 5137 3179 5207 Angelorum
3222 5139 3306 5193 vel
3351 5138 3652 5201 hominum,
3716 5147 3858 5199 sive

532 5245 670 5290 terra
700 5247 875 5290 autem
903 5233 1070 5304 prima
1100 5233 1178 5288 sui
1207 5231 1452 5304 generis‘
1471 5233 1734 5303 germina,
1759 5242 1813 5289 et
1836 5235 1999 5305 prima
2028 5233 2111 5288 sui
2217 5233 2374 5288 etiam
2398 5248 2849 5303 quorumcumque
2870 5231 3503 5299 anitn:tlittni,sectindttm
3519 5233 3861 5310 imperium

2223 5339 2378 5378 suum
2417 5335 2468 5379 et
2513 5340 2541 5378 a
2567 5339 2625 5380 se
2652 5325 2946 5394 impertitas
2985 5323 3384 5380 distributiones
3401 5335 3756 5395 potestatum
3797 5347 3862 5388 et

538 5472 548 5482 .
597 5412 612 5443 ι
650 5410 868 5481 tticeditl
893 5410 1101 5490 addunt:
1126 5408 1361 5490 seniliter
1376 5416 1422 5460 et
1445 5408 1758 5490 dte‘comrmtni
1773 5408 1990 5464 uiolet-ia.
2005 5421 2110 5490 quin

2223 5419 2574 5490 appetitiones
2589 5417 3050 5485 euntmoditatum,
3070 5417 3138 5472 ita
3168 5433 3344 5472 rerum
3367 5427 3569 5473 natura:
3589 5421 3862 5483 adhibet

528 5472 578 5520 in
595 5476 769 5536 ramis
801 5472 1122 5536 mundialibus
1151 5471 1379 5536 consistit,
1405 5469 1558 5536 arbita
1587 5472 1653 5520 ad
1691 5476 1874 5536 tempus
1913 5469 2111 5536 prodire

529 5531 729 5604 ntirtem
749 5540 794 5585 et
816 5533 1080 5604 columbam
1102 5531 1361 5590 cmzstitnit,
1396 5532 1564 5604 quibus
1594 5546 1716 5604 unus
1738 5531 1869 5604 rigor
1907 5531 2109 5604 corneus

528 5591 645 5645 uin
667 5601 1024 5659 temporeetea:
1047 5603 1257 5659 tempore
1279 5591 1563 5659 accessionis
1595 5602 1642 5659 et
1681 5591 1974 5659 recessionis,
2014 5609 2107 5646 non
2287 5601 2301 5628 ί
2338 5595 2473 5659 Fditi,
2498 5603 2609 5659 tunc
2632 5593 3096 5659 hrdiiscentodifetus
3127 5591 3195 5643 ita
3206 5592 3432 5659 producti.
3455 5599 3588 5659 ξαίνειἒ
3604 5603 3668 5645 At
3699 5606 3866 5658 vss”

527 5661 716 5732 dispar,
754 5655 1118 5706 sed'ittusitatus
1142 5655 1398 5720 apparuit.
1436 5659 1579 5707 Abest
1605 5658 1670 5706 ab
1698 5658 1920 5707 omnibus
1959 5671 2114 5722 prope
2219 5665 2332 5709 tam:
2422 5655 2757 5732 [qijuscenrodi
2779 5655 3004 5732 [εωεοα
3038 5665 3130 5714 est,
3157 5655 3220 5704 ad
3251 5656 3532 5719 gignendos
3567 5657 3729 5708 fetus
3769 5655 3867 5714 sui

528 5716 630 5767 oss.
1187 5716 1196 5720 ⁷
1220 5716 1227 5720 ⁷
1963 5716 1972 5721 ”
2043 5716 2058 5722 ”
2217 5721 2440 5783 generis)
2463 5716 2530 5769 ita
2551 5716 2787 5781 producti
2808 5716 2954 5768 sunt.

589 5785 608 5811 ³
643 5780 775 5835 καὶεί,
799 5784 868 5828 est
889 5776 984 5827 Irlr.
1010 5784 1062 5843 at
1084 5784 1207 5836 3158.,
1239 5784 1309 5828 est
1338 5779 1426 5829 hoc
1446 5781 1614 5843 :juxta
1638 5794 1848 5843 ganeum
1865 5789 1994 5832 LXX.
2281 5785 2300 5813 ¹
2336 5789 2382 5829 tn
2407 5779 2570 5843 multis
2587 5787 2716 5837 Mss,
2739 5785 2784 5830 et
2809 5780 2895 5843 hoc
2914 5793 2944 5828 ιι
2970 5792 3079 5841 que.

593 5843 613 5913 ξ
649 5843 776 5913 Apud
801 5841 1038 5913 Fr._|.ll{lt|.
1065 5848 1180 5913 ten.
1205 5848 1336 5913 Ιλογ..
1356 5838 1582 5892 serviunt.
1640 5838 1663 5843 ⁷
1730 5851 1782 5892 Μ.
1813 5905 1822 5913 _
1993 5905 2002 5913 .
2106 5886 2114 5894 .
2227 5905 2237 5913 _
2279 5844 2299 5874 ³
2331 5841 2649 5913 sic_plerique
2671 5855 2728 5891 ac
2749 5838 3107 5891 meliores'Mss.
3129 5841 3239 5908 t-‘diti
3267 5852 3400 5910 vero,
3422 5838 3742 5909 «Limn-tom:
3765 5847 3864 5902 lia-

591 5904 614 5930 ·
645 5900 842 5962 Quale-it
857 5900 970 5951 also.
988 5902 1078 5950 hoc
1094 5905 1252 5963 priore
1277 5901 1382 5950 loco
1406 5911 1722 5964 pra‘tereunt,
1747 5905 1822 5954 sui
1839 5905 2042 5970 generis.
2221 5905 2325 5955 bent
2347 5900 2596 5966 injustam,
2618 5911 2891 5968 potestatem
2914 5910 3069 5952 autem
3095 5900 3413 5963 uomu'st'jnstc
3428 5900 3726 5964 ατιὴιὲωιι,
