4084 6436
214 399 328 460 87'!
352 442 355 443 ν

220 520 277 572 in
308 532 417 588 qua
437 528 585 575 creat
614 510 813 584 omnia,
846 517 1299 589 quemadmodum
1326 526 1481 571 terrze
1513 516 1803 585 agricultu-

212 625 361 664 ram.
384 611 722 681 Quapropter
746 612 813 664 ita
838 627 941 665 non
967 627 1183 681 possum
1204 611 1383 664 dicere
1395 609 1614 677 angelos
1640 606 1811 661 malos

214 705 446 772 magicis
487 704 691 758 artibus
738 713 1009 769 evocatos,
1041 712 1312 757 creatures
1357 700 1521 755 fuisse
1560 714 1808 753 ranarum

213 804 383 863 atque
435 794 789 867 serpentium;
813 796 949 849 sicut
974 810 1077 848 non
1112 808 1325 863 possum
1347 792 1526 847 dicere
1565 790 1810 845 homines

214 886 394 938 malos
421 894 696 939 creatures
718 900 839 939 esse
860 885 1074 955 segetis,
1090 899 1249 954 quam
1272 899 1366 953 per
1384 898 1570 937 eorum
1589 896 1807 950 operam

212 976 409 1031 videro
442 980 457 1009 ³
476 986 740 1031 exortam.

290 1069 384 1121 15.
416 1068 564 1123 Sicut
596 1083 692 1121 nec
720 1067 883 1122 Jacob
920 1078 1129 1122 creator
1154 1066 1391 1121 colorum
1434 1064 1486 1118 in
1527 1061 1809 1133 pecoribus

215 1156 351 1219 fuit,
383 1159 506 1228 quia
554 1158 853 1213 bibentibus
896 1158 948 1211 in
992 1168 1254 1225 conceptu
1284 1155 1541 1209 matribus
1580 1154 1809 1208 variatas

214 1251 399 1321 virgas
424 1266 554 1321 quas
579 1251 913 1307 intuerentur
939 1252 1184 1323 apposuit
1213 1250 1365 1323 (Gen.
1388 1266 1523 1315 lxxx,
1557 1249 1671 1319 41).
1703 1249 1808 1304 Sed

214 1355 319 1395 nec
353 1342 482 1409 ipsa:
512 1341 742 1411 pecudes
782 1344 1067 1397 creatrices
1094 1342 1306 1396 fuerunt
1346 1342 1619 1397 varietatis
1648 1342 1811 1411 prolis

213 1447 333 1486 sine
352 1472 367 1499 ,
396 1432 520 1503 quia
548 1433 833 1488 inhaeserat
859 1433 1054 1488 anima:
1092 1434 1299 1487 illarum
1326 1432 1557 1488 discolor
1588 1432 1812 1501 phanta-

213 1526 294 1577 sia
322 1540 391 1579 ex
410 1525 653 1579 contuitu
681 1525 944 1579 variarum
968 1526 1233 1594 virgarum
1257 1540 1352 1596 per
1378 1524 1560 1578 oculos
1588 1524 1812 1593 impres-

213 1628 271 1667 sa
295 1657 313 1680 ,
349 1631 469 1686 quae
499 1630 603 1669 non
631 1616 797 1685 potuit
837 1616 939 1671 nisi
978 1631 1173 1685 corpus
1197 1616 1339 1685 quod
1366 1615 1444 1670 sic
1470 1615 1661 1669 affecto
1701 1614 1812 1683 spi-

212 1707 326 1759 ritu
369 1706 708 1762 animabatur
726 1748 741 1773 ,
780 1722 855 1761 ex
881 1707 1252 1776 compassione
1277 1706 1669 1760 commixtionis
1695 1705 1805 1758 affl-

210 1810 365 1860 eere,
399 1796 539 1851 unde
566 1797 765 1853 teneris
782 1795 986 1852 fetuum
1015 1793 1319 1866 primordiis
1335 1796 1519 1851 Colore
1545 1808 1697 1850 tenus
1723 1811 1813 1849 as-

213 1898 534 1958 pergeretur
554 1890 596 1942 '.
630 1888 702 1945 Ut
729 1890 873 1945 enim
922 1890 1000 1945 sie
1028 1906 1093 1945 ex
1134 1889 1437 1959 semetipsis
1473 1890 1807 1954 afficiantur,

212 1982 301 2036 vel
333 1982 510 2036 anima
540 1997 608 2037 ex
632 1997 880 2053 corpore,
908 1982 993 2037 vel
1022 1996 1218 2051 corpus
1244 1996 1310 2036 ex
1339 1981 1537 2048 anima,
1561 1997 1810 2050 congrua:

217 2073 460 2127 rationes
483 2073 504 2104 ³
534 2073 585 2127 id
617 2074 846 2139 faciunt,
879 2090 998 2144 qua:
1029 2071 1529 2129 incommutabiliter
1554 2072 1735 2127 vivunt
1755 2072 1807 2126 iu

214 2164 331 2233 ipsa
361 2179 570 2220 summa
604 2165 695 2220 Dei
717 2166 996 2235 sapientia,
1029 2180 1184 2235 quani
1212 2165 1351 2219 nulla
1377 2164 1544 2234 spatia
1571 2164 1807 2218 locoruut

212 2256 467 2323 capiunt:
498 2266 553 2310 et
571 2270 693 2310 cum
720 2257 831 2326 ipsa
856 2258 926 2311 sit
948 2257 1396 2311 incommutabilis
1416 2297 1432 2322 ,
1465 2256 1594 2310 nihil
1618 2272 1807 2311 eorum

212 2364 336 2417 quae
356 2349 441 2403 vel
466 2348 915 2404 comnmtabiliter
938 2359 1061 2403 sunt
1078 2350 1297 2413 deserit,
1316 2350 1437 2419 quia
1465 2350 1593 2403 nihil
1622 2363 1805 2403 eorum

213 2440 315 2493 nisi
340 2456 437 2509 per
461 2441 627 2510 ipsam
657 2451 894 2496 creatum
916 2448 1020 2495 est.
1047 2440 1113 2497 Ut
1136 2442 1279 2495 enim
1300 2441 1368 2496 de
1398 2441 1679 2507 pecoribus
1700 2456 1807 2494 non

211 2532 412 2601 virgae,
440 2533 531 2587 sed
565 2549 755 2603 pecora
786 2542 1169 2597 nascerentur,
1208 2532 1337 2587 fecit
1364 2534 1464 2587 hoc
1501 2533 1805 2588 incomtttttq

213 2624 391 2678 tabilis
404 2633 461 2679 et
487 2625 762 2679 invisibilis
785 2625 920 2679 ratio
935 2625 1209 2694 sapientiae
1233 2624 1349 2687 Dei,
1370 2639 1465 2693 per
1481 2639 1638 2693 quam
1655 2639 1804 2678 crea-

214 2722 263 2766 ta
289 2721 416 2769 sunt
451 2714 629 2768 omnia
663 2732 679 2769 :
713 2722 771 2768 ιιι
792 2724 971 2768 autem
997 2714 1065 2768 de
1090 2714 1346 2769 varietate
1376 2716 1638 2783 virgarum
1661 2754 1677 2778 ,
1709 2730 1803 2783 pe-

212 2818 399 2858 corum
428 2814 806 2873 conccptoruut
835 2806 985 2859 color
1008 2804 1206 2873 aliquid
1235 2805 1488 2868 duceret,
1534 2804 1659 2859 fecit
1702 2804 1805 2860 hoc

214 2897 391 2949 anima
419 2896 651 2965 gravida:
679 2896 898 2966 pecudis
922 2910 1019 2966 per
1043 2896 1226 2950 oculos
1252 2896 1439 2949 affecta
1467 2895 1761 2950 forinsecus
1786 2937 1800 2960 ,

212 2997 268 3042 et
291 2989 518 3042 interius
556 3003 736 3043 secum
779 3004 874 3058 pro
900 3002 1000 3042 suo
1024 2988 1241 3042 modqu
1267 2987 1527 3041 formandi
1569 2989 1803 3057 regulam

215 3080 431 3135 trahens
450 3123 465 3146 ,
498 3095 657 3151 quam
688 3080 755 3135 de
780 3080 960 3134 intima
991 3080 1223 3149 potentia
1254 3079 1337 3133 sui
1359 3079 1624 3133 Creatoris
1651 3094 1806 3133 acce-

213 3175 305 3243 pit.
325 3174 431 3229 Sed
451 3183 644 3245 quanta
662 3174 731 3227 sit
746 3174 824 3227 vis
850 3174 1041 3227 animae
1056 3172 1123 3227 ad
1150 3170 1483 3227 afficiendum
1512 3179 1670 3240 atque
1688 3187 1803 3224 mu-

213 3264 427 3318 tandam
458 3265 735 3319 materiam
779 3264 1116 3333 corporalem
1168 3264 1309 3334 (cum
1358 3271 1534 3315 tatuen
1565 3262 1800 3315 creatrix

212 3358 452 3425 corporis
488 3356 591 3411 dici
622 3370 726 3411 non
756 3356 954 3425 possit,
986 3356 1106 3423 quia
1132 3354 1307 3406 munis
1343 3367 1503 3406 causa
1530 3351 1802 3407 mutabilis

212 3450 586 3518 sensibilisque
606 3449 935 3513 substantiae,
958 3448 1238 3516 manisque
1258 3445 1449 3499 modus
1470 3454 1523 3498 et
1548 3460 1801 3499 nmnerus

212 3550 264 3595 et
290 3543 497 3612 pondus
512 3543 635 3612 ejus
652 3541 796 3598 unde
821 3540 1051 3595 efficitur
1070 3548 1129 3594 ut
1151 3551 1206 3593 et
1234 3538 1319 3601 sit,
1340 3548 1395 3592 et
1421 3548 1609 3591 natura
1632 3538 1703 3591 ita
1719 3537 1801 3591 vel

214 3632 283 3687 ita
307 3635 399 3698 sit,
430 3634 501 3687 ab
531 3633 845 3702 intelligibili
870 3642 925 3687 et
950 3629 1371 3686 ineommutabili
1397 3630 1526 3689 vita,
1556 3642 1675 3699 qua:
1713 3644 1802 3682 su-

214 3741 306 3795 per
328 3726 510 3782 omnia
538 3737 619 3782 est
640 3769 655 3793 ,
680 3727 894 3791 existit,
927 3734 983 3781 et
1006 3725 1245 3795 pervenit
1272 3738 1441 3792 usque
1470 3722 1535 3776 ad
1562 3731 1799 3777 extrema

213 3829 371 3889 atque
400 3819 657 3888 terrena),
683 3818 880 3872 inultus
908 3832 1089 3871 sermo
1121 3824 1223 3877 est,
1252 3829 1425 3884 neque
1451 3829 1590 3867 nunc
1615 3827 1802 3868 neces-

214 3912 384 3966 sarius
408 3907 513 3983 (o).
543 3910 737 3964 Verum
770 3917 1051 3979 propterea
1077 3906 1269 3961 factum
1299 3905 1465 3960 Jacob
1493 3904 1561 3959 de
1590 3904 1800 3973 pecori-

215 4003 311 4057 bus
338 4002 867 4058 conimemorandum
904 4002 1191 4055 arbitratus
1217 4014 1356 4063 sum,
1391 4009 1447 4052 ut
1475 3998 1800 4067 intelligere-

214 4104 330 4159 tur,
356 4096 403 4148 si
434 4094 593 4149 homo
619 4094 708 4163 qui
738 4094 914 4163 virgas
944 4093 1061 4147 illas
1099 4093 1176 4146 sic
1207 4091 1413 4159 posuit,
1441 4089 1545 4143 diei
1572 4105 1679 4143 non
1707 4104 1801 4159 po-

215 4197 317 4242 test
342 4196 554 4240 creator
580 4185 818 4239 colorum
846 4184 897 4238 in
926 4183 1079 4252 agnis
1105 4191 1158 4236 et
1183 4180 1380 4245 laedis;
1404 4195 1504 4234 nec
1532 4181 1662 4250 ipsae
1688 4194 1802 4233 ma-

215 4290 350 4334 trum
396 4280 589 4333 animae
613 4319 627 4341 ,
673 4293 792 4348 qua:
837 4288 1147 4346 conceptam
1198 4290 1291 4345 per
1335 4274 1519 4328 oculos
1560 4273 1801 4342 corporis

217 4370 544 4439 phantasiam
590 4368 862 4423 varietatis
887 4408 903 4434 ,
953 4366 1245 4423 seminibus
1285 4380 1447 4420 carne
1487 4364 1797 4433 conceptis,

214 4474 472 4530 quantum
516 4471 700 4515 natura
746 4476 899 4530 passa
942 4469 1062 4522 est,
1093 4466 1476 4527 asperserunt;
1508 4459 1674 4511 multo
1703 4457 1802 4510 mi-

214 4570 312 4611 nus
340 4555 447 4609 dici
476 4570 633 4623 posse
660 4554 907 4608 ranarum
948 4552 1381 4621 serpentiumque
1405 4559 1676 4603 creatures
1700 4564 1799 4603 an-

214 4649 357 4716 gelos
388 4646 590 4713 malos,
624 4660 718 4715 per
741 4658 875 4716 quos
901 4645 1039 4714 magi
1066 4642 1358 4698 Pharaonis
1387 4650 1513 4695 tunc
1537 4640 1628 4695 illa
1653 4638 1798 4695 fece-

216 4747 353 4791 runt.
926 4802 929 4805 Α

281 4828 508 4886 CAPUT
540 4829 629 4885 IX.
653 4859 701 4872 -
754 4827 841 4882 16.
873 4825 1041 4883 Causa
1069 4827 1330 4899 originalis
1357 4825 1581 4879 omnium
1607 4842 1640 4877 a
1669 4823 1796 4879 Deo.

214 4920 370 4975 Aliud
391 4931 474 4975 est
490 4922 635 4976 enim
657 4936 721 4975 ex
745 4919 933 4974 intimo
959 4933 1022 4971 ac
1040 4932 1251 4971 summo
1278 4902 1560 4971 musarum
1584 4914 1801 4971 cardine

216 5013 445 5067 condere
470 5020 630 5080 atque
662 5010 1037 5064 administrare
1059 5016 1356 5062 creaturam
1377 5047 1392 5071 ,
1425 5005 1567 5074 quod
1596 5006 1684 5077 qui
1714 5006 1799 5059 afa-

214 5104 318 5166 cit,
350 5103 498 5156 solus
535 5113 748 5157 creator
769 5111 852 5156 est
887 5101 1027 5154 Deus
1059 5117 1073 5153 :
1105 5099 1249 5153 aliud
1278 5094 1454 5152 auiem
1500 5111 1596 5166 pro
1622 5097 1801 5159 distri-

217 5194 356 5248 butis
380 5195 450 5249 ab
476 5194 567 5248 ille
606 5194 805 5248 viribus
827 5200 882 5247 et
908 5191 1247 5246 facultatibus
1275 5190 1506 5256 aliquam
1532 5188 1800 5256 operatio-

218 5301 336 5339 nem
364 5284 659 5340 forinsecus
684 5285 1052 5347 admovere,ut
1082 5292 1206 5337 tunc
1230 5282 1312 5335 vel
1335 5289 1481 5347 tunc,
1507 5280 1585 5335 sic
1610 5280 1692 5335 vel
1723 5282 1801 5337 sie

216 5388 371 5431 exeat
390 5376 532 5447 quod
553 5387 783 5431 creatur.
809 5376 908 5429 Ista
931 5376 1126 5445 quippe
1147 5373 1473 5442 originaliter
1490 5386 1555 5426 ac
1576 5372 1801 5441 primor-

217 5465 427 5522 dialiter
465 5468 516 5522 in
547 5468 774 5538 quadam
819 5476 1023 5522 textura
1052 5467 1437 5522 elementorum
1475 5474 1664 5520 cuncta
1689 5464 1798 5535 jam

287 5648 301 5710 ἐ
341 5646 473 5709 Apud
495 5653 570 5696 Br.
593 5647 741 5710 Lugd.
761 5655 888 5710 Ven.
905 5654 1035 5709 Lov.,
1312 5652 1372 5696 Il.

285 5709 306 5773 ξ
336 5708 641 5773 Djtotantum
664 5708 791 5769 Mss,
816 5708 944 5759 color
966 5709 1179 5773 catering
1201 5714 1553 5773 aspergentur.

285 5769 307 5833 ξ
337 5767 561 5833 plerique
585 5779 711 5828 Mss,
730 5767 1051 5833 congruentia
1071 5767 1286 5833 rationis.

284 5829 357 5942 (a2
380 5838 447 5881 De
471 5829 563 5880 hoc
576 5834 686 5883 vide
708 5829 838 5906 infra
854 5833 935 5881 lih.
963 5834 1016 5881 11
1033 5868 1047 5891 ,
1077 5846 1181 5909 cap.
1214 5832 1275 5894 2;
1301 5838 1353 5882 et
1385 5831 1451 5882 de
1470 5832 1669 5882 Civitate
1694 5838 1796 5883 Det.

284 5908 309 5938 l.
363 5892 410 5942 Ξ.
432 5906 539 5942 can.
562 5894 639 5942 25.
666 5902 715 5942 et
731 5894 813 5942 lth.
846 5893 918 5942 18.
936 5908 1023 5942 can
1063 5896 1113 5942 ι).
1564 5910 1571 5915 ’

228 5890 309 5940 ιω.
334 5890 410 5953 11,
432 5906 539 5956 cap.
562 5894 639 5956 25,
666 5902 715 5945 et
731 5894 813 5943 lib.
846 5893 918 5954 f8,
936 5908 1023 5955 cap
1063 5896 1113 5943 5.
1135 5890 1149 5895 ’
1262 5890 1270 5894 ⁷
1564 5910 1571 5915 ’

1568 399 1771 455 LIBER
1809 397 2121 455 TELTEUS.

3390 412 3493 475 8:38

1919 525 2092 567 creata
2122 528 2279 583 sunt;
2311 518 2403 575 sed
2432 521 2663 590 acceptis
2695 521 3177 590 opportunitatibus
3209 530 3486 595 prodeunt.

1917 604 2048 658 Nam
2080 607 2217 662 sicut
2242 620 2440 664 matres
2466 612 2696 679 gravida:
2721 623 2844 666 sunt
2872 613 3081 678 fetibus,
3106 616 3182 671 sic
3209 617 3321 686 ipse
3344 635 3494 675 mun-

1918 694 2018 749 dus
2041 698 2288 765 gravidus
2312 709 2396 753 est
2418 704 2595 756 causis
2630 704 2961 758 nasccntium
2994 722 3010 760 ;
3042 723 3160 776 qua:
3189 707 3242 762 in
3275 709 3361 762 illo
3389 727 3515 779 non,

1917 798 2184 853 creantur,
2216 790 2318 842 nisi
2349 790 2413 843 ab
2440 791 2525 844 illa
2555 808 2758 846 summa
2789 795 3039 862 cssemia,
3070 796 3156 850 ubi
3181 814 3278 852 nec
3301 782 3511 869 oritur,

1918 892 2016 931 nec
2041 881 2267 933 ntoritur
2295 880 2513 951 aliquid,
2539 900 2635 937 nec
2658 886 2837 953 incipit
2864 902 3003 950 esse,
3025 904 3125 942 nec
3148 889 3362 947 desinit.
3388 893 3497 946 Ad-

1918 968 2100 1026 ltibere
2121 982 2296 1026 autem
2331 974 2625 1029 forinsecus
2647 979 2958 1034 accedentes
2989 980 3005 1011 ί
3022 996 3230 1053 causas,
3275 1000 3393 1054 qua:
3417 996 3493 1040 ιιι-

1918 1063 2071 1116 metsi
2100 1080 2202 1121 non
2232 1075 2355 1120 sunt
2390 1068 2658 1123 naturales
2678 1111 2691 1132 ,
2726 1079 2900 1125 Lunen
2930 1074 3219 1127 secundum
3248 1086 3492 1133 naturam

1915 1155 2254 1222 adhibentur,
2276 1169 2330 1212 ut
2356 1176 2414 1212 ea
2441 1176 2557 1227 qua:
2580 1172 2786 1216 secreto
2806 1173 3007 1217 natura:
3029 1166 3145 1219 sinu
3170 1166 3345 1220 abdita
3368 1146 3511 1223 con;

1917 1248 2181 1310 tinentur,
2213 1261 2492 1319 erumpant
2536 1262 2591 1306 et
2632 1252 2758 1305 foris
2784 1266 3036 1309 creentur
3062 1238 3289 1324 quodam
3333 1261 3495 1315 modo

1915 1339 2228 1408 explicando
2246 1358 2522 1397 tnensuras
2539 1353 2591 1397 rt
2609 1361 2857 1400 nunieros
2873 1357 2923 1399 et
2944 1348 3171 1416 pondera
3189 1365 3283 1404 sua
3302 1367 3418 1420 qua:
3441 1352 3509 1425 in:

1914 1434 2126 1488 occulto
2141 1448 2455 1504 acceperunt
2474 1437 2545 1490 ab
2562 1438 2671 1501 illo,
2691 1439 2780 1507 qui
2797 1441 2974 1493 omnia
2991 1441 3043 1495 in
3061 1457 3306 1497 mensura
3324 1452 3495 1499 etnu-

1916 1540 2064 1579 mero
2079 1534 2129 1580 et
2147 1528 2380 1596 pondere
2396 1528 2652 1596 diSposnit
2676 1530 2826 1599 (Sap.
2849 1548 2919 1596 xu,
2934 1531 3047 1603 2|);
3064 1550 3165 1587 non
3184 1536 3353 1589 solum
3374 1538 3507 1609 mali

1915 1618 2108 1687 angeli,
2127 1620 2221 1673 sed
2247 1621 2405 1675 etiam
2422 1623 2543 1676 mali
2576 1623 2817 1678 homines
2844 1629 3239 1694 possunt,sicut
3253 1633 3495 1702 exemplo

1914 1711 2253 1780 agricultura:
2274 1729 2430 1784 supra
2451 1714 2628 1768 docui.

1987 1801 2073 1854 17.
2104 1800 2210 1858 Sed
2254 1820 2322 1858 ne
2349 1804 2417 1858 de
2444 1807 2757 1863 animalibus
2785 1809 2933 1878 quasi
2974 1809 3185 1865 diversa
3214 1814 3349 1867 ratio
3376 1830 3494 1868 mo-

1915 1902 2054 1958 veat,
2071 1894 2210 1963 quod
2236 1894 2433 1950 habent
2457 1898 2699 1966 Spiritum
2732 1900 2851 1955 vita:
2875 1916 2996 1955 cum
3022 1916 3185 1956 sensu
3211 1906 3498 1973 appetendi

1913 1998 2032 2053 qua:
2064 1985 2355 2041 secundum
2396 1996 2637 2042 naturam
2667 1998 2823 2051 sunt,
2859 1991 3160 2062 vitandique
3189 1995 3450 2050 contraria
3476 2012 3492 2061 ;

1912 2074 2070 2133 etiam
2104 2076 2206 2131 hoc
2236 2086 2318 2132 est
2342 2078 2522 2133 videre
2548 2097 2707 2149 quam
2738 2082 2887 2136 multi
2920 2082 3163 2137 homines
3194 2095 3450 2141 noverunt
3476 2129 3493 2150 ,

1913 2181 1980 2221 ex
2004 2168 2197 2237 quibus
2239 2167 2418 2222 herbis
2438 2211 2453 2234 ,
2483 2180 2576 2223 aut
2613 2172 2861 2226 carnibus
2881 2212 2895 2237 ,
2927 2184 3015 2227 aut
3044 2190 3499 2246 quarumcumque

1915 2270 2090 2313 rerum
2116 2259 2435 2329 quibuslibet
2472 2263 2648 2316 succis
2671 2273 2762 2317 aut
2791 2262 3135 2329 humoribus,
3161 2268 3242 2321 vel
3284 2268 3352 2321 ita
3396 2284 3494 2339 po-

1913 2350 2051 2412 sitis,
2076 2352 2158 2405 vel
2188 2352 2257 2405 ita
2282 2352 2506 2418 obrutis,
2538 2357 2618 2409 vel
2644 2357 2715 2409 ita
2742 2358 3001 2422 contritis,
3033 2360 3115 2412 vel
3144 2362 3211 2412 ita
3237 2361 3496 2416 commix-

1915 2440 2002 2502 tis,
2030 2456 2150 2509 qua:
2173 2442 2418 2496 animalia
2450 2446 2592 2499 nasci
2620 2446 2827 2499 soleant
2858 2463 2870 2499 :
2904 2464 3131 2516 quorum
3159 2466 3218 2506 se
3243 2452 3362 2521 quis
3388 2461 3494 2506 tam

1910 2530 2133 2586 demens
2161 2533 2355 2587 audeat
2376 2534 2555 2590 dicere
2579 2539 2914 2591 creatorem?
2938 2539 3071 2606 Quid
3102 2557 3227 2611 ergo
3258 2543 3446 2598 mirum
3473 2584 3497 2611 ,γ

1910 2621 1954 2675 si
1993 2622 2442 2690 quemadmodum
2476 2633 2650 2693 potest
2692 2642 2850 2682 nosse
2893 2629 3113 2696 quilibet
3141 2632 3497 2701 nequissimus

1912 2709 2092 2775 homo,
2118 2713 2257 2768 unde
2282 2714 2356 2768 illi
2382 2716 2468 2769 vel
2497 2716 2568 2769 illi
2594 2732 2801 2772 vermes
2833 2735 3135 2790 tonse-eque
3165 2734 3450 2778 nascantur
3475 2742 3493 2787 ;

1912 2801 1979 2856 ita
2013 2803 2135 2856 mali
2170 2805 2341 2873 angeli
2374 2821 2469 2874 pro
2496 2807 2787 2863 subtilitate
2815 2810 2894 2863 sui
2924 2827 3112 2867 sensus
3155 2814 3205 2866 in
3234 2815 3491 2869 occultio-

1911 2892 2056 2947 ribus
2076 2893 2465 2951 elementorum
2490 2898 2780 2953 seminibus
2808 2910 3020 2963 lltlt‘lllll,
3044 2903 3183 2957 unde
3209 2920 3350 2958 rana:
3380 2922 3495 2975 sct'—_

1912 2994 2201 3053 pontesque
2231 2996 2534 3052 nascantur,
2556 3000 2606 3043 et
2633 2988 2750 3045 lucc
2776 3006 2873 3059 per
2898 3002 3073 3047 certas
3102 3002 3154 3047 et
3182 3005 3333 3049 notas
3361 3006 3495 3051 tem-

1911 3077 2242 3143 perationum
2264 3081 2688 3149 opportunitates
2704 3083 2927 3138 occultis
2944 3085 3173 3140 moxibus
3192 3088 3495 3144 adhibendo

1909 3166 2110 3221 faciunt
2134 3171 2336 3234 creari,
2369 3188 2470 3224 non
2500 3174 2722 3226 creant?
2750 3174 2852 3229 Sed
2885 3175 2967 3227 illa
2998 3176 3240 3232 homines
3265 3195 3383 3248 qua:
3408 3194 3496 3234 so-

1907 3257 2018 3312 lent
2043 3259 2112 3311 ab
2140 3260 2442 3316 hominibus
2470 3263 2582 3316 fieri
2604 3305 2619 3323 ,
2654 3282 2757 3318 non
2790 3267 3070 3320 mirantur.
3101 3270 3249 3336 Quod
3278 3271 3319 3323 si
3349 3270 3497 3341 quis-

1907 3366 2063 3421 quam
2091 3353 2393 3407 celeritates
2424 3355 2872 3412 incrementorum
2906 3359 3041 3414 forte
3069 3362 3287 3416 miratur
3306 3403 3322 3428 ,
3350 3365 3492 3433 quod

1908 3443 1994 3497 illa
2026 3446 2315 3501 animantia
2360 3456 2465 3501 lant
2492 3450 2598 3501 cito
2628 3450 2761 3505 facta
2787 3461 2943 3514 sunt;
2974 3452 3212 3507 attendat
3240 3454 3495 3523 quemad-

1908 3533 2123 3588 ntodunt
2152 3548 2206 3592 et
2240 3540 2336 3591 ista
2366 3555 2464 3606 pro
2494 3540 2706 3593 modulo
2737 3540 2999 3596 facultatis
3026 3543 3270 3598 humana:
3298 3544 3364 3597 ab
3395 3545 3493 3597 ho—

1906 3624 2137 3679 minibus
2164 3637 2531 3694 procurentur.
2563 3628 2713 3684 Unde
2733 3632 2874 3685 enim
2896 3632 2951 3686 fit
2979 3648 3036 3686 nt
3055 3633 3242 3688 cadent
3268 3649 3493 3701 corpora

1906 3715 2062 3770 citius
2080 3728 2412 3773 vermescaut
2441 3729 2624 3774 aestate
2640 3737 2795 3791 quam
2828 3721 3019 3787 hieme,
3037 3724 3192 3777 citius
3213 3725 3265 3778 in
3282 3725 3496 3779 calidio-

1907 3807 2052 3861 ribus
2072 3823 2227 3878 quam
2258 3810 2307 3862 in
2341 3810 2697 3879 frigidioribus
2725 3814 2887 3868 locis?
2905 3814 3010 3869 Sed
3040 3816 3153 3869 lucc
3177 3816 3243 3868 ab
3263 3817 3494 3871 homini-

1907 3897 2005 3954 bus
2023 3910 2168 3956 tanto
2182 3901 2451 3957 difficilius
2466 3904 2803 3970 adhibentur,
2822 3917 3016 3973 quanto
3034 3908 3218 3963 desunt
3238 3925 3493 3965 sensuum

1909 3991 2249 4059 subtilitates,
2282 4002 2336 4048 et
2363 4009 2644 4065 corporum
2672 3997 2991 4052 mobilitates
3019 4000 3069 4053 in
3101 4000 3352 4054 membris
3382 4012 3492 4058 Ier-

1908 4086 2052 4141 reuis
2080 4096 2134 4139 et
2166 4087 2347 4155 pigris.
2382 4086 2533 4142 Unde
2561 4088 3031 4160 qualibuscumque
3059 4080 3269 4160 angelis.
3294 4094 3494 4149 vicinas

1906 4191 2096 4231 causas
2125 4177 2191 4229 ah
2220 4177 2503 4232 elementis
2531 4179 2877 4245 contrahere,
2910 4191 3107 4251 qnamo
3139 4181 3341 4237 facilius
3370 4195 3489 4249 est,

1908 4278 2055 4321 tanto
2083 4268 2437 4326 mirabiliores
2470 4271 2531 4325 in
2561 4271 2862 4342 hujusmodi
2889 4273 3140 4342 Operibus
3168 4291 3350 4330 eorum
3382 4278 3496 4333 exi-

1906 4368 2052 4413 stunt
2080 4360 2399 4414 celeritates.
3242 4364 3243 4367 “

1984 4451 2066 4504 18.
2098 4451 2203 4506 Sed
2234 4468 2339 4505 non
2368 4460 2450 4506 est
2477 4464 2720 4517 creator,
2754 4456 2855 4511 nisi
2881 4455 2968 4528 qui
2995 4456 3354 4529 principaliter
3394 4459 3493 4514 ista

1908 4542 2117 4595 format.
2136 4542 2245 4596 Nec
2262 4542 2539 4614 quisquam
2571 4546 2669 4599 hoc
2697 4557 2890 4616 potest,
2912 4551 3013 4603 nisi
3042 4548 3133 4606 ille
3160 4565 3321 4623 penes
3337 4540 3494 4623 quem

1905 4633 2150 4704 primitus
2176 4644 2300 4688 sunt
2326 4637 2563 4689 omnium
2600 4654 2719 4706 qua:
2745 4649 2871 4694 sunt
2913 4658 3175 4697 mensurae
3194 4687 3210 4712 ,
3244 4646 3448 4700 numeri
3466 4688 3492 4709 .,

1905 4738 1952 4780 et
1986 4724 2221 4796 pondrra
2253 4744 2266 4779 :
2300 4736 2351 4780 et
2379 4727 2492 4796 ipse
2520 4739 2602 4783 est
2631 4746 2763 4784 unus
2792 4742 3001 4788 creator
3031 4735 3205 4798 Dens,
3238 4753 3301 4791 ex
3340 4740 3491 4806 cujus

1907 4818 2156 4874 ineffabili
2188 4829 2457 4889 potentatu
2489 4820 2717 4877 fitctiam
2744 4833 2799 4879 ut
2826 4826 2964 4894 quod
2993 4841 3209 4897 possent
3238 4830 3286 4882 hi
3317 4830 3488 4899 angeli
3523 4809 3533 4815 ’

1906 4910 1948 4983 si
1982 4911 2413 4980 permitterentur
2432 4952 2448 4977 ,
2482 4911 2600 4967 ideo
2630 4930 2734 4968 non
2765 4916 2968 4985 possint
2992 4919 3112 4987 quia
3139 4934 3243 4972 non
3274 4921 3491 4989 permit-

1910 5010 2105 5055 tutttur.
2132 5001 2312 5071 Neque
2339 5002 2480 5057 enirn
2506 5006 2739 5059 occurrit
2762 5008 2862 5061 alia
2894 5010 3025 5062 ratio
3050 5025 3146 5063 cur
3174 5025 3278 5063 non
3308 5021 3493 5081 potuc-

1908 5096 2013 5147 rint
2041 5093 2213 5147 facere
2243 5093 2621 5151 minutissimas
2652 5111 2881 5158 muscas.
2905 5098 2992 5168 qui
3012 5115 3166 5153 ranas
3183 5113 3491 5169 serpentes-

1907 5199 2010 5252 que
2056 5182 2322 5247 fecerunt,
2368 5184 2466 5238 nisi
2496 5188 2617 5256 quia
2641 5203 2808 5253 mmor
2833 5186 3019 5241 aderat
3044 5189 3333 5245 dominatio
3362 5188 3491 5263 pro-

1910 5276 2136 5330 bibentis
2161 5276 2294 5331 Dei’
2325 5292 2420 5348 per
2448 5277 2698 5346 Spiritum
2731 5289 2968 5333 sanctum
2989 5321 3005 5345 ,
3036 5282 3175 5352 qninl
3203 5284 3361 5337 etiam
3392 5285 3493 5355 ipsi

1909 5370 2044 5438 magi
2060 5367 2289 5423 confessi
2316 5377 2459 5433 sunt,
2478 5368 2733 5434 dicentes,
2757 5369 2954 5442 Digitus
2974 5372 3067 5427 Dei
3082 5386 3153 5427 est
3180 5376 3273 5429 hoc
3294 5376 3491 5449 (Exod.

1910 5476 2000 5524 vn,
2028 5460 2113 5523 12,
2139 5471 2183 5514 et
2211 5476 2321 5526 vm,
2350 5461 2519 5527 7,18.
2548 5462 2654 5530 19).
2685 5463 2820 5528 Quid
2850 5474 3026 5520 autem
3056 5468 3257 5535 possint
3287 5485 3379 5539 per
3402 5487 3497 5529 na-

1911 5562 2080 5605 turam
2105 5591 2121 5617 ,
2169 5567 2266 5605 nec
2314 5552 2520 5622 possint
2566 5569 2658 5621 per
2679 5554 3085 5622 prohibitionem
3111 5600 3126 5624 ,
3157 5568 3209 5612 et
3238 5561 3361 5631 quid
3394 5540 3492 5631 per

1896 5644 2074 5714 ipsius
2092 5653 2295 5697 natum
2309 5659 2418 5697 sua:
2432 5644 2787 5700 conditionem
2802 5647 2929 5701 [ηοω
2943 5665 2974 5703 e
2995 5666 3099 5704 non
3114 5651 3373 5717 sinantur;
3396 5654 3492 5709 ho-

1976 5832 1987 5858 ¹
2026 5826 2097 5875 sic
2116 5834 2219 5873 Mss.
2247 5833 2301 5876 At
2323 5826 2455 5883 editi,
2481 5824 2765 5877 accidentes.

1976 5893 1995 5919 ¹
2029 5890 2099 5936 sic
2123 5896 2224 5936 uss.
2253 5895 2306 5936 At
2325 5888 2461 5948 editi,
2484 5887 2799 5951 prohibendi;
2820 5892 3013 5953 omisso,
3046 5892 3149 5944 ἢεί.
