4042 6488
562 538 694 594 ιιιίιιὶ
724 534 1002 607 explorare
1027 531 1241 589 diflicile
1261 539 1363 598 est,
1389 530 1495 585 imo
1520 542 1651 585 vero
1680 529 2024 599 impossibile,
2048 528 2147 581 nisi

564 649 664 707 per
682 632 812 689 illud
835 632 1033 686 donum
1053 627 1166 689 Dei.
1186 625 1329 697 quod
1342 624 1627 694 Apostolus
1655 629 2039 678 commemorat
2069 620 2151 673 di—

561 740 693 783 cens
712 768 729 793 ,
760 724 863 779 Alii
886 720 1184 793 dijudicatio
1203 717 1469 788 spirituum
1496 717 1536 787 (l
1568 713 1685 773 Cor.
1717 732 1787 770 xu
1809 758 1823 781 ,
1850 714 1959 785 ω’).
1990 712 2149 767 Novi.

564 833 683 873 mus
699 815 839 871 enim
858 812 1127 867 hominem
1144 823 1301 881 posse
1324 808 1617 873 ambulare,
1638 818 1691 863 et
1717 822 1888 877 neque
1911 805 2015 860 hoc
2030 818 2154 874 pos-

562 927 624 966 se
647 910 690 965 si
717 924 820 963 non
847 905 1205 977 permittatur,
1237 902 1414 958 volare
1434 909 1611 956 autem
1640 916 1745 954 non
1774 914 1941 970 posse
1962 899 2152 953 etiam-

561 1001 607 1055 si
637 999 987 1071 permittatur.
1019 995 1108 1050 Sic
1143 1002 1199 1049 et
1227 994 1300 1048 illi
1340 992 1513 1063 angeli
1544 991 1787 1062 quosdam
1820 998 2039 1060 possunt
2069 987 2147 1041 fa-

559 1104 683 1145 cere
701 1131 717 1155 ,
748 1089 792 1144 si
821 1088 1192 1158 permittautur
1217 1085 1286 1140 ab
1314 1083 1515 1155 angelis
1540 1081 1925 1153 potentioribus
1951 1095 2015 1135 ex
2046 1081 2147 1133 im-

558 1184 709 1252 perio
739 1182 831 1237 Dei
866 1197 881 1234 :
910 1180 1153 1251 quaedam
1184 1192 1310 1233 vero
1346 1192 1451 1231 non
1483 1185 1737 1247 possunt,
1766 1189 1866 1230 nec
1892 1175 1936 1228 si
1966 1174 2033 1228 ab
2069 1173 2147 1227 eis

560 1274 965 1344 permittantur;
998 1272 1118 1342 quia
1150 1271 1240 1326 ille
1269 1285 1372 1324 non
1412 1268 1703 1339 permittit,
1735 1284 1764 1321 a
1793 1282 1899 1337 quo
1925 1266 2029 1321 illis
2065 1275 2148 1320 est

558 1365 681 1420 talis
712 1376 912 1418 natura:
957 1362 1177 1426 modus,
1211 1361 1303 1431 qui
1345 1361 1505 1415 etiam
1538 1376 1634 1429 per
1675 1359 1893 1428 angelos
1924 1372 2050 1411 suos
2092 1367 2146 1412 et

557 1456 647 1509 illa
676 1456 985 1526 plerumque
1011 1470 1120 1508 non
1162 1453 1419 1523 permittit
1438 1493 1455 1516 ,
1481 1468 1600 1521 qun:
1625 1451 1890 1504 concessit
1935 1460 1990 1503 ut
2020 1463 2144 1517 pos~

556 1545 685 1599 sun.

629 1636 715 1691 l9.
739 1635 987 1707 Exceptis
1005 1634 1164 1705 igitur
1189 1633 1311 1695 illis,
1331 1648 1457 1704 quae
1477 1632 1820 1687 nsitatissimo
1840 1642 2144 1687 transcursu

556 1738 859 1798 temporum
886 1729 937 1781 in
968 1742 1144 1782 rerum
1173 1736 1373 1781 natum
1396 1725 1581 1780 ordine
1606 1726 1963 1794 corporaliter
1985 1724 2141 1788 ﬁunt,

554 1822 713 1877 sicuti
742 1830 865 1875 sunt
890 1829 1040 1874 ortus
1068 1833 1394 1888 occasusque
1421 1817 1677 1879 siderum,
1700 1817 2072 1885 generationes
2091 1826 2146 1870 et

555 1922 759 1969 mortes
783 1912 1111 1975 animalium,
1139 1910 1408 1965 seminum
1432 1920 1487 1964 et
1510 1904 1809 1979 germinum
1839 1908 2143 1962 innumera-

556 2006 691 2060 biles
715 2005 1049 2060 diversitates
1069 2046 1084 2070 ,
1115 2003 1322 2057 ncbula:
1342 2011 1396 2057 et
1426 2003 1593 2057 nubes
1611 2043 1626 2067 ,
1659 2002 1811 2056 nives
1830 2010 1884 2055 et
1912 2000 2100 2070 pluvia)
2124 2041 2140 2064 ,

538 2096 760 2167 fulgura
778 2105 831 2150 et
848 2095 1095 2160 tonitrua,
1116 2093 1331 2149 fulmina
1348 2102 1402 2147 et
1419 2092 1725 2169 grandines,
1746 2093 1888 2146 venti
1902 2101 1954 2145 et
1972 2093 2139 2162 ignes,

552 2185 718 2257 frigus
760 2196 814 2241 et
838 2195 999 2240 mstus
1020 2226 1034 2248 ,
1067 2193 1122 2239 et
1162 2184 1339 2239 omnia
1368 2182 1492 2237 talia
1525 2199 1538 2235 :
1572 2183 1815 2249 exceptis
1849 2182 2007 2235 etiam
2040 2181 2143 2235 illis

552 2293 673 2348 quze
701 2278 753 2331 in
778 2277 966 2332 eodem
994 2276 1180 2331 ordine
1215 2290 1331 2329 rara
1359 2284 1483 2329 sunt
1505 2317 1519 2341 ,
1548 2274 1685 2328 sicut
1709 2273 1949 2329 defectus
1979 2273 2141 2327 lumi-

553 2383 703 2436 num,
725 2381 780 2427 et
806 2373 1010 2441 species
1037 2370 1300 2424 inusitata:
1328 2368 1582 2432 siderum,
1605 2376 1659 2421 et
1684 2376 1939 2427 monstra,
1962 2377 2016 2419 et
2037 2375 2143 2419 ter-

556 2478 632 2517 ra:
670 2443 855 2517 inotus
875 2504 889 2525 ,
926 2472 986 2517 et
1027 2460 1217 2516 similia
1251 2476 1265 2512 :
1298 2459 1533 2529 exceptis
1559 2473 1686 2528 ergo
1714 2458 1825 2511 istis
1853 2458 2098 2511 omnibus
2121 2497 2137 2522 ,

551 2570 780 2624 quorum
810 2554 1023 2623 quidem
1070 2554 1237 2622 prima
1266 2562 1320 2606 et
1347 2566 1555 2605 summa
1586 2564 1749 2605 causa
1776 2564 1887 2603 non»
1911 2557 1993 2602 est
2038 2547 2139 2602 nisi

551 2645 794 2700 voluntas
828 2644 917 2699 Dei
944 2662 956 2698 :
982 2644 1121 2697 unde
1150 2644 1286 2698 etin
1304 2642 1537 2708 Psahno,
1560 2656 1680 2695 cum
1707 2639 1948 2709 quaedam
1980 2638 2142 2706 hujus

550 2736 759 2807 generis
787 2747 968 2792 essent
991 2743 1427 2802 commemorata,
1457 2734 1621 2805 Ignis,
1653 2732 1867 2804 grando,
1898 2732 2007 2797 nix,
2028 2732 2139 2801 gla-

550 2833 683 2896 cies,
712 2831 915 2899 spiritus
942 2830 1286 2899 tempestatis;
1320 2844 1386 2883 ne
1420 2829 1536 2897 quis
1564 2842 1625 2881 ea
1655 2827 1737 2881 vel
1766 2826 2017 2891 fortuitu,
2052 2827 2136 2880 vel

550 2923 725 2975 causis
752 2921 1119 2976 tantummodo
1146 2919 1530 2989 corporalibus,
1550 2918 1635 2972 vel
1661 2919 1821 2972 etiam
1846 2917 2131 2988 spirituali-

554 3012 673 3076 bus,
695 3022 870 3067 tntnen
893 3023 1085 3083 printer
1102 3012 1423 3065 voluntatem
1447 3010 1536 3064 Dei
1558 3009 1907 3063 existentibus
1927 3010 2007 3078 agi
2027 3024 2138 3063 cre-

549 3103 721 3169 deret,
739 3105 991 3159 continuo
1008 3102 1252 3172 subjecit,
1274 3100 1818 3173 Quarfacimttrerbum
1836 3102 1944 3169 ejus
1962 3098 2132 3171 (Psal.

549 3212 738 3251 cum:
760 3239 774 3260 ,
807 3197 864 3265 8)
890 3212 901 3249 :
1964 3193 1969 3198 ’

618 3286 842 3343 CAPUT
875 3286 940 3341 Χ.
971 3318 1042 3328 -
1072 3286 1204 3352 Quot
1232 3285 1394 3340 modis
1417 3295 1647 3339 creatura
1671 3284 1945 3339 assumitur
1964 3283 2035 3336 ad
2059 3284 2131 3336 si-

547 3379 912 3449 gniﬁcandum.
944 3376 1286 3432 Eucharistia.
1313 3378 1417 3433 Sed
1438 3376 1539 3441 his,
1569 3386 1622 3429 ut
1640 3375 1823 3430 dicere
1842 3389 2130 3443 cepi-ram,

547 3471 802 3539 exceptis,
823 3471 923 3524 alia
952 3481 1075 3525 sunt
1097 3470 1179 3525 illa
1202 3486 1320 3540 qum
1344 3469 1583 3539 quamvis
1609 3483 1674 3521 ex
1699 3467 1883 3521 eadem
1912 3468 2129 3520 materia

544 3563 807 3633 θυι-μητιῐί
829 3606 842 3625 ,
870 3563 937 3617 ad
979 3562 1177 3632 aliquid
1211 3572 1385 3617 tamen
1425 3560 1680 3615 divinitus
1707 3560 2128 3614 annuntiandum

545 3656 740 3709 nostris
782 3654 1027 3708 sensibus
1055 3654 1440 3717 admoventur,
1473 3666 1593 3722 quae.
1624 3652 1837 3721 proprie
1876 3653 2127 3705 miracula

541 3757 598 3801 et
639 3748 786 3817 signa
814 3746 1095 3809 dicuntur,
1128 3760 1227 3800 nec
1268 3745 1319 3799 in
1347 3745 1594 3799 omnibus
1632 3759 1751 3814 (pne
1780 3744 1932 3797 nobis
1961 3760 1990 3797 a
2023 3744 2127 3798 Do-

544 3837 689 3890 mino
713 3838 819 3891 Deo
840 3835 1244 3900 :mnuutiantur,
1260 3836 1425 3907 ipsius
1449 3835 1541 3889 Dei
1569 3850 1796 3905 persona
1818 3834 2124 3905 suscipitur.

542 3930 675 3983 Cum
704 3938 881 3983 autem
912 3931 1229 4001 suscipitur,
1261 3930 1549 4001 aliquando
1585 3931 1636 3983 in
1682 3931 1877 4000 angelo
1906 3929 2128 3985 demon-

541 4032 772 4089 stratur,
801 4023 1085 4093 aliquando
1114 4024 1169 4077 in
1194 4039 1254 4078 ea
1281 4023 1459 4094 specie
1483 4039 1601 4092 qua:
1626 4038 1730 4076 non
1759 4032 1841 4077 est
1869 4023 2007 4093 quod
2033 4040 2126 4077 an-

540 4115 723 4183 gelus,
758 4118 999 4186 quamvis
1044 4132 1137 4185 per
1165 4115 1410 4185 angelum
1455 4114 1707 4183 disposita
1756 4114 2122 4168 ministretur:

539 4220 726 4263 rursus
750 4225 868 4263 cum
901 4209 951 4261 in
981 4225 1044 4263 ea
1074 4209 1253 4278 specie
1277 4208 1563 4276 suscipitur
1591 4222 1709 4276 quae
1734 4224 1838 4261 non
1865 4218 1945 4261 est
1982 4208 2124 4277 quod

539 4302 759 4371 angelus
779 4343 793 4367 ,
822 4300 1107 4370 aliquando
1126 4302 1234 4370 jam
1259 4310 1374 4354 erat
1400 4300 1569 4368 ipsum
1594 4314 1787 4369 corpus
1807 4342 1821 4364 ,
1855 4308 1907 4354 et
1931 4300 1997 4354 ad
2025 4301 2125 4356 hoc

539 4392 1012 4447 demonstrandum
1048 4394 1097 4446 in
1144 4393 1373 4462 aliquam
1406 4392 1748 4446 nuntatiouem
1797 4395 2120 4460 assumitur;

537 4484 822 4554 aliquando
846 4482 912 4537 ad
944 4483 1042 4538 hoc
1067 4484 1326 4547 esuritor,
1352 4493 1406 4538 et
1431 4500 1487 4537 re
1511 4492 1723 4554 peracta
1753 4499 1937 4539 rursus
1961 4486 2122 4539 absu-

534 4574 718 4628 mitur.
748 4573 893 4629 Sicut
919 4573 1076 4628 etiam
1106 4589 1225 4628 cum
1260 4573 1503 4628 homines
1525 4576 1860 4640 annuntiant,
1880 4576 2121 4646 aliquau-

535 4665 605 4718 do
647 4680 711 4719 ex
741 4679 834 4719 sua
880 4680 1102 4735 persona
1132 4666 1291 4720 verba
1322 4666 1411 4720 Dei
1455 4665 1770 4734 loquuntur,
1798 4667 1953 4721 sicuti
1997 4684 2119 4723 cum

534 4757 893 4827 praemittitur,
930 4756 1069 4810 Dixit
1101 4755 1388 4822 Dominus;
1414 4765 1523 4821 aut,
1560 4755 1684 4811 Haec
1722 4757 1841 4810 dicit
1873 4757 2121 4814 Dominus

534 4850 746 4919 (lerant.
780 4866 901 4906 xm
925 4893 938 4917 ,
971 4851 993 4905 l
1021 4893 1035 4916 ,
1063 4850 1156 4920 2);
1190 4858 1280 4903 aut
1309 4849 1411 4903 tale
1438 4849 1631 4919 aliquid
1668 4866 1681 4901 :
1714 4850 1998 4918 aliquando
2022 4868 2121 4905 au-

537 4954 642 4996 nn
673 4942 800 4996 nihil
847 4943 947 4996 tale
979 4941 1395 5011 prmmitteutes,
1422 4940 1589 5007 ipsam
1618 4940 1710 4995 Dei
1753 4955 2035 5010 personam
2067 4943 2117 4997 in

536 5049 594 5088 se
623 5033 938 5103 suscipiunt,
968 5030 1121 5087 sicuti
1149 5040 1249 5097 est,
1281 5026 1599 5085 Intellectum
1624 5032 1711 5085 tibi
1740 5032 1889 5097 dabo,
1923 5043 1968 5086 et
1993 5051 2119 5087 con-

534 5126 737 5178 stituant
759 5133 807 5177 te
827 5123 878 5176 in
895 5124 974 5176 via
997 5138 1098 5193 qua
1124 5121 1419 5193 ingrediaris
1444 5120 1612 5194 (Psal.
1639 5136 1784 5187 sui,
1803 5122 1879 5193 8).
1905 5122 1994 5178 Sic
2011 5139 2116 5179 non

535 5220 705 5272 solum
734 5216 785 5271 in
814 5217 971 5272 dictis
991 5259 1006 5282 ,
1038 5231 1224 5271 verum
1264 5216 1423 5271 etiam
1454 5215 1506 5269 in
1549 5215 1736 5282 factis,
1770 5217 1857 5271 Ilci
1889 5232 2115 5287 persona

536 5306 881 5377 signiﬁcanda
908 5306 1201 5377 imponitur
1230 5306 1521 5376 prophetzn,
1547 5315 1604 5360 ut
1628 5321 1743 5361 eam
1768 5316 1917 5376 gerat
1944 5309 1994 5361 in
2017 5309 2117 5361 mi-

538 5397 757 5450 nisterio
799 5397 1126 5467 prophetiae;
1168 5398 1299 5452 sicut
1328 5391 1442 5466 ejus
1471 5411 1751 5467 personam
1780 5398 2001 5466 gerebat
2025 5398 2115 5468 qui

536 5488 906 5543 vestimentum
937 5505 1089 5543 suum
1117 5488 1291 5543 divisit
1323 5490 1373 5543 in
1405 5487 1683 5543 duodcrim
1715 5498 1889 5558 partes
1909 5531 1924 5555 ,
1968 5502 2020 5545 et
2049 5506 2115 5545 ex

536 5582 613 5635 eis
640 5580 822 5635 decem
854 5599 1009 5636 servo
1050 5584 1191 5653 regis
1233 5582 1534 5637 Salomonis
1559 5581 1736 5647 dedit,
1785 5584 1897 5653 regi
1939 5583 2115 5637 futuro

520 5669 694 5729 ’lsrael
722 5671 811 5743 (Ill
842 5673 969 5744 Reg.
995 5690 1064 5734 χι.
1090 5674 1179 5739 50,
1208 5676 1296 5743 3i)
1333 5691 1345 5728 :
1376 5674 1658 5743 aliquando
1687 5675 1846 5729 etiam
1875 5691 1960 5728 res
1994 5692 2113 5746 qua:

536 5780 640 5818 non
666 5774 778 5819 erat
796 5765 934 5835 quod
964 5766 1309 5834 propheta,ct
1332 5778 1447 5821 erat
1469 5766 1577 5838 jam
1598 5768 1647 5821 in
1677 5769 1903 5823 terrenis
1930 5773 2108 5835 rebus,

520 5856 596 5907 -ἱιι
617 5854 919 5924 btijiismodi
935 5856 1369 5925 significationem
1386 5870 1653 5929 assumpta
1681 5869 1788 5925 est;
1812 5860 1945 5913 sicut
1966 5877 2080 5917 sum
2094 5895 2111 5905 -

1691 415 1782 470 or.
1821 388 2209 480 ramirami,
2249 415 2286 470 s
2348 418 2530 476 AI'CU
2574 421 2707 477 Tua

3742 435 3854 492 830

2260 531 2349 583 nio
2378 534 2493 586 viso
2535 535 2700 599 Jaeoh
2730 535 2984 607 evigilans
3014 536 3134 592 focit
3163 536 3229 593 de
3269 537 3441 610 lapide
3460 585 3474 606 ,
3523 559 3684 614 quem
3712 548 3843 603 dor-

2259 622 2428 677 miens
2459 626 2683 681 habebnt
2711 626 2775 681 ad
2808 636 2967 698 caput
2992 629 3141 701 (Gen.
3171 648 3356 700 xxvm,
3387 635 3474 705 18)
3510 654 3523 688 :
3556 638 3848 709 aliquando

2256 714 2321 766 ad
2354 713 2455 768 hoc
2485 716 2537 769 fit
2566 719 2750 772 eadem
2780 723 3010 789 species,
3040 724 3121 777 vel
3155 724 3537 793 aliquantulum
3568 747 3842 797 inausum,

2257 805 2392 859 sicut
2409 808 2571 874 potuit
2590 812 2911 878 serpensille
2928 830 3107 868 amens
3119 818 3383 871 exaltatus
3397 819 3445 871 in
3458 835 3641 876 eremo
3654 826 3670 893 (
3682 823 3846 879 Nam.

2256 910 2362 961 ιιι,
2383 896 2460 966 9).
2480 898 2613 952 sicut
2640 912 2932 968 possuntct
2960 904 3175 966 litterzu;
3203 909 3281 961 vel
3309 919 3531 976 peracto
3545 914 3845 971 llilllilePlC

2257 990 2559 1057 transitura,
2584 993 2719 1046 sicut
2744 996 2895 1063 panis
2921 997 2987 1049 ad
3019 997 3118 1052 hoc
3144 998 3309 1053 factus
3337 1000 3395 1054 in
3415 1004 3725 1072 accipiendo
3742 1009 3853 1063 Sa-

2253 1090 2528 1132 cramento
2556 1085 2906 1139 consumitur.

2322 1170 2414 1225 ΞΟ.
2446 1172 2548 1226 Sed
2576 1175 2695 1241 quia
2729 1178 2841 1229 haac
2887 1178 3189 1233 hominibus
3219 1191 3341 1234 nota
3385 1192 3544 1250 sunt,
3573 1189 3693 1255 quia
3745 1206 3855 1257 per

2254 1260 2497 1318 homines
2528 1264 2695 1329 ﬁunt,
2739 1266 2995 1321 honorem
3030 1279 3278 1338 tanquam
3326 1273 3570 1343 religiosa
3616 1294 3851 1346 possunt

2254 1353 2471 1420 habere,
2498 1366 2770 1426 stuporem
2803 1370 3050 1419 tanquam
3084 1363 3217 1417 mira
3247 1381 3350 1418 nou
3372 1380 3619 1435 possunt.
3657 1372 3851 1442 Itaque

2253 1444 2339 1497 illa
2368 1462 2485 1514 qum
2513 1462 2610 1516 per
2638 1450 2867 1518 Angelos
2894 1450 3051 1516 ﬁunt,
3071 1469 3177 1521 quo
3202 1453 3499 1511 difficiliora
3529 1470 3581 1512 et
3612 1461 3850 1530 ignotio-

2251 1554 2307 1591 ra
2329 1581 2343 1602 ,
2390 1557 2458 1593 eo
2486 1542 2815 1598 mirabiliora
2851 1555 2971 1598 sunt
3005 1546 3161 1600 nobis
3189 1563 3208 1599 ι
3239 1548 3346 1601 illis
3375 1560 3562 1605 autem
3581 1565 3849 1623 tanquam

2250 1645 2360 1683 sua.-
2389 1632 2627 1686 aetiones
2653 1643 2791 1687 nota:
2810 1644 2969 1701 atque
2992 1635 3191 1691 faciles.
3220 1637 3479 1707 Loquitur
3507 1658 3569 1696 ex
3604 1660 3845 1710 persona

2250 1722 2339 1775 hei
2362 1724 2578 1791 angelus
2602 1724 2840 1789 homini,
2866 1727 3048 1780 dicens
3068 1769 3082 1793 ,
3116 1725 3226 1798 Ego
3252 1731 3524 1784 sum.l)cus
3551 1735 3845 1800 Abraham,

2248 1822 2297 1865 et
2339 1811 2477 1867 Deus
2503 1812 2655 1867 Isaac
2674 1858 2689 1881 ,
2717 1826 2762 1870 et
2804 1816 2937 1871 Deus
2961 1817 3158 1883 Jacob;
3185 1836 3305 1875 eum
3337 1822 3606 1894 Scriptum
3637 1828 3847 1894 [medi-

2248 1906 2442 1969 xisset,
2490 1905 2643 1960 Visus
2657 1919 2725 1961 est
2750 1909 2796 1961 ei
2819 1911 3027 1979 angelus
3059 1912 3264 1966 Domini
3290 1914 3481 1985 (Exod.
3515 1933 3567 1970 ιιι
3586 1958 3608 1981 ,
3634 1923 3668 1973 6
3688 1961 3701 1980 ,
3732 1919 3799 1987 2)
3826 1939 3845 1972 :

2246 1997 2479 2064 loquitur
2504 2005 2559 2051 et
2586 1998 2747 2052 homo
2776 2016 2840 2054 ex
2872 2017 3094 2070 persona
3128 2004 3334 2058 Domini
3357 2047 3370 2066 .
3404 2007 3622 2073 dicens,
3654 2009 3799 2063 Audi
3820 2051 3841 2075 ,

2246 2088 2463 2156 populus
2488 2105 2647 2154 meus,
2668 2100 2715 2143 et
2740 2090 2917 2161 loquar
2938 2093 3061 2157 tibi;
3095 2092 3115 2145 1
3122 2095 3278 2161 smel,
3303 2108 3346 2149 ct
3368 2098 3671 2166 testificabor
3699 2102 3799 2155 tibi
3821 2122 3841 2165 ;

2246 2177 2383 2233 Deus
2412 2180 2544 2235 Deus
2569 2192 2684 2236 tntis
2711 2200 2803 2254 ego
2829 2202 2939 2237 sum
2969 2186 3137 2256 (Psal.
3167 2204 3303 2242 Lxxx
3322 2231 3340 2253 ,
3368 2190 3399 2244 9
3419 2231 3435 2254 ,
3471 2190 3574 2261 ll).
3609 2195 3846 2247 Assum-

2244 2278 2332 2337 pta
2362 2281 2445 2325 est
2470 2273 2616 2342 virga
2646 2274 2710 2327 ad
2741 2275 3176 2343 significationem
3198 2319 3216 2343 ,
3239 2289 3294 2332 ct
3323 2281 3378 2333 in
3397 2291 3702 2349 Serpentem
3733 2300 3845 2339 an-

2243 2361 2409 2430 gelica
2441 2362 2690 2417 facultate
2718 2375 2915 2419 mutata
2958 2378 3038 2422 est
3070 2368 3262 2441 (Exod.
3297 2387 3398 2433 vn,
3436 2373 3524 2443 10)
3556 2392 3569 2424 :
3601 2390 3720 2444 qua:
3761 2377 3843 2429 [a-

2243 2454 2420 2508 cultas
2439 2470 2561 2510 cum
2590 2456 2727 2510 desit
2770 2459 2965 2512 homini
2987 2500 3005 2524 ,
3032 2471 3334 2528 assumptus
3362 2473 3443 2516 est
3474 2473 3647 2519 tamen
3678 2476 3735 2519 rt
3768 2474 3847 2521 ab

2243 2542 2459 2599 homine
2492 2546 2633 2614 lapis
2652 2545 2717 2600 ad
2751 2549 2905 2605 talem
2938 2551 3165 2618 aliquam
3197 2552 3630 2619 signilit‘atiuttent
3669 2556 3840 2623 (Gen.

2241 2650 2425 2697 simu,
2450 2636 2556 2705 18).
2593 2637 2731 2691 Inter
2755 2639 2945 2693 factum
2962 2642 3141 2710 angeli
3160 2651 3214 2696 et
3240 2642 3432 2696 factum
3464 2644 3696 2700 hominis
3714 2648 3844 2715 plu-

2240 2727 2434 2781 rimum
2456 2728 2645 2782 distat:
2669 2730 2794 2784 illud
2821 2741 2874 2785 et
2897 2733 3203 2787 mirandum
3226 2746 3275 2788 et
3306 2735 3698 2806 intelligendum
3723 2751 3844 2807 est,

2242 2818 2345 2874 hoc
2363 2830 2539 2874 autem
2571 2824 2934 2878 tantummodo
2960 2825 3380 2896 intelligcndtnn.
3408 2830 3560 2897 Quod
3587 2848 3651 2886 ex
3683 2846 3845 2887 utro-

2240 2929 2344 2981 que
2375 2914 2705 2985 intelligitur,
2741 2916 2981 2972 fortassis
3012 2936 3172 2972 nnmn
3203 2931 3315 2986 cst;
3346 2931 3401 2975 at
3427 2923 3523 2976 illa
3541 2941 3611 2978 es.
3638 2928 3846 2994 quibus

2240 3006 2581 3078 intelligitur,
2611 3008 2820 3062 diversa
2846 3021 2967 3064 sunt
3002 3028 3016 3063 :
3050 3019 3296 3080 tanquam
3323 3013 3366 3067 si
3393 3030 3587 3069 nomen
3621 3017 3849 3071 Domini

2238 3106 2294 3152 et
2335 3113 2469 3151 auro
2495 3107 2549 3151 et
2576 3108 2873 3154 atramento
2899 3104 3194 3163 scribatur;
3229 3104 3356 3158 illud
3386 3115 3470 3158 est
3500 3108 3796 3173 pretiosius
3822 3151 3845 3173 ,

2238 3187 2364 3241 illud
2393 3188 2580 3252 vilius;
2612 3190 2752 3258 quod
2781 3200 2955 3245 tamen
2998 3193 3047 3245 in
3094 3204 3320 3263 utroque
3345 3196 3711 3264 signiﬁcatur,
3754 3202 3846 3252 id-

2240 3277 2410 3345 Lpsum
2426 3287 2525 3333 est.
2538 3279 2603 3333 Et
2616 3282 2857 3349 quamvis
2871 3283 3007 3337 idem
3023 3284 3398 3354 significaverit
3413 3304 3482 3341 ex
3498 3289 3643 3359 virga
3661 3290 3849 3362 Moysi

2236 3384 2457 3440 serpens
2477 3413 2497 3437 ,
2526 3374 2666 3442 quod
2700 3374 2832 3442 lapis
2854 3375 3053 3443 Jacob;
3087 3379 3277 3432 melius
3309 3391 3489 3434 tamen
3514 3383 3718 3452 aliquid
3756 3387 3845 3438 Lb

2236 3461 2315 3529 pis
2340 3461 2506 3516 laoob
2527 3503 2542 3526 ,
2571 3479 2728 3532 quam
2768 3476 3043 3535 serpentes
3071 3484 3363 3537 magorum.
3395 3470 3529 3525 Nam
3556 3475 3699 3528 sicut
3732 3494 3847 3528 uu-

2233 3555 2341 3606 ctio
2369 3553 2562 3623 lapidis
2580 3555 2844 3609 Christum
2874 3558 2929 3611 in
2957 3573 3144 3626 carne,
3170 3561 3221 3613 in
3240 3573 3569 3630 qua‘unctus
3597 3575 3684 3619 est
3710 3568 3853 3619 oleo

2233 3647 2604 3703 essultationis
2629 3663 2737 3717 pra:
2769 3651 3111 3720 municipibus
3134 3654 3247 3707 suis
3269 3653 3447 3724 (Psal.
3476 3673 3621 3720 κων,
3641 3658 3734 3729 8);
3766 3664 3853 3713 ita

2232 3739 2375 3808 virga
2403 3738 2567 3810 Moysi
2596 3755 2853 3796 conversa
2899 3743 2950 3797 in
2977 3755 3319 3815 serpentem,
3350 3749 3522 3817 ipsum
3550 3750 3852 3806 Christum

2232 3828 2424 3882 facunn
2452 3831 2787 3891 obedientem
2815 3851 2981 3905 usque
3005 3837 3069 3889 ad
3099 3850 3322 3892 mortem
3351 3843 3528 3895 erucis
3556 3841 3853 3913 (Philipp-

2230 3938 2266 3977 tt
2287 3963 2302 3989 ,
2346 3924 2423 3995 8).
2460 3924 2612 3980 Unde
2636 3928 2741 3987 ait,
2777 3928 2921 3982 Sicut
2951 3931 3190 3983 exaltabit
3218 3929 3425 4002 Moyses
3458 3946 3755 4004 serpmtcm
3791 3940 3856 3990 in

2228 4032 2424 4080 eremo;
2445 4017 2518 4069 sic
2545 4028 2736 4087 oportet
2764 4020 2978 4073 exaltari
3000 4019 3191 4074 Filium
3217 4023 3453 4089 hominis,
3476 4036 3532 4078 ut
3557 4029 3731 4081 omnis
3750 4032 3858 4097 qui

2228 4108 2385 4160 credit
2411 4109 2463 4160 in
2496 4109 2662 4177 ipsum
2681 4151 2695 4172 ,
2725 4127 2824 4163 non
2851 4122 3053 4181 pereat,
3085 4114 3172 4166 sed
3200 4114 3377 4167 habeat
3398 4117 3552 4169 vitam
3576 4128 3859 4174 retentans

2229 4196 2410 4266 (Joan.
2451 4215 2539 4264 ιιι,
2576 4201 2676 4265 14,
2704 4203 2796 4272 15)
2831 4218 2843 4256 :
2876 4203 3013 4257 sicut
3038 4207 3305 4260 intuentes
3334 4206 3479 4260 illum
3507 4220 3862 4277 serpentem

2227 4292 2518 4347 exaltatum
2566 4295 2616 4347 in
2646 4309 2861 4359 eremo,
2892 4309 3199 4367 serpentum
3246 4301 3507 4355 morsibus
3535 4317 3645 4356 non
3706 4322 3863 4375 per—

2228 4385 2391 4441 ibant.
2409 4385 2560 4441 Vetus
2576 4388 2715 4442 enim
2734 4390 2884 4444 homo
2898 4401 3064 4445 noster
3081 4394 3315 4460 conﬁxus
3328 4406 3398 4447 est
3415 4397 3546 4448 cruci
3564 4412 3685 4450 cum
3717 4403 3863 4468 illo,

2226 4485 2281 4530 ut
2302 4488 2625 4533 evacuarctur
2648 4496 2831 4551 corpus
2852 4483 3045 4551 peccati
3069 4482 3243 4554 (Rom.
3274 4502 3346 4549 vt,
3365 4486 3450 4548 (il.
3465 4487 3566 4541 Per
3596 4505 3868 4561 serpens-

2229 4578 2334 4623 tem
2361 4569 2505 4624 enim
2538 4571 2846 4641 intelligitur
2870 4589 3049 4640 mors,
3084 4591 3203 4645 qua:
3228 4574 3364 4631 facta
3392 4587 3475 4632 est
3502 4595 3541 4633 ιι
3564 4595 3867 4651 serpente

2228 4661 2278 4715 in
2307 4661 2553 4729 paradiso
2575 4662 2733 4731 (Gen.
2761 4664 2862 4734 ιιι),
2880 4666 3040 4719 modo
3069 4667 3357 4722 locutionis
3377 4684 3471 4736 per
3490 4671 3863 4730 efﬁcientem

2228 4751 2277 4804 id
2308 4751 2446 4820 quod
2474 4752 2704 4808 eflicitur
2728 4748 3149 4811 demonstrantia.
3174 4758 3313 4829 Ergo
3338 4759 3482 4830 virga
3513 4760 3563 4814 in
3594 4777 3868 4833 serpen-

2226 4852 2351 4906 tem,
2369 4840 2613 4900 Christus
2636 4846 2687 4899 in
2714 4858 2937 4901 mortem
2958 4864 2972 4901 :
2991 4858 3043 4902 et
3063 4864 3284 4919 serpens
3298 4866 3484 4907 rursus
3516 4853 3565 4906 in
3586 4855 3869 4925 virgam,

2223 4932 2463 4989 Christus
2493 4937 2543 4990 in
2590 4938 3036 4994 resurrectionem
3066 4948 3209 4995 totus
3250 4957 3369 4996 eum
3401 4959 3634 5014 corpore
3691 4965 3819 5005 suo
3849 4996 3873 5017 ,

2223 5027 2363 5097 quod
2391 5038 2475 5083 est
2502 5029 2741 5086 Ecclesia
2772 5030 2990 5101 (Coloss.
3016 5048 3052 5097 ι,
3081 5031 3199 5103 24),
3220 5035 3359 5103 quod
3391 5037 3442 5089 in
3471 5038 3580 5092 line
3610 5048 3869 5112 ιριιιιιοο

2224 5120 2296 5174 ris
2320 5120 2443 5188 erit,
2460 5136 2616 5192 quem
2638 5116 2906 5192 serpentis
2925 5124 3091 5179 cauda
3120 5126 3400 5195 significat,
3421 5143 3580 5197 quam
3603 5130 3877 5206 Moyses

2225 5213 2424 5279 tenuit,
2454 5223 2514 5268 ut
2534 5214 2730 5269 rediret
2759 5214 2810 5269 iu
2840 5216 3045 5285 virgam.
3070 5215 3262 5289 (Exod.
3294 5234 3377 5279 tv,
3409 5220 3489 5289 4).
3521 5220 3880 5292 Serpentes

2222 5316 2398 5360 autem
2429 5322 2699 5377 magorum
2727 5317 2977 5378 tanquam
3005 5309 3198 5363 mortui
3225 5310 3427 5375 szeculi,
3457 5312 3559 5365 nisi
3590 5321 3881 5377 areae...

2225 5409 2302 5453 tes
2332 5402 2381 5452 in
2408 5400 2675 5454 Christum
2709 5411 2957 5470 tauquam
3000 5400 3237 5455 devorati
3280 5402 3333 5455 in
3359 5418 3559 5473 corpus
3586 5411 3741 5476 ejus
3783 5417 3881 5469 is...

2224 5492 2495 5557 traverint,
2522 5507 2800 5563 resurgere
2825 5494 2875 5546 in
2906 5493 3000 5546 illo
3022 5509 3127 5546 non
3155 5502 3401 5562 poterunt
3426 5493 3537 5567 (Id.
3575 5513 3696 5566 vu,
3735 5508 3881 5575 si),

2224 5584 2380 5653 Lapis
2407 5598 2535 5655 ergo
2554 5584 2717 5639 lacob
2736 5627 2750 5649 .
2784 5592 2840 5637 ut
2868 5583 2976 5637 dixi
3000 5626 3014 5649 ,
3049 5585 3239 5639 melius
3266 5585 3462 5656 aliquid
3489 5589 3887 5657 significavit

2220 5691 2377 5745 quam
2409 5685 2686 5744 serpentes
2712 5690 2985 5745 magorum
3012 5692 3026 5727 :
3050 5687 3102 5729 at
3130 5676 3270 5731 enim
3303 5677 3500 5731 tactum
3532 5696 3889 5753 magni-um

2223 5768 2387 5822 umlto
2405 5768 2713 5821 mirabilius.
2731 5766 2926 5822 Verum
2946 5768 3060 5824 haec
3078 5769 3146 5823 ita
3166 5785 3267 5823 non
3288 5769 3652 5840 przrjudicmt
3678 5785 3889 5841 rclms

2223 5861 2598 5932 intelligendis,
2621 5870 2870 5930 tanquam
2896 5862 2940 5915 si
2958 5862 3192 5917 hominis
3214 5878 3408 5918 nomen
3430 5865 3749 5929 scribatur
3773 5896 3883 5933 au-
