4084 6440
255 390 354 448 881
445 396 448 397 ⁷

240 531 328 582 πο,
351 524 405 571 et
435 513 525 568 Dei
555 519 870 567 atramento.

312 608 406 664 9t.
447 605 566 661 lllas
592 605 753 661 etiam
781 603 949 658 nubes
968 610 1021 656 et
1048 601 1196 671 ignes
1215 596 1482 669 quomodo
1503 596 1726 652 tecet-int
1747 593 1832 648 vel

236 699 633 769 assumpserint
653 696 838 766 Angeli
864 696 930 750 ad
952 693 1356 764 signiﬁcandum
1377 690 1520 762 quod
1546 687 1829 744 annuntia-

242 792 392 854 itant,
421 791 580 845 etiam
612 790 656 844 si
687 789 942 843 Dominus
971 787 1051 841 vel
1074 779 1306 854 Spiritus
1333 795 1551 838 sanctus
1578 782 1680 836 illis
1709 796 1831 834 cor-

239 881 516 951 poralibus
537 880 728 936 (ot-tuis
753 879 1157 942 ostendebatur,
1187 876 1308 946 quis
1334 875 1481 931 novit
1508 872 1828 930 hominum?

239 975 383 1028 sicut
403 973 638 1028 infantes
676 987 783 1027 non
810 978 1072 1026 noverunt
1096 967 1241 1039 quod
1269 968 1320 1021 in
1350 965 1503 1021 altari
1535 965 1748 1036 ponitur
1775 972 1830 1018 et

241 1075 460 1135 peracta
502 1063 714 1133 pietatis
753 1062 1112 1118 celebratione
1153 1059 1514 1121 consumitur,
1558 1055 1700 1112 unde
1743 1057 1828 1112 vel

237 1154 512 1223 quomodo
537 1154 885 1220 conﬁciatur,
925 1151 1064 1206 unde
1103 1151 1154 1204 in
1180 1165 1335 1204 usum
1371 1148 1642 1218 religionis
1675 1162 1828 1201 assa.

237 1256 440 1300 utatur.
472 1245 544 1300 Et
569 1245 612 1299 si
642 1259 909 1314 nunquam
953 1242 1161 1298 discant
1194 1241 1560 1312 experimento
1599 1239 1680 1294 vel
1729 1253 1827 1293 sno

241 1342 328 1395 vel
366 1327 632 1402 aliorum,
676 1348 731 1394 et
772 1353 1040 1406 nunquam
1082 1337 1222 1390 illam
1263 1337 1494 1404 speciem
1539 1348 1718 1390 rerum
1752 1334 1828 1388 vi-

236 1434 437 1495 deant,
467 1432 571 1485 nisi
599 1433 739 1485 inter
770 1429 1165 1484 celebrationes
1201 1427 1664 1482 Sacrat-neatorum
1703 1441 1825 1480 cum

237 1524 468 1578 oﬂ'ertur
492 1532 547 1576 ct
569 1522 744 1582 datur,
768 1519 1085 1587 dicaturque
1105 1519 1213 1572 illis
1234 1518 1550 1572 auctoritate
1569 1517 1827 1587 gravissi-

239 1632 355 1678 sua.
387 1615 538 1684 cuius
561 1628 757 1682 corpus
783 1621 838 1674 et
862 1611 1080 1680 sanguis
1103 1611 1206 1674 sit,
1238 1609 1368 1664 nihil
1394 1608 1536 1664 aliud
1567 1607 1825 1670 credent,

242 1706 347 1760 nisi
377 1706 594 1759 omnino
621 1705 672 1758 itt
698 1705 788 1758 illa
815 1703 992 1772 specie
1018 1700 1297 1756 Dominum
1317 1700 1494 1755 oculis
1520 1699 1828 1768 apparuisse

237 1799 568 1860 mortalium,
597 1807 649 1850 et
677 1795 745 1850 de
769 1796 935 1849 latere
961 1794 1054 1847 tali
1084 1806 1355 1862 percusso,
1388 1791 1646 1860 liquorem
1679 1789 1826 1842 illum

234 1889 463 1943 omnino
488 1888 702 1942 ﬂuxisse
741 1885 918 1957 (ἔθανε.
952 1899 1035 1938 xtx
1056 1924 1072 1949 ,
1098 1883 1217 1951 54).
1257 1882 1381 1936 Mihi
1407 1891 1585 1935 autem
1611 1880 1829 1934 omnino

237 1983 374 2036 utile
415 1989 500 2034 est
537 1991 593 2033 ttt
635 1971 967 2040 meminerim
1007 1976 1195 2030 virium
1222 1989 1500 2038 mearum,
1534 1971 1830 2042 fratresque

237 2089 395 2129 meos
417 2072 731 2126 admoneam
781 2077 838 2123 ttt
877 2077 932 2122 et
963 2068 1061 2137 ipsi
1108 2063 1449 2121 meminerint
1476 2079 1690 2120 suarum
1714 2105 1732 2130 ,
1763 2078 1831 2119 ne

239 2165 378 2219 ultra
405 2179 563 2234 quam
590 2172 758 2216 tntum
781 2169 865 2216 cst
883 2160 1110 2215 humana
1136 2158 1505 2229 progrediatur
1525 2156 1826 2213 inﬁrmitas.

237 2256 701 2325 Quemadmodum
733 2254 873 2308 enim
905 2252 1021 2306 haec
1055 2252 1248 2305 faciant
1286 2250 1472 2320 Augcli
1497 2289 1514 2312 ,
1545 2248 1628 2303 vel
1657 2249 1830 2316 potius

242 2349 388 2402 Deus
416 2346 863 2418 quemadmodum
896 2345 1010 2399 haec
1037 2343 1196 2398 l'aciat
1223 2357 1318 2412 per
1347 2342 1578 2410 Angelos
1604 2355 1752 2401 suos,
1776 2348 1831 2393 et

240 2449 501 2508 quantum
533 2437 645 2492 lieri
678 2436 806 2492 velit
827 2436 987 2490 etiam
1013 2450 1109 2504 per
1134 2434 1352 2504 angelos
1378 2434 1548 2488 malos
1567 2473 1583 2496 ,
1611 2431 1724 2486 sive
1749 2430 1827 2485 si-

239 2525 423 2584 nendo
445 2571 460 2593 ,
487 2530 599 2583 sive
620 2526 858 2598 jubendo
880 2569 898 2592 ,
927 2527 1038 2580 sive
1056 2525 1298 2595 eligendo
1321 2566 1336 2587 ,
1365 2541 1428 2578 ex
1467 2523 1673 2577 occulta
1701 2523 1829 2577 sude

235 2621 485 2674 altissimi
512 2619 719 2689 imperii
744 2621 864 2680 sui;
897 2633 996 2672 ore
1030 2618 1308 2673 oculorum
1348 2618 1464 2671 acie
1502 2624 1784 2685 penetrare
1809 2656 1824 2679 ,

242 2727 343 2766 nec
372 2711 561 2766 ﬁducia
601 2711 822 2765 rationis
859 2709 1176 2772 enucleare,
1213 2724 1316 2762 nec
1346 2715 1599 2776 provectu
1635 2707 1828 2760 utentis

237 2801 698 2871 comprehendere
727 2801 879 2855 valeo
903 2841 917 2862 ,
947 2809 1005 2854 ut
1045 2811 1150 2854 tant
1177 2811 1353 2853 certus
1389 2799 1510 2852 hinc
1551 2802 1734 2868 loquar
1759 2797 1826 2851 ad

235 2897 418 2950 omnia
445 2909 563 2964 quae
589 2893 787 2962 requiri
813 2892 880 2946 de
904 2891 986 2947 lt’s
1014 2891 1172 2946 rebus
1201 2902 1454 2961 possunt,
1487 2906 1642 2959 quant
1666 2891 1708 2943 si
1735 2906 1827 2944 es-

237 2969 354 3042 sem
380 2986 623 3056 angelus,
653 2996 746 3039 aut
769 2985 1044 3054 preplteta,
1069 2994 1158 3037 aut
1176 2983 1468 3052 apostolus.
1489 2982 1825 3053 Cogitationes

235 3079 371 3132 enim
399 3077 694 3130 mortalium
719 3077 909 3129 timida:
923 3115 942 3140 ,
975 3085 1020 3128 et
1047 3076 1254 3128 incertae
1273 3074 1598 3145 prouidentia:
1617 3083 1821 3127 nostra.

233 3168 435 3238 Corpus
463 3169 595 3222 enim
619 3168 752 3237 quod
781 3167 1150 3236 corrumpitur,
1197 3173 1440 3235 aggravet
1485 3165 1709 3224 animum
1729 3204 1748 3230 ,
1778 3175 1824 3218 et

235 3254 475 3328 deprimit
503 3270 697 3313 terrena
723 3259 1024 3312 inhabitatio
1061 3273 1262 3311 sensum
1301 3257 1460 3310 multa
1498 3255 1822 3326 cogitantem.

239 3351 305 3404 Et
331 3352 533 3422 didicite
558 3353 865 3406 cstimamus
884 3366 998 3420 quae
1020 3351 1071 3403 in
1096 3359 1230 3402 terra
1253 3359 1393 3411 sunt,
1415 3358 1461 3401 et
1487 3363 1601 3418 qua:
1624 3349 1676 3401 in
1702 3363 1824 3418 per-

233 3455 410 3512 specto
435 3452 570 3506 sunt,
600 3443 878 3497 invenimus
901 3458 1017 3495 cum
1046 3440 1216 3495 labore
1238 3455 1259 3494 :
1286 3454 1399 3510 qtae
1435 3440 1488 3492 in
1530 3440 1668 3492 caelis
1704 3447 1823 3491 sunt

230 3545 428 3599 autern,
460 3535 571 3604 quis
596 3534 908 3604 investigabit
928 3535 954 3587 ?
994 3532 1100 3588 Sed
1135 3532 1256 3603 quia
1301 3531 1542 3599 sequitur
1569 3540 1623 3584 et
1651 3528 1818 3596 dicit,

234 3629 457 3682 Sensum
480 3637 651 3680 autem
676 3636 818 3679 tuum
845 3625 956 3694 quis
979 3625 1099 3678 sciet
1123 3665 1139 3690 ,
1167 3623 1264 3677 nisi
1301 3633 1355 3675 tu
1392 3621 1588 3675 dederis
1619 3621 1822 3688 sapien-

233 3722 360 3772 tium
383 3759 400 3784 ,
426 3729 472 3772 et
501 3718 694 3771 miseris
723 3716 973 3787 Spiritum
1008 3725 1242 3770 sanctum
1280 3723 1420 3766 tuum
1462 3714 1525 3765 de
1560 3711 1820 3765 altissimis

231 3811 391 3880 (Sep.
421 3826 494 3875 ts,
524 3809 755 3880 I447)?
784 3825 902 3879 qua:
930 3809 982 3862 in
1011 3808 1162 3862 caelis
1183 3814 1307 3861 sunt
1331 3805 1578 3876 quidem,
1605 3819 1708 3858 non
1735 3803 1820 3857 in-

233 3905 596 3974 vestigamus,
625 3919 733 3973 quo
772 3918 949 3956 rerum
985 3917 1182 3972 genere
1221 3909 1278 3955 et
1317 3913 1540 3968 corpora
1583 3897 1819 3966 angelica

231 3995 530 4051 secundum
577 3995 843 4064 prOpriam
892 3993 1202 4062 dignitatem
1227 4032 1243 4055 ,
1284 4001 1339 4044 et
1363 4005 1550 4045 eorum
1574 3987 1818 4058 quaedam

232 4089 538 4156 corporalis
580 4087 723 4140 actio
761 4086 1101 4148 continetur;
1133 4081 1424 4136 secundum
1448 4079 1706 4149 Spiritum
1737 4089 1818 4131 ta-

234 4195 358 4234 tueu
390 4178 483 4232 Dei
524 4179 744 4232 missum
785 4177 938 4230 nobis
975 4175 1042 4230 de
1079 4172 1352 4229 altissimis
1399 4179 1455 4227 et
1499 4169 1818 4240 impartitaut

231 4272 351 4342 ejus
377 4272 604 4342 gratiam
636 4271 904 4326 mentibus
932 4269 1130 4324 nostris
1153 4310 1168 4333 ,
1194 4267 1366 4322 audeo
1397 4265 1712 4320 ﬁducialiter
1737 4261 1820 4316 di-

232 4381 382 4431 cere,
414 4379 514 4419 nec
540 4365 705 4418 Deum
740 4363 948 4417 Patrem
970 4401 986 4427 ,
1016 4376 1116 4415 nec
1140 4358 1371 4414 Verbum
1395 4357 1542 4427 ejus,
1574 4369 1672 4409 nec
1699 4353 1820 4423 Spi-

235 4465 394 4512 ritum
422 4460 538 4524 ejus
563 4497 578 4520 ,
609 4454 753 4525 quod
786 4456 924 4508 Deus
953 4445 1090 4507 unus
1117 4462 1202 4506 est
1223 4491 1238 4514 ,
1285 4466 1378 4520 per
1419 4449 1472 4503 id
1511 4447 1653 4518 quod
1698 4453 1816 4511 est,

233 4564 392 4620 atque
421 4550 650 4619 idipsum
677 4557 780 4611 est,
812 4548 919 4601 ullo
942 4547 1102 4601 modo
1127 4560 1246 4599 esse
1274 4543 1605 4604 mutabilem,
1629 4555 1692 4594 ac
1722 4555 1820 4608 per
1849 4568 1853 4572 τ

237 4644 334 4697 hoc
366 4643 536 4696 multo
560 4642 734 4695 minus
762 4654 884 4694 esse
909 4638 1189 4692 visibilem.
1217 4636 1475 4702 Quoniam
1517 4644 1640 4688 sunt
1667 4648 1818 4702 qutu-

235 4735 355 4789 tlam
395 4733 639 4802 quamvis
677 4730 948 4785 mutabilia
974 4770 989 4792 ,
1020 4745 1125 4782 non
1168 4736 1344 4781 tamen
1372 4725 1602 4780 visibilia
1625 4765 1641 4790 ,
1683 4724 1842 4778 sicut.

237 4834 432 4878 nostra!
473 4823 825 4893 cogitationes
849 4861 865 4886 ,
897 4829 952 4874 et
982 4819 1253 4873 metuorim
1278 4859 1292 4881 ,
1323 4827 1378 4872 et
1403 4816 1700 4870 voluntates
1721 4853 1736 4878 ,
1765 4824 1819 4868 ct

235 4917 409 4970 omnis
435 4917 744 4982 incorporea
772 4922 1014 4967 creatura
1045 4927 1058 4962 :
1093 4909 1302 4964 visibilc
1325 4918 1502 4963 autem
1531 4907 1817 4976 quidquam

237 5027 340 5063 non
364 5019 469 5069 est,
497 5007 638 5077 quod
669 5022 772 5062 non
796 5006 865 5058 sit
890 5001 1165 5056 mutabile.

301 5099 532 5156 CAPUT
562 5098 654 5153 XI.
681 5127 755 5138 —
781 5095 1014 5150 Essentia
1053 5092 1145 5146 Dei
1185 5107 1440 5160 nunquam
1466 5105 1554 5159 per
1577 5105 1630 5142 se
1653 5105 1818 5158 appa-

235 5196 352 5247 ruit.
380 5191 692 5264 Angelorunt
715 5187 990 5242 ministerio
1013 5189 1165 5254 factm
1183 5182 1368 5235 divina:
1393 5180 1634 5236 Pati-ibus
1657 5197 1821 5249 appa-

235 5287 456 5337 ritionrs.
513 5281 742 5352 Objectio
793 5295 859 5333 ea:
905 5275 1141 5345 loquendi
1191 5273 1341 5326 modo
1387 5271 1538 5324 ductu
1586 5271 1815 5323 diluitur.

171 5399 174 5402 ’
219 5375 618 5446 'Apporitionem
655 5372 747 5426 Dei
783 5371 883 5441 ipsi
923 5368 1139 5422 Abralue
1171 5364 1376 5434 perinde
1399 5379 1460 5416 ac
1499 5360 1698 5431 Moysi,
1731 5377 1820 5430 per

233 5473 453 5542 Angelos
484 5474 672 5541 {actam
694 5483 821 5521 esse.
849 5463 996 5518 Idem
1025 5461 1264 5532 probatur
1291 5475 1354 5511 ea:
1379 5458 1484 5527 lege
1504 5456 1623 5507 data
1649 5452 1820 5524 Moysi

237 5583 324 5633 per
349 5564 588 5633 Angelos.
624 5559 760 5627 Quid
789 5557 979 5610 dictum
993 5555 1044 5607 in
1059 5554 1153 5606 Itoc
1172 5551 1321 5613 libro,
1341 5547 1462 5618 quid
1478 5546 1744 5600 dicendum
1768 5545 1820 5598 in

232 5668 481 5729 sequente.
497 5656 832 5725 Quapropter
859 5648 1174 5709 substantia,
1197 5644 1299 5706 vel,
1321 5643 1365 5695 si
1397 5638 1819 5704 tueliusdicitnr,

233 5752 462 5812 essentia
504 5750 596 5805 Dei
621 5791 636 5813 ,
668 5748 753 5802 ubi
784 5761 881 5816 pro
908 5741 1121 5798 modulo
1137 5746 1320 5793 nostro
1335 5751 1400 5789 ex
1428 5733 1825 5804 quantulacum-

234 5863 337 5920 que
363 5839 967 5918 particulaintclligimus
981 5836 1194 5893 Patrem
1209 5840 1267 5889 et
1283 5827 1476 5887 Filium
1496 5837 1552 5885 et
1570 5825 1822 5900 Spiritum

1599 385 1801 443 LIBER
1839 383 2153 445 manus.
2221 453 2226 458 _

1942 511 2182 558 sanctum
2207 545 2225 568 ,
2260 505 2688 578 quandoquidem
2727 510 2872 566 nulto
2900 511 3060 568 modo
3102 514 3373 570 mutabilis
3398 530 3479 574 est
3501 560 3520 584 ,

1941 595 2083 662 nullo
2112 597 2270 652 modo
2299 607 2472 666 potest
2505 601 2614 670 ipsa
2645 618 2738 671 per
2765 605 3104 674 semetipsum
3127 624 3246 662 esse
3277 609 3519 663 visibilis.

2006 687 2097 742 22.
2139 688 2368 745 Proinde
2406 692 2489 745 illa
2533 694 2710 748 omnia
2751 710 2868 765 qua-
2911 695 3159 751 Patt'iluts
3206 701 3315 753 visa
3357 711 3520 767 sunt,

1935 795 2055 835 cum
2081 783 2219 837 Deus
2249 783 2352 838 illis
2389 787 2679 840 secundum
2721 803 2871 842 suam
2901 790 3348 860 dispensationem
3382 805 3520 848 tctn-

1939 875 2155 942 poribtts
2183 891 2470 946 congruam
2497 889 2947 948 praesentaretur,
2983 899 3078 952 per
3113 896 3410 939 creaturam
3442 887 3519 940 fa-

1935 975 2167 1038 ctaesse
2197 968 2530 1024 manifestum
2554 979 2659 1026 est.
2695 973 2757 1028 Et
2784 975 2826 1028 si
2854 991 2951 1030 uos
2991 977 3113 1030 late:
3150 977 3418 1036 quomodo
3453 994 3517 1032 es.

1936 1057 2192 1112 ministris
2238 1059 2455 1131 Angelis
2497 1059 2686 1118 fecerit
2711 1105 2726 1128 ,
2773 1080 2865 1133 per
2906 1067 3138 1138 Angelos
3181 1077 3356 1124 tamen
3399 1085 3520 1124 esse

1935 1149 2091 1217 istem,
2126 1168 2228 1206 nou
2256 1170 2317 1208 ex
2349 1165 2531 1208 nostra
2554 1169 2713 1211 sensu
2739 1155 2965 1211 dicimus
2988 1201 3005 1224 ,
3051 1175 3118 1214 ne
3155 1161 3400 1229 cuiquam
3439 1160 3518 1215 vi-

1933 1241 2157 1296 deantur
2184 1245 2303 1312 plus
2331 1260 2517 1314 sapere
2541 1263 2556 1311 ;
2585 1247 2677 1300 sed
2707 1247 2944 1311 sapimus
2969 1249 3035 1302 ad
3075 1253 3474 1320 temperantiam
3492 1291 3518 1318 ,

1934 1333 2070 1387 sicut
2098 1335 2237 1390 Dens
2268 1338 2418 1391 nobis
2451 1340 2674 1407 partitus
2705 1348 2794 1394 est
2833 1356 3135 1395 mensuram
3172 1341 3293 1398 ﬁdei
3335 1343 3516 1413 (Rom.

1934 1441 2028 1491 xu,
2053 1426 2130 1494 5),
2155 1436 2208 1480 et
2225 1428 2513 1493 credimus,
2539 1438 2755 1498 propter
2773 1432 2910 1498 quod
2939 1440 2993 1485 ct
3011 1431 3279 1501 loquimur
3309 1433 3375 1501 (ll
3393 1431 3515 1488 Cor.

1934 1532 2006 1582 tv,
2038 1516 2148 1588 15).
2181 1518 2368 1572 Exstat
2393 1520 2534 1574 enim
2563 1521 2849 1575 auctoritas
2873 1523 3174 1576 divinarum
3214 1523 3517 1594 Scriptura-

1933 1624 2074 1670 rtnn,
2107 1608 2246 1663 unde
2274 1624 2424 1665 utens
2447 1620 2629 1664 nostra
2650 1599 2871 1666 deviare
2899 1629 3002 1668 non
3031 1614 3226 1682 debet,
3257 1631 3358 1670 nec
3387 1615 3517 1670 reli-

1931 1713 2020 1756 eto
2045 1701 2399 1757 solidamento
2436 1703 2604 1758 divini
2645 1705 2845 1775 eloquii
2870 1721 2970 1776 per
3006 1707 3365 1776 suspicionum
3391 1721 3526 1762 sua~

1935 1809 2052 1847 rum
2089 1793 2314 1864 abrupta
2365 1795 2719 1866 prtecipitari,
2764 1797 2852 1850 ubi
2903 1812 3002 1850 nec
3044 1811 3234 1852 sensus
3279 1797 3534 1866 corporis

1935 1885 2104 1953 regit.
2137 1901 2236 1941 nec
2262 1888 2543 1957 pchpicua
2574 1889 2713 1942 ratio
2744 1888 2986 1943 veritatis
3010 1889 3200 1944 elucet.
3229 1888 3518 1958 Apertissi-

1935 1992 2020 2031 me
2050 1977 2245 2047 quippe
2273 1979 2528 2048 scriptum
2557 1989 2637 2034 est
2662 1979 2716 2034 in
2745 1980 2979 2049 Eptstola
3007 1980 3071 2034 ad
3104 1979 3372 2037 llebraaos.
3396 1994 3516 2033 cum

1933 2069 2261 2138 dispensatio
2289 2069 2419 2126 Novi
2448 2071 2774 2134 Testamenti
2814 2087 2844 2125 a
2881 2071 3282 2140 dispensatione
3309 2067 3519 2124 Veteris
3611 2141 3615 2146 η

1935 2159 2261 2215 Tcstamenti
2305 2161 2598 2217 secundum
2643 2163 3046 2232 congruentiam
3094 2163 3412 2218 sa-culornut
3438 2176 3519 2236 ac

1938 2261 2234 2320 temporum
2266 2252 2716 2324 distingueretur,
2749 2271 2854 2307 non
2898 2263 3100 2308 tantum
3135 2254 3220 2306 illa
3251 2251 3472 2308 visibilia
3497 2293 3514 2316 ,
3595 2260 3606 2278 '

1934 2345 2027 2400 sed
2056 2347 2226 2415 ipsmn
2254 2346 2413 2402 etiam
2442 2361 2744 2402 sermonem
2777 2362 2872 2417 per
2899 2347 3130 2416 Angelos
3173 2345 3388 2402 factum.
3429 2343 3520 2399 Sic

1934 2439 2076 2492 enim
2095 2439 2225 2493 dicit
2247 2458 2260 2493 :
2286 2439 2366 2493 Ad
2384 2457 2529 2510 quem
2549 2452 2716 2516 autem
2737 2439 3041 2511 Angelorum
3061 2439 3191 2492 dixit
3211 2439 3517 2509 aliquando:

1937 2529 2070 2584 Sede
2113 2530 2181 2583 ad
2225 2531 2484 2585 dexteram
2520 2549 2684 2587 meum
2709 2573 2723 2596 ,
2754 2549 2852 2602 quo
2890 2548 3045 2601 usque
3078 2547 3261 2601 ponam
3289 2530 3518 2583 inimicos

1934 2629 2046 2674 tuos
2072 2622 2344 2698 scabeuum
2374 2622 2557 2692 pedum
2586 2632 2786 2674 tuorum
2807 2623 2832 2675 .7
2859 2620 3042 2676 Nonne
3074 2637 3246 2675 attines
3271 2629 3387 2674 sunt
3417 2619 3517 2672 nti-

1935 2713 2082 2765 nistri
2104 2713 2334 2782 spiritus,
2362 2713 2430 2766 ad
2461 2714 2875 2781 ministratiouem
2903 2713 3062 2772 missi.
3093 2723 3296 2782 propter
3325 2728 3408 2765 eas
3431 2711 3519 2781 qui

1933 2803 2093 2874 futuri
2121 2815 2237 2856 sunt
2265 2804 2557 2858 Ita'reditate
2587 2805 2839 2874 possidere
2858 2805 3073 2857 salutent
3111 2803 3291 2876 (Hebr.
3328 2820 3379 2868 ι,
3412 2805 3479 2857 l3
3499 2845 3516 2868 ,

1937 2896 2062 2965 l4)?
2090 2895 2226 2949 Hinc
2251 2895 2483 2949 ostendit
2515 2895 2600 2949 illa
2623 2896 2801 2950 omnia
2829 2911 2932 2948 nou
2956 2896 3131 2950 solum
3164 2910 3258 2963 per
3287 2895 3518 2962 Angelos

1911 2985 2065 3042 laeta
2092 3031 2104 3047 .
2135 2988 2228 3042 sed
2258 2989 2416 3042 ctiam
2459 2998 2675 3059 prapter
2704 3003 2800 3042 nos
2829 2989 2960 3041 facta
2986 3029 3002 3055 ,
3045 2988 3094 3041 id
3134 2997 3216 3040 est
3237 3029 3252 3051 ,
3304 2997 3518 3056 propter

1935 3079 2190 3148 populum
2221 3079 2334 3145 Dei,
2366 3080 2450 3133 cui
2475 3080 2804 3148 promittitur
2834 3079 3115 3133 ha-ncditas
3135 3080 3254 3132 vita:
3279 3088 3522 3133 tuorum-

1931 3171 2080 3228 Sicut
2105 3173 2174 3227 ad
2201 3173 2506 3228 Corinthios
2543 3175 2702 3227 etiam
2747 3175 2998 3243 scriptum
3029 3183 3114 3229 est
3148 3192 3160 3227 :
3197 3174 3381 3227 Omnia
3412 3175 3518 3227 lure

1929 3265 1986 3335 in
2008 3266 2173 3336 ﬁgura
2201 3267 2554 3336 contingebant
2580 3267 2683 3320 illis
2703 3281 2721 3330 ;
2757 3267 2949 3337 scripta
2974 3277 3090 3320 sunt
3115 3278 3282 3320 autem
3305 3266 3373 3319 ad
3396 3283 3517 3319 cor-

1928 3359 2205 3426 reptionem
2243 3367 2468 3412 nostram
2491 3399 2504 3420 ,
2554 3359 2609 3411 in
2655 3374 2779 3428 quos
2823 3358 2942 3425 ﬁnis
2981 3359 3281 3412 saeculorum
3318 3359 3516 3411 obvenit

1929 3450 1986 3523 (l
2015 3451 2134 3506 Cor.
2167 3468 2200 3506 ι
2222 3492 2239 3516 ,
2273 3452 2329 3505 ll
2351 3450 2390 3520 ).
2439 3451 2636 3506 Deinde
2657 3451 2783 3521 quia
2813 3459 2937 3505 tunc
2964 3466 3057 3520 per
3081 3450 3343 3520 Angelos,
3371 3466 3515 3504 nunc

1927 3553 2102 3598 autem
2125 3558 2217 3610 per
2233 3542 2423 3596 Filium
2445 3557 2624 3595 sermo
2643 3541 2808 3596 lactus
2827 3550 2929 3607 est,
2947 3551 3337 3612 consequenter
3352 3557 3511 3611 aper-

1928 3645 2084 3703 teque
2109 3633 2526 3688 detttonstraus:
2569 3632 2876 3702 Propterea,
2920 3631 3130 3701 inquit,
3172 3631 3513 3686 abundantius

1924 3739 2122 3797 oportet
2145 3729 2401 3782 attendere
2422 3746 2512 3782 nos
2536 3744 2594 3780 ea
2613 3744 2729 3798 quin
2751 3728 3058 3791 audivimus,
3081 3743 3145 3781 ne
3166 3729 3296 3798 forte
3315 3726 3508 3795 deﬂua-

1925 3838 2036 3875 ntus
2059 3837 2077 3874 :
2107 3822 2151 3875 si
2175 3821 2308 3874 enim
2328 3821 2414 3891 qui
2440 3837 2530 3889 per
2568 3819 2786 3890 Angelos
2827 3820 2990 3873 dictus
3014 3828 3120 3884 est,
3150 3835 3312 3872 sermo
3348 3820 3516 3888 [actus

1924 3926 1996 3968 est
2025 3914 2222 3980 ﬁrmus,
2253 3923 2301 3966 et
2325 3914 2488 3966 omnis
2516 3912 2866 3980 prwt'aricotio
2891 3921 2937 3964 et
2962 3909 3295 3964 inobedientia
3313 3910 3512 3978 justam

1924 4005 2118 4074 accepit
2148 4004 2390 4058 mercedis
2427 4005 2832 4066 retributionem;
2870 4002 3121 4069 quomodo
3165 4018 3257 4056 nos
3303 3999 3514 4069 ell'ugio-

1925 4114 2038 4150 mus
2061 4139 2078 4161 ,
2107 4106 2300 4150 tantum
2326 4097 2628 4167 negligentes
2655 4095 2910 4150 salutem?
2943 4095 3034 4153 Et.
3052 4094 3202 4163 quasi
3242 4107 3513 4162 quzereres

1923 4204 2081 4258 quant
2108 4189 2333 4242 salutem
2359 4228 2373 4250 ,
2409 4197 2465 4241 ut
2489 4187 2794 4250 ostenderet
2819 4201 2879 4241 se
2901 4185 2969 4240 de
2995 4185 3142 4240 Novo
3166 4184 3510 4240 Testamento

1921 4281 2030 4350 jam
2060 4280 2261 4342 dicere,
2293 4279 2345 4334 id
2375 4289 2478 4342 est,
2510 4295 2760 4335 sermone
2781 4279 2869 4349 qni
2894 4294 2998 4333 non
3026 4293 3121 4346 per
3141 4277 3391 4344 Angelos,
3413 4273 3508 4329 sed

1926 4389 2021 4444 per
2053 4373 2334 4428 Dominum
2365 4372 2534 4426 factus
2553 4381 2635 4427 est
2666 4391 2680 4426 :
2714 4372 2840 4437 Quae
2863 4387 2976 4424 cum
2994 4371 3193 4423 initium
3216 4368 3507 4437 accepisset,

1926 4467 2117 4536 inquit,
2147 4475 2202 4519 ut
2228 4475 2554 4520 enarrat-stur
2579 4481 2668 4534 per
2695 4463 2970 4518 Dominum
2993 4504 3010 4528 ,
3041 4461 3102 4515 ab
3132 4461 3193 4515 iis
3221 4461 3308 4532 qui
3331 4461 3510 4514 audie-

1925 4567 2040 4611 runt
2063 4597 2080 4622 ,
2109 4557 2162 4610 in
2189 4574 2281 4610 nos
2305 4557 2604 4624 con/inuata
2629 4565 2702 4609 est
2726 4596 2742 4620 ,
2773 4563 3079 4608 contestante
3119 4551 3228 4606 Deo
3266 4551 3423 4622 signis
3464 4559 3512 4603 et

1926 4649 2189 4718 portentis,
2218 4657 2265 4702 et
2293 4647 2444 4702 variis
2469 4645 2752 4712 virtutibus,
2784 4656 2831 4700 et
2863 4643 3088 4714 Spiritus
3115 4643 3276 4697 sancti
3301 4641 3510 4704 divisio-

1924 4739 2070 4795 nibus
2094 4739 2370 4793 secundum
2391 4753 2537 4792 suam
2566 4736 2869 4790 voluntatem
2894 4733 3075 4806 (Hebr.
3109 4750 3164 4798 u,
3192 4733 3330 4802 1-4).

1994 4831 2086 4888 23.
2125 4830 2230 4886 Sed
2254 4872 2270 4894 ,
2297 4830 2371 4882 ait
2395 4828 2584 4899 aliquis
2607 4869 2622 4891 ,
2654 4843 2750 4882 cur
2776 4842 2903 4895 ergo
2927 4826 3180 4894 scriptum
3209 4831 3292 4877 est
3315 4862 3328 4883 ,
3363 4819 3512 4874 Dixit

1928 4923 2172 4976 Dominus
2197 4921 2264 4974 ad
2290 4919 2541 4989 Moysen;
2568 4927 2621 4974 et
2649 4934 2754 4971 non
2781 4917 2956 4988 potius
2974 4957 2990 4982 ,
3018 4914 3157 4969 Di\it
3185 4911 3417 4982 Angelus
3439 4911 3508 4965 ad

1924 5015 2190 5088 Moysen?
2217 5013 2348 5080 Quia
2383 5029 2503 5066 cum
2535 5010 2696 5066 verba
2734 5009 2927 5080 judicis
2957 5021 3130 5077 preco
3159 5003 3464 5075 pronuntiat
3487 5042 3506 5066 ,

1925 5125 2028 5164 non
2054 5108 2303 5163 scribitur
2327 5106 2379 5158 itt
2404 5104 2602 5174 gestis,
2631 5102 2721 5158 Ille
2747 5117 2922 5172 praeco
2945 5099 3114 5160 dixit;
3143 5095 3235 5151 sed
3254 5137 3270 5160 ,
3305 5095 3398 5150 Ille
3425 5094 3509 5164 ju-

1924 5201 2024 5256 dvx
2056 5217 2070 5254 :
2099 5199 2176 5252 sic
2201 5199 2360 5252 etiam
2388 5196 2638 5264 loquente
2679 5192 2932 5261 propheta
2961 5197 3146 5244 sancto
3167 5228 3199 5252 ,.
3229 5185 3330 5240 etsi
3355 5185 3507 5240 diea-

1925 5306 2045 5347 utns
2066 5333 2082 5356 ,
2111 5289 2378 5359 Propheta
2407 5286 2541 5343 dixit
2563 5326 2578 5348 ,
2608 5284 2736 5339 nihil
2767 5282 2905 5338 aliud
2934 5297 3092 5352 quam
3125 5280 3402 5334 Dominum
3427 5277 3510 5331 di-

1925 5383 2067 5438 xisse
2093 5380 2317 5449 intelligi
2346 5380 2606 5433 volumus.
2631 5375 2697 5430 Et
2718 5375 2762 5429 si
2789 5374 3050 5437 dicamus,
3075 5371 3332 5426 Dominus
3350 5367 3506 5430 dixit,

1927 5473 2238 5546 prophetam
2266 5485 2370 5525 non
2398 5465 2780 5530 subtraltintns,
2803 5463 2896 5519 sed
2917 5463 3037 5534 quis
3057 5477 3159 5532 per.
3171 5476 3292 5517 eum
3313 5458 3510 5515 dixerit

1925 5568 2296 5623 adtttonemus.
2343 5562 2408 5616 Et
2451 5559 2542 5614 illa
2583 5556 2798 5628 quidem
2842 5555 3113 5625 Scriptura
3153 5567 3295 5621 sa'pe
3337 5550 3510 5614 aperit

1927 5657 2175 5729 angelum
2211 5668 2331 5709 esse
2371 5651 2648 5706 Dominum
2673 5650 2688 5681 ⁸
2715 5689 2732 5717 ,
2775 5663 2880 5719 quo
2927 5646 3174 5717 loquente
3218 5642 3508 5699 identidem

1995 5835 2010 5867 ⁸
2050 5831 2274 5896 Plerique
2294 5835 2424 5891 Mss,
2450 5823 2666 5878 Domina
