4042 6446
556 527 750 583 dicitur
773 567 787 588 .
833 507 1084 578 Dominus
1126 502 1296 582 dixit,
1332 513 1597 585 siettt'jatn
1627 499 2130 568 demonstravimus.

557 617 663 674 Sed
695 625 912 688 propter
937 629 1050 678 eos,
1077 613 1164 683 qui
1193 625 1312 666 eum
1341 608 1612 676 Scriptura
1635 605 1744 660 illic
1767 603 2010 674 angelum
2035 617 2135 656 no-

526 697 534 701 ⁴
560 709 728 763 minat
750 751 766 771 ,
796 709 966 777 ipsum
995 719 1088 774 tier
1113 715 1172 757 sc
1201 701 1374 770 ipsum
1403 699 1598 754 Filium
1640 699 1730 753 Dei
1769 697 1944 750 volunt
1979 693 2137 749 intel-

559 802 647 873 ligi
674 842 690 868 ,
723 803 842 872 quia
888 806 1106 869 propter
1149 792 1603 848 aununtiationem
1649 799 1883 860 paternae
1925 801 1988 841 ac
2027 799 2143 839 sine

559 893 846 948 voluntatis
887 905 917 945 a
963 891 1218 961 propheta
1259 887 1434 941 dictus
1462 893 1544 940 est
1571 883 1827 954 angelus:
1860 887 2140 952 propterea

558 985 700 1039 volui
725 998 790 1039 ex
819 982 916 1036 hac
949 980 1174 1050 epistola
1214 976 1544 1032 manifestius
1586 973 1943 1031 testimonium
1967 972 2100 1027 dare
2121 1012 2140 1040 ,

557 1076 644 1130 ubi
675 1087 779 1128 non
807 1074 1004 1127 dictum
1033 1083 1135 1134 est,
1168 1085 1263 1140 per
1287 1068 1583 1137 Angelnm;
1613 1065 1706 1121 sed
1737 1081 1826 1136 per
1850 1064 2089 1135 Angelos.

569 1188 572 1189 ν
606 1168 718 1222 ﬁt.
761 1168 891 1220 Nam
915 1163 1288 1233 etStnphanus
1317 1161 1369 1216 in
1400 1161 1618 1215 Actibus
1659 1159 2032 1229 Apostolorum
2075 1170 2144 1210 eo

559 1274 709 1313 more
737 1265 915 1312 narrat
946 1257 1081 1320 haec,
1112 1270 1216 1323 «μω
1244 1253 1404 1307 etiam
1437 1253 1487 1305 in
1516 1250 1689 1305 Libris
1717 1247 1985 1304 Veteribus
2012 1262 2144 1301 enn-

559 1351 752 1418 scripta
783 1355 951 1403 sunt:
989 1346 1095 1400 Viri
1131 1347 1314 1415 ['ratres
1353 1353 1398 1396 et
1439 1353 1643 1414 patres,
1681 1341 1884 1404 audite,
1927 1339 2140 1409 inquit.-

559 1443 697 1497 Deus
723 1443 897 1512 gloria!
919 1439 1155 1510 apparuit
1185 1437 1399 1491 Abralnc
1426 1437 1558 1506 patri
1585 1443 1772 1498 nostra,
1803 1450 1916 1487 cum
1942 1441 2065 1485 esset
2091 1431 2144 1485 in

563 1534 932 1603 Mesopotamia
955 1535 972 1565 ί
1007 1533 1150 1604 (Act.
1181 1546 1272 1596 ut,
1299 1529 1380 1601 Ξ).
1409 1528 1488 1583 Ne
1514 1529 1632 1596 quis
1657 1536 1832 1581 autem
1859 1526 2144 1580 arbitrare-

562 1639 648 1682 tur
677 1637 802 1682 tunc
830 1628 992 1681 Deum
1021 1627 1202 1696 gloria:
1229 1667 1243 1691 ,
1287 1639 1383 1692 per
1426 1621 1476 1677 id
1523 1622 1662 1692 quod
1702 1622 1752 1674 in
1783 1635 1842 1676 se
1880 1621 1994 1690 ipso
2020 1628 2098 1674 est
2124 1661 2140 1685 ,

562 1720 871 1788 cujusquam
918 1717 1084 1770 oculis
1132 1716 1442 1785 apparuisse
1485 1712 1786 1766 mortalium
1812 1754 1827 1775 ,
1870 1710 1920 1763 in
1957 1722 2146 1764 conse-

561 1812 846 1881 quentibus
858 1809 1004 1874 dicit,
1025 1809 1165 1879 quod
1184 1807 1348 1879 Moysi
1375 1807 1593 1876 angelus
1613 1805 1935 1875 apparuerit.
1967 1802 2141 1873 Fugit,

566 1903 734 1969 inquit
755 1944 768 1962 .
801 1894 1072 1972 Moyses'in
1101 1899 1245 1954 verbo
1267 1900 1362 1953 isto
1387 1941 1400 1963 ,
1430 1908 1476 1952 et
1505 1902 1669 1969 factus
1695 1906 1770 1950 est
1794 1895 2068 1972 inquilinus
2092 1894 2145 1947 in

567 2003 700 2048 terra
729 1995 941 2047 Madian
965 2035 978 2058 ,
1010 1993 1094 2046 ubi
1120 1993 1288 2063 genuit
1319 1991 1453 2060 ﬁlios
1473 1991 1619 2045 duos.
1659 1989 1730 2043 Et
1753 1989 2012 2058 completis
2039 1987 2146 2042 illic

563 2087 900 2156 quadraginta
925 2085 1090 2148 armis,
1120 2083 1358 2153 apparuit
1396 2083 1476 2135 illi
1504 2081 1556 2135 in
1594 2082 1787 2134 deserto
1814 2080 1995 2132 montis
2018 2077 2147 2133 Sina

563 2178 771 2249 angelus
802 2176 1004 2228 Domini
1033 2176 1082 2228 in
1105 2176 1312 2244 [intuma
1330 2175 1461 2244 ignis
1480 2173 1532 2228 in
1558 2171 1704 2227 rubo.
1750 2171 1954 2241 Moyses
1979 2179 2146 2222 autem

563 2272 757 2336 ridens,
783 2269 1058 2323 mirabatur
1079 2269 1260 2322 risum.
1283 2267 1384 2334 Qui
1402 2283 1516 2320 cum
1537 2265 1789 2320 accederet
1809 2263 2144 2329 considerare,

564 2365 701 2435 facta
745 2369 818 2414 est
858 2376 954 2414 vox
993 2359 1197 2412 Domini
1243 2359 1454 2411 dicens:
1483 2355 1592 2427 Ego
1623 2373 1734 2409 sum
1776 2355 1912 2409 Deus
1947 2364 2149 2425 patrum

565 2465 761 2505 tuorum
782 2493 799 2517 ,
839 2450 969 2505 Deus
994 2450 1244 2503 Abraham
1265 2492 1278 2514 ,
1304 2459 1348 2502 et
1373 2448 1508 2503 Deus
1533 2447 1710 2510 Isaac,
1735 2456 1781 2500 et
1811 2445 1945 2500 Deus
1965 2444 2145 2500 Iacob.

564 2542 912 2612 Tremefactus
952 2554 1118 2595 autem
1160 2540 1396 2611 Moyses,
1425 2555 1523 2593 non
1557 2539 1772 2592 audebat
1809 2537 2146 2591 considerare.

567 2635 805 2704 Dixitque
827 2634 902 2688 illi
929 2631 1176 2686 Dominus
1201 2673 1217 2697 ,
1244 2632 1393 2685 Solve
1411 2631 1799 2685 calceamentum
1818 2628 2002 2699 pilum
2032 2637 2148 2682 tuo-

563 2741 677 2779 rum
706 2724 897 2794 (Exod.
923 2740 959 2779 ιι
985 2767 1000 2790 ,
1032 2724 1188 2778 ίὸ-ιιι
1213 2763 1226 2785 ,
1254 2722 1308 2793 7)
1330 2764 1342 2785 ,
1374 2731 1476 2776 etc.
1525 2721 1620 2774 llic
1651 2729 1795 2775 certe
1821 2729 1875 2774 et
1903 2719 2146 2789 angelum

565 2828 620 2871 et
667 2817 945 2872 Dominum
989 2817 1156 2881 dicit,
1185 2814 1536 2885 etnndemque
1562 2815 1726 2869 Deum
1756 2813 2022 2868 Abraham
2047 2853 2064 2880 ,
2095 2823 2151 2868 et

566 2909 734 2961 limim
764 2907 927 2971 Isaac,
957 2917 1011 2962 et
1040 2909 1204 2962 Deum
1233 2906 1416 2971 Jacob,
1442 2908 1576 2961 sicut
1601 2906 1651 2960 iu
1673 2904 1867 2962 Genesi
1893 2907 2149 2975 scriptum

564 3011 665 3055 ea.

638 3091 725 3147 25.
768 3091 851 3146 An
881 3089 1018 3146 forte
1063 3089 1341 3160 quisquam
1383 3089 1622 3144 dicturus
1669 3098 1754 3143 est
1795 3089 1934 3158 quod
1981 3088 2149 3160 Moysi

569 3197 668 3246 per
692 3183 935 3246 angelum
965 3180 1208 3251 apparuit
1240 3181 1507 3242 Dominus.
1547 3180 1776 3235 Abralne
1813 3196 1939 3235 vero
1968 3197 2065 3250 per
2091 3197 2151 3236 se

569 3273 778 3342 ipsum?
809 3276 875 3327 At
898 3274 998 3330 hoc
1025 3289 1052 3327 a
1080 3273 1355 3343 Stephano
1383 3289 1485 3327 non
1514 3289 1814 3344 quanamus
1840 3291 1853 3327 :
1888 3275 2058 3344 ipsum
2089 3275 2154 3329 li-

567 3365 724 3418 brum
772 3365 914 3420 unde
959 3364 1261 3434 Stephanus
1304 3364 1403 3420 ista
1453 3365 1707 3430 narravit,
1741 3366 2148 3433 interrogemus.

564 3455 833 3526 Numquid
874 3455 1016 3510 enim
1061 3456 1182 3526 quia
1209 3456 1466 3526 scriptum
1504 3464 1617 3521 est,
1652 3454 1721 3509 Et
1746 3457 1875 3510 dixit
1903 3455 2152 3512 Dominus

565 3547 705 3600 Deus
734 3548 802 3601 ad
832 3547 1086 3601 Abraham
1118 3547 1266 3619 (Gen.
1289 3563 1384 3613 xu,
1419 3548 1505 3620 1);
1539 3555 1593 3602 et
1623 3549 1782 3618 paulo
1808 3557 1944 3618 post,
1981 3547 2045 3602 Et
2073 3549 2152 3602 vi-

565 3655 652 3691 sus
677 3647 752 3693 est
773 3637 1022 3693 Dominus
1045 3637 1183 3692 Deus
1211 3638 1429 3693 Abrahae
1457 3636 1566 3710 (Id.
1599 3655 1727 3701 xvn,
1755 3640 1806 3710 l)
1835 3657 1848 3693 :
1873 3649 2152 3709 propterea

568 3729 666 3782 ista
698 3745 804 3784 non
832 3744 926 3800 per
953 3731 1182 3801 Angelos
1213 3728 1346 3786 facta
1377 3732 1539 3786 sunt?
1562 3730 1698 3786 Cum
1723 3732 1829 3786 alio
1857 3733 1973 3786 loco
1998 3733 2152 3787 simi-

568 3822 691 3875 liter
714 3821 879 3885 dicat,
915 3821 1064 3876 Visus
1093 3807 1164 3877 est
1189 3832 1357 3878 autem
1381 3823 1427 3876 ei
1452 3821 1591 3877 Deus
1613 3823 1682 3877 ad
1705 3824 1869 3878 ilicem
1900 3823 2147 3892 Mambre,

567 3914 758 3966 sedenti
799 3914 869 3966 ad
917 3915 1103 3968 ostium
1144 3915 1455 3968 tabernaculi
1500 3915 1579 3967 sui
1623 3913 1868 3980 meridie;
1895 3923 1950 3969 et
1974 3917 2154 3972 tat'ncn

567 4013 965 4073 Consequenter
993 4006 1276 4074 atljungat,
1320 4005 1609 4074 Respiciens
1642 4014 1808 4060 autem
1843 4006 2002 4061 oculis
2047 4009 2156 4061 suis

570 4095 692 4146 vidit
711 4137 725 4157 ,
753 4105 800 4148 et
827 4110 939 4148 ecce
965 4105 1064 4148 tres
1091 4095 1185 4149 viri
1217 4097 1418 4150 stabant
1455 4111 1606 4164 super
1631 4112 1744 4150 eum
1772 4098 1826 4162 ²;
1865 4097 1935 4152 de
1959 4097 2150 4168 quibus

568 4187 674 4257 iam
701 4186 935 4240 diximus
961 4187 1072 4256 (ld.
1101 4202 1230 4240 mn
1250 4228 1264 4252 ,
1296 4189 1346 4250 ι,
1376 4185 1468 4254 ‘2).
1497 4187 1778 4255 Quomodo
1813 4191 1956 4244 enim
2001 4201 2152 4260 pote-

574 4289 697 4331 runt
727 4279 848 4344 isti,
881 4280 967 4346 qui
1001 4279 1079 4332 vel
1111 4293 1138 4330 a
1169 4278 1346 4333 verbis
1375 4277 1442 4331 ad
1481 4279 1807 4334 intellectum
1837 4281 2024 4335 nolunt
2061 4274 2152 4336 as;

572 4384 790 4438 surgere
810 4411 824 4433 .
857 4370 942 4423 vel
974 4369 1125 4424 facile
1151 4383 1213 4424 se
1237 4370 1304 4424 ab
1336 4369 1608 4424 intellectu
1635 4371 1686 4424 in
1714 4373 1873 4428 verba
1905 4375 2152 4444 praecipi-

573 4471 681 4512 tant
705 4501 720 4522 ,
745 4460 1014 4530 quomodo
1046 4470 1295 4528 poterunt
1322 4461 1592 4529 explicare
1627 4463 1800 4517 visum
1836 4481 1955 4521 esse
1986 4465 2152 4521 Deum

573 4553 621 4605 in
655 4552 780 4606 viris
808 4551 998 4611 tribus.
1029 4553 1128 4606 nisi
1156 4567 1273 4619 θος,
1297 4554 1434 4610 sicut
1459 4554 1620 4610 etiam
1649 4561 2026 4626 consequentia
2053 4561 2152 4614 do-

570 4655 727 4711 cent,
760 4644 979 4713 angelos
1019 4643 1181 4700 fuisse
1215 4645 1519 4700 fateantur?
1545 4649 1624 4701 An
1665 4649 1787 4718 quia
1817 4665 1921 4703 non
1951 4650 2151 4706 dictum

571 4745 674 4800 est,
701 4735 932 4804 Angelus
959 4735 1007 4789 ei
1038 4735 1242 4790 loeutus
1270 4746 1386 4802 est,
1413 4737 1497 4791 vel
1519 4779 1533 4804 ,
1566 4740 1836 4807 apparuit;
1870 4751 2149 4808 propterea

571 4828 749 4882 dicere
791 4827 1090 4890 audebunt,
1121 4829 1287 4900 Moysi
1333 4829 1547 4899 quidem
1597 4831 1742 4885 illam
1787 4831 2045 4887 visionem
2090 4851 2152 4889 ac

573 4919 754 4972 rorem
803 4935 896 4989 per
935 4905 1184 4989 angelum
1217 4921 1442 4984 factam,
1472 4921 1592 4989 quia
1637 4921 1707 4974 ita
1751 4924 2004 4991 scriptum
2034 4932 2150 4991 est;

570 5009 800 5063 Ala-alue
835 5018 1012 5065 autem
1035 5050 1049 5075 ,
1082 5011 1202 5080 quia
1234 5013 1674 5065 commemoratio
1709 5013 1881 5079 angeli
1927 5029 2032 5067 non
2073 5024 2153 5069 est

573 5103 707 5154 facta
729 5141 743 5165 ,
769 5113 866 5170 per
893 5101 1242 5154 substantiam
1279 5116 1428 5154 suam
1461 5102 1625 5155 Deum
1656 5104 1968 5172 apparuisse
1996 5113 2154 5174 atque

572 5192 852 5246 sonuisse?
877 5193 1013 5259 Quid
1037 5191 1179 5262 quod
1207 5206 1304 5246 nec
1329 5191 1468 5261 apud
1497 5193 1764 5247 Abraham
1786 5195 1852 5249 de
1872 5196 2064 5265 angelo
2081 5205 2158 5250 ta-

570 5284 732 5336 cituut
762 5283 881 5338 est?
921 5281 1051 5336 Nam
1103 5284 1173 5336 ita
1217 5282 1429 5352 legitur,
1455 5297 1577 5337 cum
1628 5284 1986 5341 immolandtts
2017 5287 2154 5342 tilius

573 5377 691 5435 eius
713 5375 1094 5444 prasciperetur
1111 5374 1134 5405 ³
1159 5393 1172 5429 :
1197 5373 1264 5427 Et
1295 5376 1484 5441 factum
1509 5388 1578 5430 est
1609 5385 1720 5445 post
1742 5378 1848 5432 hth
1863 5379 2028 5443 verba,
2055 5389 2156 5433 ειη-

573 5467 696 5517 tavit
723 5462 865 5519 Deus
891 5466 1165 5528 Abraham,
1197 5475 1243 5518 et
1268 5466 1399 5520 dixit
1425 5465 1493 5519 ad
1513 5483 1626 5520 eum
1651 5483 1670 5521 .°
1689 5468 1962 5535 Abraham,
1992 5469 2155 5524 Abra-

584 5675 588 5680 ι
639 5645 655 5708 ξ
693 5652 794 5688 sm.
820 5647 872 5690 et
893 5641 1085 5708 quidam
1110 5649 1233 5708 Ms_s.,
1251 5641 1305 5708 in
1329 5644 1665 5707 Mesopotamia
1685 5643 1856 5708 syrius.

637 5705 656 5736 ί
691 5709 765 5750 Er.
806 5709 858 5752 et
892 5709 1000 5750 ιον.
1033 5705 1122 5752 hoc
1154 5705 1259 5769 loco
1290 5704 1488 5769 habent,
1532 5704 1734 5769 propter
1759 5720 1884 5756 eum.
1913 5707 2000 5756 sed
2035 5721 2150 5756 cou-

571 5771 760 5834 stantcr
778 5770 883 5813 Mss.
910 5773 965 5814 ut
998 5778 1160 5827 supra,
1202 5767 1380 5834 lihro_2
1399 5777 1563 5834 contra
1600 5767 1918 5834 tiaximiuum,
1942 5782 2046 5834 cap.
2075 5770 2150 5834 28,

573 5838 624 5879 ιι.
717 5839 864 5893 super
883 5840 1008 5893 eum.
1034 5826 1195 5876 Graece
1221 5829 1344 5889 apud
1371 5833 1496 5889 LXX,
1521 5829 1672 5893 ἐραηό
1693 5829 1850 5880 autut.
1997 5826 2013 5834 ’
2075 5826 2085 5844 ⁴

635 5887 663 5920 ³
821 5887 1061 5952 plerique,
1095 5887 1349 5953 petentur.

1705 398 1792 452 oe
1831 391 2218 452 summm
2261 393 2315 448 s.
2361 382 2723 455 ACCUSTlNl
3561 435 3564 439 ι
3719 381 3812 457 est

2250 511 2384 566 ham.
2421 510 2488 565 Et
2515 513 2598 567 ille
2623 515 2750 568 dixit
2770 531 2790 569 :
2810 513 2950 569 Ecce
2978 532 3088 586 ego.
3117 515 3181 571 Et
3206 513 3334 571 dixit
3356 517 3404 571 ei
3425 533 3445 572 :
3463 518 3648 588 Accipe
3668 518 3827 586 ﬁliuni

2247 609 2388 655 tuum
2418 604 2684 670 dilectum,
2711 623 2858 674 quem
2888 607 3087 678 diligis,
3117 607 3301 673 Isaac,
3329 618 3374 662 et
3402 610 3530 663 uade
3561 611 3615 662 in
3646 621 3826 663 terram

2247 694 2495 747 excelsam
2515 737 2529 759 ,
2559 705 2604 749 et
2629 694 2758 762 oﬁ’er
2783 713 2896 751 eum
2921 699 2988 752 ibi
3030 700 3082 752 in
3109 700 3458 754 holocaustum
3489 715 3649 768 super
3678 711 3830 754 unum

2249 786 2496 838 montium
2521 803 2666 856 quem
2693 785 2784 841 tibi
2804 788 2997 842 dixero.
3023 787 3182 845 Certe
3211 790 3298 846 hic
3327 792 3498 856 Deus,
3531 806 3636 845 non
3667 808 3831 863 ange-

2249 873 2351 941 lus,
2381 889 2832 933 cummi-moratus
2861 889 2961 935 est.
2995 881 3160 935 Paulo
3187 892 3306 950 post
3332 897 3461 936 vero
3493 883 3561 936 ita
3587 897 3648 936 se
3676 881 3834 937 habet

2247 967 2517 1040 Scriptura
2545 991 2557 1024 :
2587 971 2873 1027 Eatendens
2900 970 3066 1027 autem
3096 974 3349 1028 Abraham
3392 991 3602 1028 manum
3646 993 3792 1029 suam
3818 1018 3832 1038 ,

2249 1064 2461 1132 sumpsit
2485 1064 2729 1134 gladium,
2754 1066 2978 1118 occidere
3001 1066 3016 1098 ⁸
3041 1066 3204 1134 lilium
3229 1083 3394 1120 suum.
3423 1065 3487 1119 Et
3509 1067 3704 1119 vocarit
3723 1083 3835 1119 eum

2249 1157 2461 1226 angelus
2491 1155 2694 1210 Domini
2721 1158 2784 1211 de
2807 1158 2930 1212 (telo
2951 1201 2965 1222 ,
2998 1167 3044 1212 et
3083 1160 3210 1214 dixit
3238 1164 3285 1213 ei
3308 1178 3328 1214 :
3351 1160 3605 1214 Abraham
3626 1203 3641 1224 ,
3672 1160 3830 1213 Abra-

2251 1249 2387 1303 ham.
2423 1248 2486 1304 Et
2515 1249 2643 1303 dixit
2673 1265 2692 1298 :
2717 1249 2848 1305 Ecce
2872 1268 2982 1322 ego.
3017 1249 3082 1305 Et
3105 1253 3231 1306 dixit
3255 1267 3274 1305 :
3297 1249 3378 1305 Ne
3397 1253 3602 1323 injicias
3627 1269 3840 1304 manum

2251 1349 2389 1392 tuam
2416 1356 2564 1410 super
2591 1357 2822 1408 puerum,
2853 1358 3010 1410 neque
3033 1342 3193 1410 facias
3214 1343 3260 1395 ei
3285 1343 3580 1412 quidquam.
3607 1343 3743 1410 Quid
3767 1345 3838 1394 ad

2252 1428 2352 1483 hoc
2382 1430 2772 1498 respondetur?
2811 1433 2893 1485 An
2922 1431 3115 1485 dicturi
3145 1442 3271 1485 sunt
3314 1433 3478 1485 Deum
3516 1432 3747 1501 juSSisse
3777 1443 3837 1486 ut

2249 1521 2582 1576 occideretur
2623 1521 2808 1587 Isaac,
2851 1534 2902 1577 et
2951 1524 3196 1592 angelum
3250 1522 3618 1593 prohibuisse;
3671 1540 3838 1593 porro

2251 1612 2420 1683 ipsum
2451 1602 2650 1682 patrem
2675 1613 2957 1667 adversum
2991 1614 3081 1669 Dei
3111 1625 3455 1684 pr:rceptum,
3484 1616 3571 1685 qui
3600 1616 3838 1684 jusserat

2251 1713 2309 1758 ut
2349 1705 2654 1770 occideret,
2683 1707 3083 1776 obtemperasse
3110 1709 3298 1776 angelo
3331 1717 3386 1761 ut
3428 1709 3706 1778 parceret?
3735 1709 3835 1762 Ri-

2249 1793 2453 1849 dendns
2482 1803 2535 1848 et
2553 1795 2888 1864 abjicicndus
2915 1795 2998 1850 hic
3024 1812 3211 1851 sensus
3241 1809 3342 1851 est.
3373 1799 3478 1852 Sed
3506 1815 3681 1868 neque
3708 1802 3841 1854 huic

2253 1896 2357 1940 tam
2386 1901 2568 1942 crasso
2596 1889 2620 1918 '
2649 1898 2700 1942 et
2724 1887 2933 1954 ahjccto
2973 1889 3136 1943 ullum
3186 1890 3358 1944 locum
3400 1891 3673 1962 Scriptura
3712 1909 3841 1947 esse

2253 1979 2545 2047 permittit,
2583 1980 2836 2034 continuo
2876 1980 3198 2049 subjungens
3231 1997 3246 2034 :
3291 1981 3442 2036 Nunc
3469 1985 3598 2037 enim
3623 1989 3842 2052 eognori

2251 2073 2368 2142 quia
2397 2072 2540 2126 times
2573 2071 2735 2126 Deum
2762 2081 2814 2126 tu
2833 2114 2847 2136 ,
2880 2084 2926 2126 et
2965 2090 3066 2127 non
3110 2076 3372 2143 pepercisti
3399 2076 3506 2145 ﬁlio
3535 2087 3620 2129 tuo
3649 2076 3840 2130 dilecto

2253 2174 2458 2236 propter
2484 2180 2580 2218 me.
2627 2163 2760 2232 Quid
2788 2174 2890 2227 est,
2923 2176 3126 2235 propter
3155 2183 3268 2230 me;
3309 2168 3408 2221 nisi
3458 2179 3673 2237 propter
3709 2185 3838 2222 eum

2253 2256 2340 2325 qui
2372 2255 2543 2309 occidi
2566 2255 2830 2324 iusserat?
2859 2256 2998 2311 Idem
3027 2257 3184 2327 igitur
3207 2259 3343 2312 Dens
3371 2259 3598 2313 Abralue
3623 2261 3712 2330 qui
3735 2276 3840 2313 an-

2253 2350 2420 2416 gelus.
2444 2365 2509 2403 an
2537 2350 2711 2418 potius
2739 2365 2831 2419 per
2844 2352 3088 2420 angelum
3113 2350 3288 2404 Deus?
3308 2352 3502 2421 Accipe
3522 2355 3801 2418 sequentia
3821 2360 3846 2407 :'

2252 2451 2398 2496 certe
2435 2441 2543 2510 jam
2575 2441 2662 2496 hic
2691 2441 2909 2510 angelus
2941 2443 3372 2498 inanifestissime
3401 2461 3688 2514 expressus
3717 2456 3839 2510 est;

2253 2534 2464 2588 attende
2497 2546 2669 2589 tamen
2701 2536 2824 2605 quid
2870 2546 3188 2591 conteratur
3215 2556 3228 2592 :
3255 2537 3544 2609 Respiciens
3579 2541 3843 2596 Abraham

2254 2628 2415 2682 ocnlis
2440 2629 2543 2682 suis
2569 2628 2689 2682 vidit
2707 2671 2723 2696 ,
2753 2637 2798 2682 et
2831 2645 2941 2683 ecce
2966 2629 3098 2684 aries
3128 2647 3255 2685 unus
3285 2631 3542 2685 tenebatur
3570 2636 3621 2685 in
3657 2635 3844 2689 arbore

2255 2718 2730 2785 sabeclt'cornibus;
2757 2731 2802 2774 et
2831 2723 2952 2775 abiit
2979 2722 3230 2775 Abraham
3253 2765 3267 2786 ,
3295 2733 3340 2777 et
3369 2725 3560 2792 accepit
3589 2726 3801 2780 arietem
3824 2770 3839 2792 ,

2256 2822 2302 2866 ct
2327 2811 2506 2867 obtulit
2541 2829 2652 2865 eum
2680 2813 3024 2867 holocaustum
3068 2831 3158 2883 pro
3192 2813 3340 2868 Isaac
3373 2816 3481 2884 [ilio
3507 2833 3619 2869 suo.
3655 2815 3722 2869 Et
3753 2833 3842 2870 co-

2255 2903 2561 2974 gnominavit
2581 2903 2833 2957 Abraham
2861 2921 3039 2958 nomen
3067 2906 3164 2958 lori
3189 2906 3326 2959 illius
3343 2949 3356 2970 ,
3403 2906 3653 2960 Dominus
3682 2909 3807 2960 cidit
3825 2951 3841 2973 ,

2256 3006 2311 3049 ut
2335 2997 2503 3049 dicant
2529 2996 2676 3050 hodie
2702 2997 2838 3068 quod
2864 2992 2914 3050 in
2948 3008 3112 3051 monte
3138 2998 3384 3053 Dominus
3410 3001 3544 3053 visus
3571 3011 3642 3054 est
3665 3015 3684 3054 :
3702 3000 3844 3055 sicut

2218 3154 2225 3160 ἡ
2258 3082 2415 3150 paulo
2443 3091 2565 3135 ante
2594 3083 2733 3150 quod
2761 3082 2900 3136 dixit
2926 3083 3067 3137 Deus
3100 3099 3196 3151 per
3217 3085 3486 3153 angelum,
3524 3084 3681 3138 Nunc
3708 3088 3846 3139 enim

2257 3171 2464 3241 cognovi
2490 3172 2608 3240 quia
2636 3173 2779 3226 times
2811 3171 3006 3235 Deum;
3037 3188 3140 3226 non
3171 3175 3292 3243 quia
3324 3184 3446 3228 tunc
3477 3175 3616 3229 Dens
3640 3193 3842 3246 etvguoa

2258 3263 2399 3317 visse
2438 3261 2811 3331 intelligendus
2842 3272 2954 3325 cst,
2988 3263 3078 3317 sed
3101 3266 3275 3333 egisse
3306 3273 3360 3318 nt
3393 3281 3487 3334 per
3530 3267 3696 3320 Deum
3731 3269 3844 3335 ipse

2257 3355 2523 3409 Abraham
2550 3365 2897 3425 cognosceret
2917 3367 3140 3425 quantas
3166 3356 3390 3412 haberet
3414 3359 3555 3413 vires
3575 3359 3755 3412 cordis
3777 3362 3842 3414 ad

2259 3447 2608 3501 obediendmn
2642 3447 2749 3501 Deo
2776 3463 2939 3518 usque
2969 3451 3032 3503 ad
3064 3448 3478 3506 iuunolationem
3518 3455 3660 3507 unici
3708 3453 3840 3510 ﬁlii:

2260 3539 2351 3594 illo
2379 3538 2538 3594 modo
2577 3539 2858 3594 locutionis
2895 3556 3001 3610 quo
3029 3541 3357 3609 signiﬁcatur
3391 3558 3488 3613 per
3516 3543 3842 3600 efficientem

2260 3631 2309 3686 id
2351 3631 2490 3700 quod
2531 3630 2791 3693 efficitur,
2823 3632 2958 3686 sicut
2984 3631 3181 3686 dicitur
3207 3631 3374 3704 frigus
3417 3634 3662 3705 pigrum,
3699 3639 3842 3708 quod

2261 3721 2437 3788 pigros
2463 3719 2616 3785 facit;
2647 3731 2704 3776 ut
2733 3720 2853 3776 ideo
2872 3723 3185 3790 cognovisse
3204 3721 3491 3787 diceretur,
3517 3729 3640 3795 quia
3665 3728 3842 3796 ipsum

2261 3812 2532 3866 Abraham
2564 3827 2890 3882 cognoscere
2919 3812 3138 3878 fecerat,
3169 3829 3327 3883 quem
3361 3824 3570 3885 poterat
3601 3817 3764 3871 latere
3793 3819 3850 3871 fi-

2260 3903 2346 3958 dei
2386 3919 2497 3957 sna:
2540 3903 2796 3968 firmitas,
2846 3903 2946 3956 nisi
2979 3903 3068 3956 tali
3097 3903 3468 3971 experimento
3506 3905 3847 3974 probaretur.

2262 3994 2334 4050 Ita
2364 4004 2418 4050 et
2446 3995 2531 4050 hic
2556 3994 2948 4064 cognominavit
2977 3994 3245 4048 Abraham
3288 4010 3480 4050 nomen
3523 3997 3622 4050 loci
3671 3997 3814 4052 illius
3833 4040 3850 4063 ,

2263 4084 2514 4140 Dominus
2541 4087 2662 4139 uidit
2687 4101 2706 4139 :
2733 4085 2781 4139 id
2805 4095 2906 4147 eSt,
2936 4085 3074 4153 quod
3105 4086 3272 4140 videri
3296 4101 3353 4139 se
3381 4085 3525 4140 fecit.
3557 4086 3688 4142 Nam
3713 4105 3849 4145 (ξοη-

2265 4181 2410 4234 tinno
2438 4190 2651 4234 secutus
2668 4181 2760 4246 ait,
2794 4179 2860 4235 Ut
2881 4181 3048 4234 dicant
3073 4181 3221 4235 hodie
3240 4181 3377 4254 quod
3398 4183 3448 4236 in
3473 4193 3641 4236 monte
3661 4180 3858 4237 Domi-

2263 4289 2356 4325 nus
2399 4272 2534 4325 visus
2582 4282 2685 4325 est.
2720 4273 2858 4327 Ecce
2903 4273 3040 4327 idem
3070 4275 3288 4341 angelus
3321 4274 3569 4328 Dominus
3599 4274 3810 4330 dicitur
3835 4295 3854 4330 :

2263 4371 2426 4432 quare
2444 4402 2457 4423 ,
2489 4360 2587 4414 nisi
2614 4361 2732 4430 quia
2764 4377 2860 4432 per
2883 4361 3129 4430 angelum
3161 4362 3452 4417 Dominus?
3480 4362 3596 4418 Jam
3621 4379 3760 4418 vero
3798 4368 3858 4419 in

2263 4465 2328 4504 eo
2367 4451 2506 4520 quod
2544 4453 2801 4518 sequitur,
2836 4452 3144 4520 prophetiee
3175 4454 3392 4505 omnino
3420 4453 3656 4522 loquitur
3681 4469 3858 4523 ange-

2267 4542 2367 4604 lus,
2398 4551 2452 4596 et
2479 4557 2697 4610 prorsus
2723 4544 2893 4612 aperit
2922 4543 3062 4613 quod
3095 4559 3191 4613 per
3215 4545 3459 4614 angelum
3493 4547 3631 4600 Deus
3656 4546 3858 4616 loqua-

2267 4643 2370 4686 tur.
2407 4631 2471 4686 Et
2512 4635 2738 4698 vocavit,
2767 4633 2961 4703 inquit,
2991 4635 3202 4704 angelus
3228 4631 3437 4688 Domini
3457 4634 3714 4688 Abraham
3749 4638 3857 4691 itec-

2263 4742 2377 4778 rum
2394 4726 2456 4778 de
2476 4727 2620 4790 ctelo,
2646 4725 2816 4778 dicens
2833 4741 2852 4779 :
2879 4725 2978 4778 Per
2998 4742 3076 4779 me
3097 4728 3291 4798 jurari,
3315 4728 3435 4781 dicit
3457 4727 3726 4791 Dominus,
3756 4747 3860 4800 pro

2263 4833 2320 4869 eo
2345 4817 2480 4883 quod
2507 4817 2667 4888 fecisti
2708 4817 2801 4871 hoc.
2840 4819 3072 4884 verbum,
3105 4829 3151 4872 et
3187 4837 3288 4873 non
3327 4823 3596 4890 pepercisti
3621 4823 3728 4891 ﬁlio
3761 4835 3861 4877 tuo

2264 4908 2445 4960 dilecto
2471 4918 2678 4977 prapter
2701 4925 2778 4961 me
2804 4909 2915 4980 (id.
2942 4910 3096 4979 ειη),
3125 4919 3230 4964 etc.
3261 4911 3384 4964 Haec
3405 4922 3551 4965 certe
3579 4915 3765 4978 verba,
3793 4925 3863 4969 ut

2265 4999 2406 5050 dicat
2436 4998 2522 5052 ille
2552 5015 2645 5065 per
2673 5015 2828 5068 quem
2857 5000 3094 5069 loquitur
3124 5001 3398 5067 Dominus,
3431 5000 3561 5055 Ha'c
3587 5004 3704 5056 dicit
3737 5004 3863 5056 Do-

2264 5090 2449 5154 minus,
2479 5092 2637 5142 etiam
2660 5089 2941 5158 Propheta:
2969 5091 3144 5145 solent
3176 5091 3392 5146 habere.
3424 5096 3503 5148 An
3547 5095 3587 5148 F
3594 5096 3709 5148 ilius
3760 5098 3864 5152 Dei

2263 5181 2330 5236 de
2362 5183 2512 5235 Patre
2540 5182 2646 5246 ait,
2674 5181 2808 5234 Dicit
2838 5180 3087 5237 Dominus
3108 5226 3122 5245 ,
3157 5194 3207 5236 et
3249 5186 3359 5254 ipse
3388 5195 3470 5239 est
3497 5186 3588 5240 ille
3615 5191 3868 5257 Angelus

2268 5271 2471 5327 Patris?
2514 5271 2648 5339 Quid
2696 5273 2861 5342 ergo?
2888 5273 2956 5327 de
2987 5274 3089 5327 illis
3117 5275 3284 5327 tribus
3314 5276 3442 5329 viris
3467 5293 3644 5330 nonne
3673 5281 3872 5348 resid-

2264 5365 2410 5418 ciunt
2432 5363 2700 5433 quomodo
2727 5373 3035 5433 urgeantur,
3065 5366 3154 5434 qui
3179 5366 3271 5420 visi
3295 5376 3422 5420 sunt
3447 5368 3692 5434 Abrahae,
3720 5384 3867 5424 cum

2267 5455 2573 5524 praedictum
2605 5463 2746 5508 cSSct
2765 5495 2781 5518 ,
2818 5454 2963 5508 Visus
2992 5467 3065 5509 est
3095 5457 3141 5509 ei
3171 5456 3456 5511 Dominus?
3489 5463 3568 5512 An
3597 5459 3724 5526 quia
3759 5463 3872 5516 viri

2265 5546 2390 5599 dicti
2419 5553 2561 5606 sunt,
2593 5559 2697 5598 non
2723 5553 2877 5599 erant
2902 5546 3121 5616 Angeli?
3152 5547 3422 5602 Danielem
3453 5549 3631 5620 legant
3656 5548 3876 5605 dicen-

2266 5645 2394 5700 tetu,
2425 5631 2555 5688 Ecce
2582 5635 2657 5688 vir
2685 5633 2892 5689 Gabriel
2921 5635 3084 5706 (Dan.
3106 5651 3188 5704 ιι,
3211 5636 3330 5709 21).

2263 5772 2366 5882 LK;
2384 5770 2520 5832 Edili,
2544 5764 2701 5819 volens
2722 5766 2957 5820 occidere.
2987 5771 3150 5832 Abest,
3170 5770 3342 5833 colens,
3368 5785 3393 5821 a
3417 5779 3543 5834 Mss,
3567 5779 3613 5822 et
3636 5783 3662 5821 a
3684 5771 3881 5835 gravati

2329 5867 2366 5926 tn
2457 5902 2581 5957 Mss,
2606 5899 2704 5945 tam
2724 5906 2901 5960 gressa.
