4084 6432
532 402 636 458 887
1629 396 1713 449 DE
1751 392 2118 449 TRNITATE

536 522 678 586 Iutis,
706 533 800 587 per
825 517 941 585 ejus
967 515 1176 568 nuit-nm
1218 510 1542 565 Salvatorezn
1576 509 1805 561 hominis
1830 518 1883 561 et
1918 506 2118 560 illumi-

534 620 771 665 natoretn
806 628 817 661 :
853 609 993 662 hunc
1039 607 1109 658 ita
1158 610 1399 672 agentem
1433 602 1448 632 ¹
1486 610 1540 655 et
1589 599 1857 655 dolentem
1898 598 2120 653 scientia

534 720 638 758 non
684 703 865 762 inﬂat.
895 701 1013 768 quia
1062 696 1292 749 eharitas
1341 694 1565 747 :t‘tlilittat
1607 693 1647 765 (Ι
1681 692 1796 745 Cor.
1847 706 1939 744 vut
1968 732 1981 752 ,
2017 688 2116 757 t)‘;

540 796 823 863 praeposuit
852 792 992 845 enim
1024 788 1299 842 scientiam
1340 784 1576 840 scientia:
1601 828 1615 849 ,
1647 782 1936 852 {im-posuit
1981 783 2118 835 scire

537 887 895 947 inﬁrmitatem
922 897 1071 941 suam
1091 927 1106 950 ,
1131 880 1299 954 magis
1326 895 1483 949 quam
1509 879 1643 932 scire
1672 877 1851 931 mundi
1882 876 2074 929 muenia
2105 916 2120 938 ,

542 981 880 1035 fundamenta
913 988 1169 1032 terrarum
1196 1016 1209 1039 ,
1242 986 1297 1030 et
1342 971 1543 1044 fastigia
1570 970 1826 1024 cmlurnm
1859 984 1871 1020 :
1903 978 1955 1021 et
1984 968 2119 1020 hanc

531 1071 846 1140 apponendo
863 1071 1160 1133 scientiam,
1179 1069 1423 1137 apposuit
1444 1067 1683 1120 dolorem
1705 1060 1900 1135 (Eccle.
1925 1076 1962 1126 ι,
1991 1058 2079 1132 18)
2106 1076 2141 1129 ;ν

535 1163 775 1217 dolorem
804 1159 1243 1231 peregrinationis
1264 1177 1374 1214 sua!
1401 1175 1461 1212 ex
1491 1156 1755 1211 desiderio
1778 1156 1961 1225 patrize
1985 1166 2116 1217 sum,

534 1264 589 1307 et
612 1253 903 1309 conditoris
928 1253 1041 1320 ejus
1085 1254 1221 1307 beati
1253 1252 1347 1306 Dei
1379 1252 1479 1305 sui.
1512 1250 1566 1303 lu
1600 1250 1699 1301 hoc
1725 1264 1921 1318 genere
1951 1246 2121 1300 homi-

535 1363 660 1401 umn
680 1388 697 1411 ,
727 1348 778 1399 in
809 1346 1000 1400 familia
1039 1346 1233 1399 Christi
1267 1344 1341 1397 tui
1368 1386 1381 1406 ,
1423 1343 1643 1397 Domine
1674 1341 1812 1395 Deus
1853 1355 2002 1392 tut-us
2027 1380 2041 1403 ,
2075 1339 2118 1392 si

535 1442 672 1495 inter
702 1454 959 1508 pauperes
986 1449 1104 1491 tuos
1141 1453 1330 1507 gemo,
1355 1436 1423 1489 da
1470 1435 1595 1488 mihi
1628 1433 1694 1487 de
1739 1449 1873 1503 pane
1907 1443 1996 1485 tuo
2038 1448 2119 1486 re-

536 1531 802 1600 spondere
830 1529 1134 1584 hominibus
1164 1529 1250 1597 qui
1282 1543 1384 1580 non
1414 1526 1654 1579 esuriunt
1681 1535 1733 1578 et
1763 1526 1949 1577 sitiunt
1971 1524 2125 1590 justi-

537 1624 662 1676 tiam
686 1622 905 1689 (Matth.
940 1638 991 1685 v,
1025 1620 1114 1693 ti).
1149 1619 1239 1673 sed
1269 1618 1440 1671 satiati
1482 1626 1603 1670 sunt
1632 1626 1685 1671 et
1710 1616 1997 1669 abundant.
2032 1614 2127 1669 Sa-

538 1716 685 1769 tiavit
710 1725 885 1769 autem
916 1715 1031 1768 illos
1064 1714 1368 1784 phantasma
1401 1726 1608 1775 eorum,
1643 1726 1746 1761 non
1776 1709 1973 1762 veritas
2001 1718 2088 1760 tua
2109 1748 2123 1769 ,

537 1823 694 1876 quam
726 1804 1032 1876 repellendo
1071 1805 1348 1869 resiliunt,
1375 1812 1428 1858 et
1455 1803 1507 1856 in
1547 1817 1696 1856 suam
1726 1802 2011 1854 vanitatem
2040 1816 2130 1854 Ca-

538 1899 691 1953 dunt.
722 1900 832 1968 Ego
870 1907 1015 1953 certe
1044 1897 1217 1952 sentio
1253 1910 1411 1965 quam
1457 1894 1621 1949 multa
1667 1894 1912 1963 figmenta
1960 1890 2129 1961 pariat

539 2006 635 2045 eor
661 1991 944 2044 humanum
977 2007 988 2041 :
1021 1998 1070 2043 et
1116 1987 1239 2058 quid
1267 1997 1348 2041 est
1388 2002 1486 2041 cor
1516 2002 1689 2041 meum
1716 1974 1865 2051 ,‘uisi
1905 2000 1998 2039 eor
2028 1984 2127 2037 lut-

541 2084 794 2137 manum?
820 2082 923 2138 Sed
954 2083 1054 2137 hoc
1094 2097 1190 2135 oro
1236 2082 1398 2135 Deum
1444 2079 1621 2133 cordis
1651 2079 1788 2143 mei,
1819 2085 1877 2133 ut
1908 2077 2037 2132 nihil
2062 2093 2125 2131 ex

538 2176 617 2228 eis
638 2174 903 2244 figmentis
927 2190 1022 2242 pro
1048 2172 1218 2227 solido
1242 2188 1368 2225 vero
1392 2181 1664 2224 eructuem
1696 2171 1747 2223 in
1775 2169 1869 2223 has
1892 2169 2093 2223 litteras
2110 2210 2125 2233 ,

539 2269 631 2323 sed
661 2270 783 2324 inde
811 2270 987 2324 veniat
1011 2269 1061 2321 itt
1092 2283 1184 2321 eas
1212 2266 1463 2335 quidquid
1499 2282 1590 2335 per
1617 2282 1699 2319 me
1729 2267 1908 2320 Venire
1940 2275 2125 2333 potue-

538 2361 646 2424 rit,
673 2360 811 2415 unde
856 2360 981 2413 mihi
1010 2401 1022 2421 ,
1056 2358 1302 2429 quamvis
1343 2357 1580 2426 projecto
1622 2372 1651 2410 a
1689 2356 1824 2411 facie
1850 2357 2123 2410 oculorum

537 2467 754 2505 suorum
781 2452 796 2521 (
824 2451 964 2506 Psal.
997 2468 1099 2505 xxx
1124 2493 1136 2514 ,
1168 2450 1236 2505 23
1258 2452 1297 2519 ),
1329 2449 1472 2503 etde
1515 2444 1802 2519 longinquo
1829 2449 2001 2503 redire
2031 2464 2124 2502 co-

540 2543 683 2595 nanti
710 2544 753 2605 ’,
785 2558 878 2611 per
904 2543 1037 2595 riam
1070 2557 1226 2611 quam
1259 2542 1444 2594 stravit
1474 2540 1804 2593 humanitate
1830 2540 1851 2571 ³
1877 2539 2125 2593 divinitas

541 2632 803 2705 Unigeniti
835 2634 936 2699 sui,
966 2651 1091 2687 aura
1122 2634 1359 2687 veritatis
1388 2633 1503 2703 ejus
1529 2632 2037 2703 aspergituroQuam
2071 2633 2121 2685 iu

539 2735 740 2781 tantum
770 2728 890 2780 licet
916 2726 1180 2780 mutabilis
1212 2726 1415 2791 haurio,
1444 2725 1496 2779 in
1538 2733 1789 2794 quantum
1818 2724 1868 2777 in
1901 2739 1961 2777 ea
1994 2724 2121 2778 nihil

537 2818 788 2872 mutabile
827 2818 980 2871 video
1001 2860 1014 2877 .
1048 2834 1145 2871 nec
1186 2817 1314 2871 locis
1360 2826 1412 2871 et
1442 2816 1771 2885 temporibus
1793 2859 1809 2882 ,
1840 2816 1977 2870 sicut
2000 2832 2123 2870 cor-

538 2924 700 2979 pora;
730 2924 829 2964 nec
858 2911 985 2963 solis
1015 2910 1342 2977 temporihus
1369 2918 1422 2963 et
1457 2908 1606 2977 quasi
1649 2909 1780 2962 locis
1804 2950 1818 2972 ,
1850 2909 1987 2961 sicut
2010 2909 2119 2977 spi-

538 3000 733 3054 rituum
761 3010 1060 3053 nostrorum
1083 3000 1459 3069 cogitationes;
1491 3015 1588 3053 nec
1618 3000 1745 3052 solis
1770 3001 2120 3068 temporibus,

535 3103 592 3146 et
608 3093 747 3146 nulla
768 3092 849 3145 vel
868 3091 1096 3161 imagine
1120 3091 1377 3146 locorum.
1402 3090 1538 3143 sicut
1558 3089 1797 3159 qua-dam
1819 3100 2118 3144 nostrarum

535 3184 792 3238 mentium
820 3184 1267 3236 ratiocinationes.
1294 3182 1524 3235 Omnino
1550 3182 1691 3234 enim
1726 3182 1815 3233 llei
1847 3184 2075 3236 essentia
2101 3224 2117 3248 ,

534 3291 636 3345 qua
664 3284 767 3342 est,
800 3275 928 3328 nihil
960 3275 1211 3328 nnitahile
1243 3274 1419 3336 habet,
1453 3288 1551 3327 nec
1581 3273 1630 3326 in
1658 3274 1953 3327 arternitale
1976 3315 1990 3336 ,
2023 3290 2121 3329 nec

535 3370 587 3422 in
614 3369 854 3433 veritate,
884 3383 985 3423 nec
1015 3368 1064 3420 in
1095 3367 1366 3421 voluntate
1400 3383 1412 3418 :
1444 3366 1564 3432 quia
1594 3374 1789 3419 a-terna
1820 3366 1886 3419 ihi
1917 3376 2000 3420 est
2028 3384 2119 3422 \e-

535 3459 665 3513 ritas
690 3500 704 3521 ,
736 3470 931 3511 a-terna
962 3458 1229 3521 charitas;
1257 3466 1310 3511 et
1335 3471 1459 3510 vera
1491 3456 1559 3509 ibi
1603 3466 1684 3511 est
1713 3456 1965 3522 charitas,
1997 3475 2118 3513 rem

533 3549 840 3614 :eternitas;
889 3558 944 3604 et
990 3548 1150 3603 chara
1205 3548 1274 3601 ibi
1327 3556 1409 3603 cst
1463 3550 1770 3615 teter-nitas,
1819 3549 1977 3605 chara
2031 3566 2121 3606 ve-

534 3641 682 3695 ritas.

607 3729 832 3784 C:\Pl'T
872 3728 1153 3784 PRIMUM.
1194 3759 1263 3769 —
1298 3727 1352 3783 2.
1401 3728 1503 3783 Per
1543 3731 1849 3801 agnitionem
1895 3734 2115 3800 infirmi-

534 3823 651 3877 tatis
688 3832 871 3875 nostra:
906 3822 1213 3892 perﬁciatur.
1267 3820 1481 3875 Verbum
1530 3824 1846 3879 incarnatum
1894 3825 2119 3878 tenebras

535 3924 732 3968 nostras
759 3912 919 3983 pellit.
952 3911 1056 3967 Sed
1082 3913 1331 3981 quoniam
1357 3914 1716 3967 exsulavimus
1740 3914 1807 3967 ab
1834 3916 2119 3970 incommu-

534 4003 680 4058 tabili
706 4003 931 4072 gaudio,
967 4018 1065 4055 nec
1108 4013 1283 4057 tamen
1326 4002 1450 4057 inde
1489 4004 1695 4071 praecisi
1725 4015 1884 4075 atque
1907 4007 2115 4075 abrupti

533 4109 739 4159 sumus,
767 4104 823 4147 ut
857 4108 959 4147 non
989 4093 1146 4147 etiam
1179 4095 1233 4148 in
1261 4095 1374 4148 istis
1400 4092 1739 4148 mutabilibus
1766 4105 1817 4149 et
1849 4106 2117 4165 tempora-

535 4184 672 4237 libus
698 4184 1066 4247 a-teruitatem.
1098 4186 1371 4239 veritatem
1397 4227 1412 4250 ,
1444 4184 1820 4239 beatitudinem
1852 4203 2118 4256 qua-rere-

536 4292 653 4329 tnus
681 4281 813 4345 (nec
844 4278 975 4331 tnori
1021 4278 1161 4331 enim
1188 4319 1204 4343 ,
1236 4294 1333 4332 nec
1377 4277 1517 4343 falli,
1550 4293 1649 4332 nec
1691 4280 1987 4347 perturbari
2020 4297 2115 4335 vo-

534 4369 781 4435 lumus);
839 4370 995 4423 missa
1048 4380 1170 4423 sunt
1222 4369 1373 4423 nobis
1422 4368 1672 4423 divinitus
1727 4371 1836 4424 visa
1884 4386 2114 4445 congrua

534 4459 942 4529 peregrinationi
973 4470 1167 4514 nostra:
1192 4501 1205 4521 ,
1236 4460 1427 4528 quibus
1465 4459 1875 4517 admonerentur
1901 4474 2001 4517 non
2029 4465 2117 4519 hic

531 4566 653 4603 esse
680 4550 816 4616 quod
844 4552 1152 4620 quaeritans,
1185 4551 1277 4604 sed
1322 4550 1446 4605 illuc
1471 4552 1539 4605 ah
1565 4552 1661 4607 ista
1697 4552 1716 4583 ⁸
1741 4570 1860 4609 esse
1889 4558 2117 4612 redeuu-

529 4639 677 4701 duut,
704 4639 842 4693 unde
871 4642 970 4694 nisi
1003 4640 1373 4709 penderentus,
1402 4640 1486 4695 hic
1508 4658 1568 4696 ea
1601 4660 1703 4698 non
1728 4662 2110 4715 qua-rerentns.

522 4740 607 4801 ‘Ac
638 4740 864 4807 primttm
908 4739 1058 4792 nobis
1100 4740 1525 4808 persuadendum
1558 4740 1690 4805 fuit,
1720 4752 1973 4810 quantum
2016 4756 2114 4796 nos

528 4828 771 4898 diligeret
800 4829 939 4883 Deus
960 4869 976 4893 ,
1005 4845 1073 4883 ne
1096 4830 1467 4898 desperatione
1495 4849 1598 4886 non
1639 4834 1955 4886 auderemus
1982 4834 2111 4904 erigi

530 4919 581 4972 in
609 4935 751 4973 eum.
793 4919 988 4985 Quales
1025 4929 1201 4974 autem
1240 4921 1522 4988 dilexerit,
1550 4924 1756 4977 ostendi
1797 4926 2069 4992 tqmrtehat
2093 4968 2109 4990 ,

527 5025 595 5064 ne
621 5018 869 5079 tanquam
895 5010 962 5064 de
988 5012 1191 5065 meritis
1220 5014 1413 5066 no~tris
1438 5014 1826 5083 superbientes.
1853 5017 2018 5082 magis
2044 5014 2112 5069 ab

526 5116 594 5154 eo
624 5101 951 5157 resiliremus
991 5111 1045 5156 et
1084 5104 1134 5156 in
1167 5113 1344 5157 nostra
1378 5103 1687 5159 fortitudine
1717 5107 1884 5174 magis
1911 5105 2111 5161 delice-

528 5207 707 5246 remus
740 5210 751 5244 :
783 5208 845 5247 ac
873 5209 968 5265 per
993 5193 1093 5248 hoc
1119 5194 1227 5264 egit
1265 5195 1538 5249 nobiscum
1564 5238 1579 5261 ,
1608 5207 1664 5249 ut
1694 5213 1787 5266 per
1817 5197 1932 5266 t‘jllS
1962 5199 2112 5253 forti-

529 5283 764 5337 tudinem
794 5285 967 5352 potius
998 5288 1374 5353 proticeremus
1397 5328 1411 5351 ,
1438 5297 1597 5361 atque
1628 5288 1694 5340 ita
1729 5289 1778 5341 in
1808 5288 2110 5343 infirmitate

528 5372 837 5427 humilitatis
877 5375 1223 5443 perficeretur
1260 5376 1424 5431 virtus
1461 5378 1753 5432 charilatis.
1801 5379 1910 5432 lloc
1949 5379 2111 5449 signi-

526 5463 650 5516 licat
675 5463 725 5516 in
766 5463 975 5518 Psalqu
1000 5505 1014 5530 ,
1045 5465 1130 5520 ttbi
1170 5466 1281 5519 ait:
1315 5464 1544 5555 Plueiam
1577 5469 1910 5521 voluntariam
1938 5487 2109 5539 segre-

590 5620 607 5687 ξ
639 5626 817 5670 Omnes
838 5633 989 5687 prepe
1009 5628 1133 5687 Mss,
1146 5619 1227 5687 ita
1248 5629 1475 5687 egentem.

586 5682 618 5754 '_
644 5682 891 5754 Bernensis
913 5682 1451 5745 remstissimuscodes,
1477 5691 1521 5735 et
1544 5685 1606 5735 de
1620 5683 1874 5749 longinquo
1888 5689 2109 5750 conanti;

524 5744 721 5799 omisso,
747 5743 927 5793 redire.
987 5801 998 5811 .
1440 5743 1445 5745 ⁷
1697 5743 1719 5749 ⁷

588 5804 611 5833 ³
643 5804 777 5861 εᾱίῑί,
801 5803 1099 5854 huntamtati.
1121 5805 1285 5857 Melius
1311 5815 1435 5862 Mss.
1462 5806 1770 5859 hmnam'tate.

584 5864 609 5898 δ
641 5866 773 5926 Editi,
798 5866 863 5916 ad
886 5866 1008 5930 ipsa.
1037 5875 1091 5919 At
1113 5875 1238 5931 Mss,
1263 5870 1321 5920 ab
1336 5870 1457 5930 ista;
1476 5871 1660 5921 scilicet
1683 5874 2099 5935 peregrinatione.

2139 435 2153 455 ,
2196 392 2253 446 Β.
2298 390 2665 449 AUGUSTINI

3714 404 3827 457 838

2226 522 2353 575 guns
2371 548 2386 572 ,
2419 505 2557 561 Deus
2580 548 2595 574 ,
2632 508 2916 563 heredituti
2954 521 3091 577 tute;
3119 523 3164 567 et
3193 514 3449 582 inﬁrmata
3473 527 3577 580 est,
3622 529 3675 571 tu
3707 537 3826 573 rero

2228 596 2479 671 perfecisti
2515 616 2625 654 eam
2655 600 2838 673 (Psal.
2874 619 3008 657 Litru
3034 646 3049 669 ,
3084 605 3201 673 10).
3234 606 3469 660 Pluviam
3496 609 3693 679 quippe
3727 627 3824 661 vo-

2230 691 2509 745 lnntariam
2548 693 2754 747 nonnisi
2783 696 3005 765 gratiam
3039 699 3149 751 vult
3178 697 3436 769 intelligi,
3469 718 3571 753 non
3614 702 3828 756 meritis

2229 782 2509 847 redditam,
2535 783 2626 837 sed
2653 787 2814 854 gratis
2835 786 3033 854 datam,
3058 787 3198 842 unde
3217 799 3271 843 et
3290 793 3454 859 gratia
3480 795 3821 847 nominatur:

2227 874 2374 927 dedit
2416 876 2557 928 enim
2602 891 2759 941 eam,
2791 893 2893 931 non
2938 881 3057 947 quia
3107 880 3251 942 digni
3294 898 3506 936 eramus
3531 925 3547 948 ,
3575 883 3670 937 sed
3700 890 3828 954 quia

2228 966 2411 1018 voluit.
2445 966 2552 1020 lloe
2580 979 2965 1037 cognoscentes
2988 1011 3002 1036 ,
3038 986 3142 1024 non
3192 971 3413 1027 fidentes
3456 976 3508 1027 in
3538 976 3691 1030 nobis
3722 978 3828 1030 eri«

2229 1071 2378 1121 mus;
2408 1066 2459 1111 et
2488 1058 2587 1113 hoc
2614 1069 2698 1113 est
2729 1061 3002 1116 infirmari.
3036 1062 3151 1132 Ipse
3177 1081 3302 1117 vero
3329 1068 3537 1135 perlicit
3567 1085 3665 1121 nos
3686 1112 3701 1133 ,
3735 1072 3826 1138 qui

2228 1149 2385 1203 etiam
2417 1150 2577 1204 Paulo
2615 1155 2857 1223 apostolo
2899 1155 3031 1208 dixit
3060 1173 3071 1206 :
3105 1157 3301 1227 Sum-rit
3346 1161 3431 1212 tibi
3467 1163 3634 1230 gratia
3669 1179 3818 1225 mea;

2229 1259 2346 1295 nam
2392 1241 2546 1297 virtus
2588 1243 2640 1296 in
2684 1244 2979 1312 infirmitate
3018 1249 3277 1318 perﬁcitur
3322 1251 3395 1320 (ll
3436 1251 3553 1306 Cor.
3596 1270 3703 1319 xu,
3734 1254 3825 1324 9).

2232 1336 2658 1393 l‘ersuadeudum
2678 1355 2803 1409 ergo
2820 1348 2934 1395 erat
2956 1342 3151 1396 homini
3175 1355 3425 1414 quantum
3455 1363 3551 1403 nos
3574 1348 3831 1405 dilexerit

2232 1428 2393 1491 Deus,
2413 1440 2465 1483 et
2487 1432 2669 1499 quales
2688 1432 2933 1487 dilexerit
2953 1452 2963 1486 :
2985 1445 3259 1505 quantum,
3287 1452 3355 1494 ne
3378 1435 3827 1511 deSperaremus;

2230 1520 2433 1586 quales,
2462 1538 2527 1573 ne
2556 1523 2975 1590 superhiremus.
3008 1525 3159 1581 llnuc
3190 1528 3361 1582 locum
3393 1533 3678 1598 Apostolus
3707 1551 3831 1601 per-

2232 1612 2588 1665 necessarium
2614 1614 2691 1667 sic
2721 1630 2781 1667 ex
2796 1615 2953 1683 plicat
2982 1632 2995 1669 :
3031 1614 3361 1673 Commendat
3386 1634 3556 1674 autem
3581 1665 3596 1687 ,
3633 1627 3824 1691 inquit.

2229 1719 2371 1755 suam
2400 1705 2696 1757 charitatem
2737 1705 2877 1759 Deus
2916 1708 2966 1760 in
3016 1710 3159 1762 nobis
3182 1751 3195 1772 ,
3240 1716 3477 1779 quoniam
3518 1731 3630 1766 cum
3660 1717 3830 1770 adhuc

2232 1808 2513 1864 peccatores
2553 1816 2769 1852 essemus
2794 1842 2806 1859 .
2856 1800 3085 1855 Christus
3124 1820 3216 1873 pro
3263 1808 3404 1858 nobis
3448 1819 3676 1879 mortuus
3716 1820 3787 1861 est
3809 1825 3830 1871 ζ

2231 1888 2387 1941 multo
2417 1891 2577 1959 magis
2610 1891 2879 1960 justi/irati
2932 1910 3065 1946 nunc
3095 1895 3145 1946 in
3190 1898 3434 1966 sanguine
3474 1898 3668 1967 ipsius.
3699 1902 3831 1954 salvi

2230 1977 2415 2030 erimus
2439 1980 2501 2031 ab
2526 1981 2602 2032 ira
2633 1998 2723 2050 per
2752 1982 2939 2050 ipsum.
2976 1984 3036 2037 Si
3062 1987 3195 2037 enim
3222 2004 3334 2039 cum
3364 1989 3554 2041 inimici
3582 2008 3826 2059 essemus,

2229 2072 2532 2123 reconciliati
2577 2090 2751 2126 sunnts
2792 2073 2897 2128 Deo
2942 2093 3032 2140 per
3070 2089 3280 2131 mortem
3312 2078 3437 2131 Filii
3477 2082 3619 2150 ejus;
3669 2085 3831 2138 multo

2230 2162 2389 2229 magis
2420 2164 2731 2217 reconciliati
2768 2166 2893 2219 salvi
2923 2167 3109 2221 erimus
3138 2170 3187 2221 in
3218 2170 3315 2221 rita
3349 2170 3510 2239 ipsius
3535 2174 3552 2241 (
3578 2172 3721 2227 Romi
3760 2192 3791 2224 ν
3811 2217 3827 2238 ,

2228 2253 2285 2304 8-
2306 2254 2422 2324 l0).
2457 2253 2585 2308 Item
2614 2256 2717 2309 alio
2748 2257 2863 2311 loco
2898 2276 2909 2309 ε
2948 2259 3083 2326 Quid
3110 2278 3249 2331 ergo,
3282 2263 3469 2333 inquit.
3504 2266 3728 2321 dicemus
3760 2270 3830 2322 ad

2228 2346 2372 2400 Ita'c?
2401 2346 2462 2401 Si
2495 2346 2631 2402 Deus
2667 2367 2759 2419 pro
2791 2352 2961 2415 nobis,
2988 2355 3098 2421 quis
3125 2366 3298 2407 contra
3325 2374 3414 2411 nos
3434 2360 3459 2411 ?
3489 2357 3590 2424 Qui
3616 2362 3835 2432 proprio

2231 2435 2366 2489 Filio
2390 2454 2489 2490 non
2512 2440 2759 2509 pepercit,
2778 2442 2866 2494 sed
2888 2460 2980 2510 pro
3001 2443 3139 2496 nobis
3161 2446 3386 2499 omnibus
3409 2450 3614 2502 tradidit
3637 2452 3825 2518 illum,

2192 2534 2195 2537 '
2225 2528 2476 2596 quomodo
2504 2546 2604 2583 non
2633 2539 2679 2583 ct
2708 2546 2822 2584 cum
2852 2532 2940 2586 illo
2970 2534 3110 2588 nobis
3144 2537 3312 2589 omnia
3341 2537 3540 2593 donavit
3570 2538 3690 2611 (Id.
3725 2558 3825 2604 vn,

2226 2620 2284 2673 51
2313 2661 2328 2685 ,
2362 2620 2460 2692 32)
2482 2621 2507 2675 ?
2531 2622 2681 2690 Quod
2710 2635 2886 2678 autem
2917 2626 3112 2679 factum
3142 2628 3294 2681 uultis
3318 2632 3684 2697 auntmtiatur,
3716 2632 3823 2687 hoc

2226 2711 2461 2767 futurum
2492 2715 2877 2769 ostendebatur
2902 2728 2955 2771 ct
2982 2718 3216 2788 antiquis
3240 2720 3425 2787 justis,
3460 2732 3516 2776 ut
3546 2739 3641 2792 per
3671 2741 3827 2779 eam-

2224 2805 2343 2858 dem
2369 2806 2525 2860 tidem
2549 2808 2707 2861 etiam
2733 2809 2831 2878 ipsi
2860 2808 3122 2865 humiliati
3152 2814 3567 2880 inlirmareutur,
3589 2826 3643 2871 et
3666 2818 3825 2872 inliro

2225 2898 2348 2951 tnati
2380 2898 2784 2966 peIliccrentnr.

2294 2992 2345 3046 ὅ.
2378 2991 2509 3060 Quia
2534 2993 2689 3062 igitur
2710 3009 2869 3047 ututm
2893 2993 3123 3049 Verbum
3149 2996 3240 3050 Dei
3261 3006 3362 3064 est,
3392 3015 3488 3068 per
3512 2999 3650 3069 quod
3677 2999 3817 3057 facta

2222 3091 2345 3135 sunt
2367 3082 2562 3147 omnia,
2584 3084 2721 3152 quod
2746 3094 2826 3138 est
2844 3085 3289 3141 incommutabilis
3304 3090 3519 3155 veritas,
3543 3090 3609 3145 ibi
3631 3076 3820 3160 pr'ineio

2224 3175 2411 3243 palitcr
2441 3176 2456 3208 ¹
2504 3187 2664 3247 atque
2708 3178 3214 3233 incommnmhiliter
3252 3191 3375 3234 sunt
3405 3183 3579 3236 omnia
3606 3185 3768 3238 simul
3802 3188 3849 3249 ;‘

2224 3284 2325 3319 nou
2356 3268 2525 3321 solum
2554 3283 2672 3337 qute
2700 3285 2839 3322 nunc
2870 3280 2993 3323 sunt
3024 3271 3075 3323 in
3110 3271 3208 3326 hac
3246 3274 3493 3327 universa
3524 3286 3772 3330 creatura
3801 3318 3818 3338 ,

2220 3373 2403 3411 rerum
2429 3358 2588 3413 etiam
2621 3376 2740 3429 qua:
2769 3360 2981 3414 fuerunt
3008 3371 3062 3415 et
3088 3380 3205 3433 qua:
3237 3362 3410 3417 futura
3443 3376 3584 3420 sunt.
3618 3367 3688 3421 lhi
3719 3384 3819 3421 au-

2222 3456 2328 3501 tem
2360 3463 2455 3502 nec
2499 3448 2746 3513 fuerunt,
2776 3467 2877 3506 nec
2918 3451 3087 3507 futura
3126 3465 3247 3507 sunt
3272 3495 3287 3519 ,
3321 3455 3412 3509 sed
3440 3458 3810 3513 tantummodo

2220 3549 2381 3603 sunt;
2413 3549 2466 3594 et
2508 3542 2683 3594 omnia
2717 3542 2820 3595 \‘ita
2866 3553 2988 3596 sunt
3014 3585 3029 3607 ,
3062 3551 3114 3596 et
3142 3545 3319 3597 omnia
3366 3562 3526 3599 unum
3568 3557 3729 3612 sunt,
3761 3558 3819 3602 et

2223 3631 2389 3700 tnagis
2418 3648 2578 3685 unum
2606 3644 2684 3686 est
2720 3643 2772 3687 et
2812 3650 2913 3687 una
2947 3635 3049 3687 vita
3077 3644 3182 3689 est.
3222 3636 3312 3689 Sic
3336 3638 3476 3693 enim
3506 3641 3683 3693 omnia
3724 3656 3818 3708 per

2223 3723 2392 3791 ipSnm
2427 3724 2561 3778 facta
2594 3736 2717 3779 sunt
2740 3768 2755 3791 ,
2791 3737 2841 3780 ttt
2871 3727 3129 3797 quidquid
3173 3729 3368 3783 factum
3409 3741 3491 3784 est
3518 3731 3568 3784 iu
3606 3732 3688 3785 his
3710 3774 3728 3799 ,
3761 3734 3817 3787 in

2221 3815 2311 3868 illo
2339 3816 2441 3867 vita
2481 3817 2550 3869 sit
2574 3857 2588 3879 ,
2619 3828 2672 3870 ct
2700 3817 2830 3871 facta
2880 3835 2983 3872 nou
3026 3820 3093 3873 sit
3123 3837 3135 3872 :
3170 3820 3290 3889 quia
3335 3821 3387 3873 in
3432 3822 3678 3892 principio
3709 3840 3814 3877 nou

2221 3910 2413 3963 factum
2439 3920 2520 3963 εει
2545 3910 2773 3965 Verbum
2798 3953 2812 3977 ,
2853 3913 2944 3967 sed
2974 3924 3081 3967 erat
3120 3912 3336 3968 Verbum
3366 3916 3505 3983 apud
3538 3916 3734 3981 Deum,
3764 3928 3813 3969 et

2219 4000 2358 4055 Dens
2388 4010 2493 4056 erat
2535 4003 2763 4067 Verbum,
2793 4015 2846 4057 et
2870 4006 3038 4058 omnia
3066 4022 3154 4075 per
3176 4006 3343 4077 ipsum
3373 4011 3507 4076 [nem
3534 4018 3685 4071 sunt;
3713 4024 3815 4062 nec

2219 4110 2315 4165 per
2340 4094 2510 4165 ipsmn
2542 4096 2719 4150 onmia
2748 4095 2880 4150 facta
2915 4107 3095 4151 essent
3117 4139 3132 4162 ,
3167 4099 3264 4151 ttisi
3312 4098 3480 4167 ipsum
3516 4110 3659 4153 esset
3682 4110 3813 4155 ante

2218 4189 2393 4241 oinnia
2419 4229 2435 4250 ,
2466 4186 2771 4258 facturaque
2816 4206 2919 4243 non
2951 4199 3113 4245 esset.
3162 4190 3218 4245 lu
3251 4191 3315 4244 iis
3355 4203 3529 4246 autem
3556 4209 3673 4261 qua:
3717 4210 3817 4262 per

2219 4279 2388 4348 ipsum
2418 4281 2551 4337 facta
2575 4293 2717 4344 sunt,
2746 4283 2906 4335 etiam
2930 4299 3124 4351 corpus
3151 4284 3292 4353 quod
3326 4285 3428 4337 vita
3457 4300 3555 4337 non
3585 4294 3686 4350 est,
3714 4302 3816 4353 per

2218 4372 2389 4442 ipsum
2417 4390 2519 4427 non
2552 4376 2698 4430 tieret
2720 4415 2734 4437 ,
2780 4375 2878 4429 nisi
2912 4376 2961 4429 in
2997 4377 3125 4441 illo,
3168 4388 3452 4446 antequam
3486 4378 3635 4435 tieret
3656 4420 3672 4444 ,
3703 4380 3811 4432 vita

2215 4475 2376 4517 esset.
2411 4464 2558 4531 Quod
2588 4466 2727 4519 enim
2768 4465 2957 4535 factum
2981 4476 3088 4531 est,
3114 4468 3221 4537 jam
3251 4469 3303 4521 in
3332 4470 3421 4521 illo
3453 4466 3549 4522 rita
3576 4479 3683 4522 erat
3709 4512 3725 4535 ,
3758 4480 3812 4524 et

2217 4574 2320 4609 non
2362 4558 2760 4628 qualiscumque
2787 4559 2889 4612 vita
2927 4578 2939 4613 :
2970 4576 3093 4614 nam
3123 4570 3176 4615 et
3214 4562 3388 4614 anima
3418 4561 3521 4615 vita
3564 4571 3647 4615 est
3685 4576 3812 4615 cor—

2216 4647 2360 4717 poris
2384 4689 2399 4711 ,
2431 4648 2523 4702 sed
2553 4659 2607 4703 et
2650 4651 2763 4703 haec
2791 4649 2922 4704 facta
2969 4661 3089 4717 est,
3132 4652 3252 4720 quia
3298 4653 3567 4706 mutabilis
3608 4661 3726 4716 est;
3757 4661 3812 4707 et

2216 4756 2311 4810 per
2356 4740 2480 4810 quid
2534 4740 2665 4795 facta
2718 4751 2835 4804 est,
2886 4743 2985 4797 nisi
3041 4760 3135 4813 per
3186 4744 3274 4799 Dei
3327 4745 3557 4800 Verbum
3606 4745 3812 4799 incont-

2216 4832 2510 4886 uuttahile?
2560 4831 2744 4885 Omnia
2796 4833 2937 4886 enim
2993 4852 3082 4903 per
3129 4836 3295 4905 ipsum
3361 4840 3496 4904 facta
3559 4848 3716 4900 sunt,
3763 4846 3809 4889 et

2213 4924 2320 4976 sine
2341 4923 2449 4992 ipso
2476 4927 2665 4991 factum
2705 4936 2775 4977 est
2802 4925 2946 4978 nillil.
2979 4927 3128 4993 Quod
3168 4944 3295 4996 ergo
3337 4930 3525 4998 factum
3553 4940 3625 4982 est
3649 4972 3664 4995 ,
3696 4929 3806 5009 jam

2213 5013 2263 5065 in
2302 5014 2390 5067 illo
2419 5016 2518 5068 vita
2566 5027 2694 5080 erat,
2735 5024 2788 5070 et
2829 5032 2934 5070 non
2974 5018 3373 5088 qualiscumth
3397 5022 3522 5083 vita,
3574 5021 3669 5075 sed
3701 5022 3804 5073 vita

2214 5118 2318 5159 erat
2352 5109 2442 5161 tua:
2468 5109 2723 5162 hominum
2749 5126 2767 5164 :
2794 5110 2880 5164 lux
2911 5113 3090 5179 utique
3120 5113 3454 5166 rationaliutn
3496 5114 3754 5169 mentium
3781 5156 3797 5179 ,

2215 5215 2309 5267 per
2332 5217 2463 5269 quas
2493 5200 2735 5256 homines
2760 5217 2787 5253 a
2818 5204 3098 5271 pecoribus
3126 5205 3381 5261 dill'ernnt
3406 5249 3419 5267 ,
3451 5215 3503 5261 et
3532 5207 3653 5261 ideo
3682 5218 3808 5261 sunt

2214 5289 2476 5344 homines.
2516 5291 2630 5346 Non
2672 5308 2799 5361 ergo
2842 5293 2927 5346 lux
2971 5310 3251 5364 corporea,
3293 5312 3410 5366 quae
3452 5297 3538 5351 lux
3578 5306 3663 5351 est
3690 5313 3807 5352 car-

2214 5383 2355 5435 nium
2384 5425 2397 5445 ,
2426 5384 2537 5437 sive
2562 5384 2627 5438 de
2653 5385 2789 5439 emlo
2821 5385 3018 5455 fulgeat
3044 5429 3059 5452 ,
3089 5387 3199 5441 sive
3228 5390 3453 5443 terrenis
3478 5390 3684 5459 ignibus
3710 5405 3795 5442 ac.-

2210 5474 2483 5540 cendalur,
2512 5492 2608 5531 nec
2631 5476 2979 5532 lunnanarum
3016 5489 3217 5534 tantum
3240 5482 3502 5547 carnium,
3526 5482 3619 5535 sed
3643 5482 3801 5537 etiam

2210 5564 2560 5621 belluinarum
2587 5579 2640 5623 et
2668 5584 2834 5640 usque
2857 5570 2924 5625 ad
2956 5572 3341 5629 minutissimos
3365 5588 3575 5643 quoque
3603 5575 3801 5628 vermi-

2208 5659 2376 5713 culos.
2408 5658 2597 5714 Omnia
2639 5662 2784 5715 cnim
2827 5662 2940 5717 haec
2973 5662 3155 5718 vident
3187 5664 3341 5719 istam
3370 5665 3543 5720 lucem
3575 5681 3589 5717 :
3620 5673 3677 5718 at
3713 5664 3798 5729 tlla

2270 5815 2395 5885 '_sic
2418 5821 2521 5885 Mss.
2542 5814 2782 5885 plerique.
2812 5822 2864 5865 At
2887 5816 3032 5885 editi,
3051 5815 3133 5867 ubi
3146 5801 3507 5884 principaliter.
3526 5824 3577 5869 Et
3607 5829 3796 5868 rursum

2205 5875 2345 5942 paulo
2370 5884 2495 5940 post,
2520 5875 2600 5927 ubi
2621 5884 2779 5928 autem
2798 5916 2813 5941 ,
2837 5891 2939 5941 fro,
2966 5878 3032 5928 ibi
3053 5875 3228 5930 autem.
