4042 6468
250 427 354 483 889

249 554 354 605 vita
383 550 474 604 lux
507 547 781 601 hominum
808 553 953 605 erat;
995 555 1095 595 nec
1127 539 1284 607 longe
1310 535 1477 606 posita
1507 544 1573 586 au
1601 543 1842 599 unoquo-

250 658 352 712 que
384 650 629 694 nostrum
661 655 673 690 :
705 638 756 690 in
791 635 877 689 illa
905 633 1050 687 enim
1089 629 1314 684 vivimus
1335 667 1350 692 ,
1379 633 1434 680 et
1462 637 1756 678 movemur.
1789 628 1844 672 et

249 749 438 789 sumus
469 732 624 802 (Act.
657 745 784 795 xvu,
812 728 902 782 27.
929 726 1055 794 28).

319 825 553 882 CAPUT
595 823 656 878 ll.
679 852 751 864 -—
775 833 826 876 4.
854 817 1116 886 Quomodo
1147 831 1236 882 per
1272 811 1489 865 Verbum
1524 808 1840 861 incarnatum

251 920 513 974 reddimur
538 915 727 970 habiles
753 911 1085 983 percipienda:
1105 899 1502 961 veritati.—Sed
1530 897 1682 951 luxit!
1708 907 1843 949 lene-

250 1012 349 1065 lrris
376 1012 531 1069 lueet,
567 1020 613 1062 et
643 1007 855 1061 tenebrae
881 1021 989 1058 eam
1010 1019 1108 1055 non
1129 994 1636 1068 comprehenderunt.
1666 991 1841 1043 Tene-

255 1105 358 1155 lmr
385 1111 568 1154 autem
596 1108 714 1153 sunt
757 1097 932 1151 stulte
980 1102 1186 1148 utentes
1235 1089 1532 1151 hominum,
1567 1101 1720 1156 prava
1746 1097 1842 1137 cu-

255 1193 472 1262 piditate
500 1203 658 1260 atque
682 1187 990 1243 inlidelitate
1022 1193 1252 1238 extentat.
1285 1181 1391 1234 llas
1421 1187 1477 1232 ut
1520 1185 1728 1230 curaret
1764 1182 1845 1225 at-

253 1301 353 1354 que
393 1295 611 1336 sanaret
669 1280 904 1340 Verbum,
960 1293 1054 1346 per
1096 1273 1237 1343 quod
1290 1271 1424 1325 facta
1469 1278 1592 1324 sunt
1639 1267 1839 1329 omnia,

254 1394 369 1431 caro
400 1381 594 1445 factum
625 1383 716 1438 est,
762 1383 806 1426 et
829 1370 1067 1425 habitavit
1094 1368 1148 1422 in
1181 1367 1321 1420 nobis
1345 1363 1362 1436 (
1389 1362 1543 1416 Joau.
1572 1361 1656 1425 t,l
1700 1359 1764 1412 it
1797 1357 1838 1427 ).

256 1467 580 1525 llluminatio
634 1467 829 1535 quippe
856 1474 1036 1516 noswa
1070 1457 1403 1529 participatio
1435 1453 1590 1508 Verbi
1645 1460 1749 1510 est,
1779 1448 1843 1502 il-

255 1561 357 1613 lius
384 1559 591 1612 scilicet
623 1558 742 1609 vitae
771 1569 888 1624 quae
916 1553 1002 1605 lux
1043 1558 1126 1603 est
1171 1547 1465 1602 hominum.
1499 1542 1631 1596 lluic
1659 1551 1836 1592 autem

253 1649 648 1721 participatioui
683 1659 899 1716 prorsus
929 1639 1209 1703 inhabiles,
1253 1647 1306 1692 et
1328 1638 1503 1690 tuiuus
1533 1632 1705 1687 idonei
1727 1646 1846 1684 era-

253 1757 394 1805 mus,
451 1749 671 1810 propter
711 1734 1097 1790 immunditiam
1141 1740 1498 1800 peccatorum.
1555 1721 1840 1779 Mundamli

253 1850 384 1904 ergo
401 1847 640 1888 eramus.
697 1830 863 1884 Porro
907 1827 1207 1896 iniquorum
1249 1831 1302 1876 et
1339 1819 1689 1888 superborum
1741 1830 1841 1867 una

253 1923 536 1981 tuundatio
570 1932 652 1976 est
699 1918 914 1989 sanguis
953 1916 1106 1986 justi,
1136 1924 1191 1968 et
1236 1911 1510 1966 humilitas
1537 1909 1662 1963 Dei:
1689 1917 1745 1961 ut
1771 1905 1836 1960 ad

253 2013 728 2084 contemplandum
782 2011 945 2063 Deum
973 2006 1112 2077 quod
1154 2014 1340 2060 natura
1383 2017 1487 2056 nou
1511 2015 1714 2063 sumus,
1747 2014 1844 2068 per

253 2126 375 2165 eum
399 2107 779 2162 mundaremur
803 2102 996 2156 factum
1029 2098 1168 2170 quod
1189 2108 1373 2150 natura
1398 2109 1605 2158 suuuts,
1629 2100 1682 2144 et
1705 2090 1844 2161 quod

255 2208 478 2270 peccato
508 2214 614 2253 nou
641 2209 842 2250 sumus.
877 2195 1016 2247 licus
1062 2192 1204 2245 enim
1261 2198 1445 2242 natura
1483 2202 1586 2239 non
1615 2198 1798 2236 smnus
1829 2199 1843 2236 :

255 2292 506 2346 homines
559 2299 746 2343 natura
787 2299 992 2349 sumus,
1040 2282 1166 2350 justi
1221 2287 1437 2351 peccato
1488 2292 1594 2330 non
1639 2289 1844 2328 sumus.

255 2385 398 2439 Deus
428 2383 607 2452 itaque
658 2380 827 2433 lactus
861 2380 1020 2431 homo
1039 2373 1232 2443 justus,
1287 2369 1586 2424 intercessit
1624 2367 1730 2419 Deo
1754 2381 1848 2433 pro

259 2477 476 2532 homine
500 2483 798 2545 peccatore.
845 2469 960 2524 Non
1005 2467 1149 2523 enim
1200 2463 1444 2534 congruit
1492 2468 1740 2529 peccator
1761 2457 1849 2525 ju-

257 2580 362 2632 sto,
386 2565 482 2620 sed
505 2564 747 2632 congruit
768 2559 965 2614 homini
993 2557 1176 2611 homo.
1197 2553 1505 2622 Adjungens
1536 2565 1665 2619 ergo
1689 2547 1841 2606 nobis

260 2657 660 2713 similitudinem
711 2649 1054 2706 humanitatis
1097 2662 1228 2711 sum,
1259 2643 1476 2699 abstulit
1517 2639 1848 2695 dissimilitu-

261 2753 441 2806 dinem
475 2752 490 2782 ¹
517 2747 808 2817 iniquitatis
853 2754 1047 2798 nostrze
1073 2759 1087 2796 :
1114 2750 1165 2796 et
1198 2739 1367 2794 lactus
1407 2738 1673 2806 particeps
1701 2749 1846 2788 mor-

264 2844 479 2898 talitatis
504 2848 722 2905 nostrzr,
753 2837 875 2891 fecit
901 2851 998 2889 nos
1053 2833 1338 2904 participes
1393 2828 1687 2884 divinitatis
1713 2841 1844 2879 sua).

262 2934 450 2990 Merito
479 2933 674 3000 quippe
702 2944 845 2983 mors
878 2925 1174 2996 peccatoris
1204 2921 1426 2974 veniens
1462 2934 1527 2972 ex
1553 2915 1852 2970 damnatio-

264 3027 345 3080 nis
370 3025 708 3082 necessitate.
744 3021 914 3075 soluta
959 3027 1039 3072 est
1096 3031 1192 3086 per
1232 3023 1455 3068 mortem
1479 3012 1608 3082 justi
1636 3013 1854 3064 venien-

265 3130 367 3172 tem
399 3133 465 3172 ex
491 3113 870 3169 misericordia:
920 3111 1212 3174 voluntate,
1259 3107 1384 3160 dum
1427 3104 1680 3174 simplum
1733 3102 1850 3171 ejus

264 3208 512 3279 congruit
552 3205 714 3275 duplo
766 3211 970 3258 nostro.
1000 3202 1121 3254 llaec
1151 3200 1291 3252 enim
1345 3197 1709 3267 congrueniia,
1735 3195 1853 3248 sive

263 3298 658 3358 convenientia,
714 3296 796 3348 vel
847 3291 1200 3355 concinentia,
1249 3289 1330 3342 vel
1375 3287 1744 3352 consonantia,
1769 3287 1851 3340 vel

262 3390 458 3460 siquid
485 3387 816 3442 commodius
857 3380 1239 3450 dicitur,un
1290 3395 1450 3433 unum
1500 3388 1582 3434 est
1630 3377 1694 3431 ad
1721 3377 1848 3441 duo,

263 3483 314 3537 in
342 3483 490 3537 omni
518 3477 996 3548 compaginatioue.
1039 3475 1122 3528 vel
1152 3513 1167 3538 ,
1195 3473 1238 3527 si
1271 3472 1460 3525 melius
1500 3469 1724 3531 dicitur,
1757 3485 1851 3522 co-

262 3573 534 3639 aptatioue
560 3580 817 3624 creatura:
845 3610 859 3628 .
891 3566 1025 3620 valet
1076 3565 1376 3634 plurimum.
1408 3561 1553 3614 llanc
1581 3561 1722 3615 enim
1748 3576 1850 3613 co-

263 3664 617 3734 aptationem,
649 3661 784 3714 sicut
816 3657 943 3711 mihi
996 3671 1135 3710 nunc
1181 3653 1432 3716 occurrit,
1462 3653 1640 3714 dicere
1685 3651 1849 3717 volui,

262 3773 422 3826 quam
481 3753 652 3808 Grmci
683 3757 906 3822 ἀρμονίαν
931 3757 1142 3802 vocant.
1176 3745 1362 3817 Neque
1389 3759 1529 3800 nunc
1575 3746 1722 3798 locus
1747 3754 1848 3807 est,

264 3857 318 3900 ut
341 3846 623 3901 ostendam
653 3852 907 3912 quantum
960 3841 1132 3894 valeat
1180 3837 1526 3893 consonantia
1583 3836 1759 3905 simpli
1787 3835 1852 3890 ad

268 3939 514 4008 duplum,
539 3950 658 4005 qua:
687 3934 912 3987 tnaxima
943 3933 993 3985 in
1016 3931 1171 3986 nobis
1200 3929 1524 3999 reperitur’,
1556 3939 1607 3982 et
1648 3930 1725 3983 sic
1759 3944 1855 3982 no-

260 4027 344 4085 bis
368 4027 525 4082 insita
551 4023 879 4087 naturaliter,
909 4022 926 4092 (
957 4037 985 4075 a
1013 4036 1120 4091 quo
1167 4021 1368 4089 utique,
1401 4019 1499 4072 uisi
1553 4019 1620 4071 ah
1661 4034 1727 4072 eo
1763 4018 1852 4088 qui

263 4138 362 4176 nos
383 4118 625 4174 creavu?
650 4118 667 4186 )
691 4127 741 4169 ut
762 4131 858 4170 nec
881 4114 1108 4183 imperiti
1137 4112 1339 4180 possint
1358 4126 1474 4165 eam
1500 4125 1604 4164 non
1631 4109 1849 4174 sentire,

263 4212 504 4280 siveipsi
551 4217 846 4265 cantantes,
901 4206 1015 4260 sive
1070 4205 1204 4257 alios
1243 4202 1560 4256 audientes:
1594 4215 1687 4268 per
1718 4200 1854 4254 hanc

260 4303 460 4374 quippe
491 4315 650 4354 voces
696 4298 960 4351 acutiores
1009 4295 1384 4365 gravioresque
1412 4291 1755 4350 concordant,
1785 4290 1854 4344 ita

263 4404 320 4446 ut
350 4391 594 4461 qniSquis
622 4390 687 4443 ab
725 4403 786 4442 ea
841 4385 1182 4449 dissonnerit,
1229 4400 1333 4438 non
1378 4385 1678 4448 scientiam,
1706 4381 1858 4451 cujus

262 4493 518 4553 expertes
545 4491 668 4536 sunt
697 4480 932 4546 plurimi,
960 4477 1052 4532 sed
1090 4477 1259 4543 ipsum
1287 4491 1502 4529 sensum
1533 4474 1743 4528 auditus
1763 4489 1858 4529 uo-

261 4579 359 4632 stri
383 4576 726 4631 vehementer
747 4571 999 4626 offendat.
1030 4570 1132 4624 Sed
1191 4569 1289 4622 hoc
1336 4578 1392 4622 ιιι
1437 4567 1856 4632 demonstretur,

263 4671 426 4738 longo
456 4682 706 4720 sermone
735 4679 870 4733 opus
912 4672 1030 4716 est:
1063 4661 1190 4730 ipsis
1219 4669 1394 4713 autem
1443 4659 1660 4713 auribus
1707 4657 1858 4713 exhi-

263 4760 382 4814 beri
434 4767 611 4828 potest
676 4757 746 4810 ab
808 4770 874 4808 eo
922 4754 1012 4823 qui
1080 4752 1228 4806 novit
1281 4752 1333 4804 in
1379 4751 1607 4820 regulari
1662 4766 1854 4804 IIIOIIO-

259 4851 492 4906 chordo.

337 4939 568 4996 CAPUT
607 4937 694 4993 111.
731 4967 802 4978 -
830 4937 882 4992 5.
921 4935 1037 4991 Una
1066 4951 1201 4988 mors
1222 4943 1268 4988 et
1311 4935 1610 4988 resurrectio
1637 4934 1862 5002 corporis

265 5032 480 5095 Christi,
509 5029 702 5099 duplici
733 5038 918 5082 nostra:
952 5027 1100 5079 morti
1142 5041 1202 5078 ac
1231 5027 1580 5078 resttrret'lioui
1635 5025 1861 5094 corporis

261 5137 314 5181 et
356 5125 545 5178 anima:
573 5121 789 5176 concinit
832 5121 899 5173 ad
951 5119 1185 5172 salutem.
1243 5116 1430 5186 Duplte
1479 5119 1630 5170 morti
1680 5127 1864 5171 nostra:

261 5218 525 5289 quomodo
539 5213 725 5284 simpla
747 5229 882 5266 mors
903 5211 1091 5266 Christi
1106 5211 1354 5280 impensa.
1380 5206 1578 5262 Verum
1609 5209 1748 5278 quod
1777 5210 1826 5262 in
1842 5240 1858 5250 -

260 5319 379 5366 stat
402 5311 456 5364 in
489 5307 770 5378 prtesentia
797 5305 842 5371 ⁸,
869 5312 1127 5374 quantum
1153 5302 1318 5355 donat
1345 5300 1503 5364 Deus,
1553 5300 1858 5354 edisseren-

261 5404 401 5456 dunt
423 5409 508 5456 est
531 5395 980 5469 quemadmodum
1012 5391 1259 5461 simplum
1293 5390 1497 5445 Domini
1546 5399 1600 5444 et
1626 5390 1865 5444 Salvato-

265 5501 350 5553 ris
382 5498 550 5552 nostri
575 5495 700 5550 Jesu
718 5492 916 5549 Christi
954 5491 1116 5561 duplo
1146 5499 1330 5575 nostro
1358 5497 1634 5559 congruat,
1657 5498 1712 5543 et
1734 5503 1862 5559 quo-

339 5651 356 5681 ι
394 5651 467 5714 ste
487 5655 594 5714 uss.
626 5654 682 5696 At
704 5646 840 5705 editi,
869 5641 1246 5714 ήηιῇῑξιιιᾴὶηεῃι.
1329 5704 1368 5714 η

337 5714 360 5742 ²
399 5712 484 5772 Hic
511 5709 695 5772 aliquot
736 5716 842 5772 Mss.
879 5709 1122 5772 omittunt,
1169 5706 1219 5754 in
1263 5706 1409 5756 nobis.
1449 5712 1576 5766 Post,
1607 5706 1866 5770 reperitur,

267 5772 398 5823 editi
420 5767 659 5829 ferebant,
687 5776 736 5820 ut
759 5769 818 5821 sit
839 5767 988 5819 nobis.
1011 5774 1260 5828 corrupte.

339 5836 364 5866 ³
399 5844 499 5884 sm.
523 5839 577 5884 et
598 5827 764 5897 plures
799 5839 902 5881 Mss.
932 5839 1142 5880 :Verum
1164 5827 1306 5890 quod
1341 5829 1484 5880 instat
1518 5827 1868 5894 imprteseutia-

263 5909 406 5948 ηυη.

1605 411 1804 467 LIBER
1843 410 2184 478 QUAllTUﬂ.

3421 426 3526 479 82m

1949 530 2068 586 dam
2098 533 2255 589 modo
2271 537 2516 591 Conciuat
2540 536 2604 590 ad
2635 537 2882 591 salutent.
2920 535 3025 591 Nos
3057 549 3220 600 certe,
3261 549 3400 609 quod
3431 560 3527 598 ne-

1917 655 1920 659 -
1948 641 2036 678 mo
2060 626 2384 682 christianos
2414 629 2654 700 ambigit,
2674 639 2729 684 et
2748 631 2924 685 anima
2967 641 3020 684 et
3057 646 3282 702 corpore
3332 637 3526 689 mortui

1946 734 2130 772 sumus
2163 737 2176 773 :
2209 721 2401 783 anima,
2427 731 2644 792 propter
2674 731 2944 791 peccatum
2975 739 2989 787 ζ
3020 740 3262 793 corpore,
3310 737 3528 794 propter

1950 826 2157 877 pinnam
2187 813 2410 879 peccati,
2432 827 2493 866 ac
2522 829 2613 880 per
2639 814 2742 867 hoc
2772 823 2825 868 et
2852 829 3079 882 corpore
3099 829 3317 886 propter
3341 834 3530 886 pecea-

1947 911 2079 954 tum.
2115 901 2336 972 Utrique
2365 913 2540 957 autem
2569 905 2644 959 rei
2675 915 2892 970 uosme,
2943 906 2992 960 id
3020 915 3122 973 est,
3173 917 3228 962 et
3267 910 3458 962 anima:
3476 919 3531 963 et

1945 995 2176 1059 corpori,
2209 994 2468 1048 medicina
2499 1004 2553 1048 ct
2573 999 2963 1052 resurrectione
2993 997 3009 1030 ί
3037 1015 3172 1068 opus
3222 1010 3356 1064 erat,
3390 1011 3445 1054 ut
3478 1016 3528 1054 tu

1949 1084 2139 1138 mclms
2168 1095 2520 1149 renovaretur
2548 1087 2687 1156 quod
2717 1098 2831 1142 erat
2859 1091 2908 1142 in
2947 1091 3180 1146 deterius
3223 1103 3526 1148 commuta-

1949 1185 2078 1228 tutu.
2106 1176 2246 1230 Mors
2261 1172 2436 1230 autem
2464 1179 2654 1231 anima:
2685 1179 2928 1247 impietas
2953 1191 3030 1235 est
3052 1199 3066 1244 ;
3089 1193 3140 1235 et
3170 1199 3314 1238 mors
3333 1201 3530 1253 corpos

1946 1268 2038 1326 ris.
2069 1269 2501 1336 corruptibilitas,
2529 1286 2623 1336 per
2667 1287 2824 1339 quam
2882 1273 2938 1325 ﬁt
2967 1283 3018 1325 et
3046 1275 3237 1328 anima:
3265 1291 3293 1329 a
3337 1291 3530 1346 carpo.

1947 1372 2004 1411 re
2057 1358 2358 1412 abscessus.
2397 1359 2545 1414 Sicut
2574 1362 2714 1413 enim
2762 1365 2935 1415 anima
2969 1363 3080 1416 Deo
3109 1364 3414 1430 deserentes
3453 1372 3532 1421 sic

1946 1465 2140 1518 corpus
2166 1451 2340 1504 anima
2379 1451 2659 1506 deserente
2712 1455 2972 1508 moritur:
3005 1456 3144 1509 umle
3175 1457 3261 1510 illa
3292 1457 3350 1510 lit
3399 1457 3532 1510 iusi-

1947 1543 2134 1609 piens;
2165 1542 2284 1604 hoc,
2317 1543 2580 1597 exanime.
2611 1543 2974 1599 ltesuseitatur
3006 1530 3145 1599 enim
3183 1548 3355 1600 anima
3383 1549 3404 1579 ³
3437 1564 3533 1618 per

1929 1636 2340 1703 paenitentiam,
2373 1636 2502 1688 etin
2548 1651 2773 1705 corpore
2799 1637 2972 1691 adlmc
3019 1639 3226 1693 mortali
3257 1641 3532 1693 renovatio

1949 1729 2068 1779 vita:
2086 1728 2365 1782 ittChOalttt‘
2390 1745 2417 1780 a
2452 1728 2574 1788 ﬁde.
2607 1745 2708 1798 qua
2731 1730 2964 1785 creditur
2985 1733 3035 1785 in
3058 1747 3179 1785 eum
3207 1733 3296 1801 qui
3327 1733 3524 1802 justiti-

1947 1831 2032 1874 cat
2063 1821 2280 1888 impium
2317 1819 2336 1891 (
2367 1821 2513 1875 Rom.
2542 1837 2612 1884 tv,
2661 1821 2694 1876 5
2727 1821 2766 1890 ),
2792 1821 3051 1889 bonisque
3093 1823 3328 1876 moribus
3366 1837 3530 1892 auge-

1951 1921 2034 1966 tur
2056 1921 2107 1964 et
2135 1912 2416 1966 roboratur
2443 1912 2510 1966 de
2535 1913 2620 1967 die
2641 1913 2690 1966 in
2717 1913 2879 1976 diem,
2912 1929 3032 1968 cum
3063 1915 3230 1984 magis
3255 1915 3528 1983 magisque

1949 2014 2235 2059 renovatur
2263 2005 2481 2059 interior
2499 2006 2656 2059 homo
2687 2007 2709 2076 (
2735 2005 2773 2058 ll
2803 2005 2919 2059 Cor.
2945 2022 3016 2068 tv,
3040 2007 3104 2060 lli
3134 2005 3176 2076 ).
3206 2006 3414 2075 Corpus
3440 2022 3535 2060 ve-

1949 2114 2012 2150 ro
2039 2107 2285 2164 tanquam
2320 2098 2478 2150 homo
2499 2097 2751 2160 exterior,
2780 2108 2979 2167 quanto
3023 2108 3106 2152 est
3156 2098 3268 2153 htec
3296 2099 3403 2152 vita
3420 2099 3538 2152 ditt-

1952 2191 2173 2252 lltl'llitil',
2200 2198 2345 2243 tanto
2376 2193 2544 2258 magis
2576 2191 2854 2257 magisque
2879 2191 3256 2258 corrumpitur,
3294 2190 3377 2246 vel
3405 2202 3536 2244 atta-

1951 2292 2019 2344 lo.
2053 2281 2134 2334 vel
2168 2282 2375 2345 morbo,
2405 2282 2485 2334 vel
2513 2281 2674 2334 variis
2725 2279 3124 2343 afﬂictionibus,
3153 2282 3322 2335 donec
3357 2283 3540 2336 veniat

1952 2375 2015 2428 ad
2068 2376 2306 2429 ultimam
2341 2374 2500 2442 'qttfc
2553 2373 2620 2427 ab
2664 2374 2911 2428 onmilms
2967 2389 3112 2427 IIIOI'S
3141 2383 3377 2428 vocatur.
3409 2373 3538 2440 Ejus

1951 2476 2126 2520 autem
2151 2467 2469 2521 resurrectio
2498 2464 2740 2519 diﬁ‘ertur
2766 2468 2816 2518 in
2847 2465 3005 2519 ﬁnem
3032 2483 3046 2529 ;
3075 2481 3196 2519 cum
3228 2476 3280 2520 et
3309 2467 3418 2535 ipsa
3441 2465 3530 2532 ju-

1951 2559 2196 2613 stitit-atio
2236 2565 2412 2610 nostra
2468 2555 2773 2626 perﬁcietur
2810 2555 3167 2611 inell'abiliter.
3206 2556 3353 2609 Tune
3392 2556 3534 2609 enim

1953 2651 2152 2703 similes
2180 2650 2227 2704 ei
2251 2650 2473 2713 erimus,
2496 2649 2746 2718 quoniam
2766 2648 3064 2704 videbimus
3113 2665 3234 2703 eum
3272 2649 3424 2703 sicuti
3449 2658 3533 2702 est

1957 2742 2286 2813 (Noomin,
2327 2741 2428 2814 ‘2).
2480 2741 2628 2796 Nunc
2670 2758 2799 2796 vero
2851 2741 3100 2810 quamdiu
3152 2757 3346 2811 corpus
3394 2740 3538 2811 quod

1954 2837 2314 2905 eorrtunpitur
2341 2845 2591 2903 aggravat
2615 2834 2845 2887 animam
2875 2832 2894 2898 (
2923 2833 3050 2902 Sap.
3087 2849 3158 2895 ut,
3189 2833 3255 2886 15
3277 2831 3318 2903 ),
3347 2841 3400 2886 et
3422 2833 3527 2886 vita

1955 2927 2184 2981 lmmaua
2225 2941 2386 2993 super
2427 2934 2622 2979 terram
2656 2935 2764 2981 tota
2814 2925 3034 2980 lentalio
3091 2935 3171 2980 est
3197 2924 3314 2992 (Job
3351 2925 3540 2992 vu.ll,

1956 3036 2060 3072 non
2108 3018 2483 3086 justilicabitur
2526 3019 2577 3072 in
2629 3030 2916 3087 Conspectu
2968 3019 3084 3084 ejus
3128 3019 3304 3072 omnis
3355 3017 3540 3071 vivens

1957 3110 1974 3180 (
2007 3109 2148 3164 l’sal.
2167 3125 2332 3168 cxut.
2362 3110 2395 3162 2
2419 3110 2458 3177 ),
2485 3110 2536 3163 in
2571 3111 2965 3179 comparatione
2986 3111 3205 3178 justitizc
3231 3126 3330 3180 qua
3361 3125 3546 3179 arqua»

1957 3203 2131 3256 hinmr
2162 3202 2394 3272 Angelis,
2420 3210 2474 3255 et
2528 3201 2712 3271 gloria:
2758 3218 2877 3272 qua:
2919 3202 3241 3256 revelabitur
3281 3203 3330 3255 iu
3367 3201 3522 3255 nobis

1960 3295 2031 3348 De.
2049 3303 2218 3347 morte
2235 3305 2411 3348 autern
2437 3295 2628 3347 anima:
2649 3309 2676 3346 a
2701 3303 2870 3348 morte.
2885 3295 3124 3362 corporis
3149 3293 3544 3364 distinguenda,

1956 3385 2079 3454 quid
2114 3385 2262 3455 plura
2303 3384 2621 3439 documenta
2660 3400 3111 3448 commemorem;
3141 3400 3259 3438 cum
3293 3385 3544 3438 Dominus

1959 3477 2010 3530 in
2040 3491 2141 3529 una
2169 3476 2432 3530 sententia
2454 3475 2756 3544 evangelica
2791 3486 3068 3542 utramque
3104 3483 3332 3528 mortem
3371 3475 3540 3529 cuivis

1959 3567 2108 3621 facile
2129 3565 2534 3622 discernendum
2564 3567 2820 3636 posuerit.
2867 3566 2956 3618 ubi
3001 3565 3074 3617 ait
3101 3584 3114 3619 :
3145 3565 3269 3619 Sine
3319 3575 3543 3619 mortuos

1955 3657 2168 3726 sepelire
2195 3667 2419 3712 mortuos
2441 3673 2558 3710 suos
2585 3655 2604 3727 (
2635 3655 2818 3708 Matth.
2852 3671 2963 3717 vut,
2980 3654 3051 3708 22
3079 3655 3096 3726 )
3119 3655 3142 3707 ?
3168 3655 3543 3722 Sepeliendum

1956 3750 2154 3820 quippe
2176 3764 2373 3818 corpus
2403 3758 2669 3803 mortuum
2719 3757 2834 3802 erat
2859 3765 2871 3801 :
2899 3748 3196 3816 sepultores
3225 3756 3400 3801 autem
3420 3749 3540 3816 ejus

1959 3859 2053 3912 per
2082 3841 2408 3896 inﬁdelitatis
2438 3841 2761 3909 impietatem
2796 3839 2815 3869 ⁸
2845 3839 3092 3892 inanima
3123 3847 3360 3893 mortuos
3383 3839 3541 3894 intel-

1961 3934 2047 4004 ligi
2075 3933 2258 3997 voluit,
2282 3933 2466 4002 quales
2491 3931 2790 3985 excitantur
2833 3947 2954 3984 eum
2993 3931 3207 3995 dicitur,
3235 3931 3422 4002 Surge,
3454 3934 3543 4002 qui

1959 4027 2168 4090 dormis,
2186 4035 2231 4079 et
2252 4040 2462 4094 exsurge
2486 4042 2518 4076 α
2563 4024 2793 4085 mortuis,
2821 4035 2868 4076 et
2909 4022 3272 4078 illuminabitte
3311 4024 3543 4079 Christus

1960 4117 1978 4187 (
2014 4116 2200 4185 Ephes.
2233 4132 2286 4182 v,
2319 4116 2386 4170 M
2407 4121 2448 4186 ).
2471 4116 2772 4169 Detestatur
2799 4123 2974 4168 autem
3010 4114 3290 4182 quamdam
3319 4129 3542 4171 mortem

1959 4207 2268 4276 Apostolus,
2320 4206 2505 4260 dicens
2561 4205 2629 4259 de
2656 4204 2810 4258 vidua
2842 4223 2854 4256 :
2885 4204 3013 4270 ρυω
3063 4217 3230 4260 autent
3267 4207 3319 4261 iu
3355 4208 3546 4266 delici.

1960 4299 2086 4370 agit,
2115 4299 2280 4352 vivens
2327 4307 2524 4352 mortua
2570 4307 2640 4352 est
2667 4295 2686 4368 (
2713 4297 2730 4350 l
2761 4296 2892 4352 Tim.
2918 4314 2971 4364 v,
3004 4297 3037 4352 6
3059 4298 3099 4369 ).
3153 4299 3342 4354 Anima
3387 4300 3548 4369 igitur

1956 4391 2065 4461 jam
2095 4391 2200 4461 pia,
2229 4407 2346 4460 qua!
2370 4389 2466 4444 fuit
2491 4390 2671 4460 impia,
2716 4399 2936 4460 propter
2969 4391 3230 4459 justitiam
3270 4391 3389 4446 ﬁdei
3411 4391 3545 4446 dicio

1963 4493 2047 4538 tttr
2069 4484 2600 4538 exitiorterevixisse
2642 4491 2801 4552 atque
2858 4484 3057 4538 vivere.
3108 4485 3311 4553 Corpus
3372 4495 3549 4540 autem

1963 4591 2069 4630 non
2101 4585 2302 4629 tantum
2332 4575 2644 4628 moriturum
2671 4585 2886 4645 pr0pter
2910 4575 3102 4630 anima:
3122 4577 3428 4631 abscessum
3460 4578 3548 4647 qui

1965 4669 2171 4723 futurus
2195 4680 2294 4730 est,
2328 4667 2421 4724 sed
2461 4679 2679 4738 propter
2710 4678 2912 4724 tantam
2944 4670 3345 4724 inﬁrmitatem"
3372 4670 3548 4725 carnis

1963 4770 2019 4815 et
2067 4761 2377 4830 satqguiuis,
2436 4760 2664 4830 quodam
2713 4761 2764 4815 iu
2791 4762 2915 4816 loco
2956 4762 3006 4815 in
3065 4762 3351 4832 Scripturis
3387 4761 3547 4815 etiam

1965 4866 2233 4909 mortuum
2263 4853 2475 4914 dicitur,
2507 4853 2756 4923 loquente
2781 4854 3036 4925 Apostolo
3066 4871 3078 4906 :
3107 4853 3300 4923 Corpus
3323 4852 3546 4922 quidem,

1965 4946 2137 5016 inquit
2183 4956 2437 4999 mortuum
2466 4955 2538 4999 est
2582 4955 2786 5016 propter
2833 4955 3111 5015 peccatum,
3143 4944 3352 5012 spiritus
3383 4952 3548 4996 autem

1966 5039 2068 5090 vita
2083 5046 2154 5090 est
2185 5047 2389 5108 propter
2404 5037 2679 5108 justitiam.
2704 5037 2830 5091 Hec
2879 5037 2982 5088 vita
3012 5051 3075 5089 ex
3117 5035 3220 5088 ﬁde
3247 5034 3379 5088 facta
3427 5044 3551 5100 est;

1967 5127 2216 5197 quoniam
2253 5127 2429 5196 justus
2455 5143 2521 5181 ex
2551 5126 2656 5182 ﬁde
2709 5126 2872 5196 vivit(
2902 5126 3047 5179 Rom.
3071 5141 3110 5191 I,
3142 5125 3207 5180 l7
3235 5124 3274 5194 ).
3303 5124 3406 5179 Sed
3427 5125 3552 5196 quid

1967 5219 2206 5289 sequitur
2231 5217 2255 5271 ?
2284 5217 2343 5273 Si
2368 5229 2533 5272 autem
2571 5217 2795 5287 Spiritus
2841 5217 2952 5285 ejus
2977 5216 3062 5288 qui
3085 5215 3342 5270 suscitavit
3373 5213 3553 5271 Iesum

2037 5464 2048 5492 ι
2088 5461 2253 5510 Plures
2277 5469 2400 5518 Mss,
2423 5457 2659 5510 medicum
2681 5471 2747 5509 ea:
2763 5460 3125 5511 resurrectione.

2036 5526 2055 5586 2
2090 5522 2254 5571 I’lures
2277 5529 2380 5586 Mss.
2412 5536 2424 5570 :
2453 5519 2770 5586 nesuscitatur
2790 5535 2906 5586 ergo
2929 5520 3105 5586 animo.

2039 5585 2058 5616 ³
2091 5591 2163 5632 Er.
2203 5584 2358 5650 t.ugd._
2389 5592 2507 5632 ven.
2541 5589 2651 5650 Lov_.
2677 5583 2875 5650 addunt,
2901 5583 3232 5650 aﬂlictiouem;
3254 5587 3304 5650 in
3341 5593 3415 5650 B._
3412 5584 3559 5650 deest

1971 5646 2077 5696 haec
2115 5659 2233 5701 vox;
2271 5645 2360 5693 sed
2398 5652 2590 5694 notatur
2631 5646 2680 5695 in
2723 5645 2980 5708 margine:
3023 5663 3048 5693 ι
3068 5645 3289 5710 subaudi,
3336 5645 3552 5713 afﬂictio-

1973 5721 2100 5758 nem.
2119 5722 2142 5751 ι
2213 5714 2268 5755 Μ.

2037 5770 2058 5840 ξ
2093 5775 2271 5840 attinet
2290 5765 2591 5840 omnesfere
2609 5776 2735 5840 uss,
2761 5781 2847 5840 per
2872 5767 3200 5840 infidelitatem
3224 5767 3506 5840 impietatis:

2039 5832 2060 5862 ³
2093 5829 2227 5900 editi,
2251 5834 2444 5900 propter
2465 5829 2791 5893 inﬁrmitatem
2804 5829 3006 5884 tantum.
3053 5841 3107 5883 At
3128 5841 3252 5892 Mss,
3276 5829 3468 5897 propter
3489 5829 3566 5880 ia-

1977 5890 2260 5957 ftrmitatent
2285 5890 2483 5943 tantum.
