4042 6440
528 373 623 430 891
1659 370 1745 424 DE
1782 369 2104 425 TiilNlTAT

2214 370 2271 426 S.
2315 371 2679 428 AUGUSTlNI

464 514 481 523 ε
521 504 555 544 tt
584 490 815 556 mortuis,
846 488 1035 543 habitat
1063 487 1115 541 iu
1149 486 1282 540 vobis
1305 503 1322 550 ;
1348 486 1436 557 qui
1459 484 1711 538 suscitavit
1732 483 1987 539 Christum
2014 482 2104 535 Je-

520 600 631 637 sum
658 600 689 635 α
716 582 923 635 mortuis
954 623 967 645 ,
999 578 1262 648 vir-iﬁcabit
1306 586 1355 631 et
1401 576 1635 629 mortalia
1688 592 1903 643 corpora
1949 585 2108 629 vestra

524 693 613 732 ver
658 674 1021 729 iuhalritautent
1075 672 1326 742 Spiritum
1376 670 1561 741 cjusin
1584 669 1915 740 robis(ltout.
1961 683 2054 723 \‘ttl
2086 678 2118 735 ,'

524 768 775 822 10.“).

597 807 611 822 .
642 772 699 819 Η
737 772 775 830 ).
1374 798 1387 814 .

590 856 795 909 ti.|luic
814 870 942 923 ergo
982 853 1153 923 ὼιριιυ
1204 852 1361 906 morti
1406 861 1602 905 nostra:
1635 849 1879 906 Salvator
1924 860 2107 905 noster

517 946 769 1006 impendit
797 945 1040 1014 simplam
1082 960 1233 999 suam
1269 954 1360 998 :ct
1384 942 1451 998 ad
1491 943 1785 997 faciendam
1809 953 2089 1013 utramque

520 1038 979 1093 rosum-irationem
1006 1049 1268 1101 nostram,
1296 1037 1347 1090 itr
1404 1046 1741 1091 sacramento
1779 1045 1833 1090 et
1860 1035 2106 1100 exemplo

515 1130 801 1197 praeposuit
820 1139 871 1183 et
901 1128 1178 1200 proposuit
1219 1144 1375 1182 unam
1413 1144 1583 1181 suam.
1632 1126 1817 1195 Neque
1846 1128 1988 1181 enim
2013 1127 2109 1178 frrit

516 1231 763 1290 peccator
796 1231 886 1275 aut
909 1224 1124 1289 impius,
1151 1230 1208 1273 ut
1238 1220 1287 1275 ei
1321 1229 1568 1289 tanquam
1600 1220 1788 1287 spiritu
1819 1228 2027 1270 mortuo
2054 1217 2105 1271 in

515 1312 769 1368 interiore
793 1312 1007 1366 homine
1058 1312 1301 1365 renovari
1347 1326 1479 1378 Opus
1544 1319 1706 1375 essm,
1762 1318 1817 1362 et
1856 1319 2103 1376 tanquam

516 1404 875 1471 resipisiteudo
897 1403 961 1455 ad
991 1404 1146 1455 vitam
1175 1402 1395 1469 justitia:
1453 1402 1691 1455 revocari
1718 1418 1731 1452 :
1758 1400 1848 1454 sed
1885 1400 2101 1454 indutus

514 1509 674 1547 carne
700 1494 931 1557 mortali,
977 1504 1030 1548 et
1074 1494 1187 1546 sola
1238 1492 1494 1552 moriens,
1543 1492 1655 1545 sola
1693 1507 1996 1560 resurgens,
2039 1506 2103 1545 ea

513 1586 627 1639 sola
659 1587 812 1640 nobis
836 1586 900 1638 ad
934 1595 1219 1654 utrumque
1240 1584 1532 1645 concinuit,
1578 1598 1699 1637 cum
1767 1583 1817 1634 in
1848 1598 1909 1636 ea
1960 1583 2109 1636 ﬁeret

516 1677 781 1731 interioris
805 1677 1034 1730 hominis
1050 1684 1463 1737 sacramentunr,
1486 1674 1764 1728 exterioris
1781 1673 2104 1743 exemplum.

513 1766 784 1823 Iutcrioris
804 1768 943 1822 enim
976 1765 1382 1820 Irominisnostri
1409 1775 1744 1819 sacramento
1772 1764 1891 1817 data
1917 1774 1997 1817 est
2020 1766 2105 1817 illa

514 1874 637 1924 vox,
660 1859 924 1927 pertinens
940 1858 1004 1912 ad
1028 1868 1248 1912 mortem
1270 1857 1459 1911 anima:
1476 1867 1671 1910 nostra-
1689 1854 2102 1923 significandam,

518 1968 621 2002 non
658 1952 825 2004 Stillllll
858 1951 907 2003 itr
965 1950 1195 2011 Psalnro,
1248 1963 1431 2002 verum
1470 1947 1627 2001 etiam
1664 1948 1712 2000 itr
1741 1963 1936 2000 cruce:
1972 1945 2107 2000 Deus

516 2060 674 2104 meus,
699 2042 831 2095 Deus
859 2059 1016 2104 meus,
1050 2040 1227 2109 utquid
1254 2056 1332 2093 me
1359 2040 1438 2091 det
1451 2039 1668 2108 eliquisti
1698 2037 1872 2107 (I’sal.
1905 2054 2016 2102 xxI,
2052 2039 2102 2103 1,

508 2143 560 2205 et
594 2132 776 2185 Matth.
815 2147 986 2194 xxvn,
1014 2130 1082 2185 46
1109 2130 1283 2200 )?Cui
1317 2129 1433 2183 voci
1459 2130 1702 2198 congruit
1726 2130 2012 2197 Apostolus
2027 2129 2105 2183 di-

514 2237 641 2274 ceus
666 2239 677 2273 :
712 2221 935 2275 Scieutes
955 2222 1072 2286 quia
1094 2230 1229 2273 vetas
1260 2220 1409 2274 hortto
1447 2229 1617 2273 uoster
1648 2220 1799 2272 simul
1833 2222 2105 2285 cruciﬁxus

515 2324 610 2380 est,
637 2326 690 2366 ut
708 2323 969 2367 evacuetur
990 2330 1171 2383 corpus
1199 2312 1409 2382 peccati,
1444 2322 1499 2365 ut
1531 2313 1664 2366 ultra
1705 2329 1804 2365 nou
1830 2313 2105 2365 serviamus

518 2416 741 2474 peccato.
766 2405 1050 2459 Crucilixio
1078 2406 1274 2475 quippe
1303 2403 1569 2458 interioris
1591 2404 1820 2457 hominis
1844 2404 2107 2472 ptetritt-n-

523 2499 608 2550 tiar
635 2496 848 2551 dolores
880 2496 1262 2565 intelliguntur,
1305 2503 1358 2549 et
1407 2494 1747 2549 continctrtite
1779 2494 1992 2563 quidam
2020 2509 2105 2546 sa-

516 2588 684 2647 lubris
702 2590 988 2651 cruciatus,
1016 2605 1108 2658 per
1152 2605 1309 2660 quam
1362 2599 1591 2642 mortem
1644 2603 1788 2641 nrors
1821 2587 2105 2656 impietatis

518 2685 812 2753 perimitur,
848 2685 897 2737 itr
926 2700 1024 2753 qua
1056 2699 1152 2739 nos
1194 2683 1405 2751 reliquit
1438 2683 1576 2736 Deus
1602 2682 1643 2733 ¹.
1670 2683 1733 2736 Et
1764 2673 1882 2736 ideo
1914 2698 2005 2750 per
2028 2691 2105 2734 ta-

518 2776 619 2829 lem
651 2792 862 2830 crucem
907 2784 1199 2831 evacuatur
1238 2790 1430 2842 corptts
1474 2774 1699 2843 peccati,
1732 2783 1787 2826 ut
1833 2774 1943 2840 jam
1998 2785 2101 2824 non

516 2870 859 2923 eslrilreamns
900 2868 1133 2920 membra
1168 2878 1343 2920 nostra
1375 2883 1521 2920 arma
1555 2866 1845 2935 iniquitatis
1888 2874 2104 2934 peccrlo

518 2958 705 3021 (Itoni.
733 2976 802 3021 vt,
835 2959 887 3022 6,
926 2958 1045 3029 15).
1095 2959 1225 3026 Quia
1266 2968 1319 3013 et
1359 2958 1579 3012 interior
1625 2957 1783 3010 lrotno
1831 2956 1873 3010 si
1920 2955 2101 3025 utique

519 3063 801 3107 renovatur
824 3054 887 3106 de
915 3052 999 3105 die
1032 3052 1080 3105 itr
1129 3052 1269 3106 diem
1302 3051 1319 3121 (
1348 3050 1388 3106 Il
1432 3050 1549 3105 Cor.
1583 3066 1655 3115 tv,
1690 3049 1755 3104 t6
1785 3046 1827 3120 ),
1859 3048 2101 3119 profecto

519 3154 667 3197 VClUS
689 3154 766 3196 ('Sl
795 3153 1075 3213 antequam
1131 3153 1436 3196 renovetur.
1480 3141 1623 3195 lllllIS
1664 3155 1890 3209 namque
1932 3140 2105 3207 {lgllllf'

512 3235 657 3296 quod
692 3234 828 3288 ideur
859 3234 1128 3303 apostolus
1150 3233 1313 3287 dicit:
1350 3231 1534 3285 Exuite
1582 3247 1666 3283 ros
1708 3240 1915 3283 veterem
1941 3228 2106 3282 hami-

515 3344 632 3378 urm
653 3368 667 3389 ,
699 3337 743 3379 et
784 3326 978 3377 induite
1004 3340 1204 3377 uorum.
1238 3323 1388 3391 Quod
1420 3323 1487 3376 ita
1518 3330 1906 3389 consequenter
1935 3335 2102 3388 expo-

514 3420 599 3473 nit
647 3436 659 3470 :
711 3419 1029 3485 Quapropter
1081 3416 1383 3483 deponentes
1436 3414 1790 3476 mendacium,
1840 3412 2103 3483 loquimini

516 3509 773 3562 reritateut
808 3508 1033 3580 (Ephes.
1063 3524 1112 3560 tv
1134 3549 1147 3572 ,
1174 3505 1405 3576 22-25).
1450 3504 1549 3562 Ubi
1594 3516 1769 3559 autem
1818 3503 2105 3572 deponitur

517 3600 855 3655 mendacium
875 3642 891 3665 ,
926 3600 1025 3652 nisi
1057 3600 1218 3661 intus,
1252 3608 1307 3651 ut
1336 3595 1595 3651 inhabitet
1626 3597 1676 3650 irt
1709 3605 1890 3649 monte
1920 3604 2103 3647 sancto

518 3692 611 3746 Dei
650 3694 736 3761 qtti
781 3691 1011 3761 loquitur
1048 3692 1321 3743 veritatem
1367 3689 1417 3742 itr
1459 3686 1620 3742 Corde
1662 3703 1758 3739 suo
1791 3684 1965 3758 (Psal.
1993 3700 2100 3749 xlv,

531 3785 580 3845 ί.
611 3784 711 3853 5)?
746 3782 1083 3837 ltesnrrectio
1114 3795 1241 3833 vero
1282 3779 1522 3848 corporis
1567 3776 1770 3832 Domini
1814 3776 1879 3830 ad
1923 3791 2104 3831 sacra-

518 3886 756 3930 nrentunr
813 3875 1077 3929 interioris
1132 3873 1538 3928 resurrectionis
1590 3882 1783 3926 nostra:
1836 3872 2103 3942 pertinere

519 3967 852 4032 ostenditur,
899 3967 984 4019 tibi
1034 3974 1309 4035 postquam
1360 3966 1683 4031 resurrexit,
1728 3966 1802 4019 ait
1844 3965 2101 4019 mulieri:

526 4056 651 4121 Noli
697 4074 775 4113 me
817 4067 1053 4128 tangere;
1103 4057 1324 4111 nondum
1366 4057 1500 4109 enim
1545 4056 1749 4109 asceudi
1790 4058 1858 4109 ad
1897 4055 2105 4114 Patrem

518 4165 685 4211 meum
712 4146 891 4215 (Joan.
927 4164 1027 4210 xx,
1062 4149 1172 4218 17).
1202 4145 1295 4200 Cui
1326 4148 1581 4217 mysterio
1608 4148 1851 4217 Congruit
1878 4150 2105 4218 Apustiu-

517 4240 606 4303 ius
633 4238 816 4293 dicens
850 4258 861 4291 :
897 4240 956 4293 Si
983 4250 1151 4293 autent
1178 4240 1562 4293 cousurrexistis
1587 4257 1698 4292 cum
1735 4240 1931 4295 Christo
1954 4282 1967 4303 ,
1994 4257 2107 4310 qua:

517 4350 722 4396 sursum
750 4342 866 4386 sunt
892 4332 1098 4401 quatrite
1117 4373 1131 4394 ,
1163 4332 1245 4384 ubi
1274 4330 1501 4385 Christus
1530 4341 1601 4384 est
1629 4332 1696 4385 ad
1725 4333 1979 4385 dexteram
2010 4332 2107 4385 Dei

518 4428 740 4490 sedens;
783 4444 894 4498 qua:
931 4444 1129 4479 sursum
1172 4435 1320 4489 sunt,
1350 4427 1511 4494 sapite
1541 4424 1764 4496 (Coloss.
1794 4442 1846 4479 ιιι
1870 4466 1883 4486 .
1920 4426 1979 4487 1,
2009 4424 2103 4496 2).

525 4517 636 4584 μυε
663 4526 741 4570 est
772 4518 911 4569 enim
940 4517 1208 4569 Christum
1241 4534 1343 4568 rrotr
1378 4527 1613 4585 tangere,
1642 4516 1739 4569 nisi
1768 4532 1887 4569 cum
1916 4531 2106 4569 ascen-

519 4607 663 4667 derit
700 4606 765 4661 ad
811 4606 1015 4661 Patrem
1038 4648 1052 4670 ,
1082 4622 1185 4660 non
1215 4606 1280 4660 de
1310 4606 1522 4660 Christo
1567 4622 1754 4675 sapere
1797 4607 2103 4660 carnaliter.

522 4700 638 4766 Jatn
689 4716 813 4754 vero
857 4699 920 4752 ad
965 4698 1263 4768 exemplum
1314 4698 1498 4752 nrortis
1544 4698 1826 4754 exterioris
1878 4697 2106 4751 hominis

524 4793 690 4856 nostri
719 4790 1007 4846 Dominica:
1028 4793 1204 4847 cartris
1231 4807 1373 4844 trrors
1402 4790 1648 4861 pertinet,
1675 4790 1794 4859 quia
1828 4805 1920 4859 per
1949 4790 2104 4845 talem

523 4882 822 4957 passionem
849 4884 1076 4937 nraxime
1122 4882 1359 4935 hortatus
1388 4891 1470 4959 est
1499 4897 1680 4936 servos
1723 4896 1847 4936 suos
1867 4924 1882 4947 ,
1916 4891 1972 4934 ut
2002 4897 2105 4935 non

524 4976 740 5036 timeant
770 4991 861 5028 cos
892 4974 979 5043 qui
1010 4990 1202 5041 corpus
1231 4972 1499 5037 occidunt,
1530 4972 1761 5024 animam
1794 4982 1969 5025 autem
2000 4988 2104 5032 non

523 5076 747 5149 possunt
785 5066 1028 5121 occidere
1063 5066 1270 5123 (Matth.
1308 5081 1371 5127 x,
1404 5064 1527 5132 28).
1557 5063 1781 5140 Propter
1809 5063 1947 5132 quod
1980 5063 2109 5118 dicit

524 5160 810 5229 Apostolus
862 5178 874 5213 :
931 5158 997 5216 Ut
1053 5158 1316 5233 suppleam
1365 5172 1477 5229 qua:
1525 5156 1703 5210 desunt
1752 5172 2108 5226 pressurarnut

525 5252 707 5303 Christi
736 5252 787 5303 in
815 5267 965 5304 carne
995 5267 1103 5303 tttt’tt
1138 5248 1356 5319 (Coloss.
1388 5265 1425 5314 ι,
1454 5246 1581 5317 24).
1616 5248 1679 5306 Et
1706 5247 1771 5301 ad
1800 5248 2104 5316 exemplum

526 5343 933 5398 resurrectionis
986 5342 1267 5396 exterioris
1325 5340 1557 5399 hominis
1617 5338 1782 5392 nostri
1841 5340 2108 5407 pertinere

526 5433 794 5495 invenitur
822 5434 1143 5487 resurrectio
1169 5434 1409 5501 Corporis
1433 5431 1663 5495 Domini,
1687 5430 1807 5499 quia
1836 5430 2108 5503 discipulis

518 5529 593 5585 ait
623 5544 635 5578 :
664 5525 910 5593 Palpate,
944 5535 987 5578 ct
1031 5526 1223 5591 ridete,
1263 5526 1380 5594 quia
1408 5527 1613 5596 spiritus
1654 5541 1857 5578 carueut
1907 5536 1952 5577 et
1995 5542 2109 5578 ossa

588 5694 603 5727 ι
642 5693 777 5755 editi,
802 5690 853 5741 in
875 5704 971 5755 qua
991 5704 1080 5755 nos
1096 5705 1187 5755 non
1211 5690 1482 5755 dereliquit,
1497 5700 1641 5755 Deus.
1668 5698 1723 5742 At
1745 5689 1961 5755 melioris
1982 5700 2109 5743 notae

526 5762 651 5811 Mss,
676 5753 726 5804 in
757 5767 852 5817 qua
873 5751 958 5817 uos
981 5751 1183 5817 reliquit
1215 5753 1359 5816 (sive,
1378 5751 1639 5817 relinquit)
1680 5762 1808 5803 Deus
1841 5753 1937 5817 :_id_
1960 5756 2109 5817 estin

522 5824 681 5879 nrorte
706 5823 757 5866 et
771 5814 1103 5879 'cruciﬂxione'
1121 5814 1366 5879 interioris
1400 5814 1822 5879 homi'nisﬁostri,
1862 5815 2110 5866 doloribus
2202 5826 2216 5833 ‘

524 5877 755 5943 videlicet
774 5878 1072 5954 paruitcutite
1096 5889 1150 5937 ac
1172 5878 1483 5928 continentiae
1505 5878 1737 5929 cruciatu.
1762 5940 1765 5943 ἢ

3703 384 3808 438 8‘32

2216 503 2316 538 non
2345 488 2513 547 turbet,
2538 490 2663 541 sicut
2693 506 2771 541 me
2797 490 2974 543 videtis
3003 490 3185 547 habere
3216 491 3365 561 (Luc.
3399 508 3546 558 xxtv,
3575 494 3703 565 59).
3740 499 3806 551 Et

2220 593 2353 632 unus
2382 594 2446 633 ex
2476 580 2750 647 discipulis
2792 581 2950 635 etiam
2993 582 3271 637 cicatrices
3299 583 3414 651 ejus
3441 596 3805 649 contrectans.

2218 672 2534 725 exclamavit
2557 672 2762 737 dicens,
2786 671 3030 729 Dominus
3051 690 3213 740 uicus,
3237 684 3283 728 et
3308 674 3438 730 Deus
3463 694 3604 733 meus
3623 677 3803 746 (Joau.

2216 779 2308 829 xx,
2338 764 2466 832 28)!
2502 764 2570 819 Et
2596 780 2719 820 cum
2756 765 2894 819 illius
2922 767 3100 820 carnis
3129 776 3237 822 tata
3277 768 3552 838 integritas
3574 785 3803 838 appare-

2217 863 2320 921 ret,
2361 856 2786 911 demonstratum
2828 866 2912 911 est
2958 857 3008 911 in
3052 872 3115 912 ea
3159 857 3299 926 quod
3343 874 3470 912 suos
3512 862 3807 916 exhortans

2215 947 2427 1001 dixerat
2454 965 2467 999 :
2496 948 2729 1016 Capillus
2757 948 2939 1016 capitis
2969 950 3115 1002 uestri
3143 965 3243 1002 non
3286 951 3463 1018 peribit
3503 950 3657 1017 (Luc.
3695 968 3804 1016 xxi,

2217 1037 2327 1100 i8).
2354 1035 2508 1092 Unde
2529 1039 2669 1091 enim
2699 1039 2891 1107 primo,
2919 1037 3042 1093 Noli
3070 1056 3149 1091 me
3174 1049 3397 1109 tangere,
3420 1042 3645 1095 nondum
3671 1043 3807 1096 enim

2214 1130 2415 1181 ascendi
2444 1130 2511 1183 ad
2544 1128 2753 1184 Patrem
2793 1146 2998 1193 meum;
3036 1139 3091 1185 et
3132 1129 3274 1185 unde
3300 1142 3584 1201 antequam
3612 1147 3807 1187 ascen-

2214 1218 2307 1272 dat
2335 1220 2399 1274 ad
2432 1219 2644 1274 Patrem
2681 1237 2711 1273 a
2755 1220 3035 1290 discipulis
3080 1221 3345 1289 tangitur,
3378 1222 3479 1275 nisi
3524 1222 3647 1291 quia
3699 1223 3807 1277 illic

2216 1309 2582 1366 iusinuabatur
2646 1312 2912 1366 interioris
2962 1312 3193 1367 hominis
3242 1323 3671 1376 sacramentum,
3718 1332 3806 1369 ne

2215 1402 2550 1469 prurire-batur
2572 1404 2857 1457 exterioris
2881 1404 3228 1473 exemplum?
3256 1405 3337 1459 Att
3366 1405 3499 1459 forte
3523 1407 3804 1475 quisquam

2215 1491 2283 1545 ita
2330 1500 2414 1546 est
2461 1492 2723 1547 absurdus
2766 1504 2926 1563 atque
2967 1510 3188 1549 aversus
3232 1511 3262 1549 a
3313 1511 3456 1560 vero,
3505 1504 3561 1548 ut
3606 1496 3805 1550 audeat

2212 1581 2392 1637 dicere
2425 1600 2455 1635 a
2484 1584 2611 1638 viris
2650 1600 2773 1638 eum
2806 1594 3002 1639 tactum
3049 1596 3331 1655 antequam
3375 1586 3730 1649 ascenderet;
3773 1604 3803 1640 a

2214 1673 2529 1728 mulieribus
2576 1684 2776 1740 autem,
2824 1691 2947 1729 cum
2997 1676 3376 1732 ascendisset?
3429 1676 3651 1747 Propter
3700 1677 3805 1732 hoc

2211 1764 2518 1832 exemplum
2553 1764 2746 1819 futura:
2791 1776 2986 1820 nostra:
3020 1767 3427 1822 resnrrectiorris
3455 1768 3507 1821 itr
3550 1782 3804 1836 corpore,

2210 1854 2350 1921 quod
2380 1858 2651 1924 princessit
2692 1855 2745 1910 in
2790 1856 3013 1911 Domino
3032 1898 3047 1922 ,
3076 1856 3202 1911 dicit
3233 1858 3519 1925 Apostolus
3550 1876 3565 1912 :
3590 1856 3805 1912 Initium

2212 1945 2473 2011 Christus,
2511 1947 2691 2002 deinde
2719 1948 2806 2018 qui
2841 1959 2957 2003 sunt
2986 1948 3173 2002 Christi
3200 1949 3253 2017 (Ι
3286 1948 3405 2003 Cor.
3434 1966 3499 2003 xv
3519 1992 3534 2015 ,
3564 1949 3693 2019 33).
3730 1951 3804 2005 lle

2219 2038 2624 2105 corporiseninr
2656 2040 3048 2093 resurrectione
3089 2040 3177 2092 illo
3208 2040 3324 2093 loco
3352 2040 3638 2107 agebatur,
3673 2056 3801 2110 pro-

2211 2138 2328 2198 pter
2356 2145 2511 2198 qttam
2544 2130 2703 2184 etiam
2732 2131 2862 2185 dicit
2899 2149 2912 2185 :
2947 2130 3347 2201 Trousﬁguraoit
3378 2134 3393 2163 ¹
3423 2149 3605 2202 corpus
3631 2134 3805 2187 humi-

2210 2220 2364 2275 litatis
2383 2232 2569 2275 uostrte
2581 2226 2837 2293 confornte
2853 2224 3054 2291 corpori
3074 2224 3252 2293 gloria:
3279 2240 3386 2277 sure
3414 2224 3431 2294 (
3460 2224 3692 2293 Philipp.
3722 2240 3798 2287 ιιι,

2207 2311 2321 2383 21).
2354 2312 2463 2367 lina
2482 2330 2608 2383 ergo
2630 2330 2773 2368 mors
2796 2316 2959 2370 nostri
2980 2314 3271 2370 Salvatoris
3289 2316 3494 2371 duabus
3538 2318 3802 2372 mortibus

2210 2404 2410 2460 nostris
2436 2405 2593 2458 saluti
2623 2404 2738 2459 fuit.
2768 2406 2834 2460 Et
2859 2422 2961 2459 una
2995 2406 3109 2475 ejus
3138 2409 3459 2462 resurrectio
3486 2407 3619 2463 duas
3643 2410 3800 2462 nobis

2208 2496 2635 2551 rcsurrectiones
2664 2498 2906 2565 priestitit
2927 2539 2941 2561 ,
2974 2514 3093 2551 cum
3124 2514 3317 2566 corpus
3347 2499 3461 2567 ejus
3492 2500 3540 2552 itr
3574 2508 3801 2568 utraque

2207 2602 2288 2647 re,
2322 2587 2372 2641 id
2400 2598 2505 2654 est,
2535 2598 2590 2642 et
2625 2589 2676 2642 in
2721 2598 2893 2644 morte
2920 2599 2974 2644 et
3003 2590 3055 2643 in
3085 2592 3499 2655 resurrectione,
3528 2601 3584 2645 et
3610 2607 3798 2645 sacra-

2207 2688 2389 2733 mento
2432 2680 2697 2735 interioris
2746 2680 2975 2736 hominis
3018 2680 3221 2747 nostri,
3268 2692 3322 2736 et
3359 2684 3604 2750 exemplo
3641 2693 3798 2737 exte-

2210 2770 2402 2835 rioris,
2456 2772 2759 2828 medicinali
2815 2773 3043 2844 quadam
3096 2776 3465 2830 convenientia
3520 2776 3797 2831 ministra-

2209 2872 2318 2917 tum
2346 2871 2448 2918 est.

2280 2953 2506 3010 CAPUT
2547 2953 2636 3008 IV.
2676 2984 2747 2995 --
2786 2955 2838 3009 7.
2881 2954 3031 3009 Ratio
3060 2955 3231 3025 simpli
3255 2955 3325 3008 ad
3351 2956 3562 3024 duplum
3588 2974 3652 3011 ea:
3683 2975 3800 3026 pcr-

2208 3045 2423 3115 fectione
2446 3046 2630 3099 senarii
2663 3046 2878 3100 nurueri.
2912 3044 3116 3100 Sertorii
3152 3046 3389 3116 perfectio
3433 3047 3485 3101 iu
3512 3047 3799 3117 Scripturis

2207 3138 2573 3191 commendata.
2617 3137 2792 3191 Annus
2829 3138 3028 3192 senario
3072 3155 3280 3192 numero
3325 3139 3497 3208 pollet.
3543 3139 3671 3194 ιιωε
3700 3156 3797 3193 arr—

2209 3238 2315 3284 tem
2356 3230 2492 3283 ratio
2517 3230 2690 3299 simpli
2717 3229 2782 3283 ad
2809 3230 3031 3299 duplum
3061 3230 3230 3283 oritur
3261 3230 3475 3299 quidem
3506 3247 3535 3283 a
3564 3233 3801 3286 ternario

2208 3336 2467 3385 numero;
2516 3337 2678 3375 unum
2716 3322 2910 3390 quippe
2951 3320 3017 3374 ad
3060 3320 3187 3388 duo,
3219 3322 3314 3374 tria
3364 3330 3487 3375 sunt
3515 3340 3527 3375 :
3560 3322 3654 3375 sed
3700 3324 3801 3376 hoc

2210 3424 2375 3469 totum
2405 3413 2545 3484 qrtod
2572 3415 2705 3476 dixi,
2735 3414 2800 3466 ad
2842 3415 3112 3468 senarium
3154 3414 3428 3483 pervenit;
3463 3430 3625 3467 unum
3654 3415 3798 3468 enim

2208 3514 2265 3560 et
2287 3506 2395 3559 duo
2423 3516 2475 3559 et
2503 3506 2601 3558 tria
2626 3520 2719 3559 sex
2749 3504 2899 3559 liurrt.
2927 3504 3027 3573 Qui
3068 3520 3322 3558 numerus
3353 3512 3631 3574 propterea
3676 3520 3801 3572 per-

2211 3596 2379 3651 lectus
2418 3596 2611 3675 dicitur
2653 3596 2777 3664 quia
2830 3595 3066 3663 partibus
3111 3595 3224 3650 suis
3270 3595 3568 3665 completur
3596 3612 3608 3652 :
3640 3593 3803 3648 habet

2208 3687 2351 3742 enim
2384 3687 2501 3740 illas
2527 3696 2659 3752 tres,
2688 3696 2914 3749 sextam,
2947 3687 3179 3750 tertiam,
3199 3685 3504 3749 dimidiam;
3530 3700 3628 3739 nec
3655 3686 3801 3740 nulla

2212 3794 2337 3850 pars
2373 3780 2495 3841 alia,
2528 3794 2645 3849 qua:
2671 3778 2776 3833 dici
2808 3779 2974 3849 possit
3000 3788 3160 3849 quota
3197 3781 3284 3842 sit,
3319 3779 3587 3832 invenitur
3627 3778 3684 3833 in
3717 3793 3799 3833 eo.

2209 3873 2369 3929 Sexta
2400 3886 2529 3941 ergo
2548 3872 2664 3940 ejus
2694 3887 2853 3926 unum
2874 3880 2992 3935 est;
3024 3872 3198 3934 tertia,
3223 3870 3357 3935 duo;
3397 3869 3641 3935 dimidia,
3677 3870 3799 3925 tria.

2213 3966 2387 4022 Urrttm
2414 3974 2590 4029 autem
2622 3973 2676 4020 et
2700 3964 2807 4018 duo
2831 3976 2884 4019 et
2915 3965 3010 4019 tria
3032 3972 3407 4019 consummant
3434 3964 3687 4018 eumdem
3719 3979 3805 4017 se—

2214 4061 2439 4115 narium.
2470 4058 2632 4128 Cujus
2674 4058 3051 4127 perfectionem
3103 4059 3257 4113 nobis
3298 4067 3478 4113 sancta
3522 4057 3805 4126 Scriptura

2209 4151 2582 4216 commendat,
2629 4151 2681 4205 in
2721 4166 2789 4206 eo
2833 4152 3062 4204 maxime
3097 4150 3237 4219 quod
3289 4149 3428 4204 Deus
3471 4163 3563 4203 sex
3610 4148 3807 4203 diebus

2213 4242 2434 4312 perfecit
2469 4258 2634 4311 opera
2675 4257 2790 4306 sua,
2820 4252 2873 4296 et
2911 4251 3063 4295 sexto
3095 4241 3181 4295 die
3225 4241 3392 4295 factus
3433 4250 3513 4295 est
3542 4240 3706 4293 homo
3733 4240 3803 4293 ad

2212 4333 2493 4402 imaginem
2527 4333 2615 4387 Dei
2647 4331 2797 4404 (Gen.
2832 4331 3009 4402 1.27).
3068 4332 3133 4385 Et
3184 4341 3332 4385 sexta
3382 4341 3537 4385 :utate
3583 4331 3805 4397 generis

2214 4425 2453 4490 humani,
2488 4423 2654 4478 Filius
2695 4424 2785 4478 Dei
2813 4410 2961 4477 venit
2993 4431 3047 4477 ct
3073 4421 3237 4476 factus
3268 4433 3347 4475 est
3378 4422 3513 4474 [ilius
3544 4423 3800 4484 hominis,

2212 4528 2268 4570 ttt
2311 4532 2407 4570 nos
2434 4516 2749 4570 reformaret
2774 4514 2844 4568 ad
2877 4516 3158 4582 imaginem
3190 4515 3301 4568 Dei.
3338 4515 3408 4568 Ea
3435 4516 3634 4583 quippe.
3663 4531 3806 4568 nunc

2213 4620 2345 4664 :etas
2389 4610 2582 4678 agitur,
2623 4609 2736 4664 sive
2780 4608 2977 4662 milleni
3010 4608 3133 4661 anni
3163 4607 3385 4676 singulis
3417 4607 3807 4662 tli~trihnantur

2210 4702 2475 4766 :etatibus,
2512 4702 2624 4755 sive
2657 4702 2707 4758 in
2747 4699 2942 4753 divinis
2970 4699 3186 4753 Litteris
3234 4700 3608 4754 memorabiles
3647 4711 3809 4768 atque

2213 4794 2445 4861 insignes
2490 4792 2639 4860 qrrasi
2694 4792 2953 4849 articulos
3004 4800 3299 4858 tetrrpornm
3350 4790 3700 4857 vestigemus,
3753 4800 3807 4842 nt

2213 4887 2379 4954 prirrra
2412 4894 2542 4939 :etas
2572 4884 2872 4937 inveniatur
2899 4883 2967 4936 alr
2996 4882 3163 4936 Adam
3204 4897 3368 4950 usque
3398 4883 3463 4935 ad
3513 4881 3648 4943 Noe,
3685 4882 3807 4935 inde

2211 4976 2444 5033 Secunda
2485 4992 2651 5045 usque
2678 4973 2745 5030 ad
2788 4974 3051 5028 Alrralranr
3080 4991 3092 5027 :
3125 4983 3179 5026 et
3204 4973 3480 5039 deinceps,
3500 4973 3643 5026 sicut
3672 4972 3807 5025 .\lat-

2214 5069 2384 5123 thaurs
2430 5068 2752 5135 evangelista
2798 5066 3069 5127 distinxit,
3114 5066 3181 5119 ab
3232 5064 3498 5119 Abraham
3539 5082 3715 5130 usque
3741 5066 3806 5117 ad

2215 5161 2398 5224 David,
2429 5158 2656 5216 a-David
2687 5174 2855 5227 usque
2893 5157 2958 5213 ad
2989 5158 3503 5225 transmigratiouem
3542 5156 3594 5209 itr
3628 5158 3807 5227 italty-

2210 5252 2432 5314 loniam,
2478 5261 2635 5317 atque
2658 5250 2780 5303 inde
2812 5264 2977 5318 usque
3005 5248 3073 5302 ad
3101 5249 3318 5315 virginis
3349 5258 3553 5317 partqu
3585 5249 3809 5319 (Matth.

2210 5358 2251 5407 ι,
2285 5343 2368 5409 17)
2421 5341 2549 5406 Quae
2577 5352 2685 5394 tres
2714 5350 2898 5395 :rtatcs
2922 5342 3221 5407 conjuncta:
3256 5340 3357 5392 illis
3382 5339 3609 5404 duabus,
3642 5343 3807 5408 quin-

2214 5450 2317 5506 que
2348 5433 2563 5488 faciunt.
2596 5430 2823 5486 Proinde
2868 5441 3071 5484 sextam
3116 5430 3379 5483 inchoavit
3424 5432 3677 5484 nativitas
3710 5432 3810 5485 Du.

2214 5524 2363 5589 trrirri,
2394 5540 2510 5591 qua:
2547 5539 2687 5576 nunc
2722 5523 2893 5590 agitur
2924 5538 3090 5590 usque
3128 5522 3192 5573 ad
3235 5522 3499 5574 occultum
3547 5524 3810 5589 tenuioris

2216 5616 2396 5669 lirrerrr.
2430 5613 2579 5666 Hunc
2616 5613 2880 5667 senarium
2910 5628 3187 5666 numerum
3223 5610 3505 5684 quamdam
3544 5616 3811 5681 tetrrporis

2214 5719 2399 5775 gerere
2444 5705 2686 5773 ligurum,
2718 5702 2877 5757 etiam
2927 5704 2979 5756 in
3027 5703 3115 5758 illa
3154 5703 3361 5759 ratione
3386 5700 3666 5773 tripartite
3693 5702 3807 5761 dii-

2281 5876 2307 5911 ι
2333 5874 2522 5947 aliquot
2540 5838 2689 5926 tua:
2723 5870 3111 5941 transfiguratus.
