4042 6430
274 379 376 437 893

273 490 580 548 triltutionis
624 489 960 559 agnoscimus
983 530 998 549 .
1033 502 1137 558 qua
1180 503 1341 549 unum
1385 495 1594 557 tempus
1630 501 1834 555 compu-

273 595 447 638 tamus
472 595 597 638 ante
624 583 853 652 Legem;
881 580 1130 646 alterum,
1153 579 1253 635 sub
1282 580 1456 649 Lege;
1496 579 1727 640 tertium,
1758 577 1858 632 sub

272 677 457 740 gmtia.
506 675 568 730 In
615 692 721 744 quo
768 683 1011 742 tempore
1061 683 1451 727 sacramentum
1498 670 1856 725 renovationis

270 768 612 837 accepimus:
647 776 704 820 ut
746 767 799 819 in
840 768 943 820 line
981 765 1235 833 temporis
1268 764 1428 817 etiam
1467 763 1856 817 resurrectione

271 860 449 913 carnis
469 858 617 913 omni
649 874 715 913 ex
753 868 900 925 parte
939 857 1199 922 renovati,
1230 856 1297 910 ab
1341 855 1607 918 universa,
1637 868 1742 907 non
1769 867 1857 906 so-

270 953 379 1007 lum
419 952 634 1014 anitum,
665 966 849 1005 verum
893 949 1056 1004 etiam
1082 948 1323 1019 corporis
1354 945 1661 1000 inﬁrmitate
1703 958 1861 998 sane-

270 1059 410 1097 ntur.
442 1041 592 1097 Unde
634 1040 942 1110 intelligitur
966 1040 1052 1093 illa
1084 1039 1276 1093 mulier
1304 1038 1366 1091 in
1388 1047 1512 1107 typo
1547 1034 1802 1090 Ecclesiae
1827 1048 1856 1086 a

274 1136 502 1189 Domino
530 1142 714 1187 sanata
740 1142 795 1188 et
820 1142 1019 1193 erecta,
1050 1146 1210 1201 quam
1237 1138 1547 1183 eurvaverat
1580 1125 1859 1181 inﬁrmitas

268 1228 523 1297 alligante
570 1235 775 1279 satana.
831 1225 906 1279 De
946 1224 1140 1278 talilms
1180 1222 1323 1276 enim
1352 1220 1571 1275 occultis
1617 1218 1857 1272 hostibus

273 1319 474 1387 plangit
506 1317 591 1370 illa
634 1331 735 1370 vox
780 1314 974 1370 l‘salmi
1001 1332 1013 1367 ε
1044 1311 1385 1369 Curvaverunt
1430 1312 1652 1364 animant
1695 1324 1856 1363 meum

271 1410 450 1479 (Psal.
469 1426 572 1472 t.vt,
588 1410 664 1479 7).
685 1409 808 1463 [late
832 1417 1009 1462 autem
1033 1407 1225 1460 mulier
1247 1406 1434 1459 decem
1464 1412 1517 1457 et
1540 1411 1661 1457 octo
1688 1416 1857 1456 annos

273 1504 504 1558 habebat
536 1502 589 1556 in
616 1501 944 1563 inﬁrmitate,
976 1497 1117 1568 quod
1143 1505 1226 1550 est
1251 1505 1329 1549 ter
1355 1494 1491 1549 seni.
1523 1494 1729 1547 Menses
1762 1508 1858 1547 au-

273 1605 382 1651 tem
411 1610 673 1649 annorum
705 1593 889 1649 decem
916 1601 972 1646 et
995 1600 1115 1645 octo
1162 1587 1504 1644 inveniuntur
1545 1586 1595 1639 iit
1638 1598 1859 1639 numero

272 1688 425 1742 solidi
462 1686 703 1756 quadrati
748 1683 966 1744 senarii.
995 1680 1136 1751 quod
1166 1690 1249 1733 est
1285 1678 1461 1733 sexies
1496 1676 1633 1739 seni,
1673 1686 1725 1730 et
1758 1674 1858 1728 hoc

268 1777 469 1832 sexies.
515 1775 672 1830 Juxta
717 1775 913 1843 quippe
956 1782 1037 1826 est
1066 1772 1118 1825 iu
1162 1768 1351 1825 eodem
1400 1765 1671 1837 Evangelii
1719 1766 1853 1828 loco,

274 1871 433 1924 arbor
459 1884 670 1939 quoque
714 1867 801 1920 illa
846 1865 1096 1929 ﬁculnea,
1126 1860 1280 1932 cujus
1309 1859 1557 1914 miseram
1604 1856 1856 1912 sterilita-

275 1973 380 2017 teut
416 1964 579 2017 etiam
618 1960 807 2014 tertius
850 1974 1020 2013 annus
1053 1956 1327 2026 arguebat.
1361 1954 1465 2009 Sed
1517 1955 1588 2008 ita
1631 1968 1726 2021 pro
1770 1949 1856 2003 illa

274 2056 627 2109 intercessum
666 2062 770 2115 est,
802 2062 859 2107 ιιι
881 2052 1238 2107 dimitteretur
1277 2049 1367 2103 illo
1396 2062 1557 2111 anno,
1587 2052 1645 2099 ut
1672 2046 1713 2098 si
1744 2043 1856 2097 lru-

275 2158 414 2201 etum
448 2146 631 2207 ferret,
668 2146 837 2209 bene;
885 2146 964 2198 sin
995 2144 1166 2205 aliter,
1194 2141 1532 2197 excideretur
1560 2137 1711 2207 (Luc.
1743 2153 1852 2199 χιιι,

275 2239 452 2309 617).
497 2238 630 2292 Nam
689 2248 745 2293 et
794 2245 901 2291 trcs
955 2234 1079 2288 anui
1131 2234 1196 2288 ad
1244 2231 1487 2288 eamdem
1542 2229 1857 2299 tripertitam

278 2330 700 2384 distributionem
758 2329 1051 2397 pertinent,
1105 2336 1159 2380 et
1217 2338 1429 2379 menses
1479 2324 1638 2377 triqu
1686 2336 1859 2376 anuo-

278 2437 391 2477 rum
438 2420 757 2491 quadratum
803 2419 1071 2474 senarium
1113 2416 1335 2482 faciunt,
1377 2414 1519 2486 quod
1558 2421 1641 2468 est
1684 2414 1860 2469 sexies

278 2512 413 2566 acui.

347 2605 402 2659 8.
442 2603 629 2658 Annus
655 2602 814 2656 etiam
857 2616 1014 2666 unus,
1045 2600 1088 2654 si
1117 2599 1399 2655 duodecim
1426 2612 1639 2654 menses
1669 2597 1862 2666 integri

279 2694 708 2757 considerentur,
760 2710 894 2763 quos
944 2693 1127 2747 triceni
1178 2692 1293 2746 dies
1349 2690 1620 2760 complent
1669 2688 1860 2759 (talem

277 2789 473 2857 quippe
504 2802 743 2841 mensem
772 2794 979 2840 veteres
1006 2786 1444 2847 observaverunt,
1475 2798 1632 2851 quem
1670 2782 1863 2835 circui-

280 2888 361 2934 tus
390 2879 590 2933 lunaris
619 2875 909 2949 ostendit),
951 2877 1164 2932 senario
1214 2890 1437 2930 numero
1483 2875 1667 2947 pollet.
1709 2875 1863 2944 Quod

278 2970 420 3025 enim
470 2970 651 3024 valent
691 2982 783 3023 Sex
826 2970 876 3022 itt
925 2969 1096 3037 primo
1140 2967 1327 3021 ordine
1376 2982 1741 3032 numerorum,
1774 2967 1862 3038 qui

279 3073 484 3117 constat
510 3078 574 3116 ex
599 3061 716 3115 unis
746 3070 801 3114 ut
827 3060 1166 3129 perveniatur
1185 3058 1251 3111 ad
1282 3059 1502 3123 decem;
1553 3058 1653 3113 hoc
1684 3058 1866 3115 valettt

278 3156 553 3225 sexaginta
596 3156 647 3208 in
689 3154 925 3210 secundo
948 3153 1159 3219 ordine,
1179 3152 1271 3222 qui
1308 3162 1519 3208 constat
1542 3169 1605 3208 ex
1632 3152 1783 3208 denis
1808 3163 1866 3208 ut

280 3246 623 3318 perveniatur
668 3246 735 3299 ad
763 3256 998 3301 centum.
1028 3244 1416 3313 Sexagenarius
1452 3258 1586 3313 ergo
1612 3259 1865 3302 numerus

277 3341 509 3400 dierum.
539 3350 689 3394 sexta
720 3354 843 3408 pars
883 3339 1005 3393 anni
1049 3348 1152 3391 est.
1184 3338 1410 3393 Proinde
1455 3353 1550 3407 per
1592 3340 1863 3393 senarium

280 3432 436 3501 primi
482 3446 669 3485 versus
719 3430 1154 3498 multiplicatur‘,
1191 3438 1438 3498 tauquam
1489 3430 1731 3484 senarius
1775 3445 1863 3485 se-

278 3523 439 3579 cundi
480 3538 691 3588 versus,
732 3532 786 3577 et
828 3522 964 3576 ﬁunt
1006 3522 1179 3576 sexies
1224 3522 1497 3589 sexageni,
1546 3521 1765 3575 trecenti
1810 3529 1867 3575 et

278 3616 552 3685 sexaginta
597 3614 735 3677 dies,
776 3614 865 3682 qtti
911 3622 1036 3667 sunt
1073 3614 1264 3681 integri
1305 3610 1586 3665 duodecim
1631 3626 1862 3665 utens-es.

278 3705 385 3761 Sed
412 3706 666 3773 quoniam
713 3704 850 3759 sicut
878 3719 1116 3757 mensem
1156 3702 1414 3756 circuitus
1457 3704 1593 3756 lunae
1634 3701 1869 3756 ostendit

280 3799 610 3863 hominibus,
633 3798 711 3853 sic
734 3812 905 3851 annus
927 3797 1150 3850 eireuitu
1172 3796 1302 3849 solis
1327 3794 1729 3848 animadversus
1750 3802 1860 3859 est;

277 3901 487 3946 restant
512 3900 689 3945 autem
716 3890 949 3959 quinque
976 3889 1091 3943 dies
1134 3896 1188 3941 et
1228 3887 1493 3957 quadrans
1531 3887 1661 3952 diei,
1693 3896 1751 3940 ut
1786 3887 1867 3941 sul

281 3983 505 4053 impleat
527 3998 743 4037 cursum
771 3997 924 4036 suum
951 3996 1255 4050 annumque
1290 3979 1575 4034 concludat
1599 3997 1614 4033 :
1642 3989 1870 4049 quatuor

280 4076 424 4128 enim
451 4073 776 4142 quadrantes
821 4073 1018 4127 faciunt
1046 4088 1211 4128 unum
1247 4072 1411 4136 diem,
1450 4087 1607 4142 quem
1649 4087 1870 4128 necesse

278 4178 361 4221 est
388 4166 692 4220 interealari
718 4180 944 4219 excurso
982 4164 1352 4233 quadriennio,
1391 4164 1533 4233 quod
1577 4164 1868 4219 bissextum

280 4266 494 4322 vocant,
520 4274 587 4311 ne
612 4268 908 4325 temporum
931 4257 1062 4310 ordo
1088 4256 1364 4310 turbetur:
1394 4258 1552 4311 etiam
1584 4257 1727 4326 ipsos
1752 4258 1869 4311 dies

279 4352 516 4420 quinque
557 4358 614 4404 et
655 4351 1006 4420 quadrantem
1050 4351 1093 4404 si
1139 4350 1576 4416 consideremus,
1626 4351 1867 4405 senarius

280 4460 538 4503 numerus
568 4444 619 4496 in
649 4444 725 4497 eis
755 4444 1035 4512 plurimum
1080 4444 1237 4495 valet.
1281 4443 1536 4506 Primum,
1562 4445 1680 4511 quia
1723 4444 1860 4495 sicut

280 4536 394 4590 ﬁeri
421 4536 562 4590 solet
583 4545 639 4587 ιιι
666 4552 693 4587 a
724 4544 871 4604 parte
897 4542 1063 4587 totum
1088 4543 1443 4601 computetur,
1466 4550 1568 4586 non
1602 4543 1726 4587 sunt
1758 4534 1868 4601 jam

277 4628 397 4681 dies
422 4628 679 4697 quinque,
709 4626 802 4680 sed
846 4626 1021 4695 potius
1057 4641 1169 4688 sex,
1203 4634 1262 4677 ut
1297 4624 1566 4693 quadrans
1593 4625 1681 4679 ille
1719 4626 1864 4678 acci-

280 4721 459 4787 piatur
490 4733 586 4785 pro
623 4718 731 4773 die.
767 4717 985 4781 Deinde,
1009 4716 1131 4786 quia
1161 4717 1212 4769 in
1243 4716 1371 4784 ipsis
1400 4717 1633 4785 quinque
1677 4716 1868 4772 diebus

280 4821 430 4864 sexta
461 4825 585 4880 par;
618 4809 817 4865 mensis
844 4818 925 4863 est
955 4826 968 4861 :
1014 4809 1127 4878 ipse
1150 4818 1327 4865 autem
1356 4809 1624 4879 quadrans
1652 4825 1744 4864 sex
1776 4810 1870 4863 ho-

281 4920 373 4958 ras
397 4905 577 4958 habet.
606 4904 647 4957 Τ
650 4914 771 4959 otus
801 4904 942 4957 enim
987 4902 1123 4967 dies,
1151 4902 1200 4956 id
1248 4912 1347 4967 est,
1378 4919 1499 4957 cum
1548 4919 1644 4957 sua
1688 4912 1864 4968 nocte,

278 4998 465 5067 viginti
492 5005 721 5067 quatuor
746 4997 891 5050 hora:
914 5004 1058 5061 sunt,
1090 5013 1313 5066 quarunt
1362 5011 1485 5065 pars
1509 5006 1720 5066 quarta,
1753 5014 1871 5065 qua:

279 5098 369 5143 est
395 5088 664 5156 quadrans
688 5088 815 5149 diei.
846 5102 941 5141 sex
978 5087 1121 5140 liora:
1158 5087 1536 5141 inveniuntur:
1568 5087 1637 5140 ita
1668 5087 1719 5140 in
1746 5088 1871 5141 anui

280 5194 445 5233 cursu
469 5182 717 5233 senarius
740 5192 995 5232 numerus
1020 5178 1301 5246 plurimum
1324 5178 1483 5231 valet.

352 5269 582 5325 CAPUT
623 5268 688 5323 Ἴ.
727 5298 800 5311 -—
843 5270 899 5324 9.
960 5269 1206 5323 Senarius
1262 5270 1378 5321 item
1427 5269 1481 5320 in
1535 5268 1870 5335 tedi/icatione

278 5364 509 5431 corporis
528 5363 719 5417 Christi
747 5380 807 5416 ac
829 5363 1004 5431 templi
1026 5361 1443 5432 Jerosolyniitani
1469 5361 1865 5415 conttttentlatus.

278 5454 395 5510 Nec
416 5455 687 5509 immerito
736 5455 787 5508 iu
833 5454 1188 5507 a'diﬁcatione
1227 5454 1468 5521 corporis
1513 5452 1790 5517 Dominici,
1820 5454 1871 5507 in

278 5563 435 5613 cupis
464 5546 625 5615 ﬁgura
654 5547 906 5614 templum
942 5561 972 5599 a
1012 5545 1210 5600 ludat-is
1246 5530 1577 5600 destructum
1609 5545 1782 5598 triduo
1812 5560 1869 5599 se

281 5639 724 5693 resuscitaturutn
759 5652 878 5692 esse
915 5637 1145 5704 dicebat,
1180 5653 1430 5693 numerus
1471 5639 1584 5709 ipse
1629 5639 1871 5693 senarius

347 5798 361 5829 ³
398 5796 952 5866 Εᾶὶιῇηηιιιιιίριὶεαηιιιν.
979 5798 1150 5852 uelitis
1187 5808 1312 5861 Mss,
1349 5798 1694 5866 maltiplicatnr
1734 5814 1752 5853 :
1786 5817 1873 5854 nu-

278 5870 449 5912 merus
470 5860 697 5910 videJcct
716 5871 952 5915 senarius.

1616 373 1817 430 LIBER
1856 372 2201 442 QUARTUS.

3441 384 3549 442 ενι

1963 520 2060 573 pro
2095 521 2235 559 anno
2276 506 2485 576 positus
2528 508 2858 579 intelligitur.
2905 512 3159 569 Dixerunt
3185 512 3326 571 enim
3358 533 3373 573 :
3406 518 3550 584 Osta-

1959 596 2195 663 tlmginta
2219 605 2266 649 et
2290 613 2380 651 sea:
2407 599 2553 680 annis
2582 601 2889 670 aediﬁcatum
2917 616 2990 658 est
3019 607 3277 677 templum.
3313 609 3380 663 Et
3408 624 3545 680 qun-

1959 683 2169 754 dragit-s
2218 674 2415 742 sexiesi
2442 691 2576 755 seni,
2623 692 2751 747 ﬁunt
2795 694 3011 750 ducenti
3059 674 3390 769 septuaginta
3427 674 3523 756 sex

1959 778 2058 842 Qui
2088 794 2338 833 numerus
2367 780 2572 835 dierum
2615 784 2851 852 complet
2897 801 3087 840 novem
3128 804 3340 844 menses
3369 800 3424 845 et
3451 806 3542 847 sex

1959 866 2093 930 dies,
2122 868 2210 936 qui
2241 881 2490 940 tanquam
2522 872 2704 928 decem
2733 890 2946 930 menses
2974 880 3304 946 parientibus
3335 881 3544 938 feminis

1960 958 2287 1029 imputantur
2318 980 2332 1015 :
2366 979 2469 1017 non
2512 964 2635 1034 quia
2674 981 2860 1022 omnes
2890 968 2957 1022 ad
3006 980 3213 1024 sextum
3244 972 3385 1027 diem
3431 985 3546 1042 post

1962 1066 2158 1105 nonum
2192 1068 2428 1109 mensem
2475 1058 2809 1124 perveniunt,
2840 1060 2933 1115 sed
2977 1062 3101 1131 quia
3134 1063 3246 1132 ipsa
3288 1065 3548 1132 perfectio

1959 1142 2201 1210 corporis
2230 1142 2438 1199 Domini
2467 1154 2545 1199 tot
2570 1146 2760 1203 diebus
2784 1149 2848 1203 ad
2882 1160 3086 1219 partum
3115 1155 3367 1223 perducta
3396 1172 3545 1209 com-

1961 1233 2185 1299 peritur,
2215 1236 2354 1289 sicut
2375 1251 2404 1290 a
2435 1237 2725 1306 majoribus
2749 1240 3000 1295 traditum
3027 1245 3323 1314 suscipiens
3362 1246 3547 1301 Eccleo

1960 1321 2055 1375 sia:
2082 1324 2313 1379 custodit
2340 1329 2644 1382 auctoritas.
2676 1331 2876 1386 Octavo
2903 1334 3046 1387 enim
3082 1336 3331 1409 calenfdas
3359 1339 3543 1407 aprilis

1959 1426 2249 1483 conceptus
2289 1417 2541 1482 creditur,
2585 1435 2690 1487 quo
2728 1430 2784 1475 et
2830 1438 3056 1491 passus:
3090 1424 3158 1479 ita
3204 1437 3549 1483 monumento

1961 1520 2101 1559 novo
2126 1521 2232 1575 quo
2279 1509 2517 1575 sepultus
2547 1519 2648 1574 est,
2683 1510 2771 1564 ubi
2826 1514 3002 1567 nullus
3051 1524 3167 1572 erat
3209 1530 3542 1572 mortuorum

1962 1597 2166 1664 positus
2212 1597 2391 1666 (Joan.
2438 1615 2547 1659 xix.
2580 1603 2671 1667 il,
2702 1601 2816 1673 42),
2868 1620 2967 1659 nec
3006 1614 3151 1674 ante,
3198 1624 3297 1663 nec
3341 1620 3545 1678 postea.

1958 1686 2203 1754 congruit
2234 1697 2417 1743 uterus
2443 1690 2660 1759 virginis
2682 1708 2787 1761 quo
2812 1702 3104 1763 conceptus
3128 1706 3228 1762 est,
3255 1699 3344 1753 tibi
3373 1700 3549 1755 nullus

1959 1778 2253 1832 seminatus
2275 1788 2357 1833 est
2382 1782 2708 1837 mortalium.
2731 1784 2896 1840 Natus
2920 1797 3097 1841 autem
3122 1789 3344 1844 traditur
3361 1801 3553 1844 octavo

1958 1870 2209 1925 ealettdas
2246 1871 2542 1940 januarias.
2585 1876 2668 1930 Ab
2699 1876 2792 1931 illo
2815 1894 2944 1948 ergo
2974 1879 3061 1935 die
3087 1896 3254 1950 usque
3292 1882 3356 1936 ad
3390 1884 3547 1938 istum

1958 1964 2304 2031 conmutati‘,
2347 1966 2561 2023 ducenti
2609 1973 2943 2041 septuaginta
2980 1982 3034 2027 et
3075 1988 3169 2028 sex
3208 1977 3552 2044 reperiuntur

1959 2054 2095 2119 dies,
2127 2056 2216 2124 qui
2259 2058 2531 2112 senarium
2564 2076 2845 2115 numerum
2884 2062 3200 2133 quadragies
3240 2066 3416 2121 sexies
3458 2067 3552 2119 Ita.

1962 2146 2104 2200 bent.
2132 2150 2248 2215 Quo
2273 2164 2498 2204 numero
2525 2167 2786 2207 annorum
2824 2156 3080 2225 templum
3105 2158 3419 2213 aediﬁcatum
3444 2169 3547 2225 est,

1960 2240 2080 2309 quia
2106 2256 2171 2294 eo
2192 2256 2413 2296 numero
2433 2244 2769 2300 senariorum
2797 2261 2993 2315 corpus
3024 2248 3232 2302 Domini
3255 2249 3550 2317 perlectum

1961 2341 2065 2396 est,
2091 2332 2231 2401 quod
2263 2335 2454 2389 mortis
2480 2337 2725 2405 passione
2748 2336 3101 2404 destructum,
3130 2340 3304 2394 triduo
3322 2342 3555 2396 resusci-

1964 2425 2109 2479 tavit.
2143 2424 2351 2480 Dicebat
2380 2428 2522 2481 enim
2570 2429 2672 2483 hoc
2714 2430 2777 2484 de
2827 2432 3015 2500 templo
3060 2433 3290 2503 corporis
3336 2434 3415 2487 sui
3436 2432 3547 2502 (Id.

1963 2531 2021 2583 tt,
2052 2517 2267 2586 19-91),
2294 2520 2430 2574 sicut
2450 2520 2852 2577 evidentissimo
2877 2533 2931 2578 et
2972 2525 3345 2581 robustissimo
3377 2527 3553 2581 Evan-

1962 2611 2083 2679 gelii
2120 2613 2426 2667 testimonio
2447 2614 2767 2681 declaratur,
2795 2632 2901 2687 quo
2928 2619 3003 2673 ait
3030 2636 3044 2672 :
3094 2618 3238 2674 Sicut
3266 2621 3362 2689 fuit
3390 2619 3554 2677 Jonas

1963 2702 2014 2754 in
2046 2712 2214 2757 ventre
2239 2704 2332 2756 ceti
2360 2705 2517 2758 tribus
2554 2706 2743 2771 diebus,
2774 2718 2822 2763 et
2848 2710 3008 2763 tribus
3038 2711 3304 2775 noctibus;
3347 2712 3418 2765 sic
3461 2713 3553 2764 erit

1966 2793 2133 2847 Filius
2159 2795 2377 2849 hominis
2404 2797 2457 2849 in
2496 2797 2647 2852 corde
2686 2808 2833 2853 terra:
2875 2800 3032 2855 tribus
3069 2801 3264 2868 diebus,
3307 2812 3353 2855 et
3398 2802 3554 2857 tribus

1965 2885 2191 2940 noctibus
2224 2886 2434 2959 (Matth.
2469 2906 2569 2955 xit,
2599 2891 2718 2958 40).

2034 2975 2259 3033 CWU'I‘
2287 2978 2373 3033 Vl.
2402 3009 2474 3021 -—
2500 2981 2585 3035 i0.
2622 2980 2869 3036 Triduum
2913 2985 3326 3050 resurrectionis,
3362 2986 3413 3038 in
3455 3002 3556 3054 quo

1965 3071 2113 3125 etiam
2133 3080 2346 3139 apparet
2390 3073 2521 3127 ratio
2562 3075 2735 3143 simpli
2776 3075 2844 3127 ad
2883 3076 3333 3146 duplumulpsum
3375 3089 3553 3131 autem

1967 3160 2200 3216 triduum
2231 3177 2335 3216 non
2360 3173 2526 3218 totum
2555 3174 2609 3219 et
2640 3166 2857 3235 plenum
2887 3165 3068 3229 fuisse,
3101 3168 3375 3236 Scriptura
3405 3171 3557 3221 testis

1965 3262 2047 3308 est
2071 3272 2084 3308 :
2114 3254 2207 3308 sed
2246 3256 2450 3324 primus
2475 3255 2593 3311 dies
2619 3274 2648 3310 a
2680 3268 2829 3326 parte
2856 3269 3091 3313 extrema
3125 3269 3267 3314 totus
3293 3275 3555 3314 annume-

1966 3353 2112 3401 ratus
2148 3356 2265 3411 est;
2311 3347 2425 3402 dies
2454 3363 2579 3403 vero
2626 3352 2814 3403 tertius
2851 3366 2880 3402 a
2922 3360 3072 3420 parte
3118 3352 3281 3420 prima
3304 3393 3318 3415 ,
3349 3361 3402 3405 et
3443 3352 3557 3417 ipse

1968 3444 2141 3499 totus;
2180 3437 2386 3493 medius
2411 3448 2586 3493 autem
2616 3440 2757 3493 inter
2778 3455 2902 3505 ws,
2934 3440 2985 3493 id
3011 3449 3114 3507 est,
3149 3444 3416 3496 secundus
3441 3442 3556 3496 dies

1965 3528 2208 3583 absolute
2245 3537 2389 3584 toms
2441 3530 2623 3599 viginti
2648 3540 2877 3600 quatuor
2917 3530 3064 3585 horis
3104 3532 3245 3597 suis,
3276 3532 3554 3592 duodecim

1966 3618 2241 3674 nocturnis
2265 3627 2321 3673 et
2357 3619 2636 3675 duodecim
2679 3620 2902 3676 diurnis.
2940 3621 3244 3676 Cruciﬁxus
3281 3631 3365 3678 est
3410 3625 3555 3680 enim

1970 3711 2141 3777 primo
2169 3709 2478 3769 Judaeorum
2506 3711 2728 3767 vocibus
2756 3710 2885 3768 hora
2920 3713 3094 3778 tertia,
3124 3728 3244 3767 eum
3269 3724 3414 3769 esset
3440 3716 3556 3770 dies

1968 3811 2115 3857 st-xta
2159 3802 2385 3857 sabbati.
2433 3802 2635 3857 Deinde
2682 3804 2735 3859 in
2780 3804 2892 3872 ipsa
2936 3821 3094 3860 cruce
3139 3820 3428 3874 suspensus
3473 3817 3557 3864 est

1973 3892 2102 3946 hora
2132 3902 2301 3957 sexta,
2331 3902 2387 3949 et
2411 3893 2656 3961 spiritum
2690 3894 2904 3949 tradidit
2930 3895 3057 3949 hora
3085 3910 3221 3950 noua
3253 3895 3361 3967 (Id.
3389 3913 3553 3963 xxvu,

1968 3984 2183 4054 13-50).
2207 3984 2455 4055 Sepultus
2476 3993 2559 4039 est
2584 3994 2757 4040 autem
2782 4003 2895 4040 cum
2911 3987 3025 4057 jam
3052 4004 3164 4040 sero
3189 3989 3376 4058 factum
3406 4001 3553 4055 esset,

1972 4077 2112 4131 sit-ut
2135 4091 2255 4132 sese
2285 4075 2484 4132 habent
2521 4078 2681 4132 verba
2706 4078 2971 4147 Evangelii
2996 4078 3189 4153 (Marc.
3216 4095 3305 4145 xv,
3335 4079 3553 4149 42-46);

1970 4168 2110 4238 quod
2138 4169 2465 4238 intelligitur,
2490 4169 2542 4225 in
2572 4170 2678 4224 line
2701 4170 2828 4225 diei.
2853 4170 3138 4226 Undelibet
3158 4187 3287 4242 ergo
3313 4172 3555 4241 incipias,

1972 4262 2131 4314 etiam
2172 4261 2215 4315 si
2262 4262 2363 4314 alia
2409 4263 2545 4317 ratio
2588 4262 2734 4318 reddi
2782 4271 2991 4332 potest,
3031 4265 3299 4333 quomodo
3343 4281 3446 4318 non
3490 4266 3558 4321 sit

1972 4362 2153 4407 contra
2187 4353 2526 4421 Evangelium
2557 4353 2783 4408 Joannis
2817 4352 2993 4425 (Joan.
3024 4371 3107 4410 xix
3131 4396 3146 4419 ,
3179 4356 3313 4425 14),
3344 4364 3393 4407 ut
3430 4355 3558 4411 liora

1976 4444 2131 4497 tertia
2162 4444 2303 4512 ligno
2327 4458 2618 4513 snsttensus
2646 4445 2999 4514 intelligatur;
3032 4454 3197 4499 totum
3229 4446 3369 4500 diem
3401 4447 3422 4477 ¹
3454 4447 3559 4513 pri.

1974 4554 2118 4591 mum
2148 4555 2250 4611 non
2277 4537 2710 4608 compreltendis.
2745 4538 2883 4608 Ergo
2909 4554 2937 4591 a
2969 4549 3116 4607 parte
3140 4549 3383 4593 extrema
3417 4547 3560 4591 totus

1972 4627 2392 4696 computabitur,
2420 4628 2559 4682 sicut
2596 4629 2781 4682 tertius
2809 4644 2837 4681 a
2870 4638 3017 4697 parte
3055 4629 3249 4698 prima.
3280 4628 3393 4683 Nox
3415 4628 3557 4681 enim

1974 4736 2140 4789 usque
2160 4719 2223 4774 ad
2245 4719 2559 4781 diluculum,
2582 4736 2688 4789 quo
2714 4719 2922 4774 Domini
2950 4720 3268 4774 resurrectio
3289 4718 3555 4779 declarata

1972 4822 2075 4875 cst,
2104 4812 2169 4865 ad
2196 4810 2408 4865 tertium
2434 4812 2572 4865 diem
2604 4810 2833 4880 pertinet
2865 4829 2878 4863 :
2904 4811 3029 4880 quia
3059 4811 3198 4864 Deus
3223 4810 3309 4877 qui
3336 4807 3467 4860 dixit
3490 4807 3563 4873 de

1976 4902 2209 4956 tenebris
2237 4902 2407 4956 lucem
2434 4900 2733 4955 clarescere
2762 4900 2837 4972 (ll
2862 4902 2977 4955 Cor.
3009 4916 3080 4963 tv,
3109 4900 3211 4967 6),
3240 4906 3297 4953 ut
3325 4912 3418 4965 per
3439 4912 3563 4966 gravi

1975 4994 2100 5048 tiam
2132 4993 2261 5047 Novi
2289 4993 2615 5047 Testamenti
2645 5002 2697 5046 et
2728 4992 3181 5060 participationem
3209 4990 3559 5049 resurrectio»

1974 5089 2057 5143 nis
2077 5087 2272 5142 Christi
2301 5088 2606 5142 audiremus
2628 5128 2643 5151 ,
2676 5085 2870 5139 Fuistis
2892 5085 3024 5137 enim
3050 5084 3326 5154 aliquando
3349 5081 3563 5138 teneer

1975 5197 2108 5234 nunc
2147 5192 2313 5234 autem
2362 5180 2453 5234 lux
2488 5180 2540 5233 in
2585 5178 2800 5231 Domino
2829 5176 3058 5246 (Eplies.
3092 5192 3152 5239 v,
3182 5174 3297 5242 8);
3330 5175 3563 5228 insinuat

1974 5272 2129 5326 nobis
2150 5272 2377 5339 quodam
2404 5270 2562 5326 modo
2584 5268 2723 5337 quod
2749 5285 2777 5321 a
2807 5278 2961 5322 nocte
2987 5267 3102 5321 dies
3125 5277 3300 5321 sumat
3324 5266 3559 5322 initium.

1975 5363 2124 5417 Sicut
2152 5364 2294 5419 enim
2327 5361 2481 5431 primi
2519 5359 2633 5415 dies
2678 5345 2894 5427 propter
2923 5359 3154 5412 futurum
3209 5357 3437 5413 hominis
3484 5356 3562 5409 la-

1976 5464 2128 5517 psum
2160 5464 2188 5501 a
2220 5450 2334 5502 luce
2363 5448 2412 5501 in
2442 5455 2650 5500 noctem
2681 5443 2833 5517 (Gen.
2858 5461 2895 5509 ι,
2923 5445 2977 5508 4.
3006 5444 3061 5515 5)
3086 5461 3102 5509 ;
3138 5446 3207 5498 ita
3232 5445 3316 5500 isti
3346 5452 3562 5513 propter
3608 5516 3611 5519 γ

1978 5541 2208 5596 hominis
2234 5538 2621 5609 reparationem
2642 5556 2671 5590 a
2699 5538 2933 5593 tenebris
2958 5538 3025 5597 ad
3052 5538 3227 5593 lucem
3247 5548 3562 5606 computans

1977 5640 2083 5686 tur.
2115 5631 2197 5686 Ab
2224 5630 2351 5685 hora
2391 5644 2520 5699 ergo
2546 5631 2733 5685 mortis
2761 5645 2928 5701 usque
2962 5628 3030 5685 ad
3059 5629 3346 5688 diluculum
3374 5643 3562 5703 resuta

2042 5747 2057 5777 ί
2094 5745 2241 5793 Fditio
2262 5750 2403 5801 Ven.,
2428 5742 2710 5805 computari.
2738 5751 2794 5793 Μ.

1974 5810 2222 5920 dei“:qu
2245 5805 2289 5856 si
2309 5811 2457 5855 totum
2653 5806 2817 5870 Abest,
2838 5804 2900 5873 si,
2924 5806 2985 5858 ab
3006 5805 3113 5859 aliis
3136 5804 3286 5869 libris,
3306 5808 3359 5854 et
