4042 6446
472 391 577 447 8οἳ

474 506 726 558 rectiunis
757 504 901 559 hora:
932 511 1056 559 sunt
1093 502 1464 572 quadraginta,
1499 512 1554 555 ut
1584 501 1743 555 etiam
1790 502 1899 569 ipsa
1932 501 2065 553 liora
2112 552 2119 558 ,

478 616 615 651 uena
646 606 1083 653 connumeretur.
1114 596 1210 650 Cui
1237 609 1457 649 numero
1483 594 1728 663 congruit
1766 594 1925 648 etiam
1956 593 2058 645 vita

474 701 590 757 ejus
617 709 778 762 super
800 704 991 746 terram
1022 701 1139 757 post
1166 690 1609 743 resurrectionem
1635 691 1684 741 iit
1711 689 2060 757 quadraginta

476 787 686 838 diebus.
722 786 786 839 Et
817 794 897 837 est
928 784 1024 835 iste
1064 795 1317 834 numerus
1347 780 1806 849 frequentissimus
1834 781 1884 833 in
1915 780 2061 833 Scri-

479 879 649 945 ptnris
704 879 767 929 ad
822 874 1193 930 insinuandum
1252 878 1561 944 mysterium
1614 874 1956 944 perfectionis
2013 876 2062 928 in

479 969 864 1036 quadripartito
894 968 1089 1022 mundo
1113 972 1151 1021 ‘.
1199 968 1404 1022 Habent
1446 969 1587 1021 enim
1628 967 1909 1033 quamdam
1940 983 2062 1035 per-

480 1061 758 1113 fectionem
790 1060 1016 1124 decem,
1059 1071 1112 1114 et
1152 1076 1211 1115 ea
1253 1072 1439 1127 quater
1478 1060 1821 1129 multiplicata
1870 1061 2067 1113 faciunt

476 1152 845 1221 quadraginta.
892 1155 933 1207 Α
982 1169 1209 1223 veSpere
1248 1164 1424 1207 autem
1458 1154 1743 1220 sepultura:
1792 1166 1959 1220 usque
1999 1150 2062 1204 ad

477 1243 768 1297 diluculum
797 1246 1203 1307 resurrectionis
1231 1246 1436 1311 triginta
1484 1260 1574 1298 sex
1616 1243 1762 1297 horze
1792 1252 1944 1307 sunt,
1976 1244 2063 1310 qui

478 1344 555 1385 est
586 1335 876 1403 quadratus
911 1339 1170 1390 senarius.
1217 1334 1463 1390 Refertur
1491 1344 1667 1387 autem
1699 1332 1763 1386 ad
1792 1334 1932 1386 illam
1974 1349 2063 1386 ra-

479 1426 677 1479 tionem
711 1427 886 1496 simpli
924 1428 988 1480 ad
1020 1428 1261 1495 duplum,
1294 1429 1378 1482 ubi
1407 1437 1488 1480 est
1516 1428 1871 1495 coaptationis
1897 1426 2066 1481 maxi-

481 1534 563 1569 uta
592 1522 958 1573 consonantia.
1008 1520 1294 1574 Duodecim
1334 1520 1473 1573 enim
1514 1520 1579 1573 ad
1626 1518 1805 1587 viginti
1838 1528 2066 1588 quatuor

478 1608 674 1675 simplo
700 1610 764 1662 ad
792 1610 1008 1679 duplum
1044 1611 1384 1674 conveniunt,
1418 1619 1471 1663 et
1501 1610 1628 1664 iittnt
1668 1610 1880 1679 triginta
1922 1626 2015 1663 sex
2048 1627 2062 1663 :

480 1715 584 1753 uox
615 1709 720 1754 tota
749 1717 869 1755 cum
902 1703 987 1755 die
1015 1712 1126 1756 toto
1154 1710 1206 1756 et
1238 1712 1391 1756 nocte
1436 1712 1540 1755 tota
1564 1745 1578 1766 ,
1608 1718 1779 1771 neque
1820 1704 1919 1756 hoc
1947 1703 2064 1758 sine

478 1790 569 1842 illo
596 1803 928 1845 sacramento
956 1793 1095 1861 quod
1124 1807 1282 1862 Supra
1322 1794 1632 1848 memoravi.
1676 1793 1793 1847 Non
1834 1793 2063 1849 absurde

478 1882 679 1953 quippe
724 1884 967 1953 spiritum
1014 1886 1117 1939 diei
1165 1900 1573 1955 comparamus;
1623 1902 1815 1955 corpus
1859 1896 2062 1951 autem,

481 1974 644 2026 nocti.
693 1974 1019 2030 Dominicum
1049 1978 1189 2029 enim
1216 1992 1410 2045 corpus
1441 1978 1490 2031 in
1524 1988 1693 2033 morte
1721 1995 1783 2032 ac
1821 1994 2061 2032 resurre-

476 2064 671 2129 ctione,
703 2075 757 2117 et
787 2068 1002 2135 spiritus
1031 2070 1193 2120 nostri
1226 2068 1468 2135 ﬁguram,
1501 2079 1553 2122 et
1580 2060 1821 2139 Corporis
1848 2072 2063 2139 gerebat

474 2158 797 2227 exemplum.
842 2160 1010 2215 Etiam
1053 2162 1130 2214 sic
1159 2178 1285 2231 ergo
1314 2174 1533 2231 apparet
1583 2163 1670 2217 illa
1710 2164 1844 2217 ratio
1886 2165 2059 2233 simpli

475 2248 541 2301 ad
572 2249 789 2317 duplum
822 2252 870 2304 in
904 2252 1048 2306 horis
1078 2255 1287 2323 triginta
1316 2269 1409 2308 ses
1429 2298 1442 2315 .
1473 2272 1591 2309 cmn
1624 2256 1901 2311 duodecim
1929 2274 2062 2312 eon-

477 2339 720 2397 feruntur
743 2344 807 2397 ad
837 2346 1016 2415 viginti
1044 2358 1289 2415 quatuor.
1324 2349 1389 2402 Et
1420 2348 1607 2402 horum
1636 2350 1848 2420 quidem
1878 2368 2061 2408 nume-

477 2447 656 2485 rorant
687 2449 902 2494 causas.
932 2453 1027 2490 cur
1063 2440 1113 2492 in
1140 2440 1428 2509 Scripturis
1467 2442 1665 2496 sanctis
1705 2444 1858 2511 positi
1887 2445 1994 2498 sint
2014 2446 2055 2510 ',

476 2534 647 2591 potest
677 2527 811 2581 alius
846 2530 978 2584 alias
1011 2530 1288 2597 indagare,
1318 2532 1401 2585 vel
1429 2534 1619 2602 quibus
1651 2535 1763 2589 ista:
1799 2552 1930 2605 quas
1960 2553 2058 2607 ego

476 2614 677 2669 reddidi
702 2657 717 2679 .
750 2621 1123 2688 prteponcndze
1150 2623 1283 2685 sint,
1319 2623 1400 2675 vel
1428 2640 1577 2690 atque
1605 2625 1904 2692 probabiles
1926 2669 1940 2691 ,
1975 2627 2054 2680 vel

476 2703 589 2757 istis
626 2708 786 2759 etiam
820 2710 1201 2777 j')rttlmliiliores
1231 2730 1244 2766 :
1296 2713 1483 2767 frustra
1525 2724 1699 2768 tamen
1729 2731 1822 2770 eos
1850 2732 1969 2771 esse
2004 2719 2055 2772 in

471 2792 760 2862 Scripturis
788 2801 1006 2865 positos,
1038 2812 1093 2855 et
1129 2804 1300 2857 nullas
1324 2820 1513 2858 causas
1536 2819 1656 2859 esse
1685 2808 1934 2877 ntysticas
1962 2823 2059 2861 cur

476 2885 693 2939 illiciin
738 2890 942 2942 nmneri
981 2904 1496 2957 commemorentur,
1528 2910 1686 2948 nemo
1724 2906 1827 2949 tam
1864 2899 2056 2952 stultus

472 2975 791 3046 ineptttsque
818 2981 1168 3035 contenderit.
1204 2983 1314 3052 Ego
1340 2994 1515 3037 autem
1546 3002 1678 3055 quas
1707 2987 1942 3052 reddidi,
1972 2990 2054 3043 vel

470 3081 533 3118 es
562 3066 812 3122 Ecclesia:
839 3072 1152 3127 auctoritate
1180 3088 1209 3127 a
1242 3075 1533 3142 majoribus
1562 3077 1779 3131 traditas
1801 3078 1842 3142 ³,
1873 3081 1955 3134 vel
1988 3096 2055 3135 ex

470 3155 770 3210 divinarum
817 3160 1123 3215 testimonio
1151 3164 1543 3233 Scripturarum
1567 3208 1581 3228 ,
1628 3168 1709 3221 vel
1741 3184 1806 3221 ex
1849 3172 2055 3226 ratione

473 3263 816 3302 munerormn
861 3250 1367 3324 similitudimtntque
1404 3257 1613 3327 collegi.
1663 3258 1860 3313 Contra
1891 3262 2054 3315 ratio-

470 3353 592 3391 nem
623 3354 779 3394 nemo
806 3344 1047 3407 sobrius,
1079 3355 1262 3399 contra
1293 3346 1595 3415 Scripturas
1625 3365 1780 3403 nemo
1808 3351 2055 3407 christia-

469 3444 590 3493 t.ns,
622 3442 804 3485 contra
838 3435 1127 3489 lCcclesiam
1164 3452 1323 3491 nemo
1353 3440 1602 3507 pacilicus
1628 3442 1871 3495 senserit.

538 3522 765 3579 CAPUT
799 3524 905 3579 VII.
927 3556 999 3565 —
1019 3528 1102 3581 II.
1140 3528 1404 3592 Quomodo
1430 3546 1517 3601 per
1541 3546 1698 3583 unum
1722 3531 2051 3587 Mediatorem

466 3630 532 3668 ea:
554 3616 725 3670 multis
747 3618 1047 3688 colligamur
1069 3624 1121 3673 in
1146 3638 1322 3674 unum.
1357 3622 1466 3676 Iloc
1491 3634 1878 3679 sacramentum
1902 3668 1915 3686 .
1950 3626 2053 3681 hoc

466 3708 786 3762 sacrificium
811 3751 826 3775 ,
860 3710 945 3765 hic
973 3712 1221 3767 sacerdos
1244 3755 1260 3778 ,
1293 3714 1378 3769 hic
1405 3715 1545 3769 Deus
1569 3758 1583 3782 ,
1613 3726 1894 3787 antequam
1924 3720 2053 3774 mis-

466 3813 558 3850 sus
587 3800 820 3865 veniret,
851 3803 1017 3857 factus
1038 3820 1107 3858 ex
1139 3805 1330 3859 femina
1348 3848 1364 3872 ,
1393 3809 1568 3861 omnia
1594 3824 1711 3879 qua:
1736 3822 1942 3866 sacrate
1966 3821 2049 3865 at-

465 3904 569 3956 que
609 3894 831 3961 mystice
868 3897 1108 3963 patribus
1148 3899 1344 3952 nostris
1383 3914 1479 3967 per
1516 3900 1754 3970 angelica
1798 3903 2047 3957 miracula

465 3995 842 4050 apparuerunt,
872 3989 985 4041 sive
1009 4005 1127 4057 quae
1156 4005 1250 4059 per
1286 3992 1429 4059 ipsos
1455 3991 1587 4048 facta
1617 4002 1769 4058 sunt,
1801 3996 2049 4049 similitu-

465 4072 629 4125 dines
647 4073 800 4143 hujus
827 4076 1061 4145 fuerunt,
1091 4090 1146 4133 ut
1170 4082 1343 4135 omnis
1369 4091 1609 4138 creatura
1641 4084 1791 4139 factis
1816 4088 2045 4155 quodam

466 4166 625 4219 modo
665 4168 974 4236 loqueretur
1012 4188 1174 4226 unum
1217 4173 1447 4229 futurum
1488 4175 1538 4229 in
1581 4192 1688 4246 quo
1727 4190 1868 4233 esset
1906 4181 2048 4234 salus

467 4257 834 4315 universorum
874 4278 902 4315 a
943 4275 1114 4318 morte
1150 4266 1586 4335 reparandarum.
1629 4270 1760 4337 Quia
1800 4273 1941 4325 enim
1976 4276 2044 4328 ab

466 4366 571 4403 uno
612 4368 737 4405 vero
780 4354 887 4408 Deo
927 4364 982 4409 et
1010 4372 1222 4410 suntmo
1263 4374 1358 4426 per
1396 4360 1681 4429 impietatis
1718 4364 2044 4433 iniquitatem

464 4443 761 4499 resilientes
788 4456 843 4499 et
870 4447 1205 4504 dissonantes
1233 4450 1642 4520 defiuxeramus,
1672 4465 1725 4509 et
1749 4471 2042 4511 evanueru-

376 4558 381 4565 ~
465 4548 583 4585 ntus
624 4534 674 4587 in
717 4537 877 4590 multa
904 4579 919 4604 ,
960 4539 1166 4594 discissi
1210 4556 1304 4610 per
1343 4543 1503 4596 multa
1541 4555 1593 4599 et
1633 4545 1951 4613 iuba-rentes
1990 4550 2040 4602 in

463 4626 680 4680 multis:
709 4630 987 4696 Oportebat
1016 4641 1143 4685 nutu
1175 4642 1225 4686 et
1258 4633 1483 4704 imperio
1514 4636 1601 4691 Dei
1631 4639 1951 4704 miserantis,
1986 4650 2043 4693 ιιι

462 4716 572 4784 ipsa
602 4718 763 4772 multa
790 4730 1068 4776 venturum
1096 4725 1488 4782 conclamarent
1512 4746 1703 4791 unum;
1730 4740 1783 4784 et
1807 4746 1834 4784 a
1864 4733 2042 4787 multis

459 4808 821 4864 conclamatus
860 4812 1064 4867 veniret
1103 4831 1273 4880 unus,
1320 4825 1373 4870 et
1418 4820 1578 4873 multa
1618 4830 2043 4878 contestarentur

460 4902 670 4957 venisse
718 4920 917 4969 unum;
960 4915 1012 4961 et
1054 4922 1083 4961 a
1124 4910 1304 4963 multis
1334 4913 1605 4965 exonerati
1637 4914 1937 4969 veniremus
1973 4917 2039 4970 ad

458 5007 643 5058 unum,
674 5004 729 5049 et
753 4998 929 5052 nmltis
958 5002 1184 5066 peccatis
1210 5002 1261 5054 in
1292 5002 1463 5055 anima
1498 5007 1709 5067 tnortui,
1741 5018 1792 5060 et
1820 5021 2040 5077 propter

458 5096 731 5152 peccatum
764 5088 814 5140 in
846 5103 1007 5143 carne
1034 5091 1273 5145 morituri
1300 5133 1315 5156 ,
1349 5108 1647 5149 amarentus
1675 5096 1791 5149 sine
1818 5108 2039 5167 peccato

457 5186 723 5231 mortuum
752 5178 801 5232 in
826 5195 984 5234 carne
1011 5197 1105 5249 pro
1127 5182 1278 5237 nobis
1302 5200 1493 5249 unum;
1516 5195 1572 5239 et
1595 5187 1644 5240 in
1670 5192 2037 5245 resuscitatum

453 5267 750 5329 credentes.
782 5280 837 5324 et
864 5285 983 5324 cum
1017 5272 1106 5325 illo
1135 5288 1229 5342 per
1256 5274 1413 5330 tidem
1443 5278 1628 5346 spititu
1659 5289 1996 5349 resurgentes
2018 5325 2031 5347 ,

449 5360 865 5426 jnstiiicat'emur
904 5364 953 5416 in
997 5380 1101 5418 uno
1133 5366 1278 5434 justo
1314 5367 1435 5423 facti
1476 5386 1633 5423 unum
1666 5389 1679 5424 :
1708 5388 1805 5426 nec
1841 5374 1891 5425 in
1924 5374 2034 5442 ipsa

452 5464 614 5502 carne
654 5465 752 5504 nos
794 5466 1187 5512 resurrecturos
1225 5458 1668 5528 desperaremus,
1712 5478 1831 5516 cum
1874 5465 2037 5518 multa

452 5542 691 5595 membra
723 5543 1047 5600 intueremur
1077 5552 1411 5617 pra-cessisse
1444 5567 1541 5607 nos
1569 5562 1727 5623 caput
1756 5570 1953 5620 unum;
1985 5557 2035 5610 itt

449 5647 557 5703 quo
594 5648 735 5689 nunc
772 5648 868 5704 per
907 5635 1062 5692 (idem
1105 5640 1370 5708 mundati,
1414 5652 1467 5697 et
1507 5652 1631 5698 tunc
1668 5658 1765 5714 per
1800 5645 2033 5717 speciem

516 5765 531 5829 ξ
570 5764 705 5829 aditi,
730 5766 780 5815 in
802 5766 1156 5829 quadripartito
1176 5771 1333 5822 modo.
1362 5775 1603 5828 tiendose.

511 5827 534 5901 ξ
563 5820 843 5901 sileat
862 5820 1185 5901 editinosita:
1206 5820 1317 5886 sint.

513 5884 535 5918 ⁸
564 5886 731 5938 Ναί-εδ
750 5896 878 5952 διεδ..
902 5884 1097 5943 tradita.

1648 388 1732 441 lii“.
1773 387 2163 452 ΤΠΙΧΙΤΛΤῩΖ,
2204 392 2263 441 5.
2302 392 2318 423 ³
2344 385 2657 441 UbL‘STINI

3650 399 3756 454 8%

2177 498 2552 569 redintegrati,
2583 510 2637 554 et
2670 516 2763 568 per
2786 500 3127 558 Mediatorem
3159 505 3267 561 Deo
3293 498 3760 567 reconcillati'lim4

2175 607 2383 645 reamus
2415 593 2525 654 uni,
2557 594 2793 647 fruamur
2821 611 2927 649 uno
2951 638 2964 659 ,
3001 612 3406 666 permaneamus
3430 618 3617 659 unum.

2240 680 2468 736 C.\PUT
2506 683 2636 736 \‘Ill.
2660 714 2729 723 —
2754 684 2836 738 12.
2882 686 3145 752 Quomodo
3186 689 3413 745 Christus
3442 696 3547 747 vult
3586 712 3758 749 omnes

2172 773 2223 825 in
2253 789 2307 827 se
2330 791 2485 827 unum
2513 793 2638 829 esse.
2668 777 2756 831 Sic
2788 779 2901 848 ipse
2932 778 3093 833 Filius
3127 784 3214 836 Dei
3239 825 3251 845 ,
3286 784 3519 840 Verbum
3549 788 3639 841 Dei
3663 832 3676 850 ,
3713 799 3766 843 et

2174 868 2311 921 idem
2354 870 2465 938 ipse
2505 870 2767 925 mediator
2807 873 2894 927 Dei
2935 883 2987 927 et
3024 875 3500 933 ItominttntoFilius
3532 881 3763 935 hominis

2173 960 2211 1027 (1
2247 960 2375 1015 Tim.
2407 979 2461 1025 tt,
2492 963 2587 1033 5),
2616 965 2835 1033 :equalis
2864 967 3003 1020 Patri
3034 983 3128 1037 per
3152 970 3442 1027 divinitatis
3469 974 3761 1039 unitatem,

2171 1063 2217 1103 et
2253 1054 2519 1123 particeps
2550 1066 2731 1111 noster
2771 1058 2788 1088 ¹
2831 1073 2925 1126 per
2957 1060 3294 1113 lmmanitatis
3323 1065 3720 1132 susceptionem
3742 1107 3757 1131 ,

2172 1141 2381 1195 Patrem
2414 1145 2759 1215 interpellans
2786 1164 2881 1217 pro
2914 1151 3066 1203 nobis
3098 1169 3190 1220 per
3218 1154 3265 1205 id
3292 1154 3430 1222 quod
3463 1156 3621 1209 homo
3647 1170 3764 1211 erat

2172 1234 2345 1303 (Rom.
2374 1252 2499 1303 vut,
2529 1240 2653 1307 3i),
2701 1257 2797 1295 nec
2839 1252 3012 1297 tamen
3058 1255 3237 1299 taeens
3278 1250 3417 1317 quod
3463 1251 3601 1304 Deus
3637 1268 3761 1307 cum

2173 1325 2325 1379 Patre
2356 1343 2515 1381 unum
2552 1339 2669 1384 erat
2694 1374 2707 1395 ,
2740 1332 2876 1387 inter
2900 1346 3091 1389 cetera
3119 1338 3188 1390 ita
3223 1340 3453 1408 loquitur
3478 1360 3492 1395 :
3522 1340 3640 1395 Non
3669 1362 3762 1413 pro

2171 1417 2247 1469 his
2271 1429 2435 1471 autem
2465 1437 2587 1491 rogo
2608 1462 2621 1485 ,
2656 1422 2861 1491 inquit,
2895 1435 3108 1485 tantum.
3140 1429 3229 1480 sed
3254 1440 3298 1481 et
3327 1449 3417 1497 pro
3447 1434 3517 1484 eis
3543 1435 3628 1501 qui
3652 1452 3763 1487 cre-

2171 1508 2327 1560 dituri
2357 1519 2472 1561 sunt
2513 1529 2602 1579 per
2640 1514 2842 1566 verbum
2873 1533 3045 1569 eorum
3078 1520 3126 1571 in
3157 1536 3235 1571 me
3275 1538 3293 1573 :
3331 1532 3382 1573 ut
3407 1540 3577 1577 omnes
3604 1543 3762 1579 unum

2169 1601 2287 1661 sint,
2316 1602 2442 1653 sicut
2472 1613 2523 1655 tu
2558 1602 2714 1658 Pater
2741 1606 2793 1658 iu
2825 1625 2921 1672 me,
2950 1620 2998 1662 et
3026 1627 3115 1678 ego
3142 1612 3193 1663 in
3223 1621 3286 1675 te,
3319 1624 3370 1665 ut
3399 1624 3442 1668 ct
3468 1616 3566 1682 ipsi
3592 1619 3643 1670 in
3670 1636 3766 1671 no-

2170 1690 2243 1743 bis
2270 1708 2424 1745 unum
2452 1693 2589 1755 sint;
2617 1704 2672 1748 ut
2701 1703 2917 1750 mundus
2953 1701 3123 1753 credat
3148 1743 3162 1765 ,
3194 1704 3311 1771 quia
3352 1714 3405 1756 tu
3446 1723 3523 1759 me
3554 1709 3759 1763 misisti.

2170 1782 2237 1835 Et
2281 1802 2369 1853 ego
2397 1787 2673 1842 claritatem
2701 1807 2852 1859 quam
2883 1791 3067 1846 dedisti
3096 1795 3220 1847 mihi
3245 1837 3258 1857 ,
3291 1796 3407 1849 dudi
3434 1800 3505 1851 cis
3532 1842 3546 1863 ,
3579 1810 3631 1853 ut
3661 1805 3763 1856 sint

2168 1893 2345 1943 unum,
2377 1879 2502 1931 sicut
2528 1889 2576 1932 et
2603 1898 2695 1933 uos
2722 1899 2877 1935 unum
2906 1901 3077 1937 sumus
3108 1885 3281 1945 (Joau.
3320 1905 3441 1953 wn,
3473 1891 3685 1963 ‘20-‘32).

2236 1967 2463 2023 CAPUT
2521 1970 2609 2024 IX.
2656 2002 2728 2011 —-
2773 1974 3009 2044 Sequitur
3067 1978 3129 2029 de
3182 1978 3358 2031 eodem
3431 1995 3754 2051 argumento.

2166 2059 2279 2113 Non
2310 2060 2442 2114 dixit
2464 2104 2479 2124 ,
2517 2062 2625 2129 Ego
2652 2073 2705 2117 et
2733 2064 2829 2133 ipsi
2862 2082 3062 2130 unum;
3115 2072 3355 2137 quamvis
3393 2088 3487 2139 per
3524 2073 3573 2126 id
3615 2076 3759 2144 quod

2167 2149 2418 2204 Ecclesiae
2457 2161 2615 2221 caput
2653 2164 2736 2209 est
2774 2165 2827 2209 et
2864 2172 3058 2226 corpus
3112 2159 3227 2229 ejus
3275 2162 3508 2217 Ecclesia
3537 2164 3755 2234 (Ephes.

2166 2259 2202 2306 ι,
2233 2244 2305 2297 ‘22
2325 2287 2338 2307 ,
2370 2245 2461 2315 25)
2487 2289 2501 2311 ,
2538 2257 2722 2315 posset
2748 2247 2929 2303 dicere
2951 2292 2963 2313 ,
2997 2252 3107 2321 Ego
3130 2262 3181 2307 et
3220 2254 3317 2321 ipsi
3345 2298 3359 2319 ,
3403 2272 3507 2309 non
3549 2275 3711 2313 unum
3737 2301 3755 2324 ,

2164 2337 2257 2390 sed
2291 2354 2425 2391 unus
2446 2380 2459 2401 ,
2492 2340 2612 2407 quia
2660 2351 2819 2410 caput
2859 2353 2913 2396 et.
2942 2359 3135 2412 corpus
3186 2363 3322 2401 unus
3350 2358 3431 2402 est
3459 2350 3745 2406 Christus:

2162 2428 2254 2480 Sed
2286 2428 2614 2484 divinitatem
2661 2448 2809 2485 suam
2837 2435 3337 2492 consubstantialem
3386 2440 3524 2495 Patri
3570 2454 3759 2497 osten-

2162 2520 2294 2573 dens
2343 2522 2363 2552 ³
2407 2522 2646 2591 (propter
2685 2524 2824 2592 quod
2864 2535 2917 2579 et
2968 2528 3072 2581 alio
3139 2529 3256 2581 loco
3314 2530 3487 2595 dicit,
3544 2530 3655 2603 Ego
3710 2545 3757 2587 et

2164 2611 2320 2666 Pater
2349 2630 2503 2667 unum
2558 2632 2730 2669 sumus
2771 2615 2946 2689 [Joau.
2994 2636 3043 2683 χ,
3087 2620 3236 2693 30]),
3283 2622 3333 2676 in
3368 2639 3465 2676 suo
3509 2641 3709 2694 genere
3735 2670 3750 2688 ,

2164 2704 2263 2758 hoc
2290 2715 2410 2771 est,
2460 2708 2510 2760 in
2540 2708 2777 2777 ejusdem
2823 2720 3025 2765 natur.e
3076 2714 3507 2770 consubstantiali
3571 2719 3756 2786 parili-

2162 2805 2297 2857 tate,
2354 2797 2466 2850 vult
2500 2813 2619 2853 esse
2664 2814 2791 2853 suos
2828 2816 3027 2866 unum,
3084 2803 3176 2857 sed
3231 2804 3283 2857 in
3339 2806 3490 2873 ipso;
3545 2807 3668 2875 quia
3700 2808 3751 2861 in

2160 2902 2219 2941 se
2245 2888 2370 2957 ipsis
2401 2906 2504 2943 non
2538 2898 2775 2959 possent.
2808 2890 3076 2946 dissociati
3102 2894 3168 2947 ab
3195 2895 3417 2950 invicem
3450 2913 3542 2966 per
3565 2898 3749 2953 diver-

2159 2994 2245 3033 sas
2274 2981 2572 3049 voluptates
2601 2982 2622 3013 ³
2652 2991 2707 3036 et
2734 2983 3048 3052 cupiditates
3074 2994 3128 3038 et
3157 2986 3517 3042 immunditias
3549 3005 3751 3057 pecca-

2159 3080 2331 3126 torum
2360 3090 2375 3128 :
2403 3074 2541 3129 unde
2572 3074 2892 3128 nmndantur
2923 3091 3015 3143 per
3046 3076 3384 3133 Mediatorem
3411 3123 3425 3144 ,
3458 3090 3515 3133 ut
3554 3082 3663 3135 sint
3700 3084 3750 3136 in

2162 3166 2255 3221 illo
2301 3182 2505 3229 unum;
2555 3184 2657 3221 non
2698 3175 2901 3221 tantum
2944 3184 3040 3235 per
3077 3170 3318 3224 eamdem
3360 3182 3604 3226 naturam
3646 3191 3749 3244 qua

2157 3272 2348 3312 omnes
2390 3276 2452 3313 es
2504 3259 2810 3315 hominibus
2840 3260 2863 3293 δ
2900 3262 3214 3316 mortalibus
3259 3264 3491 3331 :eqnales
3534 3268 3752 3335 Angelis

2160 3351 2291 3403 tiunt
2316 3391 2330 3413 ,
2375 3351 2466 3404 sed
2498 3351 2655 3405 etiam
2690 3368 2784 3420 per
2822 3354 3062 3407 eamdem
3096 3354 3145 3407 in
3179 3355 3419 3409 eamdem
3461 3356 3751 3413 beatitudi-

2157 3457 2278 3495 nem
2308 3442 2705 3511 conspirantem
2738 3446 3208 3500 concordissimam
3241 3448 3566 3503 voluntatem
3597 3451 3618 3481 ⁸
3642 3493 3657 3514 ,
3696 3454 3748 3505 iu

2156 3546 2319 3583 unum
2358 3532 2600 3600 spiritum
2633 3534 2859 3602 quodam
2904 3535 3063 3589 modo
3094 3537 3213 3605 igne
3240 3536 3521 3593 charitatis
3548 3541 3754 3595 caulla-

2157 3630 2263 3676 tam
2293 3622 2333 3675 ⁸.
2364 3623 2443 3677 Ad
2475 3624 2574 3677 hoc
2602 3625 2741 3678 enim
2774 3627 2911 3680 valet
2936 3628 3075 3695 quod
3100 3629 3191 3693 ait,
3227 3627 3292 3681 Ut
3316 3629 3415 3682 sint
3443 3648 3619 3686 unum.
3642 3638 3751 3684 sic-

2153 3721 2205 3764 ut
2242 3723 2287 3766 et
2325 3729 2416 3766 nos
2453 3730 2609 3767 unum
2648 3731 2823 3769 sumus
2851 3732 2868 3769 :
2896 3725 2951 3769 ttt
2992 3718 3436 3785 quemadmodum
3486 3722 3641 3776 Pater
3696 3732 3753 3777 et

2156 3804 2320 3860 Filius
2340 3848 2353 3870 ,
2387 3822 2492 3859 non
2525 3814 2726 3861 tantum
2757 3808 3059 3877 :rqualitate
3084 3810 3393 3865 substantim
3412 3854 3427 3876 ,
3456 3814 3549 3867 sed
3582 3816 3749 3868 etiam

2154 3896 2423 3951 VOItttllttle
2461 3913 2622 3950 unum
2667 3906 2825 3963 sunt;
2870 3900 2936 3952 ita
2973 3908 3028 3953 ct
3068 3900 3101 3954 ii
3148 3901 3283 3953 inter
3312 3917 3446 3972 quos
3489 3913 3543 3957 et
3581 3906 3751 3960 Deum

2154 3986 2414 4040 mediator
2440 3996 2522 4040 est
2548 3987 2735 4053 Filius,
2766 4005 2870 4042 non
2902 3998 3104 4042 tantttm
3138 4007 3233 4059 per
3262 3992 3311 4045 id
3339 3993 3477 4061 quod
3499 3994 3747 4061 ejusdem

2153 4086 2358 4131 natura:
2378 4087 2520 4141 sunt,
2545 4079 2635 4132 sed
2654 4080 2811 4133 etiam
2836 4096 2928 4149 per
2944 4082 3186 4136 eamdem
3204 4082 3503 4137 dilectionis
3520 4087 3751 4139 societa-

2154 4178 2256 4222 tem
2280 4185 2442 4223 umtm
2466 4170 2589 4223 sint.
2616 4170 2813 4224 Deinde
2834 4172 3058 4239 idipsum
3082 4174 3220 4241 quod
3245 4174 3497 4228 Mediator
3516 4186 3750 4246 est,per

2148 4275 2306 4329 quem
2324 4261 2729 4315 reconciliamur
2745 4261 2871 4327 Deo,
2886 4265 2964 4317 sic
2982 4264 3195 4326 indicat,
3222 4264 3349 4334 Ego,
3374 4266 3559 4335 inquit,
3576 4267 3625 4318 in
3643 4268 3743 4326 eis.

2149 4362 2193 4404 et
2219 4362 2271 4405 tu
2298 4353 2349 4404 in
2375 4368 2471 4415 me,
2502 4362 2554 4405 ut
2578 4356 2675 4406 sint
2700 4356 3033 4406 consummati
3059 4356 3110 4408 in
3138 4373 3294 4408 unum
3322 4356 3435 4425 (Id.
3466 4373 3595 4424 xvn,
3616 4356 3745 4426 25).

2218 4442 2444 4498 CAPUT
2476 4443 2633 4497 X.—
2677 4446 2759 4500 15.
2796 4444 2864 4498 Ut
2895 4445 3120 4499 Christus
3167 4448 3411 4509 mediator
3461 4449 3612 4513 vitta,
3672 4451 3751 4504 ita

2148 4534 2378 4587 diabolus
2432 4537 2674 4587 mediator
2723 4537 2920 4589 mortis.
2980 4537 3102 4590 llaec
3171 4547 3253 4591 est
3318 4554 3437 4592 vera
3502 4555 3640 4609 pax,
3690 4551 3751 4595 et.

2148 4642 2266 4677 eum
2291 4626 2547 4679 Creatore
2587 4637 2770 4679 nostra
2811 4626 2963 4679 nobis
3003 4628 3150 4680 ﬁrma
3181 4630 3463 4694 connexio,
3505 4633 3751 4699 purgatis

2145 4729 2199 4771 et
2238 4718 2593 4772 reconciliatis
2634 4734 2728 4785 per
2765 4718 3105 4773 Mediatorem
3159 4721 3281 4774 vitae
3305 4763 3319 4785 ,
3378 4723 3513 4775 sicut
3550 4738 3749 4777 maeu-

2147 4810 2233 4863 lati
2273 4818 2328 4863 et
2379 4809 2591 4863 alienati
2650 4809 2717 4861 ah
2762 4824 2827 4863 eo
2880 4824 3270 4864 recesseramus
3319 4826 3413 4880 per
3472 4812 3750 4867 mediato-

2146 4916 2257 4953 rem
2304 4901 2509 4953 mortis.
2557 4899 2704 4954 Sicut
2762 4900 2903 4955 enim
2960 4901 3199 4955 diabolus
3248 4903 3507 4971 superbus
3565 4903 3751 4958 homi-

2147 5007 2265 5045 nem
2323 4991 2716 5059 superbientem
2774 4992 3019 5062 perduxit
3062 4992 3127 5044 ad
3178 5002 3434 5057 mortem;
3479 4994 3549 5047 ita
3588 4993 3754 5049 Chri-

2144 5094 2258 5135 stus
2285 5081 2500 5136 humilis
2532 5082 2803 5136 hominem
2834 5082 3167 5137 obedientem
3200 5084 3406 5139 reduxit
3431 5084 3497 5139 ad
3525 5086 3697 5141 vitam
3726 5103 3744 5142 :

2145 5173 2261 5241 quia
2287 5174 2421 5227 sicut
2443 5173 2529 5227 ille
2553 5174 2724 5227 elatus
2746 5174 2955 5240 cecidit,
2979 5186 3033 5228 et
3053 5175 3245 5244 dejecit
3263 5179 3693 5232 consentientem
3721 5199 3737 5242 ;

2144 5267 2221 5320 sic
2247 5265 2347 5321 iste
2379 5267 2683 5321 humiliatus
2709 5268 2957 5333 surrexit,
2982 5278 3035 5324 et
3053 5271 3221 5324 erexit
3246 5270 3572 5325 credentem.
3595 5272 3747 5339 Quia

2144 5360 2285 5413 enim
2325 5374 2432 5412 non
2471 5368 2783 5429 perverenat
2820 5360 3062 5416 diabolus
3115 5378 3222 5432 quo
3261 5363 3373 5433 ipse
3409 5364 3751 5434 perduxerat

2209 5472 2331 5543 {sic
2376 5479 2471 5518 Am.
2521 5477 2572 5519 et
2604 5470 2826 5534 plerique
2873 5480 2976 5522 Mss.
3020 5482 3075 5524 At
3120 5482 3191 5525 Er.
3235 5484 3287 5526 et
3323 5484 3463 5537 ων..
3489 5479 3746 5543 particeps

2142 5533 2306 5581 nostri.

2212 5597 2230 5662 ξ
2270 5594 2404 5662 t:_ditl,
2429 5593 2699 5662 ostendens,
2725 5593 2814 5645 hoc
2837 5594 2920 5647 ait.
2953 5598 3117 5659 Abest,
3140 5597 3229 5649 hoc
3252 5598 3339 5662 ait,
3364 5614 3393 5649 a
3415 5608 3519 5650 uss.

2207 5656 2228 5687 ³
2262 5656 2428 5704 Plures
2449 5662 2576 5714 Mss,
2601 5656 2879 5709 voluntates.

2207 5718 2228 5795 ς
2260 5718 2394 5790 Editi,
2413 5716 2625 5795 homines
2646 5731 2713 5795 ea;
2731 5718 3013 5771 hominibus.
3034 5721 3185 5795 nti-nus
3207 5722 3359 5795 bene.
3399 5789 3410 5795 Δ
3516 5784 3526 5795 ο

2208 5780 2229 5811 ι
2262 5780 2334 5844 sic
2359 5788 2461 5844 Mss.
2481 5780 2613 5844 fxiiti
2636 5788 2822 5844 autem,
2848 5796 2933 5844 per
2953 5783 3489 5844 eamdemch
3508 5784 3560 5834 in
3592 5797 3743 5839 em-

2149 5842 2258 5891 dem
2282 5839 2619 5890 beatitudinem
2640 5839 2964 5899 conspirantes
2986 5843 3359 5897 concordiss'una
3380 5844 3634 5899 volutum.

2211 5903 2232 5933 ⁸
2264 5903 2458 5961 quidam
2484 5911 2609 5967 διεδ,
2634 5903 2839 5967 conﬂati.
