4084 6450
287 385 404 450 897.

283 513 536 570 (uim-tem
575 499 770 569 quippe
809 493 1026 563 spiritus
1061 492 1116 546 in
1151 491 1424 562 impietate
1457 493 1732 561 gestabat,
1773 492 1866 546 sed

287 603 516 648 mortem
555 591 730 646 carnis
769 605 878 644 non
919 586 1176 652 subierat,
1217 585 1338 655 quia
1379 599 1476 638 nec
1507 584 1870 638 indumentmn

285 685 680 754 susceperat),
721 695 944 750 niagnus
983 679 1182 734 homini
1223 677 1504 732 videbatur
1543 678 1788 746 princeps
1821 676 1874 730 in

285 775 586 846 legionibus
620 774 922 828 dannouum
944 811 960 833 ,
1003 785 1094 839 per
1127 783 1262 836 quos
1302 767 1622 842 fallaciarum
1652 781 1872 836 regnum

287 879 526 930 exercet,
555 866 631 920 sic
659 865 926 918 hominem
959 877 1054 930 per
1077 859 1322 914 elationis
1351 855 1590 928 typhuni,
1627 858 1873 926 potentia:

288 976 448 1026 quam
485 957 706 1028 iustitiae
743 953 1106 1024 cupidiorem,
1149 959 1237 1004 aut
1282 964 1375 1018 per
1415 947 1598 1002 falsam
1641 947 1878 1016 philoso-

291 1051 468 1120 phiam
493 1047 660 1117 magis
683 1044 904 1108 inllans;
929 1051 1016 1094 aut
1039 1055 1133 1110 per
1153 1054 1299 1094 sacra
1323 1037 1579 1106 sacrilega
1607 1037 1878 1101 irrctiens,

291 1147 346 1196 in
373 1141 566 1209 quibus
593 1139 752 1194 etiam
791 1135 1009 1202 magica:
1039 1132 1260 1186 fallacia:
1285 1171 1300 1196 ,
1341 1130 1662 1184 curiosiores
1685 1144 1878 1198 snper-

291 1230 578 1298 hioresque
624 1226 830 1280 animas
869 1223 1122 1294 deceptas
1169 1221 1454 1290 illnsasque
1497 1219 1876 1289 prtecipitans,

292 1320 566 1378 subditum
609 1326 756 1372 tenet
783 1319 836 1382 ³;
869 1314 1124 1386 pollicens
1151 1313 1310 1368 etiam
1352 1313 1715 1383 purgationem
1757 1313 1876 1366 ani-

292 1428 394 1467 ma!
419 1450 436 1476 ,
479 1426 575 1481 per
620 1423 712 1464 cas
755 1423 888 1478 quas
914 1411 1100 1466 τιλιτάς
1126 1404 1428 1474 appellant,
1457 1402 1882 1474 transﬁgurando

297 1520 356 1560 se
382 1506 434 1558 in
461 1503 704 1572 angelum
735 1500 866 1554 lucis
895 1499 960 1570 (ll
989 1497 1106 1552 Cor.
1137 1514 1188 1554 χι
1213 1539 1230 1562 ,
1260 1496 1350 1567 14)
1379 1512 1472 1566 per
1501 1496 1880 1552 multiformem

295 1595 742 1653 inachinationem
771 1593 824 1646 in
848 1591 1014 1660 signis
1037 1599 1092 1646 et
1119 1590 1368 1660 prodigiis
1395 1589 1678 1644 mendacii.

363 1635 590 1742 CAPUT
617 1635 708 1740 Χῖ.
725 1714 796 1725 —-
817 1635 1184 1738 MfMiriicn'la
1207 1635 1319 1752 quin
1339 1699 1372 1734 a
1729 1635 1888 1749 ﬁunt,

293 1777 598 1849 spernenda.
629 1775 810 1831 Facile
835 1785 922 1830 est
953 1771 1392 1842 enitnlspiritibus
1421 1771 1760 1842 aequissimis
1791 1787 1886 1841 per

295 1885 456 1926 aerea
481 1883 706 1938 corpora
735 1869 910 1922 facere
934 1867 1120 1931 multa,
1145 1881 1262 1934 qme
1288 1865 1548 1920 mirentur
1569 1864 1758 1918 anima:
1782 1873 1888 1918 ter-

301 1963 448 2016 renis
473 1959 790 2029 corporibus
826 1967 1121 2028 aggravata:
1141 1997 1156 2022 ,
1193 1957 1352 2010 etiam
1381 1955 1616 2010 melioris
1643 1954 1880 2010 alfectns.

299 2053 354 2120 Si
403 2052 546 2118 enim
592 2065 813 2121 corpora
863 2051 976 2120 ipsa
1021 2058 1230 2104 terrena
1271 2047 1540 2104 nonnullis
1583 2047 1788 2124 artibus
1831 2056 1888 2102 ct

303 2146 772 2202 exercitationibus
811 2144 1108 2200 modilicata
1131 2183 1146 2208 ,
1179 2142 1230 2196 in
1265 2141 1582 2210 spectaculis
1617 2139 1888 2194 theatrieis

308 2249 452 2293 tanta
479 2237 732 2292 miracula
755 2235 1058 2290 hominibus
1077 2233 1348 2298 exhibent,
1373 2242 1428 2286 ut
1450 2232 1482 2285 ii
1503 2230 1596 2301 qui
1617 2245 1884 2300 nunquam

301 2333 550 2386 viderunt
577 2330 718 2394 talia,
753 2345 784 2382 n
805 2337 960 2380 trrata
987 2327 1072 2380 vix
1096 2324 1354 2380 credant:
1377 2323 1500 2394 qttid
1529 2337 1772 2392 magnum
1805 2329 1888 2376 est

307 2424 520 2478 diabolo
555 2429 612 2476 et
643 2420 844 2490 angi-lis
881 2418 998 2488 ejus
1019 2457 1034 2482 ,
1075 2417 1142 2472 de
1177 2415 1448 2484 corporeis
1479 2414 1760 2468 elementis
1788 2427 1884 2481 per

298 2529 452 2570 aerea
485 2527 710 2582 corpora,
749 2510 924 2566 facere
963 2525 1082 2579 quae
1121 2523 1247 2562 caro
1285 2507 1552 2568 miretur;
1591 2514 1680 2558 aut
1721 2503 1882 2558 etiam

301 2589 524 2662 occultis
546 2603 978 2674 inspiratiouibus
999 2601 1064 2656 ad
1092 2599 1392 2656 illudendos
1413 2599 1671 2652 humanos
1695 2613 1884 2652 sensus

303 2697 678 2765 phantasmata
708 2696 994 2766 imaginum
1023 2692 1354 2756 machinari,
1393 2690 1586 2760 quibus
1611 2690 1886 2760 vigilantes

299 2790 694 2844 ιιοτιιιὶοιιιυενθ
717 2789 964 2857 decipiat,
982 2788 1062 2842 vel
1093 2784 1326 2840 furentes
1349 2783 1620 2854 exagitet?
1645 2781 1752 2836 Sed
1779 2782 1886 2836 sic-

303 2891 362 2936 ut
399 2881 512 2938 lieri
551 2890 742 2952 poteSt_
771 2892 828 2934 nt
873 2880 1034 2934 homo
1057 2877 1164 2932 vita
1191 2861 1256 2930 ac
1281 2876 1518 2928 morilms
1547 2874 1735 2928 melior
1761 2887 1889 2942 spe-

303 2981 414 3028 ctet
455 2971 809 3042 nequissimos
853 2969 1132 3034 homines,
1165 2967 1246 3021 vel
1279 2967 1330 3020 in
1359 2965 1482 3020 fune
1513 2965 1847 3020 ambulantes
1872 3005 1886 3026 ,

303 3067 388 3120 vel
426 3065 756 3122 multimodis
789 3063 1026 3118 motibus
1053 3075 1336 3130 corporum
1367 3058 1530 3112 multa
1562 3055 1892 3110 incredibilia

303 3161 580 3224 facientes,
615 3174 712 3214 nec
735 3159 850 3212 ullo
877 3156 1037 3210 modo
1063 3153 1238 3210 facere
1263 3153 1386 3208 talia
1409 3150 1768 3221 concupiscat,
1793 3163 1893 3202 nec

305 3267 398 3307 eos
427 3249 838 3322 proptereasibi
871 3245 1258 3318 praeponendos
1283 3244 1590 3300 existimet:
1614 3241 1692 3298 sic
1716 3240 1904 3314 anima

307 3344 482 3400 tidelis
521 3353 576 3398 et
607 3341 716 3414 pia,
757 3355 866 3396 non
901 3338 1074 3394 solum
1109 3336 1156 3390 si
1197 3335 1398 3400 videat,
1436 3347 1618 3388 verum
1658 3331 1816 3386 etiam
1847 3329 1894 3384 si

307 3445 524 3506 prepter
551 3434 886 3503 fragilitatem
913 3430 1090 3485 carnis
1117 3427 1406 3484 exhorreat
1425 3424 1679 3480 miracula
1702 3423 1900 3478 daemo-

309 3542 474 3592 num,
503 3540 609 3580 non
643 3522 760 3578 ideo
790 3527 1081 3576 tamenaut
1107 3535 1212 3574 non
1237 3531 1298 3572 se
1321 3531 1478 3586 posse
1507 3515 1626 3570 talia
1655 3514 1855 3568 dolebit
1877 3555 1892 3576 ,

311 3629 402 3672 aut
452 3616 524 3671 ob
561 3615 663 3670 hoc
700 3613 820 3668 illos
861 3611 1108 3666 meliores
1139 3624 1262 3664 esse
1293 3605 1590 3677 iudicabit;
1629 3621 1750 3659 cntn
1779 3603 1848 3658 sit
1875 3605 1898 3636 ⁸

311 3709 604 3782 pnesertim
641 3707 694 3762 in
729 3705 984 3762 societate
1009 3711 1314 3757 sanctorum
1339 3739 1354 3762 ,
1399 3699 1486 3767 qui
1523 3712 1615 3766 per
1646 3696 1894 3750 virtutem

313 3804 408 3860 Dei
444 3804 530 3860 cui
559 3809 748 3858 cuncta
773 3799 1010 3868 subjecta
1037 3803 1164 3850 sunt
1187 3834 1203 3860 ,
1234 3802 1288 3848 et
1316 3791 1538 3845 minime
1569 3788 1770 3844 fallacia
1799 3829 1816 3854 ,
1843 3797 1900 3842 et

313 3896 482 3956 multo
519 3893 722 3964 majora
763 3889 1038 3952 fecerunt,
1082 3886 1200 3940 sive
1243 3881 1524 3946 homines,
1568 3879 1680 3934 sive
1710 3875 1900 3948 Angeli

313 3988 460 4044 boni.

385 4078 612 4136 CAPUT
661 4075 776 4132 XII.
799 4104 870 4115 —-
891 4072 978 4128 I5.
1023 4068 1265 4124 Diabolus
1291 4063 1466 4120 mortis
1487 4105 1504 4129 ,
1534 4061 1760 4118 Christus
1787 4063 1902 4114 vita

315 4173 582 4228 mediator.
611 4167 953 4238 Nequaquam
983 4162 1142 4234 igitur
1170 4175 1267 4228 per
1291 4155 1576 4226 sacrilegas
1601 4153 1902 4209 similitudi-

317 4279 414 4320 nes
451 4273 506 4320 et
535 4262 722 4332 impias
759 4257 1098 4314 curiositates
1125 4263 1179 4309 et
1209 4251 1440 4320 magicas
1466 4247 1900 4304 consecrationes

323 4355 518 4410 attinnt:
553 4361 842 4424 purgantur
871 4358 924 4402 et
963 4343 1372 4402 reconciliantur
1402 4339 1512 4394 Deo
1545 4356 1560 4392 τ
1591 4337 1711 4407 quia
1741 4335 1904 4390 falsus

329 4446 593 4502 mediator
613 4457 716 4498 non
740 4435 934 4507 trajicit
953 4437 1018 4492 ad
1035 4433 1332 4506 superiora,
1354 4429 1446 4486 sed
1467 4427 1638 4500 potius
1653 4426 1904 4481 obsidens

321 4535 624 4592 intercludit
647 4531 784 4588 viam
815 4545 908 4600 per
935 4527 1180 4590 affectus,
1209 4538 1343 4594 quos
1371 4530 1516 4575 tanto
1541 4517 1903 4586 maligniort-s,

325 4636 524 4700 quanto
553 4624 898 4694 superbiores
921 4634 1032 4674 sua:
1059 4613 1302 4672 societati
1334 4611 1354 4642 ⁸
1381 4610 1603 4680 inspirat
1629 4624 1646 4674 ;
1677 4607 1763 4676 qui
1799 4621 1902 4660 non

324 4699 550 4793 possunt
575 4718 644 4774 atl
673 4713 988 4772 evolandum
1019 4723 1219 4781 pennas
1249 4706 1450 4762 nutrire
1481 4703 1730 4758 virtutum
1758 4741 1774 4766 ,
1809 4699 1906 4754 sed

323 4792 504 4885 potius
519 4810 586 4866 ad
604 4805 1017 4877 demergendum
1042 4801 1276 4872 pondera
1293 4811 1548 4868 exaggera
1556 4811 1612 4850 re
1633 4792 1906 4858 vitiorum,

326 4915 478 4960 tanto
501 4901 716 4972 gravius
743 4899 918 4952 anima
948 4895 1171 4958 ruitura,
1202 4901 1402 4962 quanto
1427 4888 1525 4942 sibi
1551 4885 1758 4941 videtur
1785 4899 1908 4938 eve-

324 5005 408 5054 cla
435 4993 740 5050 sublimius.
775 4986 1002 5046 Proinde
1023 5027 1038 5053 ,
1066 4985 1204 5038 sicut
1229 4981 1362 5050 Magi
1393 4979 1630 5034 fecerunt
1657 4977 1911 5030 divinitus

326 5087 513 5144 moniti
541 5082 765 5156 (Matth.
799 5096 872 5146 tt,
898 5078 998 5148 12)
1021 5118 1036 5142 ,
1069 5089 1204 5146 quos
1226 5073 1294 5127 ad
1319 5072 1672 5127 humilitatem
1703 5067 1910 5122 Domini

325 5175 654 5234 adorandam
684 5172 836 5226 stella
863 5167 1146 5241 perduxit;
1179 5165 1250 5218 ita
1276 5171 1332 5218 et
1355 5177 1472 5230 nos,
1508 5176 1612 5214 non
1639 5174 1740 5228 qua
1767 5159 1915 5212 veni-

327 5283 472 5334 mus,
497 5266 591 5322 sed
624 5280 717 5336 per
741 5262 900 5318 aliam
925 5258 1062 5314 viam
1093 5256 1144 5312 in
1163 5255 1399 5324 patriam
1430 5251 1604 5306 redire
1629 5249 1914 5320 debemus,

329 5375 492 5434 quam
511 5375 604 5414 rex
624 5355 836 5410 humilis
857 5350 1056 5416 docuit,
1075 5357 1130 5404 et
1155 5362 1310 5416 quant
1333 5359 1424 5399 rex
1447 5341 1708 5411 superbus
1731 5340 1916 5394 humili

331 5431 446 5524 regi
476 5447 812 5506 adversarius
840 5443 1086 5500 obsidere
1112 5456 1216 5494 non
1245 5435 1432 5508 possit.
1462 5435 1528 5490 Et
1553 5432 1706 5486 nobis
1731 5431 1872 5484 enim
1898 5471 1913 5495 ,

332 5557 390 5602 ut
427 5543 714 5600 adoremus
753 5537 1004 5592 humilem
1043 5531 1354 5593 Christum,
1387 5525 1508 5582 caeli
1538 5531 1920 5579 enarravetunt

347 5697 350 5700 ’
400 5699 416 5730 ²
451 5696 525 5744 Sic
548 5693 714 5756 plures
737 5697 842 5738 Mss.
867 5686 950 5735 Alii
983 5697 1104 5734 vero
1123 5689 1381 5756 culmum,
1410 5674 1737 5756 praecipitant,
1760 5671 1919 5724 subdi.

339 5765 436 5810 twn
454 5741 635 5808 tenens.
665 5761 736 5801 I-‘.r.
764 5759 814 5814 et
837 5757 967 5806 ιω..
991 5741 1748 5814 pra'ct,itot,'snbditmntenens.

403 5799 436 5852 δ’
455 5799 735 5874 iliiiiiésiti
756 5813 864 5862 sint.
895 5799 1096 5860 Antissa
1113 5799 1232 5874 cum
1255 5799 1316 5854 sit
1341 5818 1355 5854 :
1383 5805 1538 5852 auimn
1555 5799 1738 5850 scilicet
1763 5800 1855 5861 pi).

403 5884 426 5916 ³
455 5867 532 5931 Er.
553 5867 601 5930 et
628 5878 850 5944 plerique
875 5881 996 5930 Mss...
1024 5867 1274 5922 societatis.

1637 378 1834 432 LIIiElI
1873 373 2236 444 QUARTUS.

3453 389 3560 450 89b

1980 494 2200 562 gloriam
2247 493 2357 559 Dei,
2399 510 2524 548 cum
2562 493 2612 548 in
2653 494 2704 548 in
2743 509 2954 552 omnem
2997 507 3190 552 terram
3231 500 3357 555 exiit
3395 517 3560 557 sonus

1978 597 2182 644 eortun,
2223 595 2278 638 et
2318 587 2368 639 in
2413 587 2542 641 lines
2579 588 2724 642 orbis
2765 599 2918 642 terno
2961 592 3120 646 verba
3161 607 3344 646 eorum
3375 591 3556 662 (r'ma.

1981 689 2126 737 svnt,
2149 675 2203 736 2.
2227 675 2301 748 5).
2335 675 2426 730 \‘ia
2449 679 2603 732 nobis
2625 678 2718 732 fuit
2745 679 2810 734 ad
2839 692 3062 737 mortem
3089 698 3182 752 per
3205 698 3477 752 peccatqu
3507 701 3558 738 m

1981 767 2170 820 Adam.
2223 768 2322 821 Per
2359 785 2512 823 unum
2553 772 3028 841 quippe'hominetn
3064 787 3321 845 peccatum
3361 779 3562 830 intravit

1981 859 2031 910 in
2059 861 2322 922 mundum,
2351 871 2397 914 et
2425 879 2512 930 per
2543 876 2796 931 promtum
2831 883 3000 926 mors;
3027 879 3075 920 et
3102 869 3172 920 ita
3195 870 3246 922 in
3277 873 3564 924 omnesna-

1981 951 2138 1004 mines
2164 953 2451 1019 pertransiit
2477 994 2491 1014 ,
2521 953 2572 1005 in
2599 970 2698 1023 quo
2725 971 2894 1009 omnes
2921 970 3246 1025 perennet-unt
3281 959 3454 1029 (liam.
3487 975 3521 1012 v
3545 999 3560 1023 ,

1985 1041 2096 1107 I2}.
2125 1041 2290 1111 llujus
2319 1044 2416 1096 vim
2443 1044 2700 1099 tttediator
2725 1047 2968 1100 diabolus
2995 1051 3110 1113 l‘ttit,
3139 1067 3423 1120 persttasor
3447 1068 3566 1122 pec-

1983 1131 2086 1185 cati
2106 1173 2119 1198 ,
2151 1142 2204 1186 et
2233 1135 2584 1202 praecipitatur
2613 1137 2662 1189 in
2695 1147 2940 1192 mortem.
2969 1139 3099 1194 Nam
3130 1153 3182 1195 et
3213 1144 3244 1210 ἰι
3265 1158 3324 1196 se
3349 1144 3414 1196 ad
3445 1160 3564 1212 ope-

1985 1225 2202 1280 randam
2263 1226 2475 1296 duplam
2527 1238 2748 1282 mortem
2795 1241 3062 1296 nostram,
3110 1235 3350 1303 simplum
3392 1236 3565 1290 attulit

1985 1331 2154 1369 suam.
2185 1315 2286 1370 Per
2311 1317 2634 1386 impietatem
2662 1335 2888 1390 namque
2915 1334 3154 1379 mortuus
3176 1338 3256 1380 est
3282 1326 3332 1380 in
3355 1328 3562 1396 spiritu,

1983 1422 2144 1462 carne
2173 1409 2350 1478 utique
2379 1420 2616 1466 mortuus
2643 1428 2748 1466 non
2773 1423 2852 1466 est
2879 1432 2892 1466 :
2921 1417 3072 1470 nobis
3099 1428 3274 1472 autem
3303 1430 3354 1472 et
3382 1420 3568 1488 impie-

1987 1508 2148 1554 tatem
2189 1503 2488 1570 persuasit,
2535 1513 2588 1556 et
2616 1521 2708 1570 per
2745 1506 2879 1560 hanc
2907 1509 2922 1538 ¹
2953 1518 3012 1562 ιιι
3047 1509 3096 1562 itt
3137 1519 3360 1563 mortem
3390 1513 3568 1565 carnis

1987 1593 2170 1646 venire
2215 1609 2545 1648 mererentur
2585 1595 2781 1652 eli‘ecit.
2831 1598 3002 1653 Unum
3051 1615 3178 1670 ergo
3219 1603 3570 1670 appetivimus

1989 1681 2164 1756 iniqua
2191 1685 2460 1748 suasione,
2491 1686 2714 1740 alterum
2737 1701 3082 1742 nossecutttnt
3101 1692 3568 1760 estjnstadamna-

1991 1773 2134 1828 tione
2173 1789 2187 1825 :
2231 1785 2511 1843 propterea
2561 1777 2756 1847 quippe
2795 1781 3048 1849 scriptum
3071 1790 3172 1844 est,
3203 1781 3340 1836 Deus
3363 1793 3570 1838 mortem

1987 1880 2090 1916 non
2112 1864 2228 1934 fecit
2253 1864 2406 1938 (Sap.
2433 1883 2468 1932 ι,
2495 1867 2608 1936 15),
2635 1870 2754 1937 quia
2779 1884 2936 1924 causa
2965 1873 3150 1926 mortis
3177 1873 3290 1940 ipse
3315 1891 3418 1928 non
3446 1875 3568 1938 fuit;

1989 1955 2084 2010 sed
2113 1965 2286 2010 tanten
2316 1972 2414 2026 per
2441 1958 2558 2026 ejus
2587 1959 2986 2014 retributionem
3011 1961 3358 2030 justissimam
3385 1981 3528 2020 mors
3549 1967 3571 1996 '

1991 2049 2219 2120 irrogata
2249 2062 2330 2105 est
2355 2053 2640 2120 peccatori.
2669 2053 2816 2108 Sicut
2839 2057 3158 2125 supplicium
3181 2058 3344 2127 judex
3373 2060 3573 2130 iri-ngat

1989 2157 2122 2204 reo,
2155 2157 2313 2195 causa
2357 2151 2534 2196 tamen
2575 2145 2816 2212 supplicii
2861 2161 2966 2200 non
2997 2156 3083 2202 est
3112 2150 3314 2217 justitia
3339 2149 3532 2217 judicis
3555 2193 3570 2216 ,

1989 2233 2082 2288 sed
2113 2234 2359 2288 meritum
2391 2236 2650 2290 criminis.
2677 2237 2794 2305 Quo
2817 2253 2944 2308 ergo
2971 2254 3070 2294 nos
3097 2242 3358 2296 mediator
3383 2245 3574 2297 mortis

1991 2325 2320 2390 transmisit,
2367 2335 2415 2381 et
2461 2326 2574 2396 ipse
2617 2343 2722 2382 non
2767 2330 2948 2395 venit,
2995 2329 3047 2384 id
3087 2341 3164 2386 est
3190 2371 3207 2396 ,
3248 2333 3314 2386 ad
3345 2343 3572 2388 mortem

1989 2416 2202 2479 carnis;
2241 2417 2312 2471 ibi
2361 2417 2512 2472 nobis
2549 2420 2802 2476 Dominus
2839 2423 2972 2477 Deus
3025 2436 3208 2478 noster
3249 2425 3572 2480 medicinam

1989 2510 2378 2565 emendationis
2407 2513 2648 2578 inseruit,
2676 2529 2836 2584 quam
2868 2515 2956 2568 ille
2985 2531 3088 2570 non
3117 2517 3330 2581 meruit,
3361 2520 3570 2574 occulta

1990 2610 2045 2654 et
2082 2601 2238 2654 nimis
2271 2617 2464 2657 arcana
2493 2604 2830 2660 ordinatione
2857 2605 3050 2661 divinae
3079 2608 3306 2677 altaeque
3331 2608 3570 2677 iustitiae.

1993 2691 2060 2747 Ut
2099 2709 2226 2763 ergo
2263 2695 2398 2748 sicut
2441 2711 2535 2765 per
2573 2713 2734 2750 unum
2775 2697 3046 2752 hominem
3089 2714 3264 2766 mors,
3301 2701 3368 2752 ita
3397 2708 3452 2754 et
3481 2716 3577 2768 per

1995 2801 2154 2838 nomn
2189 2785 2455 2842 hominem
2487 2788 2636 2844 Iicret
2663 2790 2980 2844 resurrectio
3009 2799 3336 2846 mortuorum
3365 2791 3422 2860 (Ι
3451 2791 3572 2848 Cor.

1992 2891 2060 2930 xv
2085 2917 2098 2938 .
2127 2878 2188 2932 ﬁl
2217 2917 2232 2944 ,
2263 2877 2354 2948 22)
2376 2919 2391 2942 ,
2422 2879 2542 2948 quia
2567 2880 2738 2949 magis
2763 2881 2996 2934 vitabant
3025 2865 3268 2936 homines
3289 2883 3430 2952 quod
3455 2885 3571 2936 evi-

1997 2977 2109 3024 tare
2153 2987 2256 3024 non
2301 2979 2585 3039 poterant,
2629 2981 2856 3026 mortem
2885 2974 3103 3038 carnis,
3149 2990 3305 3042 quam
3351 2983 3576 3028 mortem

1993 3059 2236 3128 spiritus,
2267 3061 2318 3114 id
2349 3069 2460 3126 est,
2495 3063 2662 3132 magis
2691 3077 2904 3130 pinnam
2931 3079 3088 3131 quam
3129 3065 3376 3118 meritum
3403 3079 3578 3134 parum

1997 3151 2142 3224 (nam
2175 3169 2280 3208 IIOII
2315 3169 2550 3224 peccare,
2579 3164 2670 3208 IIII.
2699 3172 2802 3210 IIOII
2829 3168 3068 3220 curatur,
3096 3168 3188 3210 {IIII
3213 3173 3394 3226 parum
3417 3173 3576 3212 cura-

1998 3253 2120 3311 tur;
2151 3261 2256 3300 non
2288 3247 2423 3300 mori
2451 3255 2628 3299 autem
2659 3249 2900 3316 quamvis
2931 3265 3034 3302 non
3063 3249 3384 3314 obtineatur,
3415 3249 3578 3306 vehe-

1997 3347 2206 3394 menter
2243 3339 2562 3410 satagitur);
2603 3341 2722 3394 vita:
2761 3341 3016 3396 Mediator
3049 3343 3336 3397 ostendens
3359 3383 3376 3408 ,
3420 3359 3582 3412 quam
3625 3393 3642 3402 ,

1999 3447 2106 3486 non
2145 3434 2214 3486 sit
2247 3447 2394 3488 mors
2433 3433 2662 3487 timenda
2688 3473 2704 3499 ,
2733 3449 2851 3504 qua;
2881 3449 2976 3503 per
3005 3434 3288 3489 humanam
3313 3437 3580 3490 conditio-

2000 3539 2122 3578 nem
2149 3523 2258 3592 jam
2287 3525 2436 3578 evadi
2470 3539 2576 3578 non
2601 3534 2796 3594 potest,
2825 3525 2918 3580 sed
2945 3527 3118 3594 potius
3147 3527 3390 3596 impietas
3415 3567 3430 3591 ,
3459 3543 3583 3597 qua:

2001 3627 2096 3682 per
2121 3613 2278 3668 ﬁdem
2309 3615 2482 3668 caveri
2513 3624 2684 3683 potest
2708 3655 2722 3676 ,
2751 3617 2986 3670 occurrit
3011 3616 3165 3670 nobis
3189 3616 3254 3670 ad
3287 3618 3442 3672 tinem
3475 3631 3586 3688 quo

2003 3707 2264 3770 venimus,
2293 3706 2385 3759 sed
2415 3721 2518 3759 non
2543 3721 2644 3775 qua
2673 3707 2933 3762 venimus.
2959 3706 3065 3762 No.4.
3091 3707 3232 3762 enim
3259 3709 3326 3762 ad
3353 3717 3582 3763 mortem

2003 3811 2099 3866 per
2137 3807 2410 3866 peccatum
2449 3798 2722 3862 venimus;
2755 3797 2844 3852 ille
2865 3838 2880 3864 ,
2927 3813 3022 3868 per
3052 3797 3312 3868 justitiam
3341 3815 3354 3853 :
3379 3809 3431 3852 et
3462 3797 3590 3854 ideo

2003 3905 2122 3944 cum
2165 3893 2232 3944 sit
2263 3905 2407 3944 mors
2435 3899 2615 3944 nostra
2643 3905 2796 3960 pmna
2823 3891 3026 3960 peccati
3051 3931 3067 3957 ,
3099 3906 3248 3946 mors
3277 3891 3419 3946 illius
3447 3894 3588 3946 facta

2003 3995 2084 4038 est
2112 3985 2280 4040 hostia
2313 3999 2407 4053 pro
2431 3993 2668 4054 peccato.

2021 4105 2024 4108 -
2073 4075 2296 4131 CAPUT
2335 4075 2472 4130 XIII.
2511 4103 2584 4116 --
2612 4074 2697 4130 I6.
2744 4073 2888 4128 Mors
2914 4074 3101 4130 Christi
3119 4084 3412 4144 spontaneo.
3441 4073 3586 4140 Quo-

2006 4169 2155 4222 modo
2195 4169 2310 4222 nim:
2361 4166 2616 4222 Mediutor
2656 4167 2976 4220 "uitiatorem
3029 4167 3204 4220 mortis
3263 4168 3584 4238 expugnavit.

2013 4259 2274 4328 Quomodo
2315 4259 2548 4312 diabolus
2579 4273 2700 4310 suos
2731 4257 2936 4310 inducat
2973 4257 3026 4311 in
3051 4267 3388 4325 contemptum
3413 4259 3592 4310 mortis

2008 4351 2212 4406 Christi.
2236 4349 2568 4418 Quapropter
2595 4364 2715 4402 cum
2743 4348 2958 4417 spiritus
2983 4348 3192 4416 corpori
3219 4357 3584 4416 praeponatur,

2010 4460 2262 4514 nun-squo
2289 4444 2358 4496 sit
2377 4443 2595 4512 Spiritus
2619 4457 2650 4495 a
2676 4442 2783 4494 Deo
2811 4440 3005 4506 deseri,
3039 4455 3185 4495 mors
3203 4451 3381 4494 autem
3407 4455 3594 4511 corpo-

2011 4539 2083 4592 ris
2109 4553 2136 4589 a
2159 4536 2346 4604 spiritu
2371 4533 2573 4596 deseri;
2598 4547 2768 4602 eaque
2785 4532 2862 4586 sit
2883 4547 3036 4601 paena
3063 4531 3114 4584 in
3140 4541 3310 4586 morte
3331 4547 3589 4601 corporis,

2011 4639 2067 4684 ut
2091 4628 2308 4697 spiritus
2327 4625 2450 4695 quia
2473 4623 2660 4676 volens
2687 4623 2924 4676 deseruit
2951 4621 3138 4684 Deum,
3161 4621 3376 4676 deserat
3397 4636 3594 4694 corpus

2013 4723 2208 4776 invitus
2231 4735 2247 4784 ;
2275 4727 2334 4774 ut
2357 4732 2478 4770 cum
2507 4715 2726 4784 spiritus
2753 4714 2920 4768 Deum
2941 4713 3236 4768 deseruerit
3257 4713 3376 4781 quia
3407 4711 3590 4774 voluit,

2012 4813 2227 4868 deserat
2270 4791 2467 4877 corpus
2519 4805 2728 4861 etiamsi
2777 4804 3042 4868 noluerit;
3091 4817 3188 4858 nec
3233 4802 3446 4856 deserat
3473 4815 3598 4873 cum

2015 4904 2262 4964 voluerit.
2285 4901 2384 4954 nisi
2397 4899 2626 4968 aliquam
2649 4895 2748 4950 sibi
2767 4897 2894 4962 vim,
2915 4910 3016 4964 qua
3045 4895 3214 4962 ipsum
3235 4907 3430 4960 corpus
3468 4907 3562 4960 per
3579 4929 3590 4950 .,

2017 4998 2214 5053 imatur
2240 5033 2256 5056 ,
2310 4989 2586 5046 intulerit:
2612 4987 2992 5042 demonstravit
3019 4983 3234 5052 spiritus
3273 4981 3594 5038 Metlizttorts.

2017 5105 2176 5161 quam
2223 5085 2364 5140 nulla
2405 5097 2562 5153 ptena
2614 5079 2814 5150 peccati
2853 5091 3018 5146 usque
3059 5075 3126 5130 ad
3171 5085 3392 5128 inertem
3425 5073 3604 5126 carnis

2019 5181 2324 5244 accesserit,
2379 5177 2501 5246 quia
2529 5190 2634 5228 non
2665 5187 2782 5227 eam
2825 5169 3061 5224 deseruit
3089 5167 3302 5232 invitus,
3341 5164 3434 5220 sed
3477 5167 3600 5232 quia

2021 5273 2208 5336 voluit,
2254 5267 2466 5340 quando
2503 5263 2688 5324 voluit,
2719 5259 2986 5330 quomodo
3039 5257 3224 5311 voluit.
3257 5255 3464 5324 Quippe
3507 5253 3604 5308 Dei

2025 5364 2206 5420 Verbo
2223 5362 2290 5416 ad
2313 5359 2568 5414 unitatem
2597 5353 2916 5409 commixtus
2945 5349 3070 5404 hinc
3093 5350 3166 5403 ait
3191 5348 3214 5380 ³
3243 5366 3258 5401 :
3291 5347 3602 5402 Potestatent

2025 5459 2184 5512 habeo
2211 5453 2426 5526 ponendi
2453 5449 2676 5504 animum
2711 5461 2892 5509 nteant,
2933 5453 2980 5496 et
3009 5452 3300 5510 potestatem
3323 5441 3480 5494 habeo
3509 5441 3605 5494 itc-

2027 5567 2139 5606 rmn
2161 5545 2391 5602 sumendi
2419 5558 2546 5598 etnn.
2579 5537 2742 5594 Nemo
2765 5538 2892 5591 tollit
2912 5553 3025 5591 eam
3052 5553 3082 5588 a
3113 5551 3210 5602 me,
3239 5534 3328 5590 sed
3355 5551 3446 5605 ego
3469 5548 3606 5603 pono

2094 5730 2108 5761 ί
2145 5733 2320 5788 Omnes
2338 5733 2486 5788 prope
2513 5727 2599 5767 vss
2621 5723 2704 5788 ,et
2728 5721 2920 5788 propter
2938 5712 3077 5788 [urina
3097 5775 3110 5786 θ

2093 5793 2112 5822 ⁸
2157 5791 2228 5836 sic
2252 5802 2262 5848 |
2283 5781 2480 5848 Ieriqtier
2497 5789 2600 5830 Mss.
2630 5781 2746 5828 ιιιιὶιί
2769 5792 2905 5848 vero,
2921 5781 3188 5848 justissima
3210 5786 3354 5844 mors.

2098 5855 2118 5886 ³
2149 5829 2227 5900 sic"
2362 5829 2485 5895 illiti
2511 5829 2656 5906 vero,
2677 5829 2962 5892 ronnnixtu's
2979 5847 3048 5890 cst
3071 5839 3224 5888 homo.
3245 5837 3366 5886 uim:
3379 5834 3464 5886 ait.
3479 5829 3617 5886 Male.
