4042 6434
440 364 545 420 899

438 495 551 533 eant
576 494 607 531 τι
638 490 732 543 me,
778 483 821 528 el
852 474 1029 527 iterum
1058 488 1201 526 sumo
1246 485 1354 523 eam
1388 466 1565 540 (Jouu.
1598 483 1653 529 ι,
1685 466 1797 536 l8).
1831 465 1895 519 Et
1920 466 2021 517 hoc

442 570 670 625 maxime
715 566 890 620 tuirati
930 573 1072 629 sunt,
1102 562 1237 615 sicut
1267 558 1611 627 Evangeliutn
1650 556 1905 625 I0qttitttl‘,
1934 556 2023 623 qui

446 668 737 730 pra-sentes
761 666 930 717 erant,
961 669 1079 707 cum
1109 662 1226 722 past
1258 652 1401 703 illam
1435 665 1639 713 vocem,
1680 649 1730 701 iu
1760 663 1860 716 qua
1891 646 2027 714 figu-

440 769 553 805 rant
588 750 782 819 peccati
812 747 973 800 nostri
1005 744 1189 808 edidit,
1217 742 1470 797 continuo
1510 740 1723 794 tradidit
1760 739 2023 807 Spiritum.

443 842 627 912 Loaga
658 842 796 893 enim
827 846 996 891 morte
1022 836 1393 890 erueiabantur
1420 833 1558 911 ligno
1580 830 1843 899 suspensi.
1874 828 2028 884 Unde

443 932 757 993 latronibus,
792 937 848 980 ut
886 929 996 995 jam
1030 933 1383 987 morerentur,
1413 922 1557 975 etde
1585 921 1726 989 ligno
1750 928 1873 973 ante
1900 917 2025 971 sab-

444 1026 621 1075 batum
648 1021 1064 1088 dejmnereutur,
1091 1031 1245 1070 crura
1268 1014 1537 1069 confracta
1562 1022 1703 1065 sunt.
1735 1010 1825 1064 Ille
1848 1018 2026 1063 autem

439 1116 561 1182 quia
590 1123 829 1166 umrtuus
856 1111 1102 1163 iuventus
1129 1116 1232 1171 est,
1279 1105 1535 1160 miraculo
1579 1103 1693 1155 fuit.
1726 1101 1839 1155 Hoc
1864 1100 2024 1153 etiam

438 1204 663 1259 Pilatum
689 1203 907 1271 legimus
929 1199 1093 1253 fui~se
1115 1200 1381 1257 miratum,
1400 1211 1519 1249 cum
1537 1194 1603 1246 ab
1631 1194 1746 1263 ipso
1767 1191 2029 1258 sepelien-

439 1296 565 1363 dum
592 1310 786 1361 corpus
810 1291 1015 1346 llomini
1047 1297 1315 1360 peteretur
1343 1285 1532 1357 (Marc.
1568 1301 1652 1348 sv,
1686 1284 1774 1347 57,
1818 1282 1909 1347 59,
1935 1281 2025 1343 45,

438 1390 528 1449 44,
560 1397 605 1439 et
633 1386 790 1439 Joau.
822 1402 931 1450 XIX,
964 1382 1173 1451 50-34).

511 1479 598 1533 17.
630 1477 719 1531 llle
743 1478 918 1545 itaque
948 1475 1220 1542 deceptor,
1264 1470 1356 1541 qui
1403 1469 1498 1523 fuit
1528 1467 1731 1523 homini
1764 1466 2028 1522 mediator

438 1575 506 1630 ad
537 1586 788 1638 mortem,
813 1572 1052 1639 falsoque
1077 1585 1134 1623 se.
1161 1567 1379 1637 Opponit
1400 1565 1464 1619 ad
1490 1566 1648 1618 vitam
1668 1562 1883 1617 nomine
1905 1577 2032 1631 pur-

442 1670 671 1741 gationis
703 1683 796 1736 per
831 1680 981 1718 sacra
1011 1674 1065 1717 et
1090 1659 1350 1722 sacrificia
1378 1658 1665 1726 sacrilega.
1702 1656 1893 1725 quibus
1935 1668 2028 1707 su-

442 1765 592 1833 perbi
642 1760 990 1822 seducuntur,
1041 1755 1163 1824 quia
1206 1767 1305 1807 nec
1353 1749 1805 1821 participationem
1844 1747 2029 1801 mortis

440 1866 639 1912 nostra:
671 1853 864 1907 habere
895 1849 1082 1919 potuit,
1128 1861 1227 1900 uec
1272 1842 1719 1898 resurredionem
1745 1857 1875 1904 snzr,
1901 1839 2025 1893 sim-

439 1948 579 2017 plant
618 1944 828 2013 quidem
852 1956 1003 1995 suam
1029 1947 1253 1992 mortem
1284 1936 1347 1990 ad
1366 1934 1580 2004 duplam
1604 1942 1837 1987 nostram
1860 1931 2030 2000 potuit

440 2039 635 2094 afferre
665 2055 677 2089 :
704 2034 949 2103 simplam
984 2047 1110 2085 vero
1141 2034 1607 2091 resurrectionem,
1641 2027 1690 2079 in
1716 2041 1819 2095 qua
1856 2034 1911 2078 et
1937 2040 2026 2078 sa-

438 2138 767 2184 cramentum
794 2134 935 2180 esset
965 2122 1324 2177 renovationis
1349 2129 1564 2184 nostrm,
1594 2129 1649 2173 et
1667 2118 1785 2187 ejus
1809 2133 1929 2185 qua:
1972 2119 2026 2169 in

439 2223 545 2276 line
591 2220 766 2273 futura
809 2226 891 2271 est
934 2213 1287 2283 evigilatioois
1334 2211 1660 2279 extrinplum,
1708 2226 1811 2262 non
1846 2209 2028 2277 utique

439 2314 628 2385 potuit.
666 2311 755 2366 llle
798 2308 1018 2379 proinde
1066 2306 1154 2375 qui
1203 2305 1392 2373 spiritu
1434 2303 1581 2355 rivus
1624 2316 1839 2354 carnem
1874 2316 2026 2353 suam

442 2418 706 2461 mortuam
738 2401 1091 2462 resuscitavit,
1120 2414 1276 2451 verus
1304 2399 1422 2450 vita:
1450 2395 1728 2457 Mediator,
1760 2394 1904 2447 illum
1927 2395 2043 2461 spi-

440 2500 543 2552 ritu
572 2504 838 2550 mortuum
868 2502 923 2547 et
952 2491 1137 2544 mortis
1165 2490 1509 2543 mediatorem
1540 2504 1568 2538 a
1599 2486 1871 2554 spiritilnis
1897 2485 1946 2537 iu
1969 2500 2028 2538 se

439 2587 770 2643 credentium
803 2585 943 2638 foras
969 2583 1129 2643 misit,
1160 2592 1217 2634 ut
1259 2597 1364 2633 non
1392 2587 1636 2647 regnaret
1685 2578 2024 2639 intrinsecus,

441 2679 535 2733 sed
566 2680 859 2731 forinsecus
905 2679 1268 2748 oppugnaret,
1313 2686 1410 2726 nec
1451 2680 1626 2723 tamen
1674 2679 2024 2738 expugnaret.

439 2771 535 2827 Cui
565 2787 623 2824 se
650 2771 762 2839 ipse
793 2783 1006 2838 quoque
1027 2765 1334 2819 tentandum
1380 2763 1622 2832 praebuit,
1673 2772 1730 2815 ut
1768 2761 1833 2815 ad
1865 2776 2027 2829 supe-

442 2862 634 2915 randas
687 2861 847 2913 etiam
905 2857 1224 2911 teutationcs
1267 2854 1382 2922 ejus
1420 2853 1679 2907 mediator
1724 2862 1890 2915 esset,
1919 2869 2025 2906 non

440 2952 620 3005 solum
649 2966 742 3019 per
770 2948 1114 3017 adjutorium,
1148 2961 1332 2999 verum
1366 2945 1525 2998 etiam
1570 2959 1663 3012 per
1699 2942 2024 3012 exemplum.

442 3051 512 3099 At
556 3045 645 3098 ille
697 3043 940 3111 primitus
992 3039 1079 3092 ubi
1111 3053 1205 3107 per
1230 3052 1418 3091 oumcs
1464 3035 1639 3090 aditus
1664 3035 1730 3088 ad
1773 3036 2025 3090 interiora

442 3138 671 3192 moliens
704 3136 963 3204 irrepere,
993 3132 1247 3200 crpulsus
1267 3139 1369 3194 est,
1404 3137 1522 3198 post
1551 3129 1808 3197 baptisma
1834 3128 1885 3181 in
1908 3144 2027 3182 ere-

440 3246 529 3283 mo
560 3227 822 3295 completa
848 3223 993 3278 omni
1024 3221 1310 3275 teutatione
1351 3219 1662 3273 illecebrosa
1704 3216 1918 3288 (Malui.
1952 3234 2024 3283 iv,

441 3321 617 3391 1-H),
648 3320 771 3388 quia
801 3318 976 3371 vivum
1006 3310 1216 3383 spiritu,
1252 3314 1442 3383 spiritu
1472 3322 1712 3366 mortuus
1741 3328 1843 3365 non
1875 3313 2026 3366 inva-

439 3414 528 3476 sit,
560 3424 772 3480 quoquo
801 3406 961 3462 modo
1003 3406 1190 3460 avidus
1238 3405 1423 3459 mortis
1467 3404 1711 3457 humana:
1761 3405 2029 3458 convertit

440 3502 587 3560 sead
616 3500 909 3556 faciendam
952 3507 1179 3553 mortem
1207 3512 1365 3566 quam
1398 3496 1588 3565 potuit,
1640 3504 1694 3549 et
1738 3496 2028 3564 permissus

439 3604 522 3650 est
548 3595 601 3647 in
648 3592 777 3647 illud
830 3589 973 3661 quod
1004 3606 1066 3643 ex
1100 3590 1252 3643 nobis
1305 3587 1530 3641 mortale
1560 3586 1707 3641 rivus
1734 3586 1988 3641 Mediatur
2008 3588 2023 3619 ³

439 3695 735 3757 acceperat.
783 3686 850 3739 Et
899 3684 985 3738 ubi
1019 3684 1188 3752 potuit
1217 3680 1413 3750 aliquid
1444 3679 1639 3744 facere,
1668 3680 1738 3734 ibi
1784 3696 1849 3734 ex
1882 3681 2027 3734 omni

440 3788 589 3851 parte
614 3778 851 3832 devictus
876 3785 989 3838 est;
1021 3786 1074 3829 et
1114 3774 1251 3828 unde
1287 3773 1489 3841 accepit
1526 3772 1761 3826 exterius
1790 3780 2028 3840 potesta-

442 3883 548 3928 tem
588 3870 876 3924 Dominiea:
915 3867 1091 3922 carnis
1120 3864 1458 3927 occidendae.
1493 3863 1615 3919 inde
1658 3865 1878 3919 interior
1911 3864 2032 3935 ejus

441 3972 696 4034 potestas,
744 3977 845 4030 qua
887 3975 984 4013 nos
1030 3958 1263 4021 tenebat,
1314 3956 1488 4010 occisa
1528 3965 1628 4010 est.
1688 3955 1907 4010 Factum
1949 3967 2034 4011 est

440 4055 582 4109 enim
614 4063 669 4105 ιιι
698 4051 903 4104 vincula
930 4058 1268 4117 peccatorum
1292 4048 1577 4101 multorum
1611 4045 1660 4099 in
1687 4046 1866 4100 multis
1888 4061 2033 4101 mor-

445 4148 605 4209 tibus,
650 4159 744 4213 per
771 4143 925 4196 unius
953 4157 1109 4195 unam
1138 4148 1361 4193 mortem
1407 4155 1564 4209 quant
1607 4149 1877 4208 peccatum
1914 4139 2034 4193 nul-

443 4238 552 4293 lum
582 4242 946 4305 praecesserat,
974 4232 1322 4287 solverentur.
1347 4230 1512 4298 Quam
1543 4242 1820 4299 propterea
1852 4230 2033 4283 Domi-

446 4344 545 4382 nus
571 4342 667 4396 pro
697 4325 849 4378 nobis
875 4322 1162 4378 indebitam
1190 4321 1437 4386 reddidit,
1467 4330 1523 4374 ut
1550 4320 1702 4374 nobis
1722 4320 1897 4375 debita
1919 4336 2025 4376 non

444 4428 680 4474 noceret.
709 4416 892 4485 Neque
917 4416 1057 4469 enim
1082 4414 1202 4481 jure
1226 4413 1534 4483 cujusquam
1568 4413 1846 4482 potestatis
1890 4429 2028 4467 exu-

444 4523 530 4567 tus
559 4521 642 4566 est
678 4526 840 4563 carne
864 4549 878 4573 ,
909 4508 1003 4562 sed
1030 4508 1141 4575 ipse
1167 4523 1227 4560 se
1255 4506 1417 4561 exuit.
1441 4505 1572 4560 Nam
1601 4507 1688 4576 qui
1718 4515 1896 4575 posset
1919 4522 2027 4561 non

444 4604 580 4659 mori
611 4604 655 4656 si
688 4602 871 4662 nollet,
906 4601 1083 4668 procul
1113 4598 1274 4652 dubio
1298 4600 1420 4667 quia
1444 4599 1609 4651 voluit
1639 4608 1884 4652 mortuus
1908 4606 2024 4651 est:

439 4706 496 4750 et
524 4696 642 4749 ideo
681 4693 1006 4762 principatus
1034 4700 1086 4746 et
1114 4701 1401 4761 potestates
1430 4693 1667 4761 exempla
1680 4694 1770 4759 rit,
1812 4694 2032 4747 fiducia-

442 4791 567 4847 liter
612 4786 945 4857 triumphans
973 4801 1067 4840 eas
1115 4786 1165 4838 in
1197 4784 1485 4853 semetipso
1533 4784 1763 4856 (Colon.
1806 4803 1862 4851 ll,
1898 4787 2027 4856 15).

446 4881 615 4937 Ilorte
659 4895 752 4932 sua
784 4878 980 4948 quippe
1010 4892 1114 4931 uno
1140 4876 1419 4931 verissimo
1457 4877 1718 4931 sacrificio
1745 4893 1841 4946 pro
1875 4878 2029 4933 nobis

442 4973 622 5027 oblato
645 5010 663 5035 ,
692 4969 947 5039 quidquid
986 4968 1260 5036 culparum
1302 4976 1414 5019 erat
1447 4967 1584 5022 unde
1629 4982 1725 5021 nos
1758 4968 2028 5038 principa-

444 5074 531 5120 tus
551 5074 607 5119 et
633 5071 919 5133 potestates
947 5061 1013 5114 ad
1040 5060 1228 5115 luenda
1256 5061 1516 5131 supplicia
1542 5061 1661 5129 jure
1690 5061 2024 5131 detinebant,

445 5156 707 5225 purgavit,
736 5153 969 5207 abolevit
993 5191 1009 5216 ,
1039 5168 1134 5205 exs
1160 5152 1326 5215 inxit;
1353 5161 1409 5205 et
1432 5168 1523 5204 sua
1552 5146 1949 5209 resurrectione
1974 5156 2027 5208 in

447 5262 638 5301 novam
671 5247 830 5297 vitam
863 5258 963 5297 nos
1006 5242 1411 5312 prmdestinatos
1439 5244 1684 5305 vocavit,
1710 5255 1927 5298 vocatos
1942 5245 2029 5314 ju.

444 5337 715 5399 stilicaiit,
741 5335 1059 5404 justilicatos
1078 5334 1399 5403 glorificavit
1423 5333 1618 5407 ('Ront.
1648 5350 1761 5399 vui,
1788 5336 1857 5391 '50
1878 5337 1915 5406 ).
1947 5335 2024 5390 lta

445 5428 687 5482 diabolus
730 5428 1019 5492 hominem,
1057 5442 1216 5496 quem
1257 5442 1353 5495 per
1405 5427 1816 5482 consensionem
1871 5428 2026 5484 sedu-

444 5530 612 5582 ctum,
641 5527 891 5585 tanquam
914 5518 1035 5586 jure
1063 5517 1268 5586 integro
1308 5516 1629 5585 possidebat,
1666 5526 1719 5572 et
1745 5517 1860 5586 ipse
1881 5518 2026 5573 nulla

448 5609 791 5679 corruptione
837 5608 1013 5661 carnis
1055 5618 1109 5661 et
1161 5607 1430 5677 sanguinis
1475 5620 1677 5680 sepius,
1730 5625 1825 5678 per
1872 5609 2025 5664 istam

446 5858 453 5865 -
514 5828 533 5861 ⁸
565 5835 691 5877 Unus
708 5841 742 5877 e
765 5828 997 5877 Vaticanis
1016 5833 1143 5887 5155.,
1169 5826 1276 5877 rint
1299 5827 1549 5881 mdiator.

1538 354 1623 409 DE
1662 350 2052 415 TlllNl'l‘ATE,
2094 350 2151 406 S.
2193 350 2559 409 AUGUSTINI

3618 360 3725 418 900

2138 468 2376 535 corporis
2403 468 2641 523 mortalis
2669 466 3025 539 fragilitatem.
3051 466 3208 523 nimis
3226 452 3393 539 egeno
3407 480 3462 525 et
3484 470 3722 541 infirmo,

2137 568 2283 611 tanto
2312 560 2607 628 superbior,
2654 570 2851 629 quanto
2880 563 3022 616 velut
3048 563 3213 617 ditior
3237 573 3290 619 et
3325 566 3529 629 fortior,
3570 571 3725 639 quasi

2138 666 2375 718 parumso
2390 660 2442 704 et
2458 668 2759 707 arrumnoso
2778 653 3171 717 dominabatur,
3191 656 3243 708 in
3268 660 3380 726 ipsa
3408 668 3581 712 morte
3601 676 3725 714 car-

2139 743 2219 796 uis
2249 743 2443 798 amisit.
2481 748 2598 810 Quo
2622 745 2763 799 enim
2796 746 3077 801 cadentem
3108 762 3213 801 non
3262 758 3481 802 secutus
3516 751 3727 819 impulit

2136 832 2489 901 peccatoreni,
2515 836 2639 891 illuc
2670 836 3084 893 descendentem
3120 851 3432 908 persecutus
3460 844 3726 912 compulit

2136 924 2569 994 lledeinpturem.
2627 927 2715 982 Sic
2764 929 2816 982 in
2859 931 3046 983 mortis
3085 934 3356 986 consortio
3402 931 3569 987 Filius
3626 935 3721 990 Dei

2136 1016 2285 1069 nobis
2312 1018 2423 1071 fieri
2451 1018 2699 1087 dignatus
2729 1028 2810 1074 est
2839 1021 3060 1083 amicus,
3090 1038 3197 1092 quo
3219 1039 3323 1077 non
3358 1026 3724 1092 perveniendo

2136 1108 2410 1162 meliorem
2440 1124 2499 1163 se
2525 1110 2676 1163 nobis
2717 1121 2875 1180 atque
2920 1113 3176 1181 majorem
3206 1117 3419 1182 putabat
3445 1116 3719 1173 inimicus.

2136 1198 2273 1253 Dicit
2296 1201 2440 1255 enim
2490 1201 2813 1271 Redemptor
2836 1214 3018 1259 noster
3049 1221 3063 1257 :
3107 1206 3357 1276 Maiorem
3400 1208 3723 1262 dilectionem

2135 1308 2278 1345 nemo
2304 1292 2484 1355 habet,
2515 1310 2670 1363 quam
2713 1305 2765 1348 tu
2793 1298 3015 1349 animant
3037 1314 3180 1351 suam
3211 1307 3362 1368 ponat
3410 1317 3503 1370 pro
3542 1302 3723 1354 amicis

2133 1385 2237 1439 sui:
2267 1383 2456 1453 (Joan.
2488 1402 2584 1452 xv,
2616 1389 2741 1457 15).
2772 1388 3029 1455 Quocirca
3064 1391 3224 1443 etiam
3262 1392 3376 1460 ipso
3407 1393 3635 1446 Domino
3658 1407 3735 1448 se

2133 1476 2383 1531 credebat
2408 1477 2650 1532 diabolus
2674 1481 3024 1547 superiorem,
3056 1480 3106 1532 in
3131 1489 3387 1549 quantum
3417 1482 3490 1535 illi
3526 1484 3717 1536 Domi-

2135 1584 2234 1622 nus
2263 1570 2315 1621 in
2345 1568 2678 1637 passionihns
2717 1571 2907 1635 cessit;
2934 1572 3055 1640 quia
3077 1582 3131 1625 et
3155 1572 3223 1626 de
3248 1572 3362 1641 ipso
3389 1574 3719 1628 intellectum

2134 1670 2215 1714 cst
2240 1660 2379 1729 quod
2409 1660 2459 1714 iu
2494 1661 2702 1715 l’sahno
2730 1663 2940 1730 legitur,
2973 1662 3204 1717 Minuiati
3227 1680 3341 1717 eam
3367 1666 3525 1735 paulo
3550 1666 3723 1720 uim

2133 1752 2196 1804 ab
2242 1752 2449 1823 Angelis
2490 1753 2509 1822 (
2526 1750 2672 1807 I’tal.
2707 1768 2798 1807 vut
2822 1794 2835 1816 ,
2865 1756 2932 1823 6)
2962 1773 2974 1808 :
3003 1764 3059 1808 ut
3084 1755 3153 1809 ab
3179 1756 3359 1825 iniquo
3386 1759 3536 1811 velut
3563 1774 3735 1827 aqua

2128 1844 2250 1909 jure
2268 1844 2556 1899 adversum
2581 1860 2679 1899 nos
2698 1855 2912 1915 agente,
2944 1847 3058 1916 ipse
3077 1848 3283 1903 occisus
3312 1849 3570 1905 innocens
3594 1867 3737 1906 enm-

2128 1936 2249 2005 jure
2304 1938 2609 2007 :rquissimo
2655 1949 2967 2007 superaret,
3026 1948 3184 2013 atque
3226 1942 3296 1993 ita
3354 1943 3717 2012 captivitatem

2136 2035 2352 2097 propter
2376 2039 2647 2097 peccatum
2673 2030 2865 2083 factam
2900 2012 3195 2099 eaptivaret
3238 2030 3455 2102 (Epiros.
3486 2049 3559 2098 tv,
3590 2033 3716 2105 .8),

2134 2136 2337 2189 uosque
2365 2121 2617 2175 liberaret
2639 2137 2669 2175 a
2698 2123 3005 2191 captivitate
3018 2134 3235 2193 propter
3250 2136 3521 2193 peccatum
3551 2126 3729 2195 justa,

2132 2228 2229 2265 suo
2250 2213 2396 2282 justo
2421 2215 2674 2284 sanguine
2702 2215 2894 2284 injuste
2929 2215 3046 2269 fuso
3068 2218 3257 2270 mortis
3302 2217 3717 2291 chirognophuut

2132 2292 2336 2365 delt-ns,
2389 2313 2444 2357 et
2475 2304 2845 2372 justificantlos
2893 2307 3163 2361 redimens
3213 2321 3518 2377 peccatores
3564 2313 3603 2362 ⁸.

2204 2392 2290 2447 18.
2319 2394 2451 2448 llinc
2476 2396 2633 2449 etiam
2661 2396 2903 2451 diabolus
2928 2398 3100 2451 adhuc
3127 2414 3252 2453 suos
3287 2401 3478 2467 illudit,
3521 2406 3719 2473 quibus

2132 2500 2190 2541 se
2221 2500 2315 2554 per
2343 2501 2435 2541 sua
2462 2504 2609 2542 sacra
2638 2489 2783 2543 velut
2813 2491 3117 2559 purgandis,
3142 2501 3193 2545 et
3224 2493 3399 2561 potius
3437 2494 3723 2563 implican-

2132 2578 2215 2632 dis
2238 2589 2397 2651 atque
2416 2582 2738 2649 mergendis,
2772 2582 2938 2637 falsus
2981 2585 3245 2637 mediator
3283 2587 3525 2653 opponit,
3568 2587 3717 2655 quod

2132 2674 2381 2743 superbis
2396 2671 2644 2727 facillime
2666 2674 3180 2743 persuadetirridere
3198 2687 3354 2748 atque
3370 2690 3723 2736 contemnere

2133 2774 2356 2819 mortem
2385 2764 2603 2831 Christi,
2638 2784 2667 2820 a
2689 2782 2790 2837 qua
2819 2767 2931 2838 ipse
2960 2779 3160 2838 quanto
3187 2772 3541 2837 estalienior,
3568 2785 3721 2827 tanto

2132 2856 2201 2910 ab
2224 2857 2303 2911 eis
2330 2856 2565 2912 creditur
2604 2859 2839 2913 sanctior
2882 2868 3046 2929 atque
3084 2861 3333 2915 divinior.
3382 2863 3482 2930 Qui
3534 2874 3717 2919 tamen

2132 2947 2271 3016 apud
2320 2963 2442 3002 eum
2494 2950 2796 3019 pauciSsimi
2849 2963 3253 3020 remanserunt,
3305 2956 3721 3024 agnoscentibus

2131 3038 2376 3107 gentibus
2398 3048 2455 3093 et
2485 3040 2567 3109 pia
2596 3040 2889 3098 humilitate
2918 3043 3219 3099 bibentibus
3258 3047 3481 3114 pretium
3520 3062 3676 3102 suum
3697 3088 3716 3114 ,

2130 3130 2352 3199 ejusque
2380 3130 2567 3185 Iiducia
2585 3131 2953 3187 deserentibus
2980 3136 3181 3189 hostem
3209 3150 3386 3203 suum,
3409 3145 3465 3190 et
3484 3152 3717 3192 concin-

2133 3222 2372 3277 rentibus
2398 3223 2464 3277 ad
2492 3224 2883 3294 redemptorem
2925 3241 3100 3281 suum.
3145 3227 3325 3283 Nescit
3354 3230 3497 3283 enim
3525 3230 3721 3285 diabo-

2131 3314 2214 3368 lus
2237 3315 2505 3384 quomodo
2530 3315 2621 3369 illo
2641 3325 2696 3371 et
2725 3317 3007 3372 insidiante
3027 3328 3083 3372 et
3112 3319 3317 3374 furente
3341 3330 3519 3374 utatur
3537 3321 3603 3373 ad
3632 3335 3722 3374 sa-

2133 3404 2297 3460 lutem
2328 3407 2561 3461 tidelium
2590 3424 2808 3462 suortnn
2830 3409 3278 3463 excellentissima
3309 3413 3567 3479 sapientia
3598 3412 3715 3477 Dei,

2130 3506 2161 3544 a
2184 3490 2288 3545 ﬁne
2306 3491 2603 3561 superiore,
2629 3493 2772 3563 quod
2790 3503 2878 3548 est
2903 3494 3111 3548 initium
3127 3494 3416 3563 spiritualis
3426 3508 3714 3561 creautrae,

2132 3598 2301 3651 usque
2326 3583 2391 3636 ad
2422 3584 2579 3638 finem
2608 3583 2935 3652 inferiorem,
2970 3586 3110 3655 quod
3132 3594 3216 3640 est
3259 3601 3405 3640 mors
3445 3588 3713 3656 corporis,

2133 3676 2458 3746 pertendens
2485 3675 2693 3733 fortiter
2719 3688 2771 3733 et
2788 3678 3080 3749 disponens
3096 3680 3273 3733 omnia
3300 3681 3534 3734 suaviter
3554 3680 3718 3751 (Sap.

2134 3784 2247 3834 vui,
2284 3769 2367 3839 l).
2399 3770 2622 3840 Attingit
2660 3771 2801 3826 enim
2846 3772 3044 3842 ubique
3072 3783 3289 3843 propter
3320 3788 3470 3828 suam
3504 3775 3723 3827 mundi-

2136 3862 2281 3925 tiam,
2305 3870 2359 3915 et
2387 3861 2519 3916 nihil
2559 3863 2890 3933 inquinatum
2919 3865 2969 3916 in
2997 3879 3114 3927 eam
3162 3864 3383 3918 incurrit
3436 3863 3564 3937 (Id.
3614 3881 3715 3930 vn,

2133 3952 2221 4016 24,
2254 3953 2323 4006 25
2345 3951 2384 4023 ).
2417 3954 2459 4007 Α
2486 3964 2659 4008 morte
2693 3964 2867 4009 autem
2894 3956 3071 4009 carnis
3115 3956 3287 4011 alieno
3312 3957 3545 4021 diabolo,
3576 3959 3721 4013 unde

2139 4047 2361 4100 nimium
2390 4047 2651 4117 superbus
2677 4047 2891 4112 incedit,
2914 4064 3062 4101 mors
3094 4048 3315 4103 alterius
3336 4050 3547 4119 generis
3580 4067 3720 4119 prte-

2137 4149 2351 4209 paratur
2376 4140 2428 4193 in
2461 4150 2663 4194 teterno
2710 4141 2830 4210 igne
2868 4142 3086 4206 tartari,
3119 4156 3228 4211 quo
3256 4158 3360 4197 non
3397 4145 3566 4197 solum
3590 4160 3717 4199 cum

2138 4232 2384 4293 terrenis,
2414 4231 2507 4287 sed
2534 4236 2693 4287 etiam
2723 4248 2845 4288 eum
2873 4235 3045 4289 aereis
3071 4236 3389 4305 corporibus
3414 4236 3711 4291 excruciari

2134 4324 2351 4391 Spiritus
2404 4324 2627 4392 possint.
2677 4324 2899 4392 Superbi
2960 4335 3136 4379 autem
3188 4326 3471 4393 homines,
3525 4328 3723 4396 quibus

2133 4415 2397 4479 Christus,
2435 4416 2557 4484 quia
2590 4424 2831 4469 mortuus
2856 4425 2957 4481 est,
2990 4417 3173 4477 viluit.
3206 4418 3292 4471 ubi
3332 4432 3429 4471 nos
3456 4428 3561 4471 tam
3596 4433 3717 4471 ma-

2134 4521 2239 4576 gno
2280 4506 2407 4560 emit
2464 4514 2481 4576 (
2507 4506 2521 4559 l
2550 4505 2667 4559 Cor.
2700 4521 2773 4570 vr,
2798 4506 2868 4560 20
2888 4508 2935 4576 ),
2964 4519 3017 4560 et
3048 4506 3202 4561 istam
3230 4516 3455 4561 mortem
3489 4508 3720 4562 reddunt

2133 4612 2252 4652 cum
2299 4596 2601 4651 hominibus
2642 4597 2932 4651 conditioni
2977 4614 3293 4653 mrumnoste
3330 4611 3554 4667 naturae,
3592 4616 3720 4671 qua)

2134 4691 2363 4745 trahitur
2386 4706 2417 4745 a
2447 4691 2620 4760 primo
2646 4702 2887 4761 peccato,
2914 4702 2967 4746 et
3001 4692 3051 4745 in
3082 4692 3224 4745 illaut
3254 4707 3374 4746 eum
3406 4693 3500 4746 illo
3529 4696 3720 4763 prox-i-

2136 4784 2457 4853 pitabuntur.
2515 4783 2682 4848 Quem
2726 4795 3004 4852 propterea
3042 4784 3257 4837 Christo
3285 4795 3717 4854 prteposuerunt,

2134 4878 2254 4945 quia
2281 4892 2373 4931 eos
2402 4878 2451 4928 in
2478 4876 2631 4930 istam
2658 4876 2877 4944 dejecit,
2901 4892 3005 4944 quo
3028 4892 3126 4945 per
3155 4877 3441 4931 dstautem
3466 4887 3717 4932 natunmt

2134 4968 2246 5038 ipse
2273 4981 2379 5021 non
2404 4964 2617 5033 cecidit,
2658 4975 2713 5019 et
2751 4982 2859 5036 quo
2902 4976 3116 5036 propter
3163 4981 3258 5021 eos
3303 4981 3398 5036 per
3448 4968 3721 5037 ingentem

2135 5059 2550 5115 misericordiam
2580 5060 2665 5113 ille
2705 5058 2981 5114 descendit
3016 5077 3031 5113 :
3076 5069 3129 5113 et
3156 5070 3332 5116 tamen
3370 5076 3428 5114 se
3454 5061 3721 5116 (lanuuii--

2133 5151 2233 5205 bus
2261 5166 2380 5206 esse
2418 5151 2670 5205 meliores
2696 5166 2799 5204 non
2828 5150 3071 5205 dubitant
3096 5151 3316 5206 credere
3335 5192 3351 5215 ,
3379 5166 3579 5221 eosque
3605 5168 3723 5205 ma-

2134 5244 2341 5299 ledictis
2367 5245 2613 5298 onmibus
2653 5243 2899 5297 insectari
2929 5243 3289 5312 detestarique
3335 5259 3440 5299 non
3477 5255 3716 5311 cessant,

2132 5352 2265 5407 quos
2292 5345 2437 5391 certe
2455 5336 2659 5391 alienos
2686 5336 2754 5390 ab
2774 5334 2932 5405 hujus
2952 5336 3138 5389 mortis
3164 5336 3409 5406 passione
3428 5348 3717 5403 noverunt,

2134 5439 2348 5499 pr0pter
2388 5444 2543 5499 quam
2578 5427 2847 5482 Christum
2890 5436 3255 5482 contemnunt.
3285 5427 3393 5483 Nec
3418 5430 3495 5482 sic
3534 5430 3723 5482 volunt

2131 5520 2508 5584 considerare,
2540 5535 2695 5589 quam
2737 5518 2850 5573 fieri
2882 5518 3111 5588 potuerit
3149 5528 3209 5573 ut
3256 5519 3306 5573 in
3361 5534 3420 5574 se
3470 5534 3718 5585 manens,

2133 5626 2232 5666 nec
2262 5626 2355 5685 per
2380 5624 2438 5665 se
2467 5610 2637 5680 ipsum
2664 5626 2729 5666 ex
2756 5611 2862 5666 ulla
2887 5621 3035 5682 parte
3051 5610 3303 5667 mutabile
3335 5612 3425 5666 Dei
3456 5610 3720 5680 Verbum,

2199 5769 2321 5839 Iﬂsic
2345 5776 2448 5818 Mss.
2474 5769 2700 5839 Atediti,
2724 5784 2811 5821 suo
2848 5783 3044 5834 proprio
3075 5768 3729 5835 stringamuujustiﬁmo

2134 5831 2371 5880 rediimus
2392 5837 2674 5893 peccatores.
