4084 6446
263 390 368 446 illi

267 522 364 558 nter
393 501 662 557 interioris
690 509 866 554 tamen
903 508 1106 553 natura:
1134 499 1526 567 susceptionem
1551 498 1744 568 aliquid
1775 499 1870 550 in-:

269 597 436 649 terius
469 594 576 663 pati
606 601 806 662 posset,
829 590 970 660 quod
1008 591 1308 644 immundus
1334 591 1566 655 daemon,
1601 591 1722 657 quia
1749 599 1868 642 ter-'

266 703 460 742 renutu
485 674 680 754 corpus
721 700 824 737 non
854 683 1032 746 habet,
1074 684 1179 751 pati
1229 699 1334 736 non
1382 683 1566 751 possit.
1607 683 1694 737 Sic
1733 697 1852 736 cum

266 780 370 832 sint
403 777 501 848 ipsi
549 774 882 830 dazmonibus
926 774 1195 837 meliores,
1248 781 1423 826 tamen
1467 773 1586 841 quia
1639 786 1871 825 (structu

267 877 478 937 [uirtaut
501 909 516 935 ,
546 868 678 921 moti
709 865 786 921 sic
816 876 1074 936 possunt,
1099 863 1544 934 quct‘uadmoddm
1573 867 1706 937 mori
1751 867 1860 918 the-

270 976 496 1023 mones,
550 960 640 1027 qui
701 973 804 1012 non
866 973 984 1010 eam
1049 965 1298 1025 portant,
1347 972 1450 1010 non
1495 957 1675 1026 utique
1729 972 1857 1026 pos-

269 1063 412 1107 sunt.
468 1053 532 1106 lit
577 1067 697 1105 cum
754 1048 822 1104 de
863 1048 1124 1103 mortibus
1161 1049 1542 1102 sacriﬁciorum
1594 1061 1811 1103 suorum
1839 1050 1857 1081 ⁸

272 1147 500 1197 multum
557 1150 902 1211 pra-sumant,
936 1155 1054 1210 qua:
1081 1156 1138 1194 se
1187 1139 1480 1194 fallacibus
1507 1143 1855 1212 superhisqne

270 1235 546 1303 spiritibus
591 1233 868 1287 immolare
917 1247 1024 1286 non
1071 1233 1328 1297 sentiunt,
1356 1243 1442 1288 aut
1472 1233 1515 1287 si
1545 1235 1648 1303 jam
1677 1237 1698 1266 ³
1739 1251 1860 1288 sen-

272 1327 432 1390 tiunt,
464 1323 660 1393 aliquid
706 1324 804 1377 sibi
863 1322 1119 1391 prodesse
1160 1323 1484 1378 arbitrantur
1539 1325 1859 1393 perﬁdorum

271 1428 326 1472 et
352 1417 658 1471 invidorum
711 1415 1033 1480 amicitiam,
1060 1431 1286 1486 qnormn
1319 1417 1627 1473 intentionis
1655 1419 1860 1473 nullum

274 1511 545 1580 negotium
571 1520 674 1574 est,
705 1510 804 1580 nisi
830 1509 1104 1578 impeditio
1133 1509 1337 1566 reditus
1359 1511 1546 1564 nostri.

342 1602 576 1657 CAPUT
607 1600 890 1656 χιιι-49
917 1601 1142 1655 Christus
1167 1601 1530 1672 perfectissima
1549 1604 1748 1657 victinm
1772 1619 1865 1671 pro

233 1709 250 1724 ο
275 1693 584 1748 mandandis
598 1693 730 1746 vitiis
744 1693 944 1747 nostris.
966 1691 993 1744 Ι
1001 1709 1033 1745 tt
1058 1693 1195 1745 omni
1209 1693 1461 1760 sacriﬁcio
1481 1705 1697 1764 quatuor
1709 1697 1868 1748 consi-

277 1787 525 1842 denuda.
553 1785 667 1840 Non
706 1785 1006 1855 intelligunt
1032 1799 1098 1840 ne
1141 1785 1282 1853 ipsos
1307 1785 1520 1855 quidem
1550 1787 1882 1856 superbissi«~

276 1893 398 1932 mos
406 1878 626 1947 spiritus
641 1876 934 1931 honoribus
967 1876 1346 1930 sacriﬁciorum
1364 1877 1594 1945 gaudere
1610 1880 1866 1948 potuisse,

278 1976 380 2029 nisi
417 1975 508 2030 uni
550 1991 678 2030 vero
705 1976 814 2030 Deo
851 1991 947 2045 pro
965 1991 1072 2044 quo
1101 1976 1408 2038 colit-olunt,
1443 1992 1627 2029 verum
1668 1977 1873 2030 sacriﬁ-

278 2069 421 2120 cium
451 2065 776 2122 deberetur:
809 2082 982 2137 neque
1023 2067 1072 2121 id
1107 2081 1263 2137 posse
1291 2069 1392 2122 rite
1417 2067 1619 2133 oii‘erri,
1649 2068 1744 2120 nisi
1778 2081 1872 2136 per

279 2158 610 2214 sacerdotem
653 2169 894 2213 sanctum
937 2168 994 2213 et
1011 2159 1212 2227 justum
1245 2177 1258 2212 :
1290 2175 1388 2213 nec
1438 2159 1539 2213 nisi
1584 2159 1652 2212 ab
1679 2159 1755 2210 eis
1783 2172 1887 2211 ae.-

281 2252 512 2321 cipiatur
535 2251 677 2322 quod
708 2251 946 2319 oli'ertur,
981 2267 1077 2321 pro
1126 2253 1320 2323 quibus
1347 2253 1590 2318 oli'ertur,
1637 2261 1794 2326 atque
1821 2251 1870 2306 id

282 2343 400 2397 sine
427 2344 554 2396 vitio
580 2347 670 2410 sit,
701 2353 758 2398 ut
787 2358 886 2413 pro
911 2345 1118 2398 vitiosis
1137 2343 1457 2398 nmndaudis
1482 2345 1647 2413 possit
1667 2342 1869 2398 olicrri.

285 2435 396 2490 Hoc
431 2445 576 2490 certe
620 2450 810 2491 omnes
850 2438 1085 2506 cupiunt,
1117 2437 1206 2507 qui
1241 2453 1337 2506 pro
1364 2453 1423 2493 se
1447 2437 1626 2493 otl‘erri
1667 2439 1874 2492 sacrifi-

283 2527 426 2580 cium
476 2525 586 2582 Deo
630 2528 834 2582 volunt.
877 2527 1008 2596 Quis
1055 2543 1184 2599 ergo
1231 2538 1336 2582 tam
1363 2529 1541 2597 justus
1582 2537 1636 2582 et
1662 2537 1876 2584 sanctus

283 2617 552 2683 sacculos,
585 2633 744 2689 quam
768 2620 970 2674 unicus
995 2618 1162 2674 Filius
1192 2620 1304 2684 Dei,
1341 2621 1430 2690 qui
1461 2635 1566 2674 non
1592 2636 1728 2692 opus
1775 2621 1875 2675 ha-

284 2707 438 2762 beret
461 2723 556 2776 per
579 2708 898 2764 sacriﬁcium
925 2725 1018 2764 sua
1064 2724 1293 2780 purgare
1319 2721 1555 2781 peccata,
1586 2727 1684 2766 nec
1709 2712 1866 2783 erigi.

285 2800 450 2865 nalia,
480 2815 580 2856 nec
603 2817 669 2857 ex
694 2803 919 2856 humana
950 2804 1054 2857 vita
1081 2819 1199 2874 qua:
1225 2804 1492 2859 adduntur
1520 2805 1700 2876 (Hebr.
1729 2822 1800 2861 vn
1821 2808 1880 2877 )1

287 2889 359 2945 Et
390 2888 516 2960 quid
561 2901 667 2946 tam
712 2903 1066 2964 congruenter
1111 2894 1182 2948 ab
1212 2895 1513 2952 hominibus
1573 2907 1879 2952 sumeretur

287 2983 431 3051 quod
464 2998 560 3052 pro
581 2984 658 3039 eis
685 2984 987 3050 oti'erretnr,
1013 3001 1170 3056 quam
1202 2985 1430 3040 humana
1457 2989 1629 3042 caro?
1658 2988 1725 3043 Et
1752 2989 1879 3060 quid

290 3082 398 3127 tam
425 3085 608 3143 aptum
638 3074 762 3129 huic
792 3077 1161 3142 immolationi,
1187 3092 1344 3148 quam
1366 3091 1492 3132 caro
1512 3080 1792 3134 mortalis?
1816 3081 1883 3136 Et

288 3163 415 3232 quid
446 3173 553 3218 tam
584 3166 837 3220 mundum
865 3181 964 3236 pro
1005 3168 1322 3223 mandandis
1361 3170 1504 3224 vitiis
1548 3171 1878 3237 mortalium,

289 3273 449 3328 quam
489 3260 606 3313 sine
634 3260 740 3314 ulla
783 3261 1099 3332 contagione
1150 3263 1380 3318 carnalis
1431 3266 1884 3336 concupiscentia;

288 3365 419 3406 caro
441 3360 564 3406 nata
602 3353 654 3406 in
683 3363 838 3407 utero
863 3362 916 3408 et
945 3369 1011 3410 ex
1051 3362 1204 3411 utero
1227 3357 1510 3426 virginali?
1530 3358 1598 3414 Et
1621 3359 1745 3430 quid
1775 3368 1882 3415 tam

291 3453 443 3512 grate
475 3443 654 3498 ol'l‘erri
685 3453 740 3499 et
782 3447 978 3516 suscipi
1022 3457 1219 3516 posset,
1272 3464 1431 3519 quam
1460 3465 1587 3505 caro
1638 3452 1883 3508 sacriﬁcii

290 3540 483 3603 nostri,
515 3556 709 3610 corpus
730 3540 976 3596 effectum
1009 3544 1303 3599 sacerdotis
1320 3545 1485 3599 nostri
1502 3546 1526 3599 ?
1541 3545 1610 3602 Ut
1633 3547 1882 3616 quoniam

291 3641 521 3702 quatuor
545 3633 954 3687 considerantur
982 3634 1035 3688 in
1064 3635 1208 3689 (mini
1245 3635 1534 3701 sacriﬁcio;
1563 3638 1646 3691 cui
1687 3637 1887 3693 olfera-

293 3737 413 3791 tur,
454 3741 484 3778 a
521 3741 628 3796 quo
657 3727 929 3792 olleratur,
959 3727 1083 3798 quid
1109 3729 1384 3798 oll'eratur,
1415 3745 1511 3800 pro
1539 3730 1730 3800 quibus
1756 3732 1888 3787 olfe-

292 3826 474 3884 ratur;
498 3818 638 3872 idem
666 3819 779 3889 ipse
809 3834 945 3873 unus
963 3835 1227 3891 verusquc
1249 3821 1528 3886 Mediator,
1561 3839 1654 3892 per
1675 3825 1881 3878 sacrili-

292 3909 434 3964 cium
475 3911 620 3980 pacis
665 3913 1017 3967 reconcilians
1082 3928 1180 3968 nos
1228 3914 1360 3980 Deo,
1407 3931 1569 3969 unum
1625 3931 1743 3971 cum
1793 3918 1886 3973 illo

294 4013 535 4057 maneret
561 4003 646 4058 cui
682 4003 957 4066 offerebat.
983 4022 1144 4060 unum
1173 4008 1225 4061 in
1255 4021 1312 4063 se
1337 4008 1537 4064 faceret
1567 4025 1662 4080 pro
1687 4011 1882 4081 quibus

295 4092 572 4161 oﬂ’er‘ehat,
596 4111 732 4151 unus
761 4095 876 4166 ipse
900 4107 1044 4152 esset
1069 4098 1156 4169 qui
1187 4099 1467 4166 olferebat,
1495 4109 1546 4155 et
1581 4102 1720 4172 quod
1751 4103 1886 4160 oli'c-
1916 4174 1940 4179 _

295 4186 470 4242 rebat.

366 4276 594 4334 CAPUT
635 4277 845 4333 XV.—-
881 4280 972 4336 20.
1019 4280 1239 4352 Superbi
1297 4293 1532 4354 putantes
1575 4302 1630 4339 se
1679 4289 1888 4357 prapria

298 4367 478 4421 virtute
501 4385 647 4438 posse
671 4371 878 4442 purgari
903 4373 972 4424 ad
1007 4373 1278 4426 videndum
1319 4373 1504 4429 Deum.
1537 4375 1671 4431 Sunt
1710 4389 1888 4433 autem

297 4459 511 4527 quidam
533 4460 622 4528 qui
649 4475 708 4515 se
735 4470 919 4530 putant
946 4465 1012 4516 ad
1029 4465 1499 4536 contemplandum
1523 4467 1687 4522 Deum
1715 4478 1768 4524 et
1803 4469 1887 4524 in-

301 4548 611 4605 hrereadnm
653 4552 764 4606 Deo
793 4553 988 4608 virtute
1029 4557 1242 4624 prepria
1269 4571 1429 4627 posse
1466 4561 1679 4630 purgari
1719 4577 1890 4632 :quos

302 4643 411 4711 ipsa
439 4643 689 4712 superbia
719 4647 956 4701 maxime
985 4649 1237 4703 maculat.
1268 4648 1483 4706 Nullum
1515 4655 1658 4707 enim
1701 4655 1888 4709 vitium

303 4743 384 4786 cal
433 4734 517 4787 cui
546 4735 714 4804 magis
742 4735 918 4790 divina
950 4738 1065 4808 lege
1090 4741 1368 4795 resistatur
1393 4783 1407 4807 ,
1439 4752 1491 4797 et
1524 4744 1574 4798 iu
1605 4744 1744 4814 quod
1775 4763 1891 4801 ma-

295 4823 384 4892 jus
426 4825 653 4894 accipiat
681 4825 702 4858 ³
726 4826 1032 4883 dominandi
1056 4829 1144 4899 jus
1172 4831 1260 4886 ille
1287 4834 1696 4903 superbissimus
1729 4837 1889 4908 Spiri-

301 4926 408 4982 tus,
446 4917 513 4970 ad
546 4917 648 4971 ima
687 4918 974 4988 mediator,
1003 4920 1068 4976 ad
1109 4935 1314 4978 summa
1357 4925 1679 4982 interclusor
1723 4945 1738 4981 :
1790 4928 1889 4984 nisi

299 5010 510 5065 occulte
547 5010 804 5066 insidians
838 5012 940 5067 alia
964 5015 1046 5067 via
1071 5012 1368 5081 devitetur;
1397 5026 1488 5072 aut
1514 5035 1608 5089 per
1638 5020 1889 5090 populum

270 5089 670 5180 ideﬁciéutem,
698 5103 840 5174 quod
871 5104 1254 5174 interpretatur
1291 5109 1531 5176 Amalec,
1582 5089 1765 5180 aperte
1792 5129 1893 5167 sa:-

301 5195 474 5259 viens,
499 5202 561 5249 et
583 5195 651 5250 ad
698 5205 894 5251 terram
928 5198 1298 5278 promissionis
1333 5203 1679 5272 repugnando
1719 5212 1893 5260 trans-

251 5288 272 5349 ,'
305 5289 436 5341 itum
469 5302 690 5359 negans,
717 5305 1050 5366 per‘crucem
1081 5291 1286 5346 Domini
1311 5309 1428 5363 qum
1454 5295 1620 5368 Moysi
1647 5288 1892 5354 manibus

305 5381 543 5433 extensis
605 5390 690 5436 est
728 5382 1100 5453 prastigurata,
1151 5395 1434 5454 superetur
1495 5386 1705 5458 (Exod.
1759 5407 1890 5460 xvu,

303 5468 489 5540 846).
542 5469 678 5526 Hinc
716 5472 859 5526 enim
889 5475 1255 5546 purgationem
1284 5476 1383 5532 sibi
1426 5477 1509 5534 isti
1537 5480 1730 5537 virtute
1773 5499 1892 5553 pro-

304 5560 420 5628 pria
474 5561 826 5630 pollicentur.
878 5565 999 5636 quia
1065 5568 1302 5623 nonnulli
1365 5585 1548 5626 eorum
1604 5583 1890 5643 potuerunt

371 5718 391 5788 ξ
425 5717 562 5788 editi,
584 5723 630 5769 et
653 5719 716 5770 de
732 5719 901 5788 ritibus
917 5721 1266 5788 sacriﬁciorum
1285 5741 1497 5781 suormn.

370 5780 392 5810 ³
425 5787 474 5839 tn
498 5788 624 5839 its-5.,
645 5788 729 5832 aut
748 5784 790 5836 si
810 5784 972 5836 etiarn.

374 5841 397 5872 ⁸
427 5837 479 5890 in
501 5837 665 5905 editis,
686 5845 836 5910 magis
859 5847 1082 5913 arripiat.

1614 385 1810 440 tmen
1851 384 2070 451 quam
2090 381 2195 438 us.

1958 496 2127 550 aciem
2163 494 2357 549 mentis
2386 493 2523 548 ultra
2561 507 2773 548 omnem
2819 503 3116 553 creaturam
3156 500 3564 570 transutittcre,‘

1960 597 2013 640 et
2044 587 2213 640 lucem
2236 585 2684 640 incommutabilis
2701 586 2938 639 veritatis
2965 589 3447 660 quantulacumque
3471 614 3564 646 es‘

1961 687 2113 747 parte
2156 678 2464 746 contingere
2505 695 2519 730 :
2573 677 2712 747 quod
2757 677 3076 734 christianos
3123 682 3318 735 multos
3345 696 3408 736 cx
3441 683 3543 738 Ιίιιυ

1963 767 2173 822 interim
2226 768 2339 822 sola
2385 769 2664 831 viventes,
2714 769 2944 822 nondum
2997 772 3228 837 potuisse
3277 773 3542 828 derident.

1963 859 2066 912 Sed
2089 859 2212 928 quid
2245 861 2457 926 prodest
2500 861 2851 929 superbimiti,
2892 870 2946 916 et
2981 861 3050 916 ob
3080 861 3180 918 hoc
3208 864 3568 921 erubescenti-

1964 952 2162 1021 lignum
2188 952 2568 1015 conscendere,
2590 952 2656 1005 de
2673 952 2960 1024 longinquo
2983 958 3288 1025 prospicere
3315 961 3536 1028 patriam

1965 1045 2530 1100 transmarittant‘lAut
2557 1046 2681 1116 quid
2719 1047 2870 1102 obest
2904 1048 3089 1103 humili
3117 1050 3184 1105 de
3211 1058 3356 1106 tanto
3385 1053 3552 1109 inter-

1967 1138 2107 1192 vallo
2146 1155 2250 1192 non
2275 1146 2394 1193 eam
2439 1140 2636 1204 videre,
2671 1140 2720 1193 in
2751 1139 2844 1195 illo
2871 1142 3010 1212 ligno
3036 1143 3104 1198 ad
3141 1160 3258 1199 eam
3295 1147 3546 1209 venienti.

1964 1247 2072 1302 quo
2095 1230 2407 1300 dedignatur
2434 1233 2520 1286 ille
2551 1233 2784 1300 portari?
3563 1264 3571 1276 ο

2035 1323 2259 1380 CAPUT
2299 1324 2438 1378 XVI.
2465 1354 2535 1363 —
2560 1325 2652 1377 ‘21.
2691 1323 2989 1395 Philosophi
3018 1339 3201 1381 releras
3231 1328 3294 1381 de
3323 1347 3568 1383 resurrem

1966 1414 2130 1467 ctione
2153 1430 2212 1466 ac
2235 1414 2379 1467 rebus
2407 1415 2590 1486 futuris
2619 1431 2717 1468 non
2748 1417 3060 1469 consulendi.
3093 1418 3155 1470 lli
3182 1420 3340 1471 etiam
3370 1437 3568 1474 resur-I

1967 1505 2258 1558 rectionem
2297 1505 2473 1559 carnis
2512 1521 2610 1558 nos
2647 1506 2868 1560 credere
2903 1509 3318 1575 reprehendunt,
3348 1513 3556 1581 sibique

1968 1598 2143 1667 potius
2181 1598 2339 1651 etiam
2377 1597 2442 1651 de
2486 1599 2568 1652 his
2607 1599 2768 1654 rebus
2799 1600 2946 1653 credi
2986 1602 3183 1654 volunt.
3213 1605 3371 1669 Quasi
3402 1621 3552 1667 vero,

1969 1689 2090 1757 quia
2117 1688 2431 1756 praecelsam
2466 1690 3059 1760 inromnmtabilemque
3086 1693 3432 1748 substantiam
3459 1711 3566 1764 per.

1971 1779 2058 1832 illa
2088 1795 2207 1849 qum
2238 1780 2370 1833 facta
2399 1790 2522 1834 sunt
2553 1780 2849 1849 intelligere
2876 1791 3158 1850 potuerunt
3184 1785 3356 1853 (llam.
3381 1802 3417 1845 ι,
3439 1785 3510 1840 εο
3541 1819 3570 1848 ,ι

1973 1880 2253 1940 propterea
2283 1869 2351 1924 de
2384 1872 2733 1926 conversione
2771 1887 2948 1925 rerum
2985 1873 3335 1938 mutabilium,
3367 1885 3460 1930 aut
3489 1877 3560 1931 de

1973 1971 2224 2017 contexto
2255 1962 2570 2018 surculorum
2595 1964 2783 2019 ordine
2811 1967 3121 2020 consulendi
3147 1968 3271 2021 sint.
3296 1968 3572 2038 Numquid-

1974 2057 2115 2108 enim
2145 2056 2266 2124 quia
2299 2055 2574 2110 verissime
2603 2056 2897 2123 disputant,
2929 2066 2982 2110 ct
3009 2058 3341 2113 documentis
3369 2060 3561 2114 certis-

1975 2145 2128 2199 simis
2158 2145 2496 2214 pcrsuadent,
2521 2147 2735 2200 aitet-nis
2761 2147 3056 2202 rationibus
3081 2149 3256 2202 omnia
3289 2159 3564 2220 tempora-

1977 2233 2045 2288 lia
2077 2236 2209 2297 lieri,
2245 2244 2522 2305 prepterea
2556 2246 2842 2305 potuerunt
2869 2238 2922 2292 in
2955 2239 3081 2308 ipsis
3111 2241 3406 2295 rationibus
3438 2257 3568 2310 per-

1975 2327 2205 2396 Spicere,
2237 2329 2319 2381 vel
2359 2343 2425 2381 ex
2469 2328 2598 2397 ipsis
2637 2330 2888 2397 colligere
2929 2339 3058 2400 quot
3103 2333 3207 2385 sint
3252 2333 3562 2387 animalium

1975 2433 2197 2487 genera,
2225 2435 2342 2488 qua:
2371 2420 2574 2473 semina
2604 2421 2932 2489 singulorum
2963 2423 3014 2476 in
3040 2425 3303 2489 exordiis,
3333 2426 3421 2495 qui
3447 2441 3574 2479 mo-»

1981 2507 2096 2563 dus.
2127 2508 2177 2562 in
2219 2509 2579 2574 incrementis,
2619 2511 2708 2579 qui
2753 2513 2956 2566 utnucri
2994 2528 3086 2581 per
3118 2526 3425 2584 conceptus,
3471 2531 3574 2585 per.

1979 2609 2149 2665 ortus,
2181 2616 2277 2669 per
2300 2609 2504 2665 aatates,
2532 2617 2628 2669 per
2655 2617 2896 2669 occasus,
2918 2605 3006 2673 qui
3037 2614 3212 2660 motus
3243 2607 3294 2660 iu
3321 2618 3573 2675 appeten-

1980 2690 2064 2746 dis
2104 2708 2221 2760 qua:
2264 2691 2554 2746 secundum
2584 2701 2826 2747 naturam
2865 2705 3008 2760 sunt,
3039 2697 3403 2768 lingiendisque
3437 2714 3571 2754 con-

1984 2785 2193 2838 trariis?
2219 2783 2406 2838 Nonue
2429 2785 2526 2838 ista
2553 2787 2754 2852 omnia,
2783 2803 2886 2841 non
2915 2803 3012 2856 per
3040 2790 3184 2844 illam
3211 2792 3569 2865 incomn'mta-

1983 2875 2140 2928 bilem
2187 2876 2532 2944 sapientiam,
2580 2877 2675 2932 sed
2727 2895 2824 2948 per
2869 2880 3109 2935 locorum
3159 2897 3222 2936 ac
3272 2892 3568 2953 temporum

1985 2965 2260 3020 historiam
2295 2967 2643 3035 quaesierunt.
2672 2971 2819 3026 etab
2850 2972 2969 3025 aliis
2997 2957 3214 3042 experta
3251 2984 3410 3044 atque
3441 2991 3577 3030 con-

1983 3059 2181 3127 scripta
2210 3060 2592 3116 crediderunt?
2618 3063 2735 3130 Quo
2762 3066 2939 3119 minus
2961 3066 3257 3120 mirandum
3289 3078 3392 3131 est,
3426 3071 3575 3124 nullo

1985 3150 2147 3204 modo
2175 3166 2270 3205 eos
2299 3155 2534 3221 potuisse
2562 3157 2906 3224 prolixiorum
2934 3160 3247 3212 saeculorum
3272 3162 3462 3217 seriem
3486 3175 3576 3216 ve;

1984 3243 2202 3314 stigare,
2229 3253 2283 3298 ct
2310 3246 2593 3314 quamdam
2621 3258 2815 3302 metam
2845 3248 3001 3318 hujus
3031 3265 3307 3318 excursus,
3332 3269 3438 3324 quo
3460 3264 3578 3308 Ian-

1985 3351 2143 3406 quam
2191 3335 2354 3390 ﬂuvio
2393 3353 2561 3408 genus
2603 3339 2838 3395 decurrit
2887 3341 3207 3412 humanum,
3249 3355 3408 3415 atque
3454 3347 3581 3402 inde
3659 3353 3662 3356 ’

1985 3429 2387 3482 conversionem
2409 3429 2476 3484 ad
2499 3446 2653 3483 suum
2677 3433 2867 3502 cuique
2883 3433 3119 3487 debitum
3145 3438 3449 3490 terminum.
3475 3437 3578 3492 Ista

1989 3521 2134 3574 enim
2163 3535 2262 3573 nec
2291 3519 2525 3574 historici
2557 3523 2793 3577 scribere
2823 3532 3104 3592 potuerunt
3133 3526 3288 3596 longe
3318 3528 3491 3582 futura
3520 3535 3583 3584 et

1988 3626 2017 3664 a
2050 3611 2196 3664 nullo
2222 3622 2439 3680 experta
2461 3623 2619 3682 atque
2647 3625 2878 3668 narrata.
2906 3615 3016 3671 Nec
3041 3617 3126 3671 isti
3153 3619 3452 3689 philosophi
3472 3635 3575 3675 cae.

1990 3702 2117 3756 teris
2152 3701 2400 3757 meliores
2431 3703 2482 3757 in
2515 3705 2622 3759 illis
2659 3707 2883 3760 summis
2923 3709 3244 3774 mtcrnisque
3285 3712 3582 3767 rationibus

1989 3792 2260 3847 intellectu
2281 3793 2402 3848 talia
2419 3795 2761 3866 contemplati
2787 3805 2910 3851 sunt
2929 3815 2944 3851 :
2963 3799 3192 3869 alioquin
3211 3817 3315 3854 non
3338 3802 3583 3871 ejusdem

1987 3884 2202 3953 generis
2241 3885 2505 3953 prmterita
2547 3903 2667 3955 qum
2707 3897 2991 3956 potuerunt
3029 3889 3266 3945 historici
3297 3895 3311 3924 ι
3338 3895 3581 3964 inquire~

1991 3981 2131 4039 rent,
2172 3974 2269 4029 sed
2315 3975 2488 4043 potius
2525 3985 2582 4031 et
2619 3978 2793 4032 futura
2838 3991 3267 4048 prmttoscerent;
3307 3984 3446 4053 quod
3487 3986 3584 4054 qui

1993 4075 2298 4137 potuerunt,
2329 4068 2398 4123 ab
2421 4069 2502 4124 eis
2532 4081 2700 4137 vates,
2731 4085 2761 4125 a
2792 4073 2989 4128 nostris
3018 4074 3299 4144 Propheta:
3325 4079 3581 4148 appellati

1992 4169 2136 4214 sunt.

2063 4251 2287 4308 CAPUT
2327 4251 2489 4307 XVII.
2519 4283 2590 4294 --
2617 4253 2707 4308 22.
2739 4253 2943 4311 Futura
2969 4269 3088 4329 quot
3115 4259 3278 4314 modi:
3303 4262 3579 4332 praecinit-

1995 4355 2091 4400 tur.
2124 4345 2429 4416 Philosophi
2451 4363 2544 4401 nec
2577 4347 2657 4401 illi
2681 4349 2768 4419 qui
2803 4350 2933 4403 inter
2970 4353 3202 4422 antiquos
3241 4355 3588 4409 excelluerunt

1993 4440 2288 4494 consulendi
2309 4451 2426 4494 sunt
2445 4441 2510 4495 de
2533 4442 2894 4497 resurrectione
2918 4454 3250 4498 mortuorum.
3269 4448 3588 4519 Quanquam

1993 4543 2046 4584 et
2085 4529 2469 4599 Prophetarum
2516 4547 2710 4587 nomen
2757 4547 2861 4587 non
2903 4536 3120 4590 omnino
3162 4538 3394 4592 alienum
3438 4550 3520 4594 est
3554 4555 3590 4595 a

1995 4619 2185 4674 litteris
2205 4635 2388 4676 eorum
2416 4639 2429 4676 :
2458 4622 2554 4677 sed
2584 4623 2866 4692 plurimum
2900 4626 3140 4694 interest,
3169 4639 3344 4683 utrum
3375 4632 3587 4701 experi-

1996 4719 2178 4774 mento
2205 4713 2594 4781 prteteritorum
2626 4714 2796 4770 futura
2823 4718 3206 4787 conjiciantur;
3232 4724 3371 4776 sicut
3394 4721 3594 4779 medici

1997 4803 2162 4858 multa
2193 4803 2561 4874 praevidendo,
2594 4807 2753 4862 etiam
2797 4809 2986 4865 litteris
3024 4813 3432 4878 mandaverunt,
3465 4829 3593 4884 quas

1997 4896 2096 4966 ipsi
2139 4907 2358 4967 experta
2398 4907 2749 4966 notaverunt;
2789 4903 2927 4956 sicut
2961 4902 3191 4971 denique
3227 4906 3473 4975 agricolm
3503 4907 3591 4963 «ei

1998 4987 2160 5042 etiam
2189 4998 2367 5043 nauta:
2395 4990 2558 5044 multa
2587 4995 2945 5062 pramuntiant
2968 4994 3114 5062 (talia
3143 4997 3284 5050 enim
3314 4997 3360 5051 si
3387 5014 3449 5052 ex
3479 4999 3590 5052 ion-

1996 5080 2078 5150 gis
2103 5079 2394 5136 intervallis
2423 5092 2719 5152 temporum
2743 5084 2892 5148 ﬁant,
2916 5084 3269 5142 divinationes
3291 5093 3590 5161 putantur):

1997 5187 2066 5225 an
2101 5187 2228 5227 vero
2270 5175 2376 5241 jam
2415 5185 2636 5230 ventura
2679 5178 3055 5245 processerint,
3083 5189 3138 5233 et
3165 5180 3321 5250 longe
3349 5181 3458 5237 visa
3492 5198 3588 5240 κει

2000 5266 2197 5320 uicntia
2228 5268 2540 5323 nuntientur
2557 5271 2579 5301 ³
2607 5280 2704 5339 pro
2725 5281 2884 5325 acuto
2911 5286 3070 5326 sensu
3097 5273 3412 5340 videntium,
3445 5277 3590 5346 quod

2000 5371 2119 5412 cum
2173 5358 2373 5414 faciunt
2417 5375 2590 5416 aerea:
2641 5371 2928 5431 potestates
2972 5363 3212 5419 divinare
3254 5366 3590 5430 creduntur;

2002 5458 2249 5518 tanquam
2277 5451 2321 5505 si
2341 5451 2620 5522 quisquam
2641 5452 2708 5508 de
2735 5455 2932 5509 montis
2955 5455 3155 5510 vertice
3177 5457 3406 5526 aliquem
3435 5460 3591 5529 longe

2000 5542 2174 5597 videat
2204 5544 2544 5610 venientem,
2578 5556 2629 5599 et
2661 5548 2901 5615 proxime
2932 5548 2981 5601 in
3010 5563 3199 5619 campo
3228 5549 3592 5608 habitantibus

2065 5740 2079 5804 ξ
2119 5741 2265 5804 Editi,
2279 5738 2519 5791 historice.
2546 5741 2715 5792 Melius
2740 5753 2861 5804 uss.,
2887 5745 3121 5798 Itistorirt'.
3171 5769 3173 5771 ί

2043 5802 2085 5871 ,ε
2119 5800 2221 5878 sola
2245 5801 2352 5878 fere
2389 5804 2537 5878 editio
2571 5813 2698 5878 t.o_v.,-
2728 5800 3084 5871 prtt'rfenseiint,
3122 5815 3166 5861 et
3204 5808 3340 5873 longe
3377 5809 3474 5862 rixa
3513 5825 3596 5878 gro-

2004 5867 2183 5912 nit-mia
2207 5867 2432 5913 nuntient.
2459 5867 2609 5916 Minus
2633 5867 2782 5919 bene.
3072 5867 3080 5870 ’
3282 5867 3302 5897 ’ῗ
