4042 6430
490 373 595 429 9193

492 495 615 541 ante
661 483 868 539 nuntiet
897 500 912 539 :
942 497 1009 537 an
1040 481 1108 536 ab
1137 478 1352 551 Angelis
1381 480 1597 543 sanctis,
1625 480 1818 548 quibus
1843 494 1904 533 ea
1937 479 2080 533 Deus

494 592 590 646 per
617 575 846 631 Verbum
871 576 1301 645 Sapientiamqne
1341 587 1489 625 suam
1535 571 1749 634 iudieat,
1779 571 1866 625 ubi
1897 581 1952 626 et
1992 569 2077 624 fu-

496 676 612 720 tura
639 676 693 720 et
722 665 984 734 praeterita
1011 672 1172 726 stant,
1199 664 1281 716 vel
1313 661 1625 731 quibusdam
1658 660 2079 730 prtenuutientur

492 758 818 823 hominibus,
851 756 931 810 vel
960 756 1026 809 ab
1052 756 1129 810 eis
1158 754 1334 809 audita
1366 768 1552 809 rursus
1580 755 1645 808 ad
1675 755 1808 808 alios
1836 754 2078 807 homines

492 853 966 907 transmittantur:
1008 865 1073 902 an
1123 848 1358 917 ipsorum
1406 847 1678 901 hominum
1726 846 2075 916 quorumdatn

490 953 697 998 mentes
740 943 791 995 in
839 950 1041 994 tantum
1080 938 1372 994 evehuntur
1401 938 1599 1009 Spiritu
1641 948 1853 1002 sancto,
1885 947 1941 992 ut
1972 954 2075 993 non

493 1049 589 1105 per
616 1032 871 1102 Angelos,
900 1030 992 1085 sed
1023 1046 1114 1098 ter
1142 1046 1201 1101 se
1233 1045 1372 1097 ipsas
1401 1029 1697 1083 futurorum
1726 1038 1927 1083 stantes
1952 1044 2078 1083 cau-

492 1141 580 1179 sas
602 1128 617 1155 ¹
642 1125 693 1177 in
725 1124 837 1192 ipsa
868 1137 1072 1176 summa
1105 1137 1283 1177 rerum
1314 1136 1437 1176 arce
1462 1120 1812 1189 conspiciant.
1842 1120 2079 1174 Audiunt

490 1217 632 1271 enim
680 1216 778 1270 ista
823 1224 876 1267 et
914 1229 1084 1267 aerea:
1125 1221 1437 1283 potestates,
1468 1212 1578 1265 sive
1602 1212 1822 1281 Angelis
1847 1227 1906 1266 ea
1935 1228 2075 1265 nun-

491 1306 767 1370 tiantibus,
794 1306 910 1359 sive
939 1304 1238 1357 hominibus
1263 1322 1276 1359 :
1300 1312 1355 1357 et
1385 1312 1586 1357 tantum
1620 1302 1872 1367 audiunt,
1901 1319 2074 1372 quan-

489 1406 602 1451 tum
632 1411 766 1465 opus
804 1410 922 1450 esse
964 1395 1052 1448 illo
1087 1394 1309 1463 judicat,
1335 1395 1418 1448 cui
1448 1393 1682 1461 subjecta
1719 1402 1843 1447 sunt
1871 1394 2072 1446 omnia.

488 1489 645 1543 Multa
671 1487 829 1542 etiam
854 1485 1210 1556 praedicuntur
1236 1485 1486 1538 instinctu
1512 1483 1740 1553 quodam
1765 1493 1819 1537 et
1845 1483 2075 1553 impulso

488 1579 677 1649 spiritu
712 1579 732 1609 ³
768 1576 1114 1631 nescientium
1176 1592 1190 1628 :
1231 1574 1369 1628 sicut
1418 1574 1644 1643 Caiphas
1694 1574 1915 1628 nescivit
1946 1574 2073 1643 quid

493 1671 645 1734 dixit,
673 1669 767 1725 sed
796 1684 916 1724 eum
947 1679 1089 1723 esset
1120 1666 1353 1739 pontifex
1386 1666 1721 1737 prophetavit
1749 1667 1767 1735 (
1796 1665 1953 1720 Joan.
1996 1684 2071 1733 xt,

492 1762 556 1818 st
578 1763 621 1832 ).

563 1853 654 1908 23.
697 1852 839 1923 Ergo
876 1851 945 1906 de
986 1850 1415 1906 successiouibus
1452 1850 1766 1904 smeulorum
1802 1859 1853 1903 et
1886 1848 1954 1904 de
1990 1864 2074 1904 re—

491 1943 823 2000 surrectione
835 1952 1162 1996 mortuorum
1179 1940 1521 2010 philosophos
1543 1955 1642 1995 nec
1662 1940 1782 1994 illos
1796 1941 2073 1995 consulere

492 2036 769 2099 debemus,
798 2034 885 2103 qui
918 2032 1184 2087 Creatoris
1212 2032 1589 2096 a-ternitatem,
1613 2031 1664 2085 in
1695 2046 1800 2100 quo
1827 2031 2068 2095 vivimus,

492 2142 769 2182 movemur
791 2135 843 2179 et
869 2139 1055 2179 sumus
1077 2122 1212 2193 (Act.
1229 2138 1357 2188 xvn,
1377 2122 1495 2191 28),
1514 2132 1766 2193 quantum
1791 2133 2075 2192 potuerunt

489 2220 891 2275 intellexerunt.
914 2217 1046 2286 Quia
1060 2233 1156 2288 per
1176 2232 1237 2271 ca
1258 2232 1375 2286 qute
1388 2217 1523 2270 facta
1548 2225 1673 2270 sunt
1691 2228 2073 2286 cognoscentes

490 2312 681 2375 Deum,
724 2326 829 2364 non
879 2310 1016 2364 sicut
1056 2309 1218 2363 Deum
1260 2308 1721 2377 glorificaverunt,
1754 2316 1846 2361 aut
1877 2307 2073 2377 gratias

489 2410 732 2473 egerunt,
761 2400 853 2455 sed
884 2400 1123 2454 dicentes
1165 2415 1224 2453 se
1266 2414 1388 2453 esse
1429 2399 1719 2469 sapientes,
1757 2399 1901 2453 stulti
1950 2398 2071 2453 facti

490 2505 615 2550 sunt
644 2493 817 2568 (Rom.
844 2510 880 2557 ι,
902 2492 1113 2564 20-22).
1148 2493 1212 2546 Et
1244 2508 1366 2545 eum
1408 2491 1583 2546 idonei
1627 2507 1731 2545 non
1768 2500 1979 2555 essent,
2020 2492 2070 2545 in

490 2586 843 2641 aeternitatem
875 2585 896 2616 ³
922 2585 1212 2654 spiritualis
1264 2583 1819 2653 incommutabilisque
1869 2593 2072 2638 natura:

492 2676 660 2731 aciem
700 2676 894 2729 mentis
932 2684 1037 2728 tam
1072 2686 1379 2729 Constanter
1410 2675 1647 2743 infigere,
1677 2683 1734 2728 ut
1761 2674 1812 2727 in
1845 2675 1955 2743 ipsa
1983 2690 2071 2729 sa-

490 2767 684 2836 pientia
706 2766 975 2821 Creatoris
999 2777 1158 2835 atque
1184 2766 1428 2820 Rectoris
1454 2766 1813 2820 universitatis
1831 2766 2073 2822 viderent

488 2856 756 2912 volumina
802 2857 1142 2921 smculorum,
1168 2872 1284 2926 quae
1321 2855 1389 2910 ibi
1425 2855 1535 2925 jam
1575 2866 1754 2910 essent
1780 2864 1834 2909 et
1861 2871 2074 2926 semper

487 2958 688 3013 essent,
717 2948 802 3003 hic
827 2958 1004 3002 autem
1036 2947 1207 3002 futura
1245 2958 1425 3003 essent
1454 2957 1508 3001 ιιι
1540 2962 1644 3002 non
1675 2957 1887 3013 essent;
1913 2960 2072 3020 atque

490 3050 550 3096 ut
591 3039 662 3095 ibi
706 3040 947 3095 viderent
983 3040 1360 3094 conversiones
1406 3039 1458 3093 in
1500 3040 1708 3105 melius,
1746 3056 1850 3093 non
1898 3040 2069 3094 solum

491 3134 814 3199 animorum,
839 3132 930 3187 sed
958 3132 1117 3185 etiam
1138 3147 1420 3200 corporum
1445 3131 1795 3184 lmmanorum
1819 3145 1985 3201 usque
2004 3130 2071 3184 ad

488 3227 571 3281 sui
598 3227 740 3281 modi
772 3224 1151 3296 perfectionem
1178 3243 1190 3278 :
1217 3240 1337 3279 cum
1364 3240 1491 3292 ergo
1514 3225 1579 3278 ad
1610 3225 1723 3279 haec
1750 3225 1820 3278 ibi
1846 3225 2069 3281 videnda

488 3319 637 3374 nullo
675 3318 835 3372 modo
872 3326 1052 3372 essent
1096 3316 1294 3382 idonei,
1327 3332 1394 3370 ne
1419 3316 1484 3369 ad
1518 3315 1648 3372 illud
1679 3316 1892 3385 quidem
1924 3317 2071 3387 digni

491 3411 657 3466 habiti
685 3418 826 3473 sunt,
851 3418 907 3463 ut
926 3410 1006 3465 eis
1032 3409 1127 3462 ista
1159 3423 1250 3477 per
1270 3419 1484 3461 sanctos
1505 3408 1737 3477 Angelos
1763 3417 2073 3464 nuntiaren-

489 3510 603 3565 tur;
632 3502 744 3557 sive
774 3500 1066 3555 forinsecus
1091 3515 1186 3569 per
1210 3513 1401 3553 sensus
1425 3500 1685 3568 corporis,
1709 3499 1821 3553 sive
1849 3500 2069 3555 interio-

490 3594 638 3649 ribus
677 3593 1089 3649 revelationibus
1116 3593 1167 3646 in
1198 3592 1385 3661 Spiritu
1412 3592 1679 3661 expressis
1705 3611 1716 3644 :
1739 3593 1877 3647 sicut
1904 3594 2070 3662 patri-

488 3686 589 3742 bus
634 3686 833 3741 nostris
869 3700 992 3740 vera
1036 3686 1230 3755 pietate
1273 3684 1508 3754 praeditis
1553 3684 1667 3739 lucc
1706 3685 2067 3741 demonstrata

485 3787 631 3841 sunt,
670 3778 757 3848 qni
799 3792 862 3832 ea
905 3775 1285 3846 prmdicentes,
1320 3776 1401 3830 vel
1431 3775 1499 3830 de
1530 3776 1878 3845 praesentibus
1906 3778 2072 3847 signis

484 3872 569 3925 vel
592 3870 656 3925 de
680 3869 937 3939 proximis
960 3870 1138 3931 rebus.
1165 3870 1234 3923 ita
1259 3878 1316 3923 ιιι
1338 3867 1707 3938 prtedixerant,
1739 3868 1889 3923 factis
1913 3870 2068 3923 ﬁdem

490 3961 777 4026 facientes,
806 3962 1174 4014 auctoritatem
1203 3961 1289 4015 cui
1319 3961 1386 4014 de
1414 3961 1572 4029 longe
1602 3959 1792 4015 futuris
1823 3976 1987 4030 usque
2018 3963 2069 4016 in

489 4054 669 4109 saeculi
702 4054 859 4108 liuent
890 4053 1219 4119 crederetur,
1253 4054 1448 4108 habere
1475 4064 1801 4108 meruerunt.
1828 4054 2070 4109 Potesta-

491 4154 575 4202 tes
595 4156 769 4199 autem
792 4160 963 4197 aerea:
989 4144 1231 4214 superba:
1250 4152 1408 4213 atque
1433 4142 1665 4208 fallaces,
1690 4144 1847 4198 etiam
1871 4145 1912 4198 si
1936 4162 2076 4214 quae.

489 4239 613 4293 dam
640 4238 706 4293 de
735 4238 987 4309 societate
1010 4247 1065 4290 et
1083 4236 1295 4290 civitate
1319 4246 1623 4290 sanctorum
1651 4247 1702 4289 et
1724 4236 1790 4291 dc
1811 4253 1938 4292 vero
1962 4238 2070 4291 Me-

491 4330 699 4385 diatore
740 4344 769 4382 a
814 4328 1014 4382 sanctis
1052 4326 1330 4395 l’rophetis
1375 4327 1457 4382 vel
1498 4328 1717 4397 Angelis
1759 4329 1936 4383 audita
1977 4345 2073 4399 per

489 4437 617 4477 suos
638 4430 783 4475 vates
802 4420 999 4473 dixisse
1030 4420 1382 4487 reperiuntur,
1407 4418 1458 4473 id
1487 4428 1729 4489 egerunt,
1759 4431 1815 4473 ιιι
1844 4436 1937 4489 per
1958 4422 2073 4474 lucc

490 4515 664 4568 aliena
686 4528 807 4566 vera
834 4512 992 4566 etiam
1027 4511 1209 4565 fideles
1238 4511 1349 4577 Dei,
1382 4512 1425 4565 si
1454 4521 1693 4582 possent,
1724 4513 1787 4565 ad
1818 4528 1911 4567 sua
1941 4512 2070 4568 falsa

492 4604 852 4660 traducerent.
892 4604 1032 4658 Deus
1072 4612 1248 4657 autent
1290 4619 1385 4673 per
1426 4604 1724 4659 nescientes
1765 4606 1814 4659 id
1858 4606 1984 4675 egit,
2018 4617 2075 4660 ut

491 4697 690 4753 veritas
730 4694 963 4765 undique
1005 4704 1300 4761 resonaret,
1346 4694 1589 4749 fidelibus
1630 4696 1681 4750 in
1726 4696 2069 4766 adjutoriutn,

487 4790 665 4858 impiis
690 4789 740 4842 in
768 4787 1148 4844 testimonium.

558 4879 783 4937 CAPUT
824 4878 1007 4934 XVIII.
1036 4909 1111 4920 —
1132 4878 1222 4934 24.
1261 4878 1304 4933 F
1307 4879 1424 4933 ilius
1454 4879 1547 4933 Dei
1577 4880 1868 4934 incarnatus
1908 4890 1979 4934 est
2019 4889 2074 4933 ut

488 4990 577 5044 per
601 4974 755 5042 [idem
781 4972 1009 5025 mandati
1037 4972 1305 5025 cvcltamur
1328 4971 1395 5024 ad
1421 4971 1875 5025 incommutabilem
1901 4974 2075 5027 verita-

490 5078 610 5121 tem.
644 5066 777 5132 Quia
824 5065 981 5136 igitur
1022 5065 1088 5118 ad
1129 5076 1328 5121 interna
1371 5066 1696 5133 capessenda
1744 5065 1917 5120 idonei
1965 5083 2071 5123 non

486 5171 734 5220 eramus,
780 5155 1077 5225 sordesque
1130 5163 1471 5223 peccatorum
1525 5171 1622 5209 nos
1671 5157 2074 5226 pra-gravabant

488 5248 856 5318 temporalium
878 5263 1057 5303 rerum
1083 5263 1266 5302 amore
1289 5258 1596 5313 contractae,
1619 5259 1674 5304 et
1692 5250 1759 5304 de
1780 5255 2069 5323 prOpagine

484 5340 823 5396 mortalitatis
874 5348 1122 5411 tanquam
1171 5340 1482 5396 naturaliter
1534 5342 1761 5409 inolitze,
1810 5347 2068 5416 purgandi

482 5444 719 5486 eramus.
748 5430 968 5501 Purgari
994 5442 1183 5487 autem
1198 5442 1257 5486 ut
1279 5440 1807 5502 contemperaremur
1829 5438 2068 5507 aeternis,

549 5585 565 5617 ¹
593 5583 730 5650 Editi,
754 5582 982 5650 instantes
1003 5601 1191 5639 causas.
1223 5586 1391 5638 Melius
1414 5597 1540 5650 Mss,
1578 5597 1753 5641 stantes
1777 5604 1965 5642 causas.
2005 5601 2071 5643 Ex

483 5646 825 5717 hisvaticanus
844 5649 1037 5717 quidam
1069 5658 1239 5712 postea
1261 5650 1429 5713 habet,
1470 5646 1537 5702 in
1562 5653 1668 5716 ipsa
1690 5665 1877 5704 suntme
1908 5667 2073 5705 rerum

483 5718 588 5760 arte
603 5716 912 5771 consptcmnt.

549 5774 569 5845 ξ
598 5770 914 5845 pluresttssq
937 5770 1147 5845 impulsu
1167 5773 1386 5845 spiritus.

550 5834 570 5865 ³
595 5831 783 5896 Aliquot
800 5841 926 5897 Mss,
948 5831 1016 5885 in"
1031 5831 1313 5886 azternitate.

1624 366 1710 422 DE
1748 364 2138 432 TRINI'I‘ATE,
2178 364 2235 422 S.
2270 363 2635 423 AUGUSTINI

3671 369 3786 427 90$

2187 494 2292 533 non
2323 481 2421 534 nisi
2450 496 2543 549 per
2566 479 2876 550 temporalia
2908 496 3205 551 possemus,
3234 483 3479 555 qualibus
3502 484 3614 555 jam
3644 501 3782 541 cono

2189 572 2464 638 temperati
2486 570 2815 625 tenebamur.
2834 571 3043 626 Sanitas
3060 575 3199 627 enim
3224 590 3254 628 a
3281 575 3469 632 morbo
3488 576 3781 645 plurimum

2185 660 2345 714 distat
2371 677 2385 714 :
2409 660 2501 715 sed
2530 662 2701 716 media
2730 662 2932 717 curatio
2961 664 3000 726 ‘,
3025 665 3123 718 nisi
3150 666 3337 720 morbo
3363 677 3644 736 congruat,
3673 684 3782 721 non

2186 750 2427 821 perducit
2466 752 2532 805 ad
2574 753 2879 807 sanitatem.
2912 754 3119 808 lnutilia
3162 758 3472 825 temporalia
3503 758 3786 827 decipiunt

2182 851 2433 911 a-grotos,
2460 840 2604 895 utili‘a
2634 845 2944 913 temporalia
2967 846 3262 915 suscipiunt
3280 847 3567 911 sanandos,
3592 859 3649 903 et
3671 859 3782 903 tra-

2178 932 2372 1002 jiciunt
2395 934 2463 989 ad
2493 947 2692 989 aeterna
2723 949 2959 991 sanatos.
2989 937 3137 992 Mens
3165 949 3340 993 autem
3371 940 3648 994 rationalis
3673 941 3781 995 sic-

2184 1036 2237 1079 ut
2272 1035 2489 1097 purgata
2520 1028 3024 1097 contemplationem
3052 1029 3211 1085 debet
3238 1031 3397 1084 rebus
3421 1032 3673 1093 :eternis;
3698 1033 3781 1086 sic

2184 1117 2450 1187 purganda
2473 1159 2487 1181 ,
2527 1120 2907 1187 temporalibus
2938 1118 3119 1174 ﬁdem.
3150 1121 3291 1175 Dixit
3319 1122 3534 1192 quidam
3564 1132 3619 1177 et
3650 1124 3777 1177 illo-

2184 1223 2299 1260 rum
2324 1208 2413 1277 qui
2436 1208 2703 1277 qnondam
2731 1209 2868 1279 apud
2891 1209 3107 1265 Graecos
3127 1213 3396 1280 sapientes
3419 1212 3584 1266 habiti
3611 1224 3776 1269 sunt:

2185 1300 2439 1366 Quantum
2464 1303 2531 1354 ad
2555 1301 2620 1354 'id
2653 1303 2787 1372 quod
2823 1313 2988 1356 ortum
3015 1313 3087 1357 est
3116 1306 3369 1358 wtcrnitas
3394 1306 3545 1371 ualet,
3576 1317 3778 1361 tantum

2180 1391 2247 1443 ad
2279 1391 2425 1453 ﬁdem
2452 1393 2655 1447 veritas.
2682 1393 2748 1446 Et
2778 1392 3018 1463 profecto
3047 1404 3130 1448 est
3161 1411 3280 1448 vera
3307 1397 3593 1451 sententia.
3614 1397 3774 1465 Quod

2179 1482 2319 1537 enim
2352 1498 2449 1536 nos
2478 1484 2768 1551 temporale
2797 1484 3046 1550 dicimus,
3069 1486 3169 1541 hoc
3195 1485 3284 1539 ille
3309 1487 3451 1555 quod
3480 1496 3658 1542 ortutn
3685 1499 3777 1543 est

2178 1574 2484 1644 appellavit.
2515 1575 2587 1629 Ex
2621 1592 2726 1645 quo
2754 1591 2952 1645 genere
2978 1578 3138 1629 etiam
3167 1591 3263 1631 nos
3290 1593 3494 1643 sumus,
3526 1594 3629 1632 non
3660 1589 3778 1633 tau-

2180 1676 2293 1719 tum
2338 1665 2633 1720 secundum
2678 1681 2896 1736 corpus,
2936 1666 3030 1721 sed
3073 1669 3230 1721 etiam
3271 1668 3563 1722 secundum
3602 1670 3774 1724 animi
3827 1686 3843 1699 ο

2178 1758 2605 1813 mutabilitatem.
2638 1758 2753 1813 Non
2790 1759 2931 1815 enim
2975 1760 3186 1829 proprie
3223 1768 3444 1814 voeatur
3482 1771 3773 1829 teterrima,

2178 1849 2318 1918 quod
2348 1851 2523 1921 aliqua
2551 1866 2616 1904 ex
2646 1861 2794 1919 parte
2823 1860 3075 1905 mutatur.
3109 1850 3162 1903 In
3193 1860 3450 1920 quantum
3480 1853 3638 1921 igitur
3661 1869 3776 1906 mu-

2181 1939 2369 1994 tabiles
2417 1955 2622 2005 smnus,
2670 1942 2721 1994 in
2776 1950 2977 1995 tantum
3025 1941 3092 1996 ab
3139 1942 3440 1997 aeternitate
3482 1941 3772 1997 distamus.

2179 2031 2514 2086 I’romittitur
2551 2040 2728 2086 atttem
2775 2031 2928 2086 nobis
2963 2032 3066 2085 vita
3107 2042 3305 2086 interna
3344 2049 3438 2101 per
3464 2033 3770 2100 veritatem,

2177 2142 2205 2177 .1
2231 2124 2385 2193 cujus
2425 2124 2801 2194 perspicuitate
2841 2139 3028 2178 rursus
3068 2133 3271 2177 tantum
3300 2124 3462 2178 distat
3500 2123 3631 2178 fides
3666 2140 3774 2179 no-

2178 2229 2319 2281 stra,
2365 2228 2617 2288 quantula
2655 2219 2724 2273 ab
2760 2218 3056 2272 aeternitate
3097 2218 3415 2271 mortalitas.
3447 2216 3596 2271 Nunc
3637 2233 3774 2286 ergo

2176 2312 2492 2367 adhibemus
2539 2311 2695 2366 fidem
2738 2310 2898 2366 rebus
2943 2310 3308 2377 tempomliter
3347 2311 3509 2379 gestis
3548 2320 3775 2380 propter

2179 2421 2296 2465 nos.
2319 2414 2373 2458 et
2400 2419 2495 2472 per
2521 2402 2691 2472 ipsam
2718 2401 3074 2464 mundamur;
3107 2412 3168 2456 ut
3188 2417 3310 2456 cum
3336 2402 3402 2455 ad
3429 2403 3659 2470 speciem
3684 2417 3779 2455 ve.

2177 2498 2450 2562 neriauus,
2490 2495 2936 2566 quemadmodum
2982 2495 3221 2549 succedit
3264 2494 3387 2549 fidei
3433 2495 3647 2557 veritas,
3691 2495 3776 2549 ita

2178 2588 2482 2643 mortalitati
2525 2587 2772 2643 succedat
2813 2587 3105 2641 aeternitas.
3143 2588 3477 2655 Quapropter
3512 2585 3775 2654 quoniam

2176 2679 2309 2734 ﬁdes
2330 2690 2508 2733 nostra
2538 2680 2629 2732 liet
2656 2679 2871 2741 veritas,
2896 2692 3016 2731 cum
3040 2677 3105 2731 ad
3133 2679 3182 2730 id
3205 2676 3344 2746 quod
3368 2676 3521 2730 nobis
3540 2676 3779 2731 creden-

2177 2773 2317 2826 tibus
2366 2771 2693 2840 promittitur
2744 2769 3139 2837 tcrveuerimns
3170 2785 3183 2821 :
3215 2768 3538 2837 promittitur
3580 2777 3776 2820 autem

2177 2863 2331 2917 nobis
2358 2866 2462 2916 vita
2488 2872 2685 2917 asterna
2711 2879 2725 2927 ;
2753 2871 2807 2916 et
2831 2860 2966 2915 dixit
3000 2861 3224 2926 Veritas,
3256 2875 3359 2913 non
3390 2874 3509 2928 qua:
3539 2858 3630 2913 fiet
3655 2858 3776 2913 sic-

2178 2964 2236 3009 ut
2276 2956 2446 3009 l'utura
2480 2962 2561 3007 est
2592 2954 2724 3008 fides
2753 2962 2954 3015 nostra,
2983 2954 3077 3007 sed
3109 2968 3229 3020 qua:
3257 2966 3469 3019 semper
3497 2959 3582 3004 cst
3609 2949 3777 3004 Veri-

2178 3059 2257 3103 tas
2277 3090 2291 3113 ,
2328 3049 2451 3117 quia
2493 3047 2563 3101 ibi
2608 3055 2692 3101 est
2737 3046 3040 3106 mter-nitas;
3071 3045 3204 3098 dixit
3230 3058 3359 3112 ergo
3383 3042 3606 3108 Veritas,
3639 3041 3779 3096 Hec

2174 3150 2245 3195 est
2273 3150 2438 3195 autem
2479 3142 2578 3193 vita
2616 3148 2831 3201 a'lerna,
2873 3148 2928 3191 ut
2971 3146 3273 3205 cognoscant
3310 3145 3359 3188 te
3398 3152 3557 3188 unum
3592 3151 3777 3188 verum

2173 3231 2361 3297 Deum,
2388 3241 2436 3285 et
2461 3247 2607 3301 quem
2636 3229 2816 3282 misisti
2834 3227 3014 3282 Jcsum
3033 3228 3289 3281 Clu-istum
3311 3224 3489 3298 (Joan.
3520 3241 3655 3289 xvtt,
3680 3226 3773 3295 5):

2174 3341 2294 3381 cum
2324 3324 2453 3378 fides
2482 3331 2662 3377 nostra
2692 3320 2922 3374 videndo
2949 3320 3036 3374 fiet
3064 3320 3281 3383 veritas,
3316 3330 3441 3372 tunc
3470 3317 3779 3371 mortalita-

2175 3424 2282 3471 tem
2332 3425 2565 3469 nOSIram
2614 3419 2991 3466 CulnlttttL'llatlt
3040 3410 3239 3464 tenebit
3282 3418 3578 3465 aeternitas.
3610 3409 3776 3476 Quod

2175 3508 2346 3563 donec
2377 3506 2486 3568 ﬁat,
2505 3513 2557 3560 et
2588 3515 2643 3558 ut
2675 3502 2925 3572 flat,quia
2956 3502 3116 3556 rebus
3137 3502 3270 3556 ortis
3294 3498 3780 3555 accommodamus

2178 3601 2333 3655 fidem
2374 3597 2733 3658 credulitatis,
2762 3596 2897 3651 sicut
2927 3595 2977 3648 in
3009 3594 3228 3661 :eteruis
3265 3608 3543 3663 speramus
3568 3593 3775 3645 verita-

2177 3702 2283 3746 tem
2312 3687 2796 3757 contemplationis,
2829 3702 2899 3742 ne
2929 3684 3062 3740 fides
3089 3685 3324 3738 mortalis
3360 3685 3480 3737 vita:
3513 3682 3775 3737 dissOna-

2174 3791 2257 3836 ret
2280 3798 2309 3834 a
2338 3781 2558 3853 veritate
2583 3789 2797 3833 (eterna:
2820 3778 2962 3839 vitae,
2983 3778 3093 3845 ipsa
3119 3775 3319 3830 Veritas
3336 3774 3481 3829 Patri
3497 3786 3775 3829 materna

2175 3875 2241 3929 de
2289 3883 2426 3927 terra
2470 3882 2583 3925 orta
2630 3882 2705 3925 est
2741 3869 2910 3943 (I’sal.
2943 3884 3169 3932 Lxxxw,
3196 3867 3307 3939 12),
3335 3883 3454 3921 cum
3477 3866 3649 3923 Filius
3680 3868 3776 3922 Dei

2175 3969 2252 4021 sic
2277 3967 2422 4020 venit
2448 3975 2505 4019 ιιι
2532 3963 2684 4019 fieret
2708 3965 2846 4017 filius
2876 3963 3126 4027 hominis,
3149 3970 3205 4016 et
3232 3962 3349 4031 ipse
3374 3961 3425 4014 in
3457 3976 3517 4015 se
3545 3961 3779 4031 excipe-

2176 4070 2258 4114 ret
2287 4058 2442 4113 fidem
2474 4065 2732 4120 nostram,
2764 4071 2865 4125 qua
2897 4070 2995 4109 nos
3033 4054 3344 4123 perduceret
3382 4053 3449 4107 ad
3484 4054 3779 4108 veritatem

2176 4166 2349 4216 suam,
2381 4148 2472 4219 qui
2501 4150 2582 4203 sic
2609 4150 2846 4224 suscepit
2875 4147 3249 4201 mortalitatem
3281 4154 3540 4210 nostram,
3572 4155 3631 4197 ut
3659 4161 3782 4198 non

2176 4243 2444 4298 amitteret
2491 4241 2845 4295 aeternitatem
2892 4254 3064 4294 suam.
3105 4240 3372 4306 Quantum
3419 4239 3561 4291 enim
3598 4236 3666 4289 ad
3717 4237 3782 4291 id

2176 4337 2315 4407 quod
2347 4347 2523 4389 ortum
2549 4344 2631 4389 est
2658 4334 2929 4389 aeternitas
2951 4333 3110 4395 valet,
3146 4342 3347 4385 tantum
3365 4330 3431 4385 ad
3447 4330 3604 4384 fidem
3626 4329 3789 4384 veri-

2179 4436 2278 4482 tas.
2305 4427 2377 4482 Ita
2393 4444 2519 4497 ergo
2537 4441 2635 4479 nos
2649 4425 2858 4495 purgari
2893 4424 3197 4494 Oportebat,
3231 4431 3290 4476 ut
3316 4422 3405 4476 ille
3432 4422 3590 4476 nobis
3616 4422 3789 4476 fieret

2178 4530 2325 4573 ortus
2363 4520 2451 4588 qui
2498 4525 2738 4570 maneret
2774 4526 3026 4578 :etcrnus,
3060 4530 3126 4568 ne
3152 4514 3288 4566 alter
3309 4513 3330 4543 ⁸
3357 4511 3512 4566 nobis
3539 4521 3691 4565 esset
3722 4513 3787 4565 in

2181 4610 2305 4676 fide,
2336 4610 2474 4663 alter
2508 4608 2559 4661 iu
2592 4607 2830 4662 veritate.
2856 4605 2965 4660 Nec
2990 4604 3058 4659 ab
3085 4618 3152 4658 eo
3181 4603 3322 4673 quod
3351 4603 3453 4657 orti
3484 4618 3677 4657 sumus
3711 4603 3791 4657 ad

2178 4710 2379 4755 aeterna
2410 4698 2637 4754 transire
2667 4713 2961 4768 possemus,
2986 4697 3087 4751 nisi
3115 4706 3316 4750 aeterno
3343 4710 3438 4764 per
3467 4706 3646 4747 ortum
3674 4711 3791 4748 llu-

2180 4804 2347 4848 strum
2384 4793 2537 4846 nobis
2574 4793 2778 4869 sociato
2811 4791 2876 4844 ad
2914 4790 3263 4843 aeternitatem
3304 4789 3468 4858 ipsius
3500 4788 3795 4856 trajicere--

2178 4902 2316 4941 mur.
2339 4884 2489 4939 Nune
2520 4884 2698 4954 itaque
2726 4883 2849 4938 illuc
2875 4882 3102 4952 quodam
3135 4879 3295 4935 modo
3319 4889 3501 4935 secuta
3530 4889 3615 4932 est
3640 4879 3797 4935 fides

2180 4984 2381 5040 nostra,
2403 4991 2509 5046 quo
2535 4975 2777 5030 ascendit
2802 4977 2854 5029 in
2881 4989 3040 5044 quem
3066 4973 3410 5036 credidimus,
3435 4981 3610 5037 ortus,
3636 4989 3799 5026 utor-

2181 5079 2322 5133 tuus,
2364 5067 2730 5130 resuscitatus,
2763 5074 3089 5135 assumptus.
3132 5064 3331 5118 florum
3374 5073 3625 5130 quatuor,
3668 5062 3800 5117 duo

2181 5164 2355 5233 prima
2388 5174 2706 5216 noveramus
2734 5158 2787 5212 in
2819 5157 3007 5219 nobis;
3040 5157 3241 5212 scimus
3268 5155 3410 5208 enim
3437 5154 3698 5210 homines
3733 5168 3801 5212 et

2182 5255 2307 5308 oriri
2334 5264 2387 5308 et
2416 5253 2548 5307 tnori
2580 5269 2592 5305 :
2625 5250 2732 5305 duo
2760 5259 2937 5303 autem
2968 5248 3170 5317 reliqua
3190 5290 3204 5310 ,
3245 5247 3296 5300 id
3338 5256 3423 5300 est
3461 5247 3795 5304 rcsuscitari

2178 5358 2233 5402 et
2276 5347 2494 5411 aSsumi,
2536 5345 2677 5412 juste
2720 5344 2770 5397 in
2815 5342 2969 5397 nobis
3013 5340 3187 5395 futura
3227 5355 3527 5410 speramus,
3559 5340 3697 5408 quia
3738 5344 3802 5398 in

2181 5440 2269 5493 illo
2298 5440 2428 5493 facta
2459 5435 2802 5492 credidimus.
2839 5434 3020 5502 Itaque
3063 5434 3113 5485 in
3155 5431 3246 5485 illo
3284 5430 3406 5500 quia
3445 5437 3500 5484 et
3544 5430 3595 5482 id
3628 5435 3802 5499 quod

2178 5540 2355 5586 ortum
2381 5542 2493 5584 erat
2525 5529 2731 5584 transiit
2755 5527 2821 5581 ad
2843 5526 3218 5589 mternitatem,
3244 5525 3591 5579 transiturum
3614 5535 3716 5580 est
3737 5539 3805 5582 et

2180 5632 2441 5686 nostrum,
2457 5636 2577 5674 cum
2600 5621 2730 5675 fides
2755 5619 3058 5691 pervenerit
3076 5618 3143 5673 ad
3164 5617 3460 5672 veritatem.
3480 5615 3602 5671 .lam
3623 5620 3802 5676 enim

2244 5780 2260 5809 ι
2288 5774 2424 5833 editi,
2447 5774 2624 5839 medii
2644 5773 2846 5826 curatio.
2865 5775 3166 5837 castigantur
3191 5786 3254 5823 ex
3279 5772 3647 5835 manuscriptis-

2244 5840 2263 5872 ⁸
2283 5845 2416 5899 t.ov.,
2437 5851 2523 5887 nec
2547 5840 2684 5891 after.
