  <div class='ocr_page' id='page_1' title='image "/cluster/home/n/w/nwhite01/storage/ocr_20150623/42/hvd.32044015471493/458.png"; bbox 0 0 4104 6442; ppageno 0'>
   <div class='ocr_carea' id='block_1_1' title="bbox 256 390 369 449">
    <p class='ocr_par' dir='ltr' id='par_1_1' title="bbox 256 390 369 449">
     <span class='ocr_line' id='line_1_1' title="bbox 256 390 369 449; baseline 0 -10"><span class='ocrx_word' id='word_1_1' title='bbox 256 390 369 449; x_wconf 71' lang='lat'><strong>905</strong></span> 
     </span>
    </p>
   </div>
   <div class='ocr_carea' id='block_1_2' title="bbox 262 505 1844 576">
    <p class='ocr_par' dir='ltr' id='par_1_2' title="bbox 262 505 1844 576">
     <span class='ocr_line' id='line_1_2' title="bbox 262 505 1844 576; baseline 0 -14"><span class='ocrx_word' id='word_1_2' title='bbox 262 505 625 574; x_wconf 79' lang='lat' dir='ltr'><strong>credentibus,</strong></span> <span class='ocrx_word' id='word_1_3' title='bbox 663 516 718 562; x_wconf 89' lang='lat' dir='ltr'><strong>ut</strong></span> <span class='ocrx_word' id='word_1_4' title='bbox 759 508 812 562; x_wconf 92' lang='lat' dir='ltr'><strong>in</strong></span> <span class='ocrx_word' id='word_1_5' title='bbox 853 505 1020 563; x_wconf 83' lang='lat' dir='ltr'><strong>verbo</strong></span> <span class='ocrx_word' id='word_1_6' title='bbox 1060 507 1180 562; x_wconf 91' lang='lat' dir='ltr'><strong>ﬁdci</strong></span> <span class='ocrx_word' id='word_1_7' title='bbox 1221 516 1517 576; x_wconf 88' lang='lat' dir='ltr'><strong>manerent,</strong></span> <span class='ocrx_word' id='word_1_8' title='bbox 1549 517 1604 564; x_wconf 91' lang='lat' dir='ltr'><strong>et</strong></span> <span class='ocrx_word' id='word_1_9' title='bbox 1631 509 1754 563; x_wconf 88' lang='lat' dir='ltr'><strong>inde</strong></span> <span class='ocrx_word' id='word_1_10' title='bbox 1779 509 1844 562; x_wconf 88' lang='lat' dir='ltr'><strong>ad</strong></span> 
     </span>
    </p>
   </div>
   <div class='ocr_carea' id='block_1_3' title="bbox 157 597 1845 672">
    <p class='ocr_par' dir='ltr' id='par_1_3' title="bbox 157 597 1845 672">
     <span class='ocr_line' id='line_1_3' title="bbox 157 597 1845 672; baseline 0.001 -21"><span class='ocrx_word' id='word_1_11' title='bbox 157 669 160 672; x_wconf 13' lang='lat'><strong><em>.</em></strong></span> <span class='ocrx_word' id='word_1_12' title='bbox 262 599 569 661; x_wconf 84' lang='lat' dir='ltr'><strong>veritatem,</strong></span> <span class='ocrx_word' id='word_1_13' title='bbox 607 611 678 653; x_wconf 83' lang='lat' dir='ltr'><strong>ac</strong></span> <span class='ocrx_word' id='word_1_14' title='bbox 729 613 824 668; x_wconf 89' lang='lat' dir='ltr'><strong>per</strong></span> <span class='ocrx_word' id='word_1_15' title='bbox 871 597 973 652; x_wconf 90' lang='lat' dir='ltr'><strong>hoc</strong></span> <span class='ocrx_word' id='word_1_16' title='bbox 1015 601 1082 652; x_wconf 89' lang='lat' dir='ltr'><strong>ad</strong></span> <span class='ocrx_word' id='word_1_17' title='bbox 1133 599 1482 655; x_wconf 68' lang='lat' dir='ltr'><strong>mternitatem</strong></span> <span class='ocrx_word' id='word_1_18' title='bbox 1531 599 1767 669; x_wconf 77' lang='lat' dir='ltr'><strong>perducti</strong></span> <span class='ocrx_word' id='word_1_19' title='bbox 1814 614 1845 654; x_wconf 89' lang='lat' dir='ltr'><strong>a</strong></span> 
     </span>
    </p>
   </div>
   <div class='ocr_carea' id='block_1_4' title="bbox 165 675 1846 759">
    <p class='ocr_par' dir='ltr' id='par_1_4' title="bbox 165 675 1846 759">
     <span class='ocr_line' id='line_1_4' title="bbox 165 675 1846 759; baseline 0 -15"><span class='ocrx_word' id='word_1_20' title='bbox 165 675 174 684; x_wconf 64' lang='grc'><strong>”</strong></span> <span class='ocrx_word' id='word_1_21' title='bbox 268 699 447 746; x_wconf 89' lang='lat' dir='ltr'><strong>morte</strong></span> <span class='ocrx_word' id='word_1_22' title='bbox 471 680 844 755; x_wconf 75' lang='lat' dir='ltr'><strong>liberarentur,</strong></span> <span class='ocrx_word' id='word_1_23' title='bbox 869 691 938 745; x_wconf 91' lang='lat' dir='ltr'><strong>ita</strong></span> <span class='ocrx_word' id='word_1_24' title='bbox 963 689 1225 759; x_wconf 78' lang='lat' dir='ltr'><strong>loquitur:</strong></span> <span class='ocrx_word' id='word_1_25' title='bbox 1244 690 1306 746; x_wconf 91' lang='lat' dir='ltr'><strong>Si</strong></span> <span class='ocrx_word' id='word_1_26' title='bbox 1333 693 1614 746; x_wconf 85' lang='lat' dir='ltr'><strong>ntanseritis</strong></span> <span class='ocrx_word' id='word_1_27' title='bbox 1631 693 1683 745; x_wconf 89' lang='lat' dir='ltr'><strong>in</strong></span> <span class='ocrx_word' id='word_1_28' title='bbox 1700 691 1846 746; x_wconf 79' lang='lat' dir='ltr'><strong>verbo</strong></span> 
     </span>
    </p>
   </div>
   <div class='ocr_carea' id='block_1_5' title="bbox 262 781 1846 853">
    <p class='ocr_par' dir='ltr' id='par_1_5' title="bbox 262 781 1846 853">
     <span class='ocr_line' id='line_1_5' title="bbox 262 781 1846 853; baseline -0.001 -17"><span class='ocrx_word' id='word_1_29' title='bbox 262 799 395 851; x_wconf 85' lang='lat' dir='ltr'><strong>meo,</strong></span> <span class='ocrx_word' id='word_1_30' title='bbox 418 798 533 837; x_wconf 78' lang='lat' dir='ltr'><strong>vere</strong></span> <span class='ocrx_word' id='word_1_31' title='bbox 550 782 784 853; x_wconf 75' lang='lat' dir='ltr'><strong>discipuli</strong></span> <span class='ocrx_word' id='word_1_32' title='bbox 803 781 900 836; x_wconf 88' lang='lat' dir='ltr'><strong>mei</strong></span> <span class='ocrx_word' id='word_1_33' title='bbox 918 781 1054 836; x_wconf 84' lang='lat' dir='ltr'><strong>eritis</strong></span> <span class='ocrx_word' id='word_1_34' title='bbox 1074 783 1117 835; x_wconf 80' lang='grc'><strong>¹.</strong></span> <span class='ocrx_word' id='word_1_35' title='bbox 1142 781 1208 836; x_wconf 87' lang='lat' dir='ltr'><strong>Et</strong></span> <span class='ocrx_word' id='word_1_36' title='bbox 1225 782 1373 852; x_wconf 90' lang='lat' dir='ltr'><strong>quasi</strong></span> <span class='ocrx_word' id='word_1_37' title='bbox 1393 791 1710 852; x_wconf 74' lang='lat' dir='ltr'><strong>qumrerent,</strong></span> <span class='ocrx_word' id='word_1_38' title='bbox 1729 781 1846 849; x_wconf 88' lang='lat' dir='ltr'><strong>Quo</strong></span> 
     </span>
    </p>
   </div>
   <div class='ocr_carea' id='block_1_6' title="bbox 263 871 1847 943">
    <p class='ocr_par' dir='ltr' id='par_1_6' title="bbox 263 871 1847 943">
     <span class='ocr_line' id='line_1_6' title="bbox 263 871 1847 943; baseline 0 -17"><span class='ocrx_word' id='word_1_39' title='bbox 263 873 478 927; x_wconf 80' lang='lat' dir='ltr'><strong>fructu?</strong></span> <span class='ocrx_word' id='word_1_40' title='bbox 496 881 711 928; x_wconf 86' lang='lat' dir='ltr'><strong>secutus</strong></span> <span class='ocrx_word' id='word_1_41' title='bbox 728 873 802 926; x_wconf 88' lang='lat' dir='ltr'><strong>ait</strong></span> <span class='ocrx_word' id='word_1_42' title='bbox 823 889 836 927; x_wconf 91' lang='lat'><strong>:</strong></span> <span class='ocrx_word' id='word_1_43' title='bbox 855 871 922 925; x_wconf 80' lang='lat' dir='ltr'><strong>Et</strong></span> <span class='ocrx_word' id='word_1_44' title='bbox 947 872 1254 943; x_wconf 82' lang='lat' dir='ltr'><strong>coynoscetis</strong></span> <span class='ocrx_word' id='word_1_45' title='bbox 1277 873 1552 926; x_wconf 81' lang='lat' dir='ltr'><strong>veritatem.</strong></span> <span class='ocrx_word' id='word_1_46' title='bbox 1578 873 1642 926; x_wconf 84' lang='lat' dir='ltr'><strong>Et</strong></span> <span class='ocrx_word' id='word_1_47' title='bbox 1663 887 1847 927; x_wconf 86' lang='lat' dir='ltr'><strong>rursus</strong></span> 
     </span>
    </p>
   </div>
   <div class='ocr_carea' id='block_1_7' title="bbox 263 962 1846 1033">
    <p class='ocr_par' dir='ltr' id='par_1_7' title="bbox 263 962 1846 1033">
     <span class='ocr_line' id='line_1_7' title="bbox 263 962 1846 1033; baseline -0.001 -16"><span class='ocrx_word' id='word_1_48' title='bbox 263 963 417 1033; x_wconf 87' lang='lat' dir='ltr'><strong>quasi</strong></span> <span class='ocrx_word' id='word_1_49' title='bbox 455 962 714 1029; x_wconf 86' lang='lat' dir='ltr'><strong>dicerent,</strong></span> <span class='ocrx_word' id='word_1_50' title='bbox 741 962 885 1031; x_wconf 80' lang='lat' dir='ltr'><strong>Quid</strong></span> <span class='ocrx_word' id='word_1_51' title='bbox 928 962 1146 1032; x_wconf 82' lang='lat' dir='ltr'><strong>prodest</strong></span> <span class='ocrx_word' id='word_1_52' title='bbox 1181 963 1494 1018; x_wconf 72' lang='lat' dir='ltr'><strong>mortalibus</strong></span> <span class='ocrx_word' id='word_1_53' title='bbox 1523 962 1752 1018; x_wconf 87' lang='lat' dir='ltr'><strong>veritas?</strong></span> <span class='ocrx_word' id='word_1_54' title='bbox 1780 963 1846 1016; x_wconf 84' lang='lat' dir='ltr'><strong>Et</strong></span> 
     </span>
    </p>
   </div>
   <div class='ocr_carea' id='block_1_8' title="bbox 260 1051 1843 1125">
    <p class='ocr_par' dir='ltr' id='par_1_8' title="bbox 260 1051 1843 1125">
     <span class='ocr_line' id='line_1_8' title="bbox 260 1051 1843 1125; baseline 0.001 -19"><span class='ocrx_word' id='word_1_55' title='bbox 260 1054 467 1118; x_wconf 76' lang='lat' dir='ltr'><strong>veritas,</strong></span> <span class='ocrx_word' id='word_1_56' title='bbox 492 1052 684 1123; x_wconf 83' lang='lat' dir='ltr'><strong>inquit,</strong></span> <span class='ocrx_word' id='word_1_57' title='bbox 714 1052 939 1106; x_wconf 75' lang='lat' dir='ltr'><strong>liberabit</strong></span> <span class='ocrx_word' id='word_1_58' title='bbox 965 1069 1050 1107; x_wconf 83' lang='lat' dir='ltr'><strong>uos</strong></span> <span class='ocrx_word' id='word_1_59' title='bbox 1077 1052 1250 1125; x_wconf 82' lang='lat' dir='ltr'><strong>(Joan.</strong></span> <span class='ocrx_word' id='word_1_60' title='bbox 1273 1067 1385 1117; x_wconf 80' lang='lat' dir='ltr'><strong>vm,</strong></span> <span class='ocrx_word' id='word_1_61' title='bbox 1413 1053 1504 1119; x_wconf 80' lang='grc'><strong>51,</strong></span> <span class='ocrx_word' id='word_1_62' title='bbox 1531 1052 1643 1124; x_wconf 75' lang='grc'><strong>52).</strong></span> <span class='ocrx_word' id='word_1_63' title='bbox 1669 1051 1843 1119; x_wconf 88' lang='lat' dir='ltr'><strong>Unde,</strong></span> 
     </span>
    </p>
   </div>
   <div class='ocr_carea' id='block_1_9' title="bbox 259 1143 1846 1213">
    <p class='ocr_par' dir='ltr' id='par_1_9' title="bbox 259 1143 1846 1213">
     <span class='ocr_line' id='line_1_9' title="bbox 259 1143 1846 1213; baseline 0.003 -17"><span class='ocrx_word' id='word_1_64' title='bbox 259 1143 364 1197; x_wconf 89' lang='lat' dir='ltr'><strong>nisi</strong></span> <span class='ocrx_word' id='word_1_65' title='bbox 401 1157 432 1196; x_wconf 88' lang='lat' dir='ltr'><strong>a</strong></span> <span class='ocrx_word' id='word_1_66' title='bbox 472 1151 660 1208; x_wconf 91' lang='lat' dir='ltr'><strong>morte,</strong></span> <span class='ocrx_word' id='word_1_67' title='bbox 704 1156 734 1196; x_wconf 93' lang='lat' dir='ltr'><strong>a</strong></span> <span class='ocrx_word' id='word_1_68' title='bbox 775 1143 1136 1213; x_wconf 84' lang='lat' dir='ltr'><strong>corruptione,</strong></span> <span class='ocrx_word' id='word_1_69' title='bbox 1167 1157 1197 1196; x_wconf 92' lang='lat' dir='ltr'><strong>a</strong></span> <span class='ocrx_word' id='word_1_70' title='bbox 1223 1143 1610 1199; x_wconf 78' lang='lat' dir='ltr'><strong>mutabilitate?</strong></span> <span class='ocrx_word' id='word_1_71' title='bbox 1641 1143 1846 1200; x_wconf 89' lang='lat' dir='ltr'><strong>Veritas</strong></span> 
     </span>
    </p>
   </div>
   <div class='ocr_carea' id='block_1_10' title="bbox 259 1232 1844 1305">
    <p class='ocr_par' dir='ltr' id='par_1_10' title="bbox 259 1232 1844 1305">
     <span class='ocr_line' id='line_1_10' title="bbox 259 1232 1844 1305; baseline 0.003 -20"><span class='ocrx_word' id='word_1_72' title='bbox 259 1233 460 1303; x_wconf 86' lang='lat' dir='ltr'><strong>quippe</strong></span> <span class='ocrx_word' id='word_1_73' title='bbox 501 1232 840 1300; x_wconf 86' lang='lat' dir='ltr'><strong>immortalis,</strong></span> <span class='ocrx_word' id='word_1_74' title='bbox 874 1235 1201 1303; x_wconf 89' lang='lat' dir='ltr'><strong>incorrupta,</strong></span> <span class='ocrx_word' id='word_1_75' title='bbox 1235 1233 1682 1290; x_wconf 86' lang='lat' dir='ltr'><strong>incommutabilis</strong></span> <span class='ocrx_word' id='word_1_76' title='bbox 1716 1250 1844 1305; x_wconf 87' lang='lat' dir='ltr'><strong>per-</strong></span> 
     </span>
    </p>
   </div>
   <div class='ocr_carea' id='block_1_11' title="bbox 259 1325 1843 1398">
    <p class='ocr_par' dir='ltr' id='par_1_11' title="bbox 259 1325 1843 1398">
     <span class='ocr_line' id='line_1_11' title="bbox 259 1325 1843 1398; baseline 0.001 -17"><span class='ocrx_word' id='word_1_77' title='bbox 259 1333 464 1381; x_wconf 89' lang='lat' dir='ltr'><strong>manet.</strong></span> <span class='ocrx_word' id='word_1_78' title='bbox 491 1325 626 1381; x_wconf 90' lang='lat' dir='ltr'><strong>Vera</strong></span> <span class='ocrx_word' id='word_1_79' title='bbox 656 1335 834 1381; x_wconf 91' lang='lat' dir='ltr'><strong>autem</strong></span> <span class='ocrx_word' id='word_1_80' title='bbox 863 1327 1251 1395; x_wconf 85' lang='lat' dir='ltr'><strong>immortalitas,</strong></span> <span class='ocrx_word' id='word_1_81' title='bbox 1273 1343 1398 1383; x_wconf 89' lang='lat' dir='ltr'><strong>vera</strong></span> <span class='ocrx_word' id='word_1_82' title='bbox 1425 1328 1843 1398; x_wconf 30' lang='lat' dir='ltr'><strong>incorruptibilis</strong></span> 
     </span>
    </p>
   </div>
   <div class='ocr_carea' id='block_1_12' title="bbox 259 1417 1631 1488">
    <p class='ocr_par' dir='ltr' id='par_1_12' title="bbox 259 1417 1631 1488">
     <span class='ocr_line' id='line_1_12' title="bbox 259 1417 1631 1488; baseline 0.001 -18"><span class='ocrx_word' id='word_1_83' title='bbox 259 1425 362 1481; x_wconf 86' lang='lat' dir='ltr'><strong>tas,</strong></span> <span class='ocrx_word' id='word_1_84' title='bbox 389 1431 514 1472; x_wconf 87' lang='lat' dir='ltr'><strong>vera</strong></span> <span class='ocrx_word' id='word_1_85' title='bbox 545 1417 1065 1483; x_wconf 84' lang='lat' dir='ltr'><strong>incommutabilitas,</strong></span> <span class='ocrx_word' id='word_1_86' title='bbox 1094 1417 1204 1488; x_wconf 89' lang='lat' dir='ltr'><strong>ipsa</strong></span> <span class='ocrx_word' id='word_1_87' title='bbox 1230 1428 1314 1474; x_wconf 90' lang='lat' dir='ltr'><strong>est</strong></span> <span class='ocrx_word' id='word_1_88' title='bbox 1341 1419 1631 1474; x_wconf 82' lang='lat' dir='ltr'><strong>aeternitas.</strong></span> 
     </span>
    </p>
   </div>
   <div class='ocr_carea' id='block_1_13' title="bbox 326 1507 1845 1582">
    <p class='ocr_par' dir='ltr' id='par_1_13' title="bbox 326 1507 1845 1582">
     <span class='ocr_line' id='line_1_13' title="bbox 326 1507 1845 1582; baseline 0.003 -20"><span class='ocrx_word' id='word_1_89' title='bbox 326 1507 557 1564; x_wconf 82' lang='lat' dir='ltr'><strong>CAPUT</strong></span> <span class='ocrx_word' id='word_1_90' title='bbox 587 1508 726 1562; x_wconf 79' lang='lat' dir='ltr'><strong>XIX.</strong></span> <span class='ocrx_word' id='word_1_91' title='bbox 753 1538 825 1549; x_wconf 92' lang='lat'><strong>—-</strong></span> <span class='ocrx_word' id='word_1_92' title='bbox 847 1509 938 1564; x_wconf 67' lang='lat'><strong>25.</strong></span> <span class='ocrx_word' id='word_1_93' title='bbox 966 1507 1134 1564; x_wconf 86' lang='lat' dir='ltr'><strong>Filius</strong></span> <span class='ocrx_word' id='word_1_94' title='bbox 1162 1511 1410 1576; x_wconf 84' lang='lat' dir='ltr'><strong>quomodo</strong></span> <span class='ocrx_word' id='word_1_95' title='bbox 1435 1512 1618 1567; x_wconf 88' lang='lat' dir='ltr'><strong>missus</strong></span> <span class='ocrx_word' id='word_1_96' title='bbox 1642 1521 1688 1567; x_wconf 85' lang='lat' dir='ltr'><strong>et</strong></span> <span class='ocrx_word' id='word_1_97' title='bbox 1716 1528 1845 1582; x_wconf 65' lang='lat' dir='ltr'><strong>prta-</strong></span> 
     </span>
    </p>
   </div>
   <div class='ocr_carea' id='block_1_14' title="bbox 256 1597 1843 1673">
    <p class='ocr_par' dir='ltr' id='par_1_14' title="bbox 256 1597 1843 1673">
     <span class='ocr_line' id='line_1_14' title="bbox 256 1597 1843 1673; baseline 0.004 -23"><span class='ocrx_word' id='word_1_98' title='bbox 256 1599 540 1652; x_wconf 75' lang='lat' dir='ltr'><strong>nuntiatus.</strong></span> <span class='ocrx_word' id='word_1_99' title='bbox 570 1597 837 1666; x_wconf 79' lang='lat' dir='ltr'><strong>Quomodo</strong></span> <span class='ocrx_word' id='word_1_100' title='bbox 865 1599 1099 1653; x_wconf 73' lang='lat' dir='ltr'><strong>missione</strong></span> <span class='ocrx_word' id='word_1_101' title='bbox 1126 1600 1398 1655; x_wconf 84' lang='lat' dir='ltr'><strong>nativitatis</strong></span> <span class='ocrx_word' id='word_1_102' title='bbox 1425 1601 1477 1655; x_wconf 87' lang='lat' dir='ltr'><strong>in</strong></span> <span class='ocrx_word' id='word_1_103' title='bbox 1505 1617 1657 1657; x_wconf 86' lang='lat' dir='ltr'><strong>carae</strong></span> <span class='ocrx_word' id='word_1_104' title='bbox 1679 1604 1843 1673; x_wconf 76' lang='lat' dir='ltr'><strong>{actus</strong></span> 
     </span>
    </p>
   </div>
   <div class='ocr_carea' id='block_1_15' title="bbox 255 1677 1841 1762">
    <p class='ocr_par' dir='ltr' id='par_1_15' title="bbox 255 1677 1841 1762">
     <span class='ocr_line' id='line_1_15' title="bbox 255 1677 1841 1762; baseline 0.005 -19"><span class='ocrx_word' id='word_1_105' title='bbox 255 1691 424 1745; x_wconf 82' lang='lat' dir='ltr'><strong>minor</strong></span> <span class='ocrx_word' id='word_1_106' title='bbox 459 1691 568 1744; x_wconf 83' lang='lat' dir='ltr'><strong>sine</strong></span> <span class='ocrx_word' id='word_1_107' title='bbox 598 1677 892 1746; x_wconf 84' lang='lat' dir='ltr'><strong>detrimento</strong></span> <span class='ocrx_word' id='word_1_108' title='bbox 925 1691 1230 1762; x_wconf 73' lang='lat' dir='ltr'><strong>wqualitatis</strong></span> <span class='ocrx_word' id='word_1_109' title='bbox 1261 1709 1377 1748; x_wconf 86' lang='lat' dir='ltr'><strong>cum</strong></span> <span class='ocrx_word' id='word_1_110' title='bbox 1408 1693 1580 1749; x_wconf 81' lang='lat' dir='ltr'><strong>Patre.</strong></span> <span class='ocrx_word' id='word_1_111' title='bbox 1609 1696 1748 1752; x_wconf 86' lang='lat' dir='ltr'><strong>Ecce</strong></span> <span class='ocrx_word' id='word_1_112' title='bbox 1775 1697 1841 1751; x_wconf 88' lang='lat' dir='ltr'><strong>ad</strong></span> 
     </span>
    </p>
   </div>
   <div class='ocr_carea' id='block_1_16' title="bbox 255 1783 1844 1858">
    <p class='ocr_par' dir='ltr' id='par_1_16' title="bbox 255 1783 1844 1858">
     <span class='ocr_line' id='line_1_16' title="bbox 255 1783 1844 1858; baseline 0.004 -20"><span class='ocrx_word' id='word_1_113' title='bbox 255 1783 398 1854; x_wconf 91' lang='lat' dir='ltr'><strong>quod</strong></span> <span class='ocrx_word' id='word_1_114' title='bbox 439 1785 633 1841; x_wconf 88' lang='lat' dir='ltr'><strong>missus</strong></span> <span class='ocrx_word' id='word_1_115' title='bbox 669 1793 752 1840; x_wconf 89' lang='lat' dir='ltr'><strong>est</strong></span> <span class='ocrx_word' id='word_1_116' title='bbox 788 1784 956 1840; x_wconf 86' lang='lat' dir='ltr'><strong>Filius</strong></span> <span class='ocrx_word' id='word_1_117' title='bbox 993 1784 1126 1851; x_wconf 90' lang='lat' dir='ltr'><strong>Dei;</strong></span> <span class='ocrx_word' id='word_1_118' title='bbox 1163 1787 1270 1842; x_wconf 93' lang='lat' dir='ltr'><strong>imo</strong></span> <span class='ocrx_word' id='word_1_119' title='bbox 1300 1801 1430 1841; x_wconf 89' lang='lat' dir='ltr'><strong>vero</strong></span> <span class='ocrx_word' id='word_1_120' title='bbox 1457 1802 1584 1842; x_wconf 89' lang='lat' dir='ltr'><strong>ecce</strong></span> <span class='ocrx_word' id='word_1_121' title='bbox 1607 1788 1734 1858; x_wconf 89' lang='lat' dir='ltr'><strong>quid</strong></span> <span class='ocrx_word' id='word_1_122' title='bbox 1761 1798 1844 1844; x_wconf 89' lang='lat' dir='ltr'><strong>est</strong></span> 
     </span>
    </p>
   </div>
   <div class='ocr_carea' id='block_1_17' title="bbox 256 1873 1844 1947">
    <p class='ocr_par' dir='ltr' id='par_1_17' title="bbox 256 1873 1844 1947">
     <span class='ocr_line' id='line_1_17' title="bbox 256 1873 1844 1947; baseline 0.004 -19"><span class='ocrx_word' id='word_1_123' title='bbox 256 1889 479 1930; x_wconf 80' lang='lat' dir='ltr'><strong>missum</strong></span> <span class='ocrx_word' id='word_1_124' title='bbox 505 1890 623 1931; x_wconf 86' lang='lat' dir='ltr'><strong>esse</strong></span> <span class='ocrx_word' id='word_1_125' title='bbox 647 1875 840 1931; x_wconf 85' lang='lat' dir='ltr'><strong>Filium</strong></span> <span class='ocrx_word' id='word_1_126' title='bbox 869 1873 998 1930; x_wconf 86' lang='lat' dir='ltr'><strong>Dei?</strong></span> <span class='ocrx_word' id='word_1_127' title='bbox 1021 1875 1380 1947; x_wconf 69' lang='lat' dir='ltr'><strong>Qumcumque</strong></span> <span class='ocrx_word' id='word_1_128' title='bbox 1406 1885 1622 1947; x_wconf 82' lang='lat' dir='ltr'><strong>propter</strong></span> <span class='ocrx_word' id='word_1_129' title='bbox 1647 1879 1844 1935; x_wconf 86' lang='lat' dir='ltr'><strong>facien-</strong></span> 
     </span>
    </p>
   </div>
   <div class='ocr_carea' id='block_1_18' title="bbox 254 1965 1842 2040">
    <p class='ocr_par' dir='ltr' id='par_1_18' title="bbox 254 1965 1842 2040">
     <span class='ocr_line' id='line_1_18' title="bbox 254 1965 1842 2040; baseline 0.006 -21"><span class='ocrx_word' id='word_1_130' title='bbox 254 1965 377 2021; x_wconf 89' lang='lat' dir='ltr'><strong>dam</strong></span> <span class='ocrx_word' id='word_1_131' title='bbox 403 1967 582 2034; x_wconf 89' lang='lat' dir='ltr'><strong>ﬁdem,</strong></span> <span class='ocrx_word' id='word_1_132' title='bbox 606 1983 710 2038; x_wconf 90' lang='lat' dir='ltr'><strong>qua</strong></span> <span class='ocrx_word' id='word_1_133' title='bbox 733 1967 1110 2024; x_wconf 88' lang='lat' dir='ltr'><strong>mundaremur</strong></span> <span class='ocrx_word' id='word_1_134' title='bbox 1127 1968 1192 2024; x_wconf 89' lang='lat' dir='ltr'><strong>ad</strong></span> <span class='ocrx_word' id='word_1_135' title='bbox 1213 1970 1673 2040; x_wconf 89' lang='lat' dir='ltr'><strong>contemplandam</strong></span> <span class='ocrx_word' id='word_1_136' title='bbox 1699 1973 1842 2028; x_wconf 84' lang='lat' dir='ltr'><strong>veri-</strong></span> 
     </span>
    </p>
   </div>
   <div class='ocr_carea' id='block_1_19' title="bbox 255 2058 1842 2131">
    <p class='ocr_par' dir='ltr' id='par_1_19' title="bbox 255 2058 1842 2131">
     <span class='ocr_line' id='line_1_19' title="bbox 255 2058 1842 2131; baseline 0.006 -21"><span class='ocrx_word' id='word_1_137' title='bbox 255 2058 516 2125; x_wconf 85' lang='lat' dir='ltr'><strong>tatem,’in</strong></span> <span class='ocrx_word' id='word_1_138' title='bbox 541 2059 700 2114; x_wconf 88' lang='lat' dir='ltr'><strong>rebus</strong></span> <span class='ocrx_word' id='word_1_139' title='bbox 719 2059 850 2114; x_wconf 91' lang='lat' dir='ltr'><strong>ortis</strong></span> <span class='ocrx_word' id='word_1_140' title='bbox 873 2059 942 2115; x_wconf 88' lang='lat' dir='ltr'><strong>ab</strong></span> <span class='ocrx_word' id='word_1_141' title='bbox 967 2060 1261 2116; x_wconf 76' lang='lat' dir='ltr'><strong>:eternitate</strong></span> <span class='ocrx_word' id='word_1_142' title='bbox 1288 2061 1506 2131; x_wconf 73' lang='lat' dir='ltr'><strong>prolatis</strong></span> <span class='ocrx_word' id='word_1_143' title='bbox 1527 2071 1583 2118; x_wconf 89' lang='lat' dir='ltr'><strong>et</strong></span> <span class='ocrx_word' id='word_1_144' title='bbox 1601 2063 1665 2119; x_wconf 89' lang='lat' dir='ltr'><strong>ad</strong></span> <span class='ocrx_word' id='word_1_145' title='bbox 1686 2073 1842 2120; x_wconf 83' lang='lat' dir='ltr'><strong>acter-</strong></span> 
     </span>
    </p>
   </div>
   <div class='ocr_carea' id='block_1_20' title="bbox 253 2149 1840 2222">
    <p class='ocr_par' dir='ltr' id='par_1_20' title="bbox 253 2149 1840 2222">
     <span class='ocr_line' id='line_1_20' title="bbox 253 2149 1840 2222; baseline 0.004 -20"><span class='ocrx_word' id='word_1_146' title='bbox 253 2149 476 2203; x_wconf 83' lang='lat' dir='ltr'><strong>n‘rtatem</strong></span> <span class='ocrx_word' id='word_1_147' title='bbox 500 2149 679 2205; x_wconf 86' lang='lat' dir='ltr'><strong>relatis</strong></span> <span class='ocrx_word' id='word_1_148' title='bbox 702 2149 1065 2220; x_wconf 87' lang='lat' dir='ltr'><strong>temporaliter</strong></span> <span class='ocrx_word' id='word_1_149' title='bbox 1082 2158 1228 2222; x_wconf 86' lang='lat' dir='ltr'><strong>gesta</strong></span> <span class='ocrx_word' id='word_1_150' title='bbox 1255 2158 1399 2219; x_wconf 88' lang='lat' dir='ltr'><strong>sunt,</strong></span> <span class='ocrx_word' id='word_1_151' title='bbox 1423 2160 1512 2206; x_wconf 89' lang='lat' dir='ltr'><strong>aut</strong></span> <span class='ocrx_word' id='word_1_152' title='bbox 1537 2155 1840 2210; x_wconf 87' lang='lat' dir='ltr'><strong>testimonia</strong></span> 
     </span>
    </p>
   </div>
   <div class='ocr_carea' id='block_1_21' title="bbox 253 2237 1839 2312">
    <p class='ocr_par' dir='ltr' id='par_1_21' title="bbox 253 2237 1839 2312">
     <span class='ocr_line' id='line_1_21' title="bbox 253 2237 1839 2312; baseline 0.006 -20"><span class='ocrx_word' id='word_1_153' title='bbox 253 2237 527 2293; x_wconf 87' lang='lat' dir='ltr'><strong>missionis</strong></span> <span class='ocrx_word' id='word_1_154' title='bbox 553 2239 709 2308; x_wconf 87' lang='lat' dir='ltr'><strong>hujus</strong></span> <span class='ocrx_word' id='word_1_155' title='bbox 735 2238 968 2305; x_wconf 90' lang='lat' dir='ltr'><strong>fuerunt,</strong></span> <span class='ocrx_word' id='word_1_156' title='bbox 991 2250 1083 2296; x_wconf 89' lang='lat' dir='ltr'><strong>aut</strong></span> <span class='ocrx_word' id='word_1_157' title='bbox 1103 2241 1214 2312; x_wconf 90' lang='lat' dir='ltr'><strong>ipsa</strong></span> <span class='ocrx_word' id='word_1_158' title='bbox 1239 2241 1423 2298; x_wconf 89' lang='lat' dir='ltr'><strong>missio</strong></span> <span class='ocrx_word' id='word_1_159' title='bbox 1448 2242 1568 2298; x_wconf 91' lang='lat' dir='ltr'><strong>Filii</strong></span> <span class='ocrx_word' id='word_1_160' title='bbox 1595 2244 1710 2300; x_wconf 91' lang='lat' dir='ltr'><strong>Dei.</strong></span> <span class='ocrx_word' id='word_1_161' title='bbox 1733 2245 1839 2302; x_wconf 89' lang='lat' dir='ltr'><strong>Sed</strong></span> 
     </span>
    </p>
   </div>
   <div class='ocr_carea' id='block_1_22' title="bbox 253 2329 1842 2408">
    <p class='ocr_par' dir='ltr' id='par_1_22' title="bbox 253 2329 1842 2408">
     <span class='ocr_line' id='line_1_22' title="bbox 253 2329 1842 2408; baseline 0.006 -25"><span class='ocrx_word' id='word_1_162' title='bbox 253 2329 558 2385; x_wconf 83' lang='lat' dir='ltr'><strong>testimonia</strong></span> <span class='ocrx_word' id='word_1_163' title='bbox 585 2330 826 2401; x_wconf 71' lang='lat' dir='ltr'><strong>quzcdam</strong></span> <span class='ocrx_word' id='word_1_164' title='bbox 852 2341 1132 2388; x_wconf 88' lang='lat' dir='ltr'><strong>venturum</strong></span> <span class='ocrx_word' id='word_1_165' title='bbox 1159 2334 1672 2403; x_wconf 69' lang='lat' dir='ltr'><strong>praenuntiaverunt,</strong></span> <span class='ocrx_word' id='word_1_166' title='bbox 1696 2353 1842 2408; x_wconf 70' lang='lat' dir='ltr'><strong>qua:-</strong></span> 
     </span>
    </p>
   </div>
   <div class='ocr_carea' id='block_1_23' title="bbox 251 2419 1836 2496">
    <p class='ocr_par' dir='ltr' id='par_1_23' title="bbox 251 2419 1836 2496">
     <span class='ocr_line' id='line_1_23' title="bbox 251 2419 1836 2496; baseline 0.006 -22"><span class='ocrx_word' id='word_1_167' title='bbox 251 2419 372 2474; x_wconf 86' lang='lat' dir='ltr'><strong>dam</strong></span> <span class='ocrx_word' id='word_1_168' title='bbox 412 2421 623 2477; x_wconf 83' lang='lat' dir='ltr'><strong>venisse</strong></span> <span class='ocrx_word' id='word_1_169' title='bbox 659 2429 846 2477; x_wconf 88' lang='lat' dir='ltr'><strong>testata</strong></span> <span class='ocrx_word' id='word_1_170' title='bbox 885 2432 1024 2478; x_wconf 87' lang='lat' dir='ltr'><strong>sunt.</strong></span> <span class='ocrx_word' id='word_1_171' title='bbox 1063 2423 1278 2479; x_wconf 86' lang='lat' dir='ltr'><strong>Factum</strong></span> <span class='ocrx_word' id='word_1_172' title='bbox 1313 2427 1508 2496; x_wconf 90' lang='lat' dir='ltr'><strong>quippe</strong></span> <span class='ocrx_word' id='word_1_173' title='bbox 1539 2437 1836 2484; x_wconf 83' lang='lat' dir='ltr'><strong>creaturam</strong></span> 
     </span>
    </p>
   </div>
   <div class='ocr_carea' id='block_1_24' title="bbox 251 2512 1835 2584">
    <p class='ocr_par' dir='ltr' id='par_1_24' title="bbox 251 2512 1835 2584">
     <span class='ocr_line' id='line_1_24' title="bbox 251 2512 1835 2584; baseline 0.006 -19"><span class='ocrx_word' id='word_1_174' title='bbox 251 2525 346 2580; x_wconf 89' lang='lat' dir='ltr'><strong>per</strong></span> <span class='ocrx_word' id='word_1_175' title='bbox 364 2527 525 2582; x_wconf 89' lang='lat' dir='ltr'><strong>quem</strong></span> <span class='ocrx_word' id='word_1_176' title='bbox 551 2512 684 2568; x_wconf 87' lang='lat' dir='ltr'><strong>facta</strong></span> <span class='ocrx_word' id='word_1_177' title='bbox 707 2521 792 2569; x_wconf 91' lang='lat' dir='ltr'><strong>est</strong></span> <span class='ocrx_word' id='word_1_178' title='bbox 817 2513 990 2568; x_wconf 88' lang='lat' dir='ltr'><strong>omnis</strong></span> <span class='ocrx_word' id='word_1_179' title='bbox 1011 2522 1276 2584; x_wconf 85' lang='lat' dir='ltr'><strong>creatura,</strong></span> <span class='ocrx_word' id='word_1_180' title='bbox 1297 2531 1512 2573; x_wconf 87' lang='lat' dir='ltr'><strong>omnem</strong></span> <span class='ocrx_word' id='word_1_181' title='bbox 1537 2527 1835 2574; x_wconf 80' lang='lat' dir='ltr'><strong>creaturam</strong></span> 
     </span>
    </p>
   </div>
   <div class='ocr_carea' id='block_1_25' title="bbox 251 2600 1836 2679">
    <p class='ocr_par' dir='ltr' id='par_1_25' title="bbox 251 2600 1836 2679">
     <span class='ocr_line' id='line_1_25' title="bbox 251 2600 1836 2679; baseline 0.006 -24"><span class='ocrx_word' id='word_1_182' title='bbox 251 2609 442 2656; x_wconf 90' lang='lat' dir='ltr'><strong>testem</strong></span> <span class='ocrx_word' id='word_1_183' title='bbox 464 2600 660 2658; x_wconf 87' lang='lat' dir='ltr'><strong>habere</strong></span> <span class='ocrx_word' id='word_1_184' title='bbox 681 2603 981 2672; x_wconf 86' lang='lat' dir='ltr'><strong>oportebat.</strong></span> <span class='ocrx_word' id='word_1_185' title='bbox 1006 2603 1116 2658; x_wconf 87' lang='lat' dir='ltr'><strong>Nisi</strong></span> <span class='ocrx_word' id='word_1_186' title='bbox 1137 2605 1278 2659; x_wconf 84' lang='lat' dir='ltr'><strong>enim</strong></span> <span class='ocrx_word' id='word_1_187' title='bbox 1300 2605 1482 2662; x_wconf 90' lang='lat' dir='ltr'><strong>multis</strong></span> <span class='ocrx_word' id='word_1_188' title='bbox 1507 2607 1682 2664; x_wconf 88' lang='lat' dir='ltr'><strong>missis</strong></span> <span class='ocrx_word' id='word_1_189' title='bbox 1703 2624 1836 2679; x_wconf 74' lang='lat' dir='ltr'><strong>pra:-</strong></span> 
     </span>
    </p>
   </div>
   <div class='ocr_carea' id='block_1_26' title="bbox 246 2691 1830 2760">
    <p class='ocr_par' dir='ltr' id='par_1_26' title="bbox 246 2691 1830 2760">
     <span class='ocr_line' id='line_1_26' title="bbox 246 2691 1830 2760; baseline 0.007 -15"><span class='ocrx_word' id='word_1_190' title='bbox 246 2691 516 2747; x_wconf 83' lang='lat' dir='ltr'><strong>dicaretur</strong></span> <span class='ocrx_word' id='word_1_191' title='bbox 541 2707 711 2760; x_wconf 90' lang='lat' dir='ltr'><strong>unus,</strong></span> <span class='ocrx_word' id='word_1_192' title='bbox 745 2710 850 2749; x_wconf 91' lang='lat' dir='ltr'><strong>non</strong></span> <span class='ocrx_word' id='word_1_193' title='bbox 889 2694 1072 2750; x_wconf 89' lang='lat' dir='ltr'><strong>multis</strong></span> <span class='ocrx_word' id='word_1_194' title='bbox 1097 2695 1331 2751; x_wconf 83' lang='lat' dir='ltr'><strong>dimissis</strong></span> <span class='ocrx_word' id='word_1_195' title='bbox 1369 2705 1638 2754; x_wconf 77' lang='lat' dir='ltr'><strong>teneretur</strong></span> <span class='ocrx_word' id='word_1_196' title='bbox 1675 2716 1830 2756; x_wconf 90' lang='lat' dir='ltr'><strong>unus.</strong></span> 
     </span>
    </p>
   </div>
   <div class='ocr_carea' id='block_1_27' title="bbox 249 2783 1834 2861">
    <p class='ocr_par' dir='ltr' id='par_1_27' title="bbox 249 2783 1834 2861">
     <span class='ocr_line' id='line_1_27' title="bbox 249 2783 1834 2861; baseline 0.007 -23"><span class='ocrx_word' id='word_1_197' title='bbox 249 2783 319 2838; x_wconf 87' lang='lat' dir='ltr'><strong>Et</strong></span> <span class='ocrx_word' id='word_1_198' title='bbox 343 2783 447 2839; x_wconf 88' lang='lat' dir='ltr'><strong>nisi</strong></span> <span class='ocrx_word' id='word_1_199' title='bbox 478 2785 600 2840; x_wconf 89' lang='lat' dir='ltr'><strong>talia</strong></span> <span class='ocrx_word' id='word_1_200' title='bbox 626 2794 808 2842; x_wconf 89' lang='lat' dir='ltr'><strong>essent</strong></span> <span class='ocrx_word' id='word_1_201' title='bbox 833 2787 1133 2843; x_wconf 87' lang='lat' dir='ltr'><strong>testimonia</strong></span> <span class='ocrx_word' id='word_1_202' title='bbox 1155 2802 1274 2858; x_wconf 77' lang='lat' dir='ltr'><strong>qua:</strong></span> <span class='ocrx_word' id='word_1_203' title='bbox 1301 2789 1478 2858; x_wconf 84' lang='lat' dir='ltr'><strong>parvis</strong></span> <span class='ocrx_word' id='word_1_204' title='bbox 1504 2805 1691 2861; x_wconf 89' lang='lat' dir='ltr'><strong>magna</strong></span> <span class='ocrx_word' id='word_1_205' title='bbox 1715 2808 1834 2849; x_wconf 87' lang='lat' dir='ltr'><strong>csse</strong></span> 
     </span>
    </p>
   </div>
   <div class='ocr_carea' id='block_1_28' title="bbox 247 2876 1831 2951">
    <p class='ocr_par' dir='ltr' id='par_1_28' title="bbox 247 2876 1831 2951">
     <span class='ocr_line' id='line_1_28' title="bbox 247 2876 1831 2951; baseline 0.005 -20"><span class='ocrx_word' id='word_1_206' title='bbox 247 2876 578 2940; x_wconf 86' lang='lat' dir='ltr'><strong>viderentur,</strong></span> <span class='ocrx_word' id='word_1_207' title='bbox 611 2893 714 2933; x_wconf 91' lang='lat' dir='ltr'><strong>non</strong></span> <span class='ocrx_word' id='word_1_208' title='bbox 743 2878 1050 2934; x_wconf 82' lang='lat' dir='ltr'><strong>crederetur</strong></span> <span class='ocrx_word' id='word_1_209' title='bbox 1070 2881 1113 2946; x_wconf 75' lang='grc'><em>³,</em></span> <span class='ocrx_word' id='word_1_210' title='bbox 1145 2887 1203 2934; x_wconf 90' lang='lat' dir='ltr'><strong>ut</strong></span> <span class='ocrx_word' id='word_1_211' title='bbox 1234 2894 1454 2951; x_wconf 87' lang='lat' dir='ltr'><strong>magnos</strong></span> <span class='ocrx_word' id='word_1_212' title='bbox 1485 2881 1683 2938; x_wconf 87' lang='lat' dir='ltr'><strong>faceret</strong></span> <span class='ocrx_word' id='word_1_213' title='bbox 1716 2900 1831 2939; x_wconf 87' lang='lat' dir='ltr'><strong>ma-</strong></span> 
     </span>
    </p>
   </div>
   <div class='ocr_carea' id='block_1_29' title="bbox 244 2970 1834 3046">
    <p class='ocr_par' dir='ltr' id='par_1_29' title="bbox 244 2970 1834 3046">
     <span class='ocr_line' id='line_1_29' title="bbox 244 2970 1834 3046; baseline 0.004 -23"><span class='ocrx_word' id='word_1_214' title='bbox 244 2984 412 3040; x_wconf 81' lang='lat' dir='ltr'><strong>gnus,</strong></span> <span class='ocrx_word' id='word_1_215' title='bbox 442 2970 532 3041; x_wconf 90' lang='lat' dir='ltr'><strong>qui</strong></span> <span class='ocrx_word' id='word_1_216' title='bbox 561 2970 628 3026; x_wconf 88' lang='lat' dir='ltr'><strong>ad</strong></span> <span class='ocrx_word' id='word_1_217' title='bbox 657 2985 846 3041; x_wconf 82' lang='lat' dir='ltr'><strong>parvos</strong></span> <span class='ocrx_word' id='word_1_218' title='bbox 874 2970 1069 3026; x_wconf 86' lang='lat' dir='ltr'><strong>missus</strong></span> <span class='ocrx_word' id='word_1_219' title='bbox 1093 2979 1176 3026; x_wconf 89' lang='lat' dir='ltr'><strong>est</strong></span> <span class='ocrx_word' id='word_1_220' title='bbox 1205 2987 1414 3041; x_wconf 86' lang='lat' dir='ltr'><strong>parvus.</strong></span> <span class='ocrx_word' id='word_1_221' title='bbox 1445 2971 1834 3046; x_wconf 81' lang='lat' dir='ltr'><strong>incomparabi-</strong></span> 
     </span>
    </p>
   </div>
   <div class='ocr_carea' id='block_1_30' title="bbox 246 3060 1831 3131">
    <p class='ocr_par' dir='ltr' id='par_1_30' title="bbox 246 3060 1831 3131">
     <span class='ocr_line' id='line_1_30' title="bbox 246 3060 1831 3131; baseline 0.005 -18"><span class='ocrx_word' id='word_1_222' title='bbox 246 3060 368 3116; x_wconf 86' lang='lat' dir='ltr'><strong>liter</strong></span> <span class='ocrx_word' id='word_1_223' title='bbox 410 3060 552 3116; x_wconf 90' lang='lat' dir='ltr'><strong>enim</strong></span> <span class='ocrx_word' id='word_1_224' title='bbox 601 3061 801 3131; x_wconf 85' lang='lat' dir='ltr'><strong>majora</strong></span> <span class='ocrx_word' id='word_1_225' title='bbox 836 3061 952 3116; x_wconf 89' lang='lat' dir='ltr'><strong>Filii</strong></span> <span class='ocrx_word' id='word_1_226' title='bbox 979 3062 1070 3118; x_wconf 91' lang='lat' dir='ltr'><strong>Dei</strong></span> <span class='ocrx_word' id='word_1_227' title='bbox 1092 3061 1228 3118; x_wconf 86' lang='lat' dir='ltr'><strong>facta</strong></span> <span class='ocrx_word' id='word_1_228' title='bbox 1253 3071 1377 3118; x_wconf 85' lang='lat' dir='ltr'><strong>sunt</strong></span> <span class='ocrx_word' id='word_1_229' title='bbox 1399 3065 1590 3119; x_wconf 84' lang='lat' dir='ltr'><strong>coelum</strong></span> <span class='ocrx_word' id='word_1_230' title='bbox 1617 3073 1672 3120; x_wconf 87' lang='lat' dir='ltr'><strong>et</strong></span> <span class='ocrx_word' id='word_1_231' title='bbox 1693 3075 1831 3122; x_wconf 90' lang='lat' dir='ltr'><strong>terra</strong></span> 
     </span>
    </p>
   </div>
   <div class='ocr_carea' id='block_1_31' title="bbox 243 3152 1829 3226">
    <p class='ocr_par' dir='ltr' id='par_1_31' title="bbox 243 3152 1829 3226">
     <span class='ocr_line' id='line_1_31' title="bbox 243 3152 1829 3226; baseline 0.004 -20"><span class='ocrx_word' id='word_1_232' title='bbox 243 3160 300 3206; x_wconf 90' lang='lat' dir='ltr'><strong>et</strong></span> <span class='ocrx_word' id='word_1_233' title='bbox 322 3153 501 3206; x_wconf 84' lang='lat' dir='ltr'><strong>omnia</strong></span> <span class='ocrx_word' id='word_1_234' title='bbox 527 3167 644 3222; x_wconf 64' lang='lat' dir='ltr'><strong>quae</strong></span> <span class='ocrx_word' id='word_1_235' title='bbox 670 3152 722 3207; x_wconf 93' lang='lat' dir='ltr'><strong>in</strong></span> <span class='ocrx_word' id='word_1_236' title='bbox 751 3153 830 3208; x_wconf 91' lang='lat' dir='ltr'><strong>eis</strong></span> <span class='ocrx_word' id='word_1_237' title='bbox 852 3163 996 3219; x_wconf 88' lang='lat' dir='ltr'><strong>sunt,</strong></span> <span class='ocrx_word' id='word_1_238' title='bbox 1023 3154 1145 3224; x_wconf 87' lang='lat' dir='ltr'><strong>quia</strong></span> <span class='ocrx_word' id='word_1_239' title='bbox 1171 3154 1347 3209; x_wconf 87' lang='lat' dir='ltr'><strong>omnia</strong></span> <span class='ocrx_word' id='word_1_240' title='bbox 1377 3168 1471 3224; x_wconf 89' lang='lat' dir='ltr'><strong>per</strong></span> <span class='ocrx_word' id='word_1_241' title='bbox 1494 3155 1666 3226; x_wconf 87' lang='lat' dir='ltr'><strong>ipsum</strong></span> <span class='ocrx_word' id='word_1_242' title='bbox 1694 3156 1829 3212; x_wconf 91' lang='lat' dir='ltr'><strong>facta</strong></span> 
     </span>
    </p>
   </div>
   <div class='ocr_carea' id='block_1_32' title="bbox 245 3230 1829 3316">
    <p class='ocr_par' dir='ltr' id='par_1_32' title="bbox 245 3230 1829 3316">
     <span class='ocr_line' id='line_1_32' title="bbox 245 3230 1829 3316; baseline 0.004 -20"><span class='ocrx_word' id='word_1_243' title='bbox 245 3253 387 3308; x_wconf 83' lang='lat' dir='ltr'><strong>sunt,</strong></span> <span class='ocrx_word' id='word_1_244' title='bbox 417 3230 574 3313; x_wconf 78' lang='lat' dir='ltr'><strong>quain</strong></span> <span class='ocrx_word' id='word_1_245' title='bbox 598 3244 746 3313; x_wconf 87' lang='lat' dir='ltr'><strong>signa</strong></span> <span class='ocrx_word' id='word_1_246' title='bbox 771 3251 827 3299; x_wconf 90' lang='lat' dir='ltr'><strong>et</strong></span> <span class='ocrx_word' id='word_1_247' title='bbox 851 3251 1094 3314; x_wconf 87' lang='lat' dir='ltr'><strong>portenta</strong></span> <span class='ocrx_word' id='word_1_248' title='bbox 1113 3259 1230 3314; x_wconf 71' lang='lat' dir='ltr'><strong>qua:</strong></span> <span class='ocrx_word' id='word_1_249' title='bbox 1252 3245 1303 3299; x_wconf 90' lang='lat' dir='ltr'><strong>in</strong></span> <span class='ocrx_word' id='word_1_250' title='bbox 1330 3244 1446 3316; x_wconf 89' lang='lat' dir='ltr'><strong>ejus</strong></span> <span class='ocrx_word' id='word_1_251' title='bbox 1470 3247 1829 3303; x_wconf 91' lang='lat' dir='ltr'><strong>testimonium</strong></span> 
     </span>
    </p>
   </div>
   <div class='ocr_carea' id='block_1_33' title="bbox 245 3333 1832 3412">
    <p class='ocr_par' dir='ltr' id='par_1_33' title="bbox 245 3333 1832 3412">
     <span class='ocr_line' id='line_1_33' title="bbox 245 3333 1832 3412; baseline 0.005 -24"><span class='ocrx_word' id='word_1_252' title='bbox 245 3343 620 3404; x_wconf 82' lang='lat' dir='ltr'><strong>proruperunt.</strong></span> <span class='ocrx_word' id='word_1_253' title='bbox 652 3333 758 3392; x_wconf 87' lang='lat' dir='ltr'><strong>Sed</strong></span> <span class='ocrx_word' id='word_1_254' title='bbox 785 3335 960 3391; x_wconf 87' lang='lat' dir='ltr'><strong>tamen</strong></span> <span class='ocrx_word' id='word_1_255' title='bbox 995 3335 1260 3405; x_wconf 81' lang='lat' dir='ltr'><strong>homines,</strong></span> <span class='ocrx_word' id='word_1_256' title='bbox 1288 3348 1349 3393; x_wconf 90' lang='lat' dir='ltr'><strong>ut</strong></span> <span class='ocrx_word' id='word_1_257' title='bbox 1377 3338 1490 3394; x_wconf 66' lang='lat' dir='ltr'><strong>haec</strong></span> <span class='ocrx_word' id='word_1_258' title='bbox 1517 3354 1706 3412; x_wconf 87' lang='lat' dir='ltr'><strong>magna</strong></span> <span class='ocrx_word' id='word_1_259' title='bbox 1739 3356 1832 3412; x_wconf 81' lang='lat' dir='ltr'><strong>per</strong></span> 
     </span>
    </p>
   </div>
   <div class='ocr_carea' id='block_1_34' title="bbox 244 3427 1828 3504">
    <p class='ocr_par' dir='ltr' id='par_1_34' title="bbox 244 3427 1828 3504">
     <span class='ocr_line' id='line_1_34' title="bbox 244 3427 1828 3504; baseline 0.006 -24"><span class='ocrx_word' id='word_1_260' title='bbox 244 3442 366 3481; x_wconf 90' lang='lat' dir='ltr'><strong>cum</strong></span> <span class='ocrx_word' id='word_1_261' title='bbox 393 3427 526 3482; x_wconf 88' lang='lat' dir='ltr'><strong>facta</strong></span> <span class='ocrx_word' id='word_1_262' title='bbox 554 3428 699 3497; x_wconf 86' lang='lat' dir='ltr'><strong>parvi</strong></span> <span class='ocrx_word' id='word_1_263' title='bbox 728 3428 1010 3485; x_wconf 88' lang='lat' dir='ltr'><strong>crederent</strong></span> <span class='ocrx_word' id='word_1_264' title='bbox 1029 3429 1079 3496; x_wconf 88' lang='grc'>³,</span> <span class='ocrx_word' id='word_1_265' title='bbox 1107 3429 1198 3484; x_wconf 89' lang='lat' dir='ltr'><strong>illa</strong></span> <span class='ocrx_word' id='word_1_266' title='bbox 1237 3445 1396 3501; x_wconf 87' lang='lat' dir='ltr'><strong>parva</strong></span> <span class='ocrx_word' id='word_1_267' title='bbox 1426 3441 1673 3504; x_wconf 88' lang='lat' dir='ltr'><strong>tanquam</strong></span> <span class='ocrx_word' id='word_1_268' title='bbox 1713 3450 1828 3489; x_wconf 87' lang='lat' dir='ltr'><strong>ma-</strong></span> 
     </span>
    </p>
   </div>
   <div class='ocr_carea' id='block_1_35' title="bbox 243 3529 722 3588">
    <p class='ocr_par' dir='ltr' id='par_1_35' title="bbox 243 3529 722 3588">
     <span class='ocr_line' id='line_1_35' title="bbox 243 3529 722 3588; baseline 0.002 -15"><span class='ocrx_word' id='word_1_269' title='bbox 243 3535 343 3588; x_wconf 75' lang='lat' dir='ltr'><strong>grta</strong></span> <span class='ocrx_word' id='word_1_270' title='bbox 372 3529 722 3576; x_wconf 84' lang='lat' dir='ltr'><strong>tremuerunt.</strong></span> 
     </span>
    </p>
   </div>
   <div class='ocr_carea' id='block_1_36' title="bbox 309 3610 1828 3684">
    <p class='ocr_par' dir='ltr' id='par_1_36' title="bbox 309 3610 1828 3684">
     <span class='ocr_line' id='line_1_36' title="bbox 309 3610 1828 3684; baseline 0.005 -20"><span class='ocrx_word' id='word_1_271' title='bbox 309 3610 404 3667; x_wconf 73' lang='lat'><strong>26.</strong></span> <span class='ocrx_word' id='word_1_272' title='bbox 435 3610 560 3666; x_wconf 83' lang='lat' dir='ltr'><strong>Cum</strong></span> <span class='ocrx_word' id='word_1_273' title='bbox 597 3627 725 3682; x_wconf 89' lang='lat' dir='ltr'><strong>ergo</strong></span> <span class='ocrx_word' id='word_1_274' title='bbox 761 3613 890 3666; x_wconf 86' lang='lat' dir='ltr'><strong>venit</strong></span> <span class='ocrx_word' id='word_1_275' title='bbox 924 3612 1182 3682; x_wconf 81' lang='lat' dir='ltr'><strong>plenitudo</strong></span> <span class='ocrx_word' id='word_1_276' title='bbox 1217 3614 1454 3684; x_wconf 89' lang='lat' dir='ltr'><strong>temporis</strong></span> <span class='ocrx_word' id='word_1_277' title='bbox 1472 3656 1488 3681; x_wconf 91' lang='lat'><strong>,</strong></span> <span class='ocrx_word' id='word_1_278' title='bbox 1517 3615 1654 3670; x_wconf 84' lang='lat' dir='ltr'><strong>misit</strong></span> <span class='ocrx_word' id='word_1_279' title='bbox 1692 3615 1828 3672; x_wconf 85' lang='lat' dir='ltr'><strong>Deus</strong></span> 
     </span>
    </p>
   </div>
   <div class='ocr_carea' id='block_1_37' title="bbox 244 3702 1826 3778">
    <p class='ocr_par' dir='ltr' id='par_1_37' title="bbox 244 3702 1826 3778">
     <span class='ocr_line' id='line_1_37' title="bbox 244 3702 1826 3778; baseline 0.003 -21"><span class='ocrx_word' id='word_1_280' title='bbox 244 3702 440 3758; x_wconf 77' lang='lat' dir='ltr'><strong>Filium</strong></span> <span class='ocrx_word' id='word_1_281' title='bbox 467 3721 614 3759; x_wconf 86' lang='lat' dir='ltr'><strong>suum</strong></span> <span class='ocrx_word' id='word_1_282' title='bbox 638 3704 825 3774; x_wconf 76' lang='lat' dir='ltr'><strong>fectant</strong></span> <span class='ocrx_word' id='word_1_283' title='bbox 849 3720 910 3759; x_wconf 86' lang='lat' dir='ltr'><strong>ea:</strong></span> <span class='ocrx_word' id='word_1_284' title='bbox 937 3705 1161 3772; x_wconf 84' lang='lat' dir='ltr'><strong>muliere,</strong></span> <span class='ocrx_word' id='word_1_285' title='bbox 1194 3705 1386 3774; x_wconf 80' lang='lat' dir='ltr'><strong>factum</strong></span> <span class='ocrx_word' id='word_1_286' title='bbox 1413 3706 1503 3760; x_wconf 85' lang='lat' dir='ltr'><strong>sub</strong></span> <span class='ocrx_word' id='word_1_287' title='bbox 1530 3705 1666 3778; x_wconf 88' lang='lat' dir='ltr'><strong>Lege</strong></span> <span class='ocrx_word' id='word_1_288' title='bbox 1693 3707 1826 3777; x_wconf 83' lang='lat' dir='ltr'><strong>(Ga-</strong></span> 
     </span>
    </p>
   </div>
   <div class='ocr_carea' id='block_1_38' title="bbox 243 3796 1827 3871">
    <p class='ocr_par' dir='ltr' id='par_1_38' title="bbox 243 3796 1827 3871">
     <span class='ocr_line' id='line_1_38' title="bbox 243 3796 1827 3871; baseline 0.003 -21"><span class='ocrx_word' id='word_1_289' title='bbox 243 3796 331 3850; x_wconf 65' lang='grc' dir='ltr'><strong>ιον.</strong></span> <span class='ocrx_word' id='word_1_290' title='bbox 364 3813 438 3864; x_wconf 74' lang='grc' dir='ltr'><strong>ιν,</strong></span> <span class='ocrx_word' id='word_1_291' title='bbox 469 3796 555 3867; x_wconf 76' lang='grc'><strong>4);</strong></span> <span class='ocrx_word' id='word_1_292' title='bbox 585 3811 750 3868; x_wconf 90' lang='lat' dir='ltr'><strong>usque</strong></span> <span class='ocrx_word' id='word_1_293' title='bbox 777 3797 912 3852; x_wconf 89' lang='lat' dir='ltr'><strong>adeo</strong></span> <span class='ocrx_word' id='word_1_294' title='bbox 939 3813 1188 3867; x_wconf 88' lang='lat' dir='ltr'><strong>parvum,</strong></span> <span class='ocrx_word' id='word_1_295' title='bbox 1219 3806 1276 3852; x_wconf 91' lang='lat' dir='ltr'><strong>ut</strong></span> <span class='ocrx_word' id='word_1_296' title='bbox 1302 3802 1492 3870; x_wconf 74' lang='lat' dir='ltr'><strong>factum</strong></span> <span class='ocrx_word' id='word_1_297' title='bbox 1512 3812 1534 3864; x_wconf 86' lang='lat'><strong>;</strong></span> <span class='ocrx_word' id='word_1_298' title='bbox 1557 3813 1623 3855; x_wconf 92' lang='lat' dir='ltr'><strong>eo</strong></span> <span class='ocrx_word' id='word_1_299' title='bbox 1648 3800 1827 3871; x_wconf 87' lang='lat' dir='ltr'><strong>itaque</strong></span> 
     </span>
    </p>
   </div>
   <div class='ocr_carea' id='block_1_39' title="bbox 243 3889 1823 3960">
    <p class='ocr_par' dir='ltr' id='par_1_39' title="bbox 243 3889 1823 3960">
     <span class='ocr_line' id='line_1_39' title="bbox 243 3889 1823 3960; baseline 0.002 -17"><span class='ocrx_word' id='word_1_300' title='bbox 243 3889 462 3944; x_wconf 87' lang='lat' dir='ltr'><strong>missum</strong></span> <span class='ocrx_word' id='word_1_301' title='bbox 485 3933 499 3953; x_wconf 85' lang='lat'><strong>,</strong></span> <span class='ocrx_word' id='word_1_302' title='bbox 530 3904 636 3960; x_wconf 92' lang='lat' dir='ltr'><strong>quo</strong></span> <span class='ocrx_word' id='word_1_303' title='bbox 663 3891 872 3959; x_wconf 78' lang='lat' dir='ltr'><strong>factum.</strong></span> <span class='ocrx_word' id='word_1_304' title='bbox 903 3889 960 3944; x_wconf 88' lang='lat' dir='ltr'><strong>Si</strong></span> <span class='ocrx_word' id='word_1_305' title='bbox 989 3904 1117 3960; x_wconf 90' lang='lat' dir='ltr'><strong>ergo</strong></span> <span class='ocrx_word' id='word_1_306' title='bbox 1142 3889 1312 3959; x_wconf 91' lang='lat' dir='ltr'><strong>major</strong></span> <span class='ocrx_word' id='word_1_307' title='bbox 1336 3890 1496 3945; x_wconf 91' lang='lat' dir='ltr'><strong>mittit</strong></span> <span class='ocrx_word' id='word_1_308' title='bbox 1528 3891 1786 3946; x_wconf 90' lang='lat' dir='ltr'><strong>minorem</strong></span> <span class='ocrx_word' id='word_1_309' title='bbox 1807 3935 1823 3960; x_wconf 90' lang='lat'><strong>,</strong></span> 
     </span>
    </p>
   </div>
   <div class='ocr_carea' id='block_1_40' title="bbox 243 3965 1822 4048">
    <p class='ocr_par' dir='ltr' id='par_1_40' title="bbox 243 3965 1822 4048">
     <span class='ocr_line' id='line_1_40' title="bbox 243 3965 1822 4048; baseline 0 -12"><span class='ocrx_word' id='word_1_310' title='bbox 243 3981 470 4038; x_wconf 82' lang='lat' dir='ltr'><strong>fatemur</strong></span> <span class='ocrx_word' id='word_1_311' title='bbox 498 3990 552 4038; x_wconf 93' lang='lat' dir='ltr'><strong>et</strong></span> <span class='ocrx_word' id='word_1_312' title='bbox 581 3997 677 4038; x_wconf 92' lang='lat' dir='ltr'><strong>nos</strong></span> <span class='ocrx_word' id='word_1_313' title='bbox 703 3981 896 4037; x_wconf 90' lang='lat' dir='ltr'><strong>factum</strong></span> <span class='ocrx_word' id='word_1_314' title='bbox 925 3982 1185 4036; x_wconf 88' lang='lat' dir='ltr'><strong>minorem</strong></span> <span class='ocrx_word' id='word_1_315' title='bbox 1205 4023 1221 4048; x_wconf 92' lang='lat'><strong>,</strong></span> <span class='ocrx_word' id='word_1_316' title='bbox 1247 3989 1302 4036; x_wconf 92' lang='lat' dir='ltr'><strong>et</strong></span> <span class='ocrx_word' id='word_1_317' title='bbox 1334 3982 1386 4036; x_wconf 91' lang='lat' dir='ltr'><strong>in</strong></span> <span class='ocrx_word' id='word_1_318' title='bbox 1417 3990 1617 4037; x_wconf 90' lang='lat' dir='ltr'><strong>tantum</strong></span> <span class='ocrx_word' id='word_1_319' title='bbox 1651 3965 1822 4038; x_wconf 81' lang='lat' dir='ltr'><strong>mino-</strong></span> 
     </span>
    </p>
   </div>
   <div class='ocr_carea' id='block_1_41' title="bbox 239 4070 1826 4144">
    <p class='ocr_par' dir='ltr' id='par_1_41' title="bbox 239 4070 1826 4144">
     <span class='ocr_line' id='line_1_41' title="bbox 239 4070 1826 4144; baseline -0.001 -16"><span class='ocrx_word' id='word_1_320' title='bbox 239 4087 354 4129; x_wconf 88' lang='lat' dir='ltr'><strong>rem</strong></span> <span class='ocrx_word' id='word_1_321' title='bbox 377 4075 429 4129; x_wconf 90' lang='lat' dir='ltr'><strong>in</strong></span> <span class='ocrx_word' id='word_1_322' title='bbox 450 4083 705 4144; x_wconf 90' lang='lat' dir='ltr'><strong>quantum</strong></span> <span class='ocrx_word' id='word_1_323' title='bbox 730 4072 947 4138; x_wconf 85' lang='lat' dir='ltr'><strong>faetum,</strong></span> <span class='ocrx_word' id='word_1_324' title='bbox 970 4080 1025 4127; x_wconf 91' lang='lat' dir='ltr'><strong>et</strong></span> <span class='ocrx_word' id='word_1_325' title='bbox 1053 4072 1106 4126; x_wconf 89' lang='lat' dir='ltr'><strong>in</strong></span> <span class='ocrx_word' id='word_1_326' title='bbox 1133 4080 1334 4127; x_wconf 88' lang='lat' dir='ltr'><strong>tantum</strong></span> <span class='ocrx_word' id='word_1_327' title='bbox 1364 4070 1557 4127; x_wconf 88' lang='lat' dir='ltr'><strong>factum</strong></span> <span class='ocrx_word' id='word_1_328' title='bbox 1585 4073 1637 4127; x_wconf 91' lang='lat' dir='ltr'><strong>in</strong></span> <span class='ocrx_word' id='word_1_329' title='bbox 1658 4089 1826 4142; x_wconf 84' lang='lat' dir='ltr'><strong>quau-</strong></span> 
     </span>
    </p>
   </div>
   <div class='ocr_carea' id='block_1_42' title="bbox 241 4161 1823 4232">
    <p class='ocr_par' dir='ltr' id='par_1_42' title="bbox 241 4161 1823 4232">
     <span class='ocr_line' id='line_1_42' title="bbox 241 4161 1823 4232; baseline -0.001 -13"><span class='ocrx_word' id='word_1_330' title='bbox 241 4174 351 4219; x_wconf 91' lang='lat' dir='ltr'><strong>tum</strong></span> <span class='ocrx_word' id='word_1_331' title='bbox 388 4165 631 4220; x_wconf 89' lang='lat' dir='ltr'><strong>missum.</strong></span> <span class='ocrx_word' id='word_1_332' title='bbox 663 4163 805 4218; x_wconf 77' lang='lat' dir='ltr'><strong>Misit</strong></span> <span class='ocrx_word' id='word_1_333' title='bbox 831 4163 973 4218; x_wconf 87' lang='lat' dir='ltr'><strong>enim</strong></span> <span class='ocrx_word' id='word_1_334' title='bbox 1005 4161 1198 4216; x_wconf 88' lang='lat' dir='ltr'><strong>Filium</strong></span> <span class='ocrx_word' id='word_1_335' title='bbox 1226 4177 1374 4216; x_wconf 87' lang='lat' dir='ltr'><strong>suum</strong></span> <span class='ocrx_word' id='word_1_336' title='bbox 1399 4162 1590 4232; x_wconf 79' lang='lat' dir='ltr'><strong>factum</strong></span> <span class='ocrx_word' id='word_1_337' title='bbox 1617 4179 1680 4217; x_wconf 80' lang='lat' dir='ltr'><strong>ea:</strong></span> <span class='ocrx_word' id='word_1_338' title='bbox 1705 4180 1823 4218; x_wconf 85' lang='lat' dir='ltr'><strong>mu-</strong></span> 
     </span>
    </p>
   </div>
   <div class='ocr_carea' id='block_1_43' title="bbox 239 4251 1822 4326">
    <p class='ocr_par' dir='ltr' id='par_1_43' title="bbox 239 4251 1822 4326">
     <span class='ocr_line' id='line_1_43' title="bbox 239 4251 1822 4326; baseline 0.001 -17"><span class='ocrx_word' id='word_1_339' title='bbox 239 4256 394 4323; x_wconf 84' lang='lat' dir='ltr'><strong>liere,</strong></span> <span class='ocrx_word' id='word_1_340' title='bbox 433 4270 532 4326; x_wconf 89' lang='lat' dir='ltr'><strong>per</strong></span> <span class='ocrx_word' id='word_1_341' title='bbox 571 4269 730 4326; x_wconf 86' lang='lat' dir='ltr'><strong>quem</strong></span> <span class='ocrx_word' id='word_1_342' title='bbox 771 4263 948 4310; x_wconf 89' lang='lat' dir='ltr'><strong>tamen</strong></span> <span class='ocrx_word' id='word_1_343' title='bbox 985 4253 1106 4324; x_wconf 89' lang='lat' dir='ltr'><strong>quia</strong></span> <span class='ocrx_word' id='word_1_344' title='bbox 1143 4251 1279 4308; x_wconf 90' lang='lat' dir='ltr'><strong>facta</strong></span> <span class='ocrx_word' id='word_1_345' title='bbox 1312 4262 1436 4308; x_wconf 90' lang='lat' dir='ltr'><strong>sunt</strong></span> <span class='ocrx_word' id='word_1_346' title='bbox 1471 4254 1684 4321; x_wconf 88' lang='lat' dir='ltr'><strong>omnia,</strong></span> <span class='ocrx_word' id='word_1_347' title='bbox 1715 4269 1822 4310; x_wconf 91' lang='lat' dir='ltr'><strong>non</strong></span> 
     </span>
    </p>
   </div>
   <div class='ocr_carea' id='block_1_44' title="bbox 237 4343 1822 4416">
    <p class='ocr_par' dir='ltr' id='par_1_44' title="bbox 237 4343 1822 4416">
     <span class='ocr_line' id='line_1_44' title="bbox 237 4343 1822 4416; baseline 0 -16"><span class='ocrx_word' id='word_1_348' title='bbox 237 4346 413 4400; x_wconf 90' lang='lat' dir='ltr'><strong>solum</strong></span> <span class='ocrx_word' id='word_1_349' title='bbox 453 4346 759 4416; x_wconf 88' lang='lat' dir='ltr'><strong>priusquam</strong></span> <span class='ocrx_word' id='word_1_350' title='bbox 801 4344 970 4400; x_wconf 91' lang='lat' dir='ltr'><strong>factus</strong></span> <span class='ocrx_word' id='word_1_351' title='bbox 1010 4344 1342 4410; x_wconf 88' lang='lat' dir='ltr'><strong>mitteretur,</strong></span> <span class='ocrx_word' id='word_1_352' title='bbox 1383 4343 1477 4399; x_wconf 91' lang='lat' dir='ltr'><strong>sed</strong></span> <span class='ocrx_word' id='word_1_353' title='bbox 1515 4345 1822 4416; x_wconf 80' lang='lat' dir='ltr'><strong>priusquam</strong></span> 
     </span>
    </p>
   </div>
   <div class='ocr_carea' id='block_1_45' title="bbox 237 4433 1820 4506">
    <p class='ocr_par' dir='ltr' id='par_1_45' title="bbox 237 4433 1820 4506">
     <span class='ocr_line' id='line_1_45' title="bbox 237 4433 1820 4506; baseline 0 -14"><span class='ocrx_word' id='word_1_354' title='bbox 237 4437 646 4504; x_wconf 71' lang='lat' dir='ltr'><strong>essent&#39;omnia,</strong></span> <span class='ocrx_word' id='word_1_355' title='bbox 675 4434 921 4491; x_wconf 88' lang='lat' dir='ltr'><strong>eumdem</strong></span> <span class='ocrx_word' id='word_1_356' title='bbox 945 4433 1176 4490; x_wconf 90' lang='lat' dir='ltr'><strong>mittenti</strong></span> <span class='ocrx_word' id='word_1_357' title='bbox 1199 4433 1514 4490; x_wconf 72' lang='lat' dir='ltr'><strong>confitemur</strong></span> <span class='ocrx_word' id='word_1_358' title='bbox 1541 4437 1820 4506; x_wconf 83' lang='lat' dir='ltr'><strong>aequalem,</strong></span> 
     </span>
    </p>
   </div>
   <div class='ocr_carea' id='block_1_46' title="bbox 236 4525 1823 4599">
    <p class='ocr_par' dir='ltr' id='par_1_46' title="bbox 236 4525 1823 4599">
     <span class='ocr_line' id='line_1_46' title="bbox 236 4525 1823 4599; baseline -0.001 -15"><span class='ocrx_word' id='word_1_359' title='bbox 236 4544 396 4599; x_wconf 88' lang='lat' dir='ltr'><strong>quem</strong></span> <span class='ocrx_word' id='word_1_360' title='bbox 423 4527 650 4584; x_wconf 87' lang='lat' dir='ltr'><strong>dicimus</strong></span> <span class='ocrx_word' id='word_1_361' title='bbox 677 4527 897 4583; x_wconf 90' lang='lat' dir='ltr'><strong>missum</strong></span> <span class='ocrx_word' id='word_1_362' title='bbox 926 4525 1208 4582; x_wconf 89' lang='lat' dir='ltr'><strong>minorem.</strong></span> <span class='ocrx_word' id='word_1_363' title='bbox 1239 4525 1517 4593; x_wconf 86' lang='lat' dir='ltr'><strong>Quomodo</strong></span> <span class='ocrx_word' id='word_1_364' title='bbox 1543 4541 1672 4597; x_wconf 91' lang='lat' dir='ltr'><strong>ergo</strong></span> <span class='ocrx_word' id='word_1_365' title='bbox 1699 4538 1823 4582; x_wconf 87' lang='lat' dir='ltr'><strong>ante</strong></span> 
     </span>
    </p>
   </div>
   <div class='ocr_carea' id='block_1_47' title="bbox 235 4617 1821 4689">
    <p class='ocr_par' dir='ltr' id='par_1_47' title="bbox 235 4617 1821 4689">
     <span class='ocr_line' id='line_1_47' title="bbox 235 4617 1821 4689; baseline 0.001 -14"><span class='ocrx_word' id='word_1_366' title='bbox 235 4621 393 4675; x_wconf 83' lang='lat' dir='ltr'><strong>istam</strong></span> <span class='ocrx_word' id='word_1_367' title='bbox 428 4617 811 4689; x_wconf 89' lang='lat' dir='ltr'><strong>plenitudinem</strong></span> <span class='ocrx_word' id='word_1_368' title='bbox 841 4617 1125 4689; x_wconf 85' lang='lat' dir='ltr'><strong>temporis,</strong></span> <span class='ocrx_word' id='word_1_369' title='bbox 1155 4631 1258 4687; x_wconf 92' lang='lat' dir='ltr'><strong>qua</strong></span> <span class='ocrx_word' id='word_1_370' title='bbox 1288 4631 1410 4672; x_wconf 91' lang='lat' dir='ltr'><strong>eum</strong></span> <span class='ocrx_word' id='word_1_371' title='bbox 1439 4617 1577 4672; x_wconf 90' lang='lat' dir='ltr'><strong>mitti</strong></span> <span class='ocrx_word' id='word_1_372' title='bbox 1603 4630 1821 4689; x_wconf 77' lang='lat' dir='ltr'><strong>Oporte-</strong></span> 
     </span>
    </p>
   </div>
   <div class='ocr_carea' id='block_1_48' title="bbox 233 4709 1818 4783">
    <p class='ocr_par' dir='ltr' id='par_1_48' title="bbox 233 4709 1818 4783">
     <span class='ocr_line' id='line_1_48' title="bbox 233 4709 1818 4783; baseline 0 -16"><span class='ocrx_word' id='word_1_373' title='bbox 233 4713 347 4780; x_wconf 88' lang='lat' dir='ltr'><strong>bat,</strong></span> <span class='ocrx_word' id='word_1_374' title='bbox 377 4713 684 4783; x_wconf 88' lang='lat' dir='ltr'><strong>priusquam</strong></span> <span class='ocrx_word' id='word_1_375' title='bbox 711 4711 906 4767; x_wconf 92' lang='lat' dir='ltr'><strong>missus</strong></span> <span class='ocrx_word' id='word_1_376' title='bbox 933 4718 1077 4766; x_wconf 88' lang='lat' dir='ltr'><strong>esset</strong></span> <span class='ocrx_word' id='word_1_377' title='bbox 1102 4709 1267 4764; x_wconf 81' lang='lat' dir='ltr'><strong>videri</strong></span> <span class='ocrx_word' id='word_1_378' title='bbox 1297 4725 1326 4764; x_wconf 92' lang='lat' dir='ltr'><strong>a</strong></span> <span class='ocrx_word' id='word_1_379' title='bbox 1356 4709 1601 4765; x_wconf 90' lang='lat' dir='ltr'><strong>Patribus</strong></span> <span class='ocrx_word' id='word_1_380' title='bbox 1631 4713 1818 4781; x_wconf 88' lang='lat' dir='ltr'><strong>potuit,</strong></span> 
     </span>
    </p>
   </div>
   <div class='ocr_carea' id='block_1_49' title="bbox 230 4801 1824 4876">
    <p class='ocr_par' dir='ltr' id='par_1_49' title="bbox 230 4801 1824 4876">
     <span class='ocr_line' id='line_1_49' title="bbox 230 4801 1824 4876; baseline -0.002 -15"><span class='ocrx_word' id='word_1_381' title='bbox 230 4821 352 4861; x_wconf 92' lang='lat' dir='ltr'><strong>cum</strong></span> <span class='ocrx_word' id='word_1_382' title='bbox 376 4805 456 4861; x_wconf 88' lang='lat' dir='ltr'><strong>eis</strong></span> <span class='ocrx_word' id='word_1_383' title='bbox 475 4803 712 4876; x_wconf 87' lang='lat' dir='ltr'><strong>angelica</strong></span> <span class='ocrx_word' id='word_1_384' title='bbox 734 4801 976 4874; x_wconf 67' lang='lat' dir='ltr'><strong>quredam</strong></span> <span class='ocrx_word' id='word_1_385' title='bbox 998 4801 1113 4856; x_wconf 84' lang='lat' dir='ltr'><strong>visa</strong></span> <span class='ocrx_word' id='word_1_386' title='bbox 1133 4801 1644 4866; x_wconf 87' lang='lat' dir='ltr'><strong>demonstrarentur,</strong></span> <span class='ocrx_word' id='word_1_387' title='bbox 1664 4818 1824 4872; x_wconf 89' lang='lat' dir='ltr'><strong>quau-</strong></span> 
     </span>
    </p>
   </div>
   <div class='ocr_carea' id='block_1_50' title="bbox 229 4892 1822 4965">
    <p class='ocr_par' dir='ltr' id='par_1_50' title="bbox 229 4892 1822 4965">
     <span class='ocr_line' id='line_1_50' title="bbox 229 4892 1822 4965; baseline -0.001 -15"><span class='ocrx_word' id='word_1_388' title='bbox 229 4897 300 4950; x_wconf 92' lang='lat' dir='ltr'><strong>do</strong></span> <span class='ocrx_word' id='word_1_389' title='bbox 328 4910 433 4951; x_wconf 89' lang='lat' dir='ltr'><strong>nec</strong></span> <span class='ocrx_word' id='word_1_390' title='bbox 457 4895 568 4965; x_wconf 90' lang='lat' dir='ltr'><strong>jam</strong></span> <span class='ocrx_word' id='word_1_391' title='bbox 595 4895 792 4950; x_wconf 90' lang='lat' dir='ltr'><strong>missus</strong></span> <span class='ocrx_word' id='word_1_392' title='bbox 821 4895 959 4949; x_wconf 91' lang='lat' dir='ltr'><strong>sicut</strong></span> <span class='ocrx_word' id='word_1_393' title='bbox 984 4893 1201 4963; x_wconf 63' lang='lat' dir='ltr'><strong>aequalis</strong></span> <span class='ocrx_word' id='word_1_394' title='bbox 1225 4902 1307 4947; x_wconf 91' lang='lat' dir='ltr'><strong>est</strong></span> <span class='ocrx_word' id='word_1_395' title='bbox 1337 4893 1477 4948; x_wconf 88' lang='lat' dir='ltr'><strong>Patri</strong></span> <span class='ocrx_word' id='word_1_396' title='bbox 1506 4892 1822 4948; x_wconf 84' lang='lat' dir='ltr'><strong>videbatur?</strong></span> 
     </span>
    </p>
   </div>
   <div class='ocr_carea' id='block_1_51' title="bbox 232 4985 1820 5056">
    <p class='ocr_par' dir='ltr' id='par_1_51' title="bbox 232 4985 1820 5056">
     <span class='ocr_line' id='line_1_51' title="bbox 232 4985 1820 5056; baseline 0 -14"><span class='ocrx_word' id='word_1_397' title='bbox 232 4987 388 5044; x_wconf 86' lang='lat' dir='ltr'><strong>Unde</strong></span> <span class='ocrx_word' id='word_1_398' title='bbox 417 4989 560 5044; x_wconf 90' lang='lat' dir='ltr'><strong>enim</strong></span> <span class='ocrx_word' id='word_1_399' title='bbox 585 4987 715 5042; x_wconf 87' lang='lat' dir='ltr'><strong>dicit</strong></span> <span class='ocrx_word' id='word_1_400' title='bbox 740 4985 987 5056; x_wconf 89' lang='lat' dir='ltr'><strong>Philippo</strong></span> <span class='ocrx_word' id='word_1_401' title='bbox 1005 5026 1021 5052; x_wconf 98' lang='lat'><strong>,</strong></span> <span class='ocrx_word' id='word_1_402' title='bbox 1049 4999 1080 5039; x_wconf 91' lang='lat' dir='ltr'><strong>a</strong></span> <span class='ocrx_word' id='word_1_403' title='bbox 1106 4999 1212 5054; x_wconf 92' lang='lat' dir='ltr'><strong>quo</strong></span> <span class='ocrx_word' id='word_1_404' title='bbox 1238 4985 1420 5054; x_wconf 85' lang='lat' dir='ltr'><strong>utique</strong></span> <span class='ocrx_word' id='word_1_405' title='bbox 1446 4985 1584 5041; x_wconf 91' lang='lat' dir='ltr'><strong>sicut</strong></span> <span class='ocrx_word' id='word_1_406' title='bbox 1604 4999 1636 5040; x_wconf 89' lang='lat' dir='ltr'><strong>a</strong></span> <span class='ocrx_word' id='word_1_407' title='bbox 1659 4997 1820 5042; x_wconf 81' lang='lat' dir='ltr'><strong>caete-</strong></span> 
     </span>
    </p>
   </div>
   <div class='ocr_carea' id='block_1_52' title="bbox 231 5076 1818 5151">
    <p class='ocr_par' dir='ltr' id='par_1_52' title="bbox 231 5076 1818 5151">
     <span class='ocr_line' id='line_1_52' title="bbox 231 5076 1818 5151; baseline -0.003 -15"><span class='ocrx_word' id='word_1_408' title='bbox 231 5083 326 5147; x_wconf 89' lang='lat' dir='ltr'><strong>ris,</strong></span> <span class='ocrx_word' id='word_1_409' title='bbox 355 5090 414 5137; x_wconf 86' lang='lat' dir='ltr'><strong>et</strong></span> <span class='ocrx_word' id='word_1_410' title='bbox 438 5080 506 5135; x_wconf 84' lang='lat' dir='ltr'><strong>ab</strong></span> <span class='ocrx_word' id='word_1_411' title='bbox 535 5080 664 5150; x_wconf 83' lang='lat' dir='ltr'><strong>ipsis</strong></span> <span class='ocrx_word' id='word_1_412' title='bbox 691 5094 720 5133; x_wconf 89' lang='lat' dir='ltr'><strong>a</strong></span> <span class='ocrx_word' id='word_1_413' title='bbox 747 5078 938 5151; x_wconf 90' lang='lat' dir='ltr'><strong>quibus</strong></span> <span class='ocrx_word' id='word_1_414' title='bbox 965 5076 1250 5133; x_wconf 89' lang='lat' dir='ltr'><strong>cruciﬁxus</strong></span> <span class='ocrx_word' id='word_1_415' title='bbox 1277 5083 1360 5130; x_wconf 91' lang='lat' dir='ltr'><strong>est</strong></span> <span class='ocrx_word' id='word_1_416' title='bbox 1395 5077 1448 5132; x_wconf 90' lang='lat' dir='ltr'><strong>in</strong></span> <span class='ocrx_word' id='word_1_417' title='bbox 1484 5092 1646 5133; x_wconf 89' lang='lat' dir='ltr'><strong>carne</strong></span> <span class='ocrx_word' id='word_1_418' title='bbox 1669 5077 1818 5132; x_wconf 88' lang='lat' dir='ltr'><strong>vide-</strong></span> 
     </span>
    </p>
   </div>
   <div class='ocr_carea' id='block_1_53' title="bbox 229 5169 1820 5242">
    <p class='ocr_par' dir='ltr' id='par_1_53' title="bbox 229 5169 1820 5242">
     <span class='ocr_line' id='line_1_53' title="bbox 229 5169 1820 5242; baseline -0.004 -13"><span class='ocrx_word' id='word_1_419' title='bbox 229 5175 413 5240; x_wconf 85' lang='lat' dir='ltr'><strong>batur,</strong></span> <span class='ocrx_word' id='word_1_420' title='bbox 443 5172 607 5228; x_wconf 84' lang='lat' dir='ltr'><strong>Tanto</strong></span> <span class='ocrx_word' id='word_1_421' title='bbox 633 5181 854 5242; x_wconf 87' lang='lat' dir='ltr'><strong>tempore</strong></span> <span class='ocrx_word' id='word_1_422' title='bbox 878 5169 1290 5232; x_wconf 77' lang='lat' dir='ltr'><strong>vobiscumsum,</strong></span> <span class='ocrx_word' id='word_1_423' title='bbox 1318 5176 1365 5221; x_wconf 85' lang='lat' dir='ltr'><strong>et</strong></span> <span class='ocrx_word' id='word_1_424' title='bbox 1394 5184 1495 5238; x_wconf 87' lang='lat' dir='ltr'><strong>non</strong></span> <span class='ocrx_word' id='word_1_425' title='bbox 1521 5170 1820 5239; x_wconf 83' lang='lat' dir='ltr'><strong>cognovistis</strong></span> 
     </span>
    </p>
   </div>
   <div class='ocr_carea' id='block_1_54' title="bbox 230 5257 1818 5335">
    <p class='ocr_par' dir='ltr' id='par_1_54' title="bbox 230 5257 1818 5335">
     <span class='ocr_line' id='line_1_54' title="bbox 230 5257 1818 5335; baseline -0.001 -19"><span class='ocrx_word' id='word_1_426' title='bbox 230 5264 350 5318; x_wconf 81' lang='lat' dir='ltr'><strong>me?</strong></span> <span class='ocrx_word' id='word_1_427' title='bbox 381 5263 653 5335; x_wconf 82' lang='lat' dir='ltr'><strong>Philippe,</strong></span> <span class='ocrx_word' id='word_1_428' title='bbox 678 5264 764 5333; x_wconf 86' lang='lat' dir='ltr'><strong>qui</strong></span> <span class='ocrx_word' id='word_1_429' title='bbox 793 5278 872 5316; x_wconf 89' lang='lat' dir='ltr'><strong>me</strong></span> <span class='ocrx_word' id='word_1_430' title='bbox 898 5260 1050 5325; x_wconf 82' lang='lat' dir='ltr'><strong>uidit,</strong></span> <span class='ocrx_word' id='word_1_431' title='bbox 1083 5259 1206 5312; x_wconf 79' lang='lat' dir='ltr'><strong>uidit</strong></span> <span class='ocrx_word' id='word_1_432' title='bbox 1229 5268 1276 5312; x_wconf 89' lang='lat' dir='ltr'><strong>et</strong></span> <span class='ocrx_word' id='word_1_433' title='bbox 1300 5257 1543 5323; x_wconf 86' lang='lat' dir='ltr'><strong>Patrem;</strong></span> <span class='ocrx_word' id='word_1_434' title='bbox 1573 5259 1670 5314; x_wconf 88' lang='lat' dir='ltr'><strong>nisi</strong></span> <span class='ocrx_word' id='word_1_435' title='bbox 1698 5261 1818 5330; x_wconf 86' lang='lat' dir='ltr'><strong>quia</strong></span> 
     </span>
    </p>
   </div>
   <div class='ocr_carea' id='block_1_55' title="bbox 228 5349 1819 5422">
    <p class='ocr_par' dir='ltr' id='par_1_55' title="bbox 228 5349 1819 5422">
     <span class='ocr_line' id='line_1_55' title="bbox 228 5349 1819 5422; baseline -0.002 -13"><span class='ocrx_word' id='word_1_436' title='bbox 228 5356 536 5422; x_wconf 79' lang='lat' dir='ltr'><strong>videbatur,</strong></span> <span class='ocrx_word' id='word_1_437' title='bbox 566 5363 622 5410; x_wconf 92' lang='lat' dir='ltr'><strong>et</strong></span> <span class='ocrx_word' id='word_1_438' title='bbox 655 5368 760 5409; x_wconf 91' lang='lat' dir='ltr'><strong>non</strong></span> <span class='ocrx_word' id='word_1_439' title='bbox 789 5351 1104 5408; x_wconf 77' lang='lat' dir='ltr'><strong>videbatur?</strong></span> <span class='ocrx_word' id='word_1_440' title='bbox 1135 5349 1423 5405; x_wconf 82' lang='lat' dir='ltr'><strong>Videbatur</strong></span> <span class='ocrx_word' id='word_1_441' title='bbox 1457 5351 1592 5405; x_wconf 86' lang='lat' dir='ltr'><strong>sicut</strong></span> <span class='ocrx_word' id='word_1_442' title='bbox 1627 5351 1819 5406; x_wconf 79' lang='lat' dir='ltr'><strong>missus</strong></span> 
     </span>
    </p>
   </div>
   <div class='ocr_carea' id='block_1_56' title="bbox 230 5444 1817 5512">
    <p class='ocr_par' dir='ltr' id='par_1_56' title="bbox 230 5444 1817 5512">
     <span class='ocr_line' id='line_1_56' title="bbox 230 5444 1817 5512; baseline -0.005 -9"><span class='ocrx_word' id='word_1_443' title='bbox 230 5449 405 5505; x_wconf 84' lang='lat' dir='ltr'><strong>factus</strong></span> <span class='ocrx_word' id='word_1_444' title='bbox 433 5448 626 5512; x_wconf 87' lang='lat' dir='ltr'><strong>fuerat,</strong></span> <span class='ocrx_word' id='word_1_445' title='bbox 659 5463 764 5503; x_wconf 90' lang='lat' dir='ltr'><strong>non</strong></span> <span class='ocrx_word' id='word_1_446' title='bbox 798 5446 1074 5502; x_wconf 87' lang='lat' dir='ltr'><strong>videbatur</strong></span> <span class='ocrx_word' id='word_1_447' title='bbox 1098 5444 1234 5499; x_wconf 90' lang='lat' dir='ltr'><strong>sicut</strong></span> <span class='ocrx_word' id='word_1_448' title='bbox 1260 5458 1354 5512; x_wconf 90' lang='lat' dir='ltr'><strong>per</strong></span> <span class='ocrx_word' id='word_1_449' title='bbox 1383 5458 1503 5498; x_wconf 91' lang='lat' dir='ltr'><strong>eum</strong></span> <span class='ocrx_word' id='word_1_450' title='bbox 1535 5445 1710 5496; x_wconf 84' lang='lat' dir='ltr'><strong>omnia</strong></span> <span class='ocrx_word' id='word_1_451' title='bbox 1740 5444 1817 5495; x_wconf 82' lang='lat' dir='ltr'><strong>fa-</strong></span> 
     </span>
    </p>
   </div>
   <div class='ocr_carea' id='block_1_57' title="bbox 229 5533 1816 5600">
    <p class='ocr_par' dir='ltr' id='par_1_57' title="bbox 229 5533 1816 5600">
     <span class='ocr_line' id='line_1_57' title="bbox 229 5533 1816 5600; baseline -0.005 -6"><span class='ocrx_word' id='word_1_452' title='bbox 229 5552 314 5594; x_wconf 86' lang='lat' dir='ltr'><strong>cta</strong></span> <span class='ocrx_word' id='word_1_453' title='bbox 344 5548 518 5595; x_wconf 84' lang='lat' dir='ltr'><strong>erant.</strong></span> <span class='ocrx_word' id='word_1_454' title='bbox 551 5539 654 5593; x_wconf 82' lang='lat' dir='ltr'><strong>Aut</strong></span> <span class='ocrx_word' id='word_1_455' title='bbox 683 5537 822 5592; x_wconf 90' lang='lat' dir='ltr'><strong>unde</strong></span> <span class='ocrx_word' id='word_1_456' title='bbox 850 5537 1010 5592; x_wconf 88' lang='lat' dir='ltr'><strong>etiam</strong></span> <span class='ocrx_word' id='word_1_457' title='bbox 1038 5535 1162 5590; x_wconf 88' lang='lat' dir='ltr'><strong>illud</strong></span> <span class='ocrx_word' id='word_1_458' title='bbox 1191 5533 1338 5599; x_wconf 86' lang='lat' dir='ltr'><strong>dicit,</strong></span> <span class='ocrx_word' id='word_1_459' title='bbox 1371 5533 1470 5600; x_wconf 84' lang='lat' dir='ltr'><strong>Qui</strong></span> <span class='ocrx_word' id='word_1_460' title='bbox 1499 5534 1644 5588; x_wconf 83' lang='lat' dir='ltr'><strong>habet</strong></span> <span class='ocrx_word' id='word_1_461' title='bbox 1673 5551 1816 5586; x_wconf 82' lang='lat' dir='ltr'><strong>man-</strong></span> 
     </span>
    </p>
   </div>
   <div class='ocr_carea' id='block_1_58' title="bbox 296 5676 1817 5794">
    <p class='ocr_par' dir='ltr' id='par_1_58' title="bbox 296 5676 1817 5794">
     <span class='ocr_line' id='line_1_58' title="bbox 296 5676 1817 5794; baseline -0.003 -11"><span class='ocrx_word' id='word_1_462' title='bbox 296 5676 317 5768; x_wconf 60' lang='lat'>:</span> <span class='ocrx_word' id='word_1_463' title='bbox 342 5679 894 5793; x_wconf 48' lang='grc' dir='ltr'><strong>ἷξὲἒιιῗδιίῦηεὲξᾶετειαν,</strong></span> <span class='ocrx_word' id='word_1_464' title='bbox 911 5731 1029 5782; x_wconf 81' lang='lat' dir='ltr'><strong>editi</strong></span> <span class='ocrx_word' id='word_1_465' title='bbox 1051 5730 1250 5789; x_wconf 88' lang='lat' dir='ltr'><strong>addunt,</strong></span> <span class='ocrx_word' id='word_1_466' title='bbox 1271 5728 1351 5780; x_wconf 89' lang='lat' dir='ltr'><strong>ille</strong></span> <span class='ocrx_word' id='word_1_467' title='bbox 1369 5729 1434 5779; x_wconf 89' lang='lat' dir='ltr'><strong>ita</strong></span> <span class='ocrx_word' id='word_1_468' title='bbox 1453 5741 1674 5794; x_wconf 80' lang='lat' dir='ltr'><strong>magnus;</strong></span> <span class='ocrx_word' id='word_1_469' title='bbox 1691 5729 1817 5792; x_wconf 89' lang='lat' dir='ltr'><strong>quod</strong></span> 
     </span>
    </p>
   </div>
   <div class='ocr_carea' id='block_1_59' title="bbox 233 5799 755 5847">
    <p class='ocr_par' dir='ltr' id='par_1_59' title="bbox 233 5799 755 5847">
     <span class='ocr_line' id='line_1_59' title="bbox 233 5799 755 5847; baseline -0.008 0"><span class='ocrx_word' id='word_1_470' title='bbox 233 5799 412 5847; x_wconf 85' lang='lat' dir='ltr'><strong>merito</strong></span> <span class='ocrx_word' id='word_1_471' title='bbox 435 5799 577 5845; x_wconf 84' lang='lat' dir='ltr'><strong>abest</strong></span> <span class='ocrx_word' id='word_1_472' title='bbox 598 5809 626 5844; x_wconf 85' lang='lat' dir='ltr'><strong>a</strong></span> <span class='ocrx_word' id='word_1_473' title='bbox 648 5803 755 5844; x_wconf 78' lang='lat' dir='ltr'><strong>Mss.</strong></span> 
     </span>
    </p>
   </div>
   <div class='ocr_carea' id='block_1_60' title="bbox 301 5853 1474 5919">
    <p class='ocr_par' dir='ltr' id='par_1_60' title="bbox 301 5853 1474 5919">
     <span class='ocr_line' id='line_1_60' title="bbox 301 5853 1474 5919; baseline -0.002 -11"><span class='ocrx_word' id='word_1_474' title='bbox 301 5863 319 5891; x_wconf 87' lang='grc'><strong>³</strong></span> <span class='ocrx_word' id='word_1_475' title='bbox 345 5870 444 5908; x_wconf 79' lang='lat' dir='ltr'><strong>Am.</strong></span> <span class='ocrx_word' id='word_1_476' title='bbox 472 5865 546 5906; x_wconf 71' lang='lat' dir='ltr'><strong>Er.</strong></span> <span class='ocrx_word' id='word_1_477' title='bbox 575 5864 626 5906; x_wconf 87' lang='lat' dir='ltr'><strong>et</strong></span> <span class='ocrx_word' id='word_1_478' title='bbox 643 5869 794 5919; x_wconf 71' lang='grc' dir='ltr'><strong>ιιι-ονε</strong></span> <span class='ocrx_word' id='word_1_479' title='bbox 816 5867 987 5904; x_wconf 90' lang='lat' dir='ltr'><strong>omnes</strong></span> <span class='ocrx_word' id='word_1_480' title='bbox 1001 5861 1126 5913; x_wconf 64' lang='lat' dir='ltr'><strong>Mss,</strong></span> <span class='ocrx_word' id='word_1_481' title='bbox 1147 5853 1474 5906; x_wconf 80' lang='lat' dir='ltr'><strong>crederentur.</strong></span> 
     </span>
    </p>
   </div>
   <div class='ocr_carea' id='block_1_61' title="bbox 556 5937 1290 6003">
    <p class='ocr_par' dir='ltr' id='par_1_61' title="bbox 556 5937 1290 6003">
     <span class='ocr_line' id='line_1_61' title="bbox 556 5937 1290 6003; baseline -0.01 0"><span class='ocrx_word' id='word_1_482' title='bbox 556 5942 778 6003; x_wconf 65' lang='lat' dir='ltr'><strong>Saucr.</strong></span> <span class='ocrx_word' id='word_1_483' title='bbox 810 5942 1086 6001; x_wconf 71' lang='lat' dir='ltr'><strong>Ancusr.</strong></span> <span class='ocrx_word' id='word_1_484' title='bbox 1124 5937 1290 6000; x_wconf 84' lang='lat' dir='ltr'><strong>Vlll.</strong></span> 
     </span>
    </p>
   </div>
   <div class='ocr_carea' id='block_1_62' title="bbox 1603 387 2193 461">
    <p class='ocr_par' dir='ltr' id='par_1_62' title="bbox 1603 387 2193 461">
     <span class='ocr_line' id='line_1_62' title="bbox 1603 387 2193 461; baseline 0.007 -12"><span class='ocrx_word' id='word_1_485' title='bbox 1603 391 1802 449; x_wconf 78' lang='lat' dir='ltr'><strong>LIBER</strong></span> <span class='ocrx_word' id='word_1_486' title='bbox 1841 387 2193 461; x_wconf 58' lang='lat' dir='ltr'><strong>QUARTUS</strong></span> 
     </span>
    </p>
   </div>
   <div class='ocr_carea' id='block_1_63' title="bbox 3431 405 3536 466">
    <p class='ocr_par' dir='ltr' id='par_1_63' title="bbox 3431 405 3536 466">
     <span class='ocr_line' id='line_1_63' title="bbox 3431 405 3536 466; baseline 0 0"><span class='ocrx_word' id='word_1_487' title='bbox 3431 405 3536 466; x_wconf 77' lang='lat'><strong>906</strong></span> 
     </span>
    </p>
   </div>
   <div class='ocr_carea' id='block_1_64' title="bbox 1954 511 3538 591">
    <p class='ocr_par' dir='ltr' id='par_1_64' title="bbox 1954 511 3538 591">
     <span class='ocr_line' id='line_1_64' title="bbox 1954 511 3538 591; baseline 0.01 -30"><span class='ocrx_word' id='word_1_488' title='bbox 1954 511 2073 563; x_wconf 88' lang='lat' dir='ltr'><strong>data</strong></span> <span class='ocrx_word' id='word_1_489' title='bbox 2099 527 2208 564; x_wconf 86' lang='lat' dir='ltr'><strong>mea</strong></span> <span class='ocrx_word' id='word_1_490' title='bbox 2235 519 2280 565; x_wconf 88' lang='lat' dir='ltr'><strong>et</strong></span> <span class='ocrx_word' id='word_1_491' title='bbox 2307 523 2468 565; x_wconf 73' lang='lat' dir='ltr'><strong>senuit</strong></span> <span class='ocrx_word' id='word_1_492' title='bbox 2495 529 2575 580; x_wconf 89' lang='lat' dir='ltr'><strong>ea,</strong></span> <span class='ocrx_word' id='word_1_493' title='bbox 2602 514 2710 582; x_wconf 81' lang='lat' dir='ltr'><strong>ipse</strong></span> <span class='ocrx_word' id='word_1_494' title='bbox 2736 523 2808 568; x_wconf 88' lang='lat' dir='ltr'><strong>est</strong></span> <span class='ocrx_word' id='word_1_495' title='bbox 2829 515 2922 586; x_wconf 70' lang='lat' dir='ltr'><strong>qui</strong></span> <span class='ocrx_word' id='word_1_496' title='bbox 2947 516 3112 589; x_wconf 84' lang='lat' dir='ltr'><strong>diligit</strong></span> <span class='ocrx_word' id='word_1_497' title='bbox 3135 535 3249 583; x_wconf 88' lang='lat' dir='ltr'><strong>me;</strong></span> <span class='ocrx_word' id='word_1_498' title='bbox 3274 532 3321 574; x_wconf 86' lang='lat' dir='ltr'><strong>et</strong></span> <span class='ocrx_word' id='word_1_499' title='bbox 3347 525 3431 591; x_wconf 85' lang='lat' dir='ltr'><strong>qui</strong></span> <span class='ocrx_word' id='word_1_500' title='bbox 3459 525 3538 578; x_wconf 83' lang='lat' dir='ltr'><strong>di-</strong></span> 
     </span>
    </p>
   </div>
   <div class='ocr_carea' id='block_1_65' title="bbox 1955 603 3566 684">
    <p class='ocr_par' dir='ltr' id='par_1_65' title="bbox 1955 603 3566 684">
     <span class='ocr_line' id='line_1_65' title="bbox 1955 603 3566 684; baseline 0.008 -28"><span class='ocrx_word' id='word_1_501' title='bbox 1955 603 2062 674; x_wconf 86' lang='lat' dir='ltr'><strong>ligit</strong></span> <span class='ocrx_word' id='word_1_502' title='bbox 2086 622 2164 659; x_wconf 89' lang='lat' dir='ltr'><strong>me</strong></span> <span class='ocrx_word' id='word_1_503' title='bbox 2182 647 2197 671; x_wconf 89' lang='lat'><strong>,</strong></span> <span class='ocrx_word' id='word_1_504' title='bbox 2228 606 2465 677; x_wconf 84' lang='lat' dir='ltr'><strong>diligetur</strong></span> <span class='ocrx_word' id='word_1_505' title='bbox 2488 624 2520 661; x_wconf 90' lang='lat' dir='ltr'><strong>a</strong></span> <span class='ocrx_word' id='word_1_506' title='bbox 2545 607 2701 662; x_wconf 87' lang='lat' dir='ltr'><strong>Patre</strong></span> <span class='ocrx_word' id='word_1_507' title='bbox 2727 626 2836 664; x_wconf 82' lang='lat' dir='ltr'><strong>meo</strong></span> <span class='ocrx_word' id='word_1_508' title='bbox 2854 652 2870 679; x_wconf 92' lang='lat'><strong>,</strong></span> <span class='ocrx_word' id='word_1_509' title='bbox 2897 620 2942 665; x_wconf 87' lang='lat' dir='ltr'><strong>et</strong></span> <span class='ocrx_word' id='word_1_510' title='bbox 2966 628 3056 684; x_wconf 82' lang='lat' dir='ltr'><strong>ego</strong></span> <span class='ocrx_word' id='word_1_511' title='bbox 3082 614 3290 684; x_wconf 82' lang='lat' dir='ltr'><strong>diligant</strong></span> <span class='ocrx_word' id='word_1_512' title='bbox 3318 631 3428 668; x_wconf 77' lang='lat' dir='ltr'><strong>cuin</strong></span> <span class='ocrx_word' id='word_1_513' title='bbox 3450 659 3463 680; x_wconf 87' lang='lat'><strong>,</strong></span> <span class='ocrx_word' id='word_1_514' title='bbox 3490 625 3537 669; x_wconf 82' lang='lat' dir='ltr'><strong>et</strong></span> <span class='ocrx_word' id='word_1_515' title='bbox 3562 649 3566 653; x_wconf 68' lang='grc'><strong>›</strong></span> 
     </span>
    </p>
   </div>
   <div class='ocr_carea' id='block_1_66' title="bbox 1953 695 3538 776">
    <p class='ocr_par' dir='ltr' id='par_1_66' title="bbox 1953 695 3538 776">
     <span class='ocr_line' id='line_1_66' title="bbox 1953 695 3538 776; baseline 0.008 -29"><span class='ocrx_word' id='word_1_516' title='bbox 1953 695 2281 764; x_wconf 76' lang='lat' dir='ltr'><strong>ntanifestabo</strong></span> <span class='ocrx_word' id='word_1_517' title='bbox 2305 699 2349 751; x_wconf 88' lang='lat' dir='ltr'><strong>ei</strong></span> <span class='ocrx_word' id='word_1_518' title='bbox 2376 714 2456 752; x_wconf 83' lang='lat' dir='ltr'><strong>me</strong></span> <span class='ocrx_word' id='word_1_519' title='bbox 2479 698 2647 768; x_wconf 89' lang='lat' dir='ltr'><strong>ipsum</strong></span> <span class='ocrx_word' id='word_1_520' title='bbox 2667 699 2843 770; x_wconf 83' lang='lat' dir='ltr'><strong>(Joan.</strong></span> <span class='ocrx_word' id='word_1_521' title='bbox 2871 717 2980 766; x_wconf 80' lang='lat' dir='ltr'><strong>xiv,</strong></span> <span class='ocrx_word' id='word_1_522' title='bbox 3007 704 3064 771; x_wconf 89' lang='lat'><strong>9,</strong></span> <span class='ocrx_word' id='word_1_523' title='bbox 3093 702 3218 776; x_wconf 71' lang='lat'><strong>21);</strong></span> <span class='ocrx_word' id='word_1_524' title='bbox 3248 707 3370 760; x_wconf 83' lang='lat' dir='ltr'><strong>eum</strong></span> <span class='ocrx_word' id='word_1_525' title='bbox 3398 717 3538 761; x_wconf 73' lang='lat' dir='ltr'><strong>esset</strong></span> 
     </span>
    </p>
   </div>
   <div class='ocr_carea' id='block_1_67' title="bbox 1953 785 3564 866">
    <p class='ocr_par' dir='ltr' id='par_1_67' title="bbox 1953 785 3564 866">
     <span class='ocr_line' id='line_1_67' title="bbox 1953 785 3564 866; baseline 0.008 -26"><span class='ocrx_word' id='word_1_526' title='bbox 1953 785 2264 842; x_wconf 86' lang='lat' dir='ltr'><strong>manifestus</strong></span> <span class='ocrx_word' id='word_1_527' title='bbox 2289 797 2412 843; x_wconf 89' lang='lat' dir='ltr'><strong>ante</strong></span> <span class='ocrx_word' id='word_1_528' title='bbox 2440 789 2625 844; x_wconf 91' lang='lat' dir='ltr'><strong>oculos</strong></span> <span class='ocrx_word' id='word_1_529' title='bbox 2653 789 2926 847; x_wconf 83' lang='lat' dir='ltr'><strong>hominum</strong></span> <span class='ocrx_word' id='word_1_530' title='bbox 2961 811 2976 849; x_wconf 90' lang='lat'><strong>:</strong></span> <span class='ocrx_word' id='word_1_531' title='bbox 3004 793 3104 849; x_wconf 87' lang='lat' dir='ltr'><strong>nisi</strong></span> <span class='ocrx_word' id='word_1_532' title='bbox 3134 796 3255 866; x_wconf 90' lang='lat' dir='ltr'><strong>quia</strong></span> <span class='ocrx_word' id='word_1_533' title='bbox 3283 811 3536 864; x_wconf 89' lang='lat' dir='ltr'><strong>carnem,</strong></span> <span class='ocrx_word' id='word_1_534' title='bbox 3559 823 3564 842; x_wconf 62' lang='grc' dir='ltr'><strong>έ</strong></span> 
     </span>
    </p>
   </div>
   <div class='ocr_carea' id='block_1_68' title="bbox 1951 878 3536 956">
    <p class='ocr_par' dir='ltr' id='par_1_68' title="bbox 1951 878 3536 956">
     <span class='ocr_line' id='line_1_68' title="bbox 1951 878 3536 956; baseline 0.007 -24"><span class='ocrx_word' id='word_1_535' title='bbox 1951 878 2092 948; x_wconf 88' lang='lat' dir='ltr'><strong>quod</strong></span> <span class='ocrx_word' id='word_1_536' title='bbox 2130 879 2362 935; x_wconf 82' lang='lat' dir='ltr'><strong>Verbum</strong></span> <span class='ocrx_word' id='word_1_537' title='bbox 2407 881 2460 935; x_wconf 90' lang='lat' dir='ltr'><strong>in</strong></span> <span class='ocrx_word' id='word_1_538' title='bbox 2499 881 2824 951; x_wconf 87' lang='lat' dir='ltr'><strong>plenitudine</strong></span> <span class='ocrx_word' id='word_1_539' title='bbox 2863 886 3116 956; x_wconf 90' lang='lat' dir='ltr'><strong>temporis</strong></span> <span class='ocrx_word' id='word_1_540' title='bbox 3153 887 3345 942; x_wconf 89' lang='lat' dir='ltr'><strong>factum</strong></span> <span class='ocrx_word' id='word_1_541' title='bbox 3388 900 3536 953; x_wconf 88' lang='lat' dir='ltr'><strong>erat,</strong></span> 
     </span>
    </p>
   </div>
   <div class='ocr_carea' id='block_1_69' title="bbox 1951 969 3535 1047">
    <p class='ocr_par' dir='ltr' id='par_1_69' title="bbox 1951 969 3535 1047">
     <span class='ocr_line' id='line_1_69' title="bbox 1951 969 3535 1047; baseline 0.007 -25"><span class='ocrx_word' id='word_1_542' title='bbox 1951 969 2339 1039; x_wconf 87' lang='lat' dir='ltr'><strong>suscipiendam</strong></span> <span class='ocrx_word' id='word_1_543' title='bbox 2365 971 2380 1002; x_wconf 87' lang='grc'>¹</span> <span class='ocrx_word' id='word_1_544' title='bbox 2409 980 2605 1026; x_wconf 64' lang='lat' dir='ltr'><strong>nostrae</strong></span> <span class='ocrx_word' id='word_1_545' title='bbox 2636 971 2758 1028; x_wconf 91' lang='lat' dir='ltr'><strong>ﬁdei</strong></span> <span class='ocrx_word' id='word_1_546' title='bbox 2787 975 3124 1046; x_wconf 82' lang='lat' dir='ltr'><strong>porrigebat;</strong></span> <span class='ocrx_word' id='word_1_547' title='bbox 3157 978 3326 1047; x_wconf 90' lang='lat' dir='ltr'><strong>ipsum</strong></span> <span class='ocrx_word' id='word_1_548' title='bbox 3357 988 3535 1033; x_wconf 82' lang='lat' dir='ltr'><strong>autem</strong></span> 
     </span>
    </p>
   </div>
   <div class='ocr_carea' id='block_1_70' title="bbox 1953 1059 3533 1140">
    <p class='ocr_par' dir='ltr' id='par_1_70' title="bbox 1953 1059 3533 1140">
     <span class='ocr_line' id='line_1_70' title="bbox 1953 1059 3533 1140; baseline 0.008 -27"><span class='ocrx_word' id='word_1_549' title='bbox 1953 1059 2184 1116; x_wconf 86' lang='lat' dir='ltr'><strong>Verbum</strong></span> <span class='ocrx_word' id='word_1_550' title='bbox 2214 1077 2307 1132; x_wconf 88' lang='lat' dir='ltr'><strong>per</strong></span> <span class='ocrx_word' id='word_1_551' title='bbox 2335 1063 2477 1134; x_wconf 91' lang='lat' dir='ltr'><strong>quod</strong></span> <span class='ocrx_word' id='word_1_552' title='bbox 2504 1067 2681 1120; x_wconf 90' lang='lat' dir='ltr'><strong>omnia</strong></span> <span class='ocrx_word' id='word_1_553' title='bbox 2706 1065 2844 1120; x_wconf 86' lang='lat' dir='ltr'><strong>facta</strong></span> <span class='ocrx_word' id='word_1_554' title='bbox 2872 1076 3025 1122; x_wconf 90' lang='lat' dir='ltr'><strong>erant</strong></span> <span class='ocrx_word' id='word_1_555' title='bbox 3043 1108 3058 1132; x_wconf 94' lang='lat'><strong>,</strong></span> <span class='ocrx_word' id='word_1_556' title='bbox 3088 1079 3322 1140; x_wconf 68' lang='lat' dir='ltr'><strong>purgata:</strong></span> <span class='ocrx_word' id='word_1_557' title='bbox 3352 1086 3445 1140; x_wconf 91' lang='lat' dir='ltr'><strong>per</strong></span> <span class='ocrx_word' id='word_1_558' title='bbox 3472 1071 3533 1124; x_wconf 77' lang='lat' dir='ltr'><strong>li-</strong></span> 
     </span>
    </p>
   </div>
   <div class='ocr_carea' id='block_1_71' title="bbox 1951 1151 3464 1225">
    <p class='ocr_par' dir='ltr' id='par_1_71' title="bbox 1951 1151 3464 1225">
     <span class='ocr_line' id='line_1_71' title="bbox 1951 1151 3464 1225; baseline 0.005 -19"><span class='ocrx_word' id='word_1_559' title='bbox 1951 1151 2070 1206; x_wconf 87' lang='lat' dir='ltr'><strong>dem</strong></span> <span class='ocrx_word' id='word_1_560' title='bbox 2099 1154 2260 1208; x_wconf 80' lang='lat' dir='ltr'><strong>tuenti</strong></span> <span class='ocrx_word' id='word_1_561' title='bbox 2286 1155 2750 1225; x_wconf 88' lang='lat' dir='ltr'><strong>contemplandum</strong></span> <span class='ocrx_word' id='word_1_562' title='bbox 2780 1155 2832 1210; x_wconf 93' lang='lat' dir='ltr'><strong>in</strong></span> <span class='ocrx_word' id='word_1_563' title='bbox 2861 1158 3159 1214; x_wconf 61' lang='lat' dir='ltr'><strong>aeternitate</strong></span> <span class='ocrx_word' id='word_1_564' title='bbox 3183 1161 3464 1215; x_wconf 84' lang='lat' dir='ltr'><strong>servabat?</strong></span> 
     </span>
    </p>
   </div>
   <div class='ocr_carea' id='block_1_72' title="bbox 2019 1244 3533 1324">
    <p class='ocr_par' dir='ltr' id='par_1_72' title="bbox 2019 1244 3533 1324">
     <span class='ocr_line' id='line_1_72' title="bbox 2019 1244 3533 1324; baseline 0.007 -27"><span class='ocrx_word' id='word_1_565' title='bbox 2019 1244 2245 1300; x_wconf 86' lang='lat' dir='ltr'><strong>CAPUT</strong></span> <span class='ocrx_word' id='word_1_566' title='bbox 2269 1246 2390 1302; x_wconf 81' lang='lat' dir='ltr'><strong>XX.</strong></span> <span class='ocrx_word' id='word_1_567' title='bbox 2412 1277 2480 1286; x_wconf 94' lang='lat'><strong>—</strong></span> <span class='ocrx_word' id='word_1_568' title='bbox 2497 1247 2588 1302; x_wconf 70' lang='grc'><strong>27.</strong></span> <span class='ocrx_word' id='word_1_569' title='bbox 2612 1246 2820 1304; x_wconf 77' lang='lat' dir='ltr'><strong>Mittens</strong></span> <span class='ocrx_word' id='word_1_570' title='bbox 2843 1259 2889 1304; x_wconf 90' lang='lat' dir='ltr'><strong>et</strong></span> <span class='ocrx_word' id='word_1_571' title='bbox 2914 1250 3091 1306; x_wconf 70' lang='lat' dir='ltr'><strong>missus</strong></span> <span class='ocrx_word' id='word_1_572' title='bbox 3110 1253 3340 1324; x_wconf 65' lang='lat' dir='ltr'><strong>«aqualis.</strong></span> <span class='ocrx_word' id='word_1_573' title='bbox 3365 1253 3533 1309; x_wconf 84' lang='lat' dir='ltr'><strong>Filius</strong></span> 
     </span>
    </p>
   </div>
   <div class='ocr_carea' id='block_1_73' title="bbox 1947 1336 3532 1418">
    <p class='ocr_par' dir='ltr' id='par_1_73' title="bbox 1947 1336 3532 1418">
     <span class='ocr_line' id='line_1_73' title="bbox 1947 1336 3532 1418; baseline 0.008 -29"><span class='ocrx_word' id='word_1_574' title='bbox 1947 1352 2040 1389; x_wconf 89' lang='lat' dir='ltr'><strong>cur</strong></span> <span class='ocrx_word' id='word_1_575' title='bbox 2063 1336 2248 1390; x_wconf 88' lang='lat' dir='ltr'><strong>dicitur</strong></span> <span class='ocrx_word' id='word_1_576' title='bbox 2276 1339 2455 1394; x_wconf 88' lang='lat' dir='ltr'><strong>missus</strong></span> <span class='ocrx_word' id='word_1_577' title='bbox 2479 1357 2510 1393; x_wconf 83' lang='grc' dir='ltr'><em>α</em></span> <span class='ocrx_word' id='word_1_578' title='bbox 2540 1339 2715 1395; x_wconf 88' lang='lat' dir='ltr'><strong>Patre.</strong></span> <span class='ocrx_word' id='word_1_579' title='bbox 2743 1340 2821 1396; x_wconf 85' lang='lat' dir='ltr'><strong>De</strong></span> <span class='ocrx_word' id='word_1_580' title='bbox 2846 1343 3078 1398; x_wconf 85' lang='lat' dir='ltr'><strong>missione</strong></span> <span class='ocrx_word' id='word_1_581' title='bbox 3106 1345 3332 1418; x_wconf 84' lang='lat' dir='ltr'><strong>Spiritus</strong></span> <span class='ocrx_word' id='word_1_582' title='bbox 3351 1350 3532 1414; x_wconf 80' lang='lat' dir='ltr'><strong>sancti,</strong></span> 
     </span>
    </p>
   </div>
   <div class='ocr_carea' id='block_1_74' title="bbox 1947 1427 3532 1509">
    <p class='ocr_par' dir='ltr' id='par_1_74' title="bbox 1947 1427 3532 1509">
     <span class='ocr_line' id='line_1_74' title="bbox 1947 1427 3532 1509; baseline 0.01 -30"><span class='ocrx_word' id='word_1_583' title='bbox 1947 1427 2197 1496; x_wconf 85' lang='lat' dir='ltr'><strong>quomodo</strong></span> <span class='ocrx_word' id='word_1_584' title='bbox 2221 1437 2266 1483; x_wconf 84' lang='lat' dir='ltr'><strong>et</strong></span> <span class='ocrx_word' id='word_1_585' title='bbox 2293 1445 2324 1484; x_wconf 85' lang='grc' dir='ltr'><em>α</em></span> <span class='ocrx_word' id='word_1_586' title='bbox 2351 1446 2450 1501; x_wconf 87' lang='lat' dir='ltr'><strong>quo</strong></span> <span class='ocrx_word' id='word_1_587' title='bbox 2476 1431 2656 1485; x_wconf 87' lang='lat' dir='ltr'><strong>missus</strong></span> <span class='ocrx_word' id='word_1_588' title='bbox 2684 1432 2767 1487; x_wconf 84' lang='lat' dir='ltr'><strong>sit.</strong></span> <span class='ocrx_word' id='word_1_589' title='bbox 2799 1431 2957 1488; x_wconf 82' lang='lat' dir='ltr'><strong>Pater</strong></span> <span class='ocrx_word' id='word_1_590' title='bbox 2985 1437 3135 1491; x_wconf 86' lang='lat' dir='ltr'><strong>totius</strong></span> <span class='ocrx_word' id='word_1_591' title='bbox 3162 1437 3360 1494; x_wconf 86' lang='lat' dir='ltr'><strong>deitatis</strong></span> <span class='ocrx_word' id='word_1_592' title='bbox 3389 1441 3532 1509; x_wconf 84' lang='lat' dir='ltr'><strong>priu-</strong></span> 
     </span>
    </p>
   </div>
   <div class='ocr_carea' id='block_1_75' title="bbox 1947 1516 3531 1586">
    <p class='ocr_par' dir='ltr' id='par_1_75' title="bbox 1947 1516 3531 1586">
     <span class='ocr_line' id='line_1_75' title="bbox 1947 1516 3531 1586; baseline 0.011 -18"><span class='ocrx_word' id='word_1_593' title='bbox 1947 1516 2152 1586; x_wconf 87' lang='lat' dir='ltr'><strong>cipium.</strong></span> <span class='ocrx_word' id='word_1_594' title='bbox 2182 1517 2237 1574; x_wconf 89' lang='lat' dir='ltr'><strong>Si</strong></span> <span class='ocrx_word' id='word_1_595' title='bbox 2267 1529 2443 1574; x_wconf 89' lang='lat' dir='ltr'><strong>autem</strong></span> <span class='ocrx_word' id='word_1_596' title='bbox 2471 1521 2760 1577; x_wconf 88' lang='lat' dir='ltr'><strong>secundum</strong></span> <span class='ocrx_word' id='word_1_597' title='bbox 2786 1522 2887 1579; x_wconf 93' lang='lat' dir='ltr'><strong>hoc</strong></span> <span class='ocrx_word' id='word_1_598' title='bbox 2913 1526 3106 1581; x_wconf 91' lang='lat' dir='ltr'><strong>missus</strong></span> <span class='ocrx_word' id='word_1_599' title='bbox 3129 1542 3157 1581; x_wconf 92' lang='lat' dir='ltr'><strong>a</strong></span> <span class='ocrx_word' id='word_1_600' title='bbox 3188 1528 3342 1584; x_wconf 85' lang='lat' dir='ltr'><strong>Patre</strong></span> <span class='ocrx_word' id='word_1_601' title='bbox 3369 1529 3531 1585; x_wconf 86' lang='lat' dir='ltr'><strong>Filius</strong></span> 
     </span>
    </p>
   </div>
   <div class='ocr_carea' id='block_1_76' title="bbox 1947 1607 3531 1683">
    <p class='ocr_par' dir='ltr' id='par_1_76' title="bbox 1947 1607 3531 1683">
     <span class='ocr_line' id='line_1_76' title="bbox 1947 1607 3531 1683; baseline 0.009 -23"><span class='ocrx_word' id='word_1_602' title='bbox 1947 1607 2173 1674; x_wconf 88' lang='lat' dir='ltr'><strong>dicitur,</strong></span> <span class='ocrx_word' id='word_1_603' title='bbox 2205 1611 2326 1680; x_wconf 87' lang='lat' dir='ltr'><strong>quia</strong></span> <span class='ocrx_word' id='word_1_604' title='bbox 2371 1611 2460 1666; x_wconf 91' lang='lat' dir='ltr'><strong>ille</strong></span> <span class='ocrx_word' id='word_1_605' title='bbox 2499 1613 2653 1669; x_wconf 89' lang='lat' dir='ltr'><strong>Pater</strong></span> <span class='ocrx_word' id='word_1_606' title='bbox 2692 1624 2774 1669; x_wconf 91' lang='lat' dir='ltr'><strong>est</strong></span> <span class='ocrx_word' id='word_1_607' title='bbox 2794 1657 2810 1680; x_wconf 90' lang='lat'><strong>,</strong></span> <span class='ocrx_word' id='word_1_608' title='bbox 2842 1615 2929 1671; x_wconf 90' lang='lat' dir='ltr'><strong>ille</strong></span> <span class='ocrx_word' id='word_1_609' title='bbox 2962 1617 3130 1672; x_wconf 87' lang='lat' dir='ltr'><strong>Filius</strong></span> <span class='ocrx_word' id='word_1_610' title='bbox 3151 1660 3163 1683; x_wconf 93' lang='lat'><strong>,</strong></span> <span class='ocrx_word' id='word_1_611' title='bbox 3195 1621 3343 1675; x_wconf 90' lang='lat' dir='ltr'><strong>nullo</strong></span> <span class='ocrx_word' id='word_1_612' title='bbox 3373 1623 3531 1677; x_wconf 82' lang='lat' dir='ltr'><strong>modo</strong></span> 
     </span>
    </p>
   </div>
   <div class='ocr_carea' id='block_1_77' title="bbox 1949 1701 3531 1778">
    <p class='ocr_par' dir='ltr' id='par_1_77' title="bbox 1949 1701 3531 1778">
     <span class='ocr_line' id='line_1_77' title="bbox 1949 1701 3531 1778; baseline 0.009 -23"><span class='ocrx_word' id='word_1_613' title='bbox 1949 1701 2169 1772; x_wconf 90' lang='lat' dir='ltr'><strong>impedit</strong></span> <span class='ocrx_word' id='word_1_614' title='bbox 2203 1711 2262 1758; x_wconf 89' lang='lat' dir='ltr'><strong>ut</strong></span> <span class='ocrx_word' id='word_1_615' title='bbox 2303 1705 2581 1762; x_wconf 90' lang='lat' dir='ltr'><strong>credamus</strong></span> <span class='ocrx_word' id='word_1_616' title='bbox 2623 1708 2881 1778; x_wconf 67' lang='lat' dir='ltr'><strong>aequalem</strong></span> <span class='ocrx_word' id='word_1_617' title='bbox 2921 1709 3062 1764; x_wconf 85' lang='lat' dir='ltr'><strong>Patri</strong></span> <span class='ocrx_word' id='word_1_618' title='bbox 3099 1726 3216 1766; x_wconf 86' lang='lat' dir='ltr'><strong>esse</strong></span> <span class='ocrx_word' id='word_1_619' title='bbox 3251 1713 3442 1768; x_wconf 87' lang='lat' dir='ltr'><strong>Filium</strong></span> <span class='ocrx_word' id='word_1_620' title='bbox 3479 1725 3531 1770; x_wconf 89' lang='lat' dir='ltr'><strong>et</strong></span> 
     </span>
    </p>
   </div>
   <div class='ocr_carea' id='block_1_78' title="bbox 1945 1795 3531 1867">
    <p class='ocr_par' dir='ltr' id='par_1_78' title="bbox 1945 1795 3531 1867">
     <span class='ocr_line' id='line_1_78' title="bbox 1945 1795 3531 1867; baseline 0.009 -19"><span class='ocrx_word' id='word_1_621' title='bbox 1945 1795 2447 1852; x_wconf 88' lang='lat' dir='ltr'><strong>consubstantialem</strong></span> <span class='ocrx_word' id='word_1_622' title='bbox 2487 1809 2541 1854; x_wconf 93' lang='lat' dir='ltr'><strong>et</strong></span> <span class='ocrx_word' id='word_1_623' title='bbox 2583 1809 2904 1856; x_wconf 65' lang='lat' dir='ltr'><strong>coaeternum</strong></span> <span class='ocrx_word' id='word_1_624' title='bbox 2929 1843 2944 1867; x_wconf 95' lang='lat'><strong>,</strong></span> <span class='ocrx_word' id='word_1_625' title='bbox 2985 1811 3040 1858; x_wconf 90' lang='lat' dir='ltr'><strong>et</strong></span> <span class='ocrx_word' id='word_1_626' title='bbox 3082 1811 3256 1859; x_wconf 89' lang='lat' dir='ltr'><strong>tamen</strong></span> <span class='ocrx_word' id='word_1_627' title='bbox 3299 1820 3329 1860; x_wconf 89' lang='lat' dir='ltr'><strong>a</strong></span> <span class='ocrx_word' id='word_1_628' title='bbox 3373 1805 3531 1862; x_wconf 90' lang='lat' dir='ltr'><strong>Patre</strong></span> 
     </span>
    </p>
   </div>
   <div class='ocr_carea' id='block_1_79' title="bbox 1947 1885 3528 1964">
    <p class='ocr_par' dir='ltr' id='par_1_79' title="bbox 1947 1885 3528 1964">
     <span class='ocr_line' id='line_1_79' title="bbox 1947 1885 3528 1964; baseline 0.008 -24"><span class='ocrx_word' id='word_1_629' title='bbox 1947 1885 2168 1942; x_wconf 77' lang='lat' dir='ltr'><strong>missum</strong></span> <span class='ocrx_word' id='word_1_630' title='bbox 2199 1887 2412 1944; x_wconf 85' lang='lat' dir='ltr'><strong>Filium.</strong></span> <span class='ocrx_word' id='word_1_631' title='bbox 2444 1890 2558 1946; x_wconf 87' lang='lat' dir='ltr'><strong>Non</strong></span> <span class='ocrx_word' id='word_1_632' title='bbox 2588 1892 2708 1962; x_wconf 90' lang='lat' dir='ltr'><strong>quia</strong></span> <span class='ocrx_word' id='word_1_633' title='bbox 2741 1893 2829 1949; x_wconf 92' lang='lat' dir='ltr'><strong>ille</strong></span> <span class='ocrx_word' id='word_1_634' title='bbox 2863 1895 3032 1964; x_wconf 89' lang='lat' dir='ltr'><strong>major</strong></span> <span class='ocrx_word' id='word_1_635' title='bbox 3063 1905 3166 1962; x_wconf 90' lang='lat' dir='ltr'><strong>est,</strong></span> <span class='ocrx_word' id='word_1_636' title='bbox 3198 1897 3290 1953; x_wconf 89' lang='lat' dir='ltr'><strong>ille</strong></span> <span class='ocrx_word' id='word_1_637' title='bbox 3317 1899 3528 1954; x_wconf 87' lang='lat' dir='ltr'><strong>minor:</strong></span> 
     </span>
    </p>
   </div>
   <div class='ocr_carea' id='block_1_80' title="bbox 1945 1979 3531 2062">
    <p class='ocr_par' dir='ltr' id='par_1_80' title="bbox 1945 1979 3531 2062">
     <span class='ocr_line' id='line_1_80' title="bbox 1945 1979 3531 2062; baseline 0.009 -30"><span class='ocrx_word' id='word_1_638' title='bbox 1945 1979 2038 2032; x_wconf 88' lang='lat' dir='ltr'><strong>sed</strong></span> <span class='ocrx_word' id='word_1_639' title='bbox 2065 1981 2183 2050; x_wconf 89' lang='lat' dir='ltr'><strong>quia</strong></span> <span class='ocrx_word' id='word_1_640' title='bbox 2212 1981 2304 2038; x_wconf 87' lang='lat' dir='ltr'><strong>ille</strong></span> <span class='ocrx_word' id='word_1_641' title='bbox 2332 1982 2509 2049; x_wconf 89' lang='lat' dir='ltr'><strong>Pater,</strong></span> <span class='ocrx_word' id='word_1_642' title='bbox 2541 1985 2627 2040; x_wconf 90' lang='lat' dir='ltr'><strong>ille</strong></span> <span class='ocrx_word' id='word_1_643' title='bbox 2652 1985 2853 2051; x_wconf 89' lang='lat' dir='ltr'><strong>Filius;</strong></span> <span class='ocrx_word' id='word_1_644' title='bbox 2888 1987 2976 2042; x_wconf 90' lang='lat' dir='ltr'><strong>ille</strong></span> <span class='ocrx_word' id='word_1_645' title='bbox 3002 1990 3231 2059; x_wconf 85' lang='lat' dir='ltr'><strong>genitor,</strong></span> <span class='ocrx_word' id='word_1_646' title='bbox 3266 1991 3354 2048; x_wconf 90' lang='lat' dir='ltr'><strong>ille</strong></span> <span class='ocrx_word' id='word_1_647' title='bbox 3377 1995 3531 2062; x_wconf 85' lang='lat' dir='ltr'><strong>geni-</strong></span> 
     </span>
    </p>
   </div>
   <div class='ocr_carea' id='block_1_81' title="bbox 1948 2073 3537 2152">
    <p class='ocr_par' dir='ltr' id='par_1_81' title="bbox 1948 2073 3537 2152">
     <span class='ocr_line' id='line_1_81' title="bbox 1948 2073 3537 2152; baseline 0.009 -28"><span class='ocrx_word' id='word_1_648' title='bbox 1948 2079 2062 2135; x_wconf 91' lang='lat' dir='ltr'><strong>tus;</strong></span> <span class='ocrx_word' id='word_1_649' title='bbox 2093 2073 2180 2126; x_wconf 89' lang='lat' dir='ltr'><strong>ille</strong></span> <span class='ocrx_word' id='word_1_650' title='bbox 2208 2089 2236 2126; x_wconf 93' lang='lat' dir='ltr'><strong>a</strong></span> <span class='ocrx_word' id='word_1_651' title='bbox 2263 2088 2368 2144; x_wconf 92' lang='lat' dir='ltr'><strong>quo</strong></span> <span class='ocrx_word' id='word_1_652' title='bbox 2391 2083 2476 2130; x_wconf 91' lang='lat' dir='ltr'><strong>est</strong></span> <span class='ocrx_word' id='word_1_653' title='bbox 2508 2076 2595 2146; x_wconf 93' lang='lat' dir='ltr'><strong>qui</strong></span> <span class='ocrx_word' id='word_1_654' title='bbox 2637 2077 2880 2141; x_wconf 88' lang='lat' dir='ltr'><strong>mittitur,</strong></span> <span class='ocrx_word' id='word_1_655' title='bbox 2919 2077 3008 2134; x_wconf 91' lang='lat' dir='ltr'><strong>ille</strong></span> <span class='ocrx_word' id='word_1_656' title='bbox 3035 2081 3124 2150; x_wconf 87' lang='lat' dir='ltr'><strong>qui</strong></span> <span class='ocrx_word' id='word_1_657' title='bbox 3150 2089 3233 2136; x_wconf 92' lang='lat' dir='ltr'><strong>est</strong></span> <span class='ocrx_word' id='word_1_658' title='bbox 3255 2082 3323 2136; x_wconf 91' lang='lat' dir='ltr'><strong>ab</strong></span> <span class='ocrx_word' id='word_1_659' title='bbox 3351 2098 3418 2138; x_wconf 92' lang='lat' dir='ltr'><strong>eo</strong></span> <span class='ocrx_word' id='word_1_660' title='bbox 3439 2085 3537 2152; x_wconf 86' lang='lat' dir='ltr'><strong>qui</strong></span> 
     </span>
    </p>
   </div>
   <div class='ocr_carea' id='block_1_82' title="bbox 1945 2163 3529 2234">
    <p class='ocr_par' dir='ltr' id='par_1_82' title="bbox 1945 2163 3529 2234">
     <span class='ocr_line' id='line_1_82' title="bbox 1945 2163 3529 2234; baseline 0.01 -18"><span class='ocrx_word' id='word_1_661' title='bbox 1945 2163 2123 2218; x_wconf 90' lang='lat' dir='ltr'><strong>mittit.</strong></span> <span class='ocrx_word' id='word_1_662' title='bbox 2154 2164 2318 2221; x_wconf 89' lang='lat' dir='ltr'><strong>Filius</strong></span> <span class='ocrx_word' id='word_1_663' title='bbox 2342 2168 2483 2222; x_wconf 90' lang='lat' dir='ltr'><strong>enim</strong></span> <span class='ocrx_word' id='word_1_664' title='bbox 2512 2179 2541 2222; x_wconf 88' lang='lat' dir='ltr'><strong>a</strong></span> <span class='ocrx_word' id='word_1_665' title='bbox 2570 2168 2725 2224; x_wconf 91' lang='lat' dir='ltr'><strong>Patre</strong></span> <span class='ocrx_word' id='word_1_666' title='bbox 2749 2178 2849 2234; x_wconf 92' lang='lat' dir='ltr'><strong>est,</strong></span> <span class='ocrx_word' id='word_1_667' title='bbox 2879 2185 2984 2226; x_wconf 91' lang='lat' dir='ltr'><strong>non</strong></span> <span class='ocrx_word' id='word_1_668' title='bbox 3011 2171 3170 2228; x_wconf 87' lang='lat' dir='ltr'><strong>Pater</strong></span> <span class='ocrx_word' id='word_1_669' title='bbox 3195 2187 3224 2228; x_wconf 89' lang='lat' dir='ltr'><strong>a</strong></span> <span class='ocrx_word' id='word_1_670' title='bbox 3253 2173 3409 2231; x_wconf 89' lang='lat' dir='ltr'><strong>Filio.</strong></span> <span class='ocrx_word' id='word_1_671' title='bbox 3433 2174 3529 2231; x_wconf 90' lang='lat' dir='ltr'><strong>Sc-</strong></span> 
     </span>
    </p>
   </div>
   <div class='ocr_carea' id='block_1_83' title="bbox 1942 2255 3528 2332">
    <p class='ocr_par' dir='ltr' id='par_1_83' title="bbox 1942 2255 3528 2332">
     <span class='ocr_line' id='line_1_83' title="bbox 1942 2255 3528 2332; baseline 0.008 -22"><span class='ocrx_word' id='word_1_672' title='bbox 1942 2255 2172 2311; x_wconf 90' lang='lat' dir='ltr'><strong>cuudum</strong></span> <span class='ocrx_word' id='word_1_673' title='bbox 2201 2255 2302 2311; x_wconf 88' lang='lat' dir='ltr'><strong>hoc</strong></span> <span class='ocrx_word' id='word_1_674' title='bbox 2321 2257 2431 2328; x_wconf 90' lang='lat' dir='ltr'><strong>jam</strong></span> <span class='ocrx_word' id='word_1_675' title='bbox 2459 2268 2632 2330; x_wconf 90' lang='lat' dir='ltr'><strong>potest</strong></span> <span class='ocrx_word' id='word_1_676' title='bbox 2657 2261 2897 2332; x_wconf 74' lang='lat' dir='ltr'><strong>intelligi,</strong></span> <span class='ocrx_word' id='word_1_677' title='bbox 2922 2277 3027 2317; x_wconf 91' lang='lat' dir='ltr'><strong>non</strong></span> <span class='ocrx_word' id='word_1_678' title='bbox 3053 2271 3256 2319; x_wconf 91' lang='lat' dir='ltr'><strong>tantum</strong></span> <span class='ocrx_word' id='word_1_679' title='bbox 3281 2261 3401 2321; x_wconf 87' lang='lat' dir='ltr'><strong>ideo</strong></span> <span class='ocrx_word' id='word_1_680' title='bbox 3423 2266 3528 2322; x_wconf 88' lang='lat' dir='ltr'><strong>dici</strong></span> 
     </span>
    </p>
   </div>
   <div class='ocr_carea' id='block_1_84' title="bbox 1943 2348 3526 2429">
    <p class='ocr_par' dir='ltr' id='par_1_84' title="bbox 1943 2348 3526 2429">
     <span class='ocr_line' id='line_1_84' title="bbox 1943 2348 3526 2429; baseline 0.008 -27"><span class='ocrx_word' id='word_1_681' title='bbox 1943 2348 2140 2404; x_wconf 92' lang='lat' dir='ltr'><strong>missus</strong></span> <span class='ocrx_word' id='word_1_682' title='bbox 2183 2349 2348 2406; x_wconf 88' lang='lat' dir='ltr'><strong>Filius</strong></span> <span class='ocrx_word' id='word_1_683' title='bbox 2385 2352 2508 2422; x_wconf 90' lang='lat' dir='ltr'><strong>quia</strong></span> <span class='ocrx_word' id='word_1_684' title='bbox 2540 2351 2775 2409; x_wconf 90' lang='lat' dir='ltr'><strong>Verbum</strong></span> <span class='ocrx_word' id='word_1_685' title='bbox 2813 2369 2940 2411; x_wconf 91' lang='lat' dir='ltr'><strong>caro</strong></span> <span class='ocrx_word' id='word_1_686' title='bbox 2980 2355 3182 2412; x_wconf 84' lang='lat' dir='ltr'><strong>factum</strong></span> <span class='ocrx_word' id='word_1_687' title='bbox 3211 2367 3295 2414; x_wconf 90' lang='lat' dir='ltr'><strong>est</strong></span> <span class='ocrx_word' id='word_1_688' title='bbox 3323 2358 3442 2429; x_wconf 89' lang='lat' dir='ltr'><strong>(Id.</strong></span> <span class='ocrx_word' id='word_1_689' title='bbox 3475 2377 3526 2420; x_wconf 85' lang='grc' dir='ltr'><strong>ι,</strong></span> 
     </span>
    </p>
   </div>
   <div class='ocr_carea' id='block_1_85' title="bbox 1942 2439 3527 2517">
    <p class='ocr_par' dir='ltr' id='par_1_85' title="bbox 1942 2439 3527 2517">
     <span class='ocr_line' id='line_1_85' title="bbox 1942 2439 3527 2517; baseline 0.007 -22"><span class='ocrx_word' id='word_1_690' title='bbox 1942 2439 1996 2506; x_wconf 79' lang='grc'><strong>5,</strong></span> <span class='ocrx_word' id='word_1_691' title='bbox 2032 2441 2119 2506; x_wconf 85' lang='lat' dir='ltr'><strong>l8,</strong></span> <span class='ocrx_word' id='word_1_692' title='bbox 2151 2441 2260 2512; x_wconf 74' lang='grc'><strong>14),</strong></span> <span class='ocrx_word' id='word_1_693' title='bbox 2288 2443 2382 2498; x_wconf 85' lang='lat' dir='ltr'><strong>sed</strong></span> <span class='ocrx_word' id='word_1_694' title='bbox 2413 2443 2530 2498; x_wconf 89' lang='lat' dir='ltr'><strong>ideo</strong></span> <span class='ocrx_word' id='word_1_695' title='bbox 2558 2445 2752 2500; x_wconf 89' lang='lat' dir='ltr'><strong>missus</strong></span> <span class='ocrx_word' id='word_1_696' title='bbox 2777 2453 2836 2501; x_wconf 94' lang='lat' dir='ltr'><strong>ut</strong></span> <span class='ocrx_word' id='word_1_697' title='bbox 2863 2446 3096 2502; x_wconf 88' lang='lat' dir='ltr'><strong>Verbum</strong></span> <span class='ocrx_word' id='word_1_698' title='bbox 3123 2462 3248 2504; x_wconf 90' lang='lat' dir='ltr'><strong>caro</strong></span> <span class='ocrx_word' id='word_1_699' title='bbox 3280 2448 3447 2517; x_wconf 89' lang='lat' dir='ltr'><strong>ﬁeret,</strong></span> <span class='ocrx_word' id='word_1_700' title='bbox 3474 2461 3527 2506; x_wconf 88' lang='lat' dir='ltr'><strong>et</strong></span> 
     </span>
    </p>
   </div>
   <div class='ocr_carea' id='block_1_86' title="bbox 1942 2535 3527 2614">
    <p class='ocr_par' dir='ltr' id='par_1_86' title="bbox 1942 2535 3527 2614">
     <span class='ocr_line' id='line_1_86' title="bbox 1942 2535 3527 2614; baseline 0.008 -29"><span class='ocrx_word' id='word_1_701' title='bbox 1942 2545 2039 2600; x_wconf 89' lang='lat' dir='ltr'><strong>per</strong></span> <span class='ocrx_word' id='word_1_702' title='bbox 2061 2535 2396 2602; x_wconf 68' lang='lat' dir='ltr'><strong>praesentiam</strong></span> <span class='ocrx_word' id='word_1_703' title='bbox 2423 2537 2758 2606; x_wconf 88' lang='lat' dir='ltr'><strong>corporalem</strong></span> <span class='ocrx_word' id='word_1_704' title='bbox 2783 2538 2872 2594; x_wconf 89' lang='lat' dir='ltr'><strong>illa</strong></span> <span class='ocrx_word' id='word_1_705' title='bbox 2895 2553 3014 2610; x_wconf 67' lang='lat' dir='ltr'><strong>quae</strong></span> <span class='ocrx_word' id='word_1_706' title='bbox 3037 2541 3232 2612; x_wconf 91' lang='lat' dir='ltr'><strong>scripta</strong></span> <span class='ocrx_word' id='word_1_707' title='bbox 3259 2551 3382 2598; x_wconf 91' lang='lat' dir='ltr'><strong>sunt</strong></span> <span class='ocrx_word' id='word_1_708' title='bbox 3401 2557 3527 2614; x_wconf 85' lang='lat' dir='ltr'><strong>ope-</strong></span> 
     </span>
    </p>
   </div>
   <div class='ocr_carea' id='block_1_87' title="bbox 1942 2624 3526 2704">
    <p class='ocr_par' dir='ltr' id='par_1_87' title="bbox 1942 2624 3526 2704">
     <span class='ocr_line' id='line_1_87' title="bbox 1942 2624 3526 2704; baseline 0.008 -29"><span class='ocrx_word' id='word_1_709' title='bbox 1942 2630 2182 2687; x_wconf 88' lang='lat' dir='ltr'><strong>raretur;</strong></span> <span class='ocrx_word' id='word_1_710' title='bbox 2212 2624 2264 2678; x_wconf 90' lang='lat' dir='ltr'><strong>id</strong></span> <span class='ocrx_word' id='word_1_711' title='bbox 2293 2634 2394 2691; x_wconf 90' lang='lat' dir='ltr'><strong>est,</strong></span> <span class='ocrx_word' id='word_1_712' title='bbox 2422 2635 2481 2681; x_wconf 93' lang='lat' dir='ltr'><strong>ut</strong></span> <span class='ocrx_word' id='word_1_713' title='bbox 2505 2642 2608 2682; x_wconf 90' lang='lat' dir='ltr'><strong>non</strong></span> <span class='ocrx_word' id='word_1_714' title='bbox 2637 2635 2839 2682; x_wconf 90' lang='lat' dir='ltr'><strong>tantum</strong></span> <span class='ocrx_word' id='word_1_715' title='bbox 2868 2627 3028 2690; x_wconf 85' lang='lat' dir='ltr'><strong>homo</strong></span> <span class='ocrx_word' id='word_1_716' title='bbox 3051 2630 3244 2686; x_wconf 87' lang='lat' dir='ltr'><strong>missus</strong></span> <span class='ocrx_word' id='word_1_717' title='bbox 3269 2631 3526 2704; x_wconf 88' lang='lat' dir='ltr'><strong>intelliga-</strong></span> 
     </span>
    </p>
   </div>
   <div class='ocr_carea' id='block_1_88' title="bbox 1941 2715 3525 2787">
    <p class='ocr_par' dir='ltr' id='par_1_88' title="bbox 1941 2715 3525 2787">
     <span class='ocr_line' id='line_1_88' title="bbox 1941 2715 3525 2787; baseline 0.008 -19"><span class='ocrx_word' id='word_1_718' title='bbox 1941 2719 2030 2768; x_wconf 84' lang='lat' dir='ltr'><strong>tur</strong></span> <span class='ocrx_word' id='word_1_719' title='bbox 2047 2715 2186 2785; x_wconf 89' lang='lat' dir='ltr'><strong>quod</strong></span> <span class='ocrx_word' id='word_1_720' title='bbox 2212 2716 2444 2773; x_wconf 87' lang='lat' dir='ltr'><strong>Verbum</strong></span> <span class='ocrx_word' id='word_1_721' title='bbox 2473 2718 2665 2775; x_wconf 87' lang='lat' dir='ltr'><strong>factum</strong></span> <span class='ocrx_word' id='word_1_722' title='bbox 2691 2723 2828 2787; x_wconf 81' lang='lat' dir='ltr'><strong>est’,</strong></span> <span class='ocrx_word' id='word_1_723' title='bbox 2858 2722 2950 2777; x_wconf 90' lang='lat' dir='ltr'><strong>sed</strong></span> <span class='ocrx_word' id='word_1_724' title='bbox 2971 2731 3026 2778; x_wconf 90' lang='lat' dir='ltr'><strong>et</strong></span> <span class='ocrx_word' id='word_1_725' title='bbox 3045 2722 3276 2779; x_wconf 76' lang='lat' dir='ltr'><strong>Verbum</strong></span> <span class='ocrx_word' id='word_1_726' title='bbox 3303 2725 3525 2780; x_wconf 90' lang='lat' dir='ltr'><strong>missum</strong></span> 
     </span>
    </p>
   </div>
   <div class='ocr_carea' id='block_1_89' title="bbox 1940 2805 3525 2888">
    <p class='ocr_par' dir='ltr' id='par_1_89' title="bbox 1940 2805 3525 2888">
     <span class='ocr_line' id='line_1_89' title="bbox 1940 2805 3525 2888; baseline 0.008 -28"><span class='ocrx_word' id='word_1_727' title='bbox 1940 2813 1999 2861; x_wconf 90' lang='lat' dir='ltr'><strong>ut</strong></span> <span class='ocrx_word' id='word_1_728' title='bbox 2037 2805 2194 2862; x_wconf 91' lang='lat' dir='ltr'><strong>homo</strong></span> <span class='ocrx_word' id='word_1_729' title='bbox 2221 2807 2372 2863; x_wconf 91' lang='lat' dir='ltr'><strong>ﬁeret</strong></span> <span class='ocrx_word' id='word_1_730' title='bbox 2405 2825 2419 2863; x_wconf 90' lang='lat'><strong>:</strong></span> <span class='ocrx_word' id='word_1_731' title='bbox 2451 2811 2573 2880; x_wconf 90' lang='lat' dir='ltr'><strong>quia</strong></span> <span class='ocrx_word' id='word_1_732' title='bbox 2607 2825 2713 2866; x_wconf 89' lang='lat' dir='ltr'><strong>non</strong></span> <span class='ocrx_word' id='word_1_733' title='bbox 2751 2812 3042 2868; x_wconf 89' lang='lat' dir='ltr'><strong>secundum</strong></span> <span class='ocrx_word' id='word_1_734' title='bbox 3078 2814 3333 2884; x_wconf 90' lang='lat' dir='ltr'><strong>imparem</strong></span> <span class='ocrx_word' id='word_1_735' title='bbox 3371 2827 3525 2888; x_wconf 86' lang='lat' dir='ltr'><strong>pote-</strong></span> 
     </span>
    </p>
   </div>
   <div class='ocr_carea' id='block_1_90' title="bbox 1939 2900 3525 2975">
    <p class='ocr_par' dir='ltr' id='par_1_90' title="bbox 1939 2900 3525 2975">
     <span class='ocr_line' id='line_1_90' title="bbox 1939 2900 3525 2975; baseline 0.006 -22"><span class='ocrx_word' id='word_1_736' title='bbox 1939 2906 2128 2954; x_wconf 89' lang='lat' dir='ltr'><strong>statem</strong></span> <span class='ocrx_word' id='word_1_737' title='bbox 2159 2900 2243 2954; x_wconf 89' lang='lat' dir='ltr'><strong>vel</strong></span> <span class='ocrx_word' id='word_1_738' title='bbox 2280 2900 2628 2956; x_wconf 89' lang='lat' dir='ltr'><strong>substantiam</strong></span> <span class='ocrx_word' id='word_1_739' title='bbox 2659 2903 2740 2957; x_wconf 88' lang='lat' dir='ltr'><strong>vel</strong></span> <span class='ocrx_word' id='word_1_740' title='bbox 2781 2903 2977 2974; x_wconf 90' lang='lat' dir='ltr'><strong>aliquid</strong></span> <span class='ocrx_word' id='word_1_741' title='bbox 3008 2905 3148 2975; x_wconf 93' lang='lat' dir='ltr'><strong>quod</strong></span> <span class='ocrx_word' id='word_1_742' title='bbox 3188 2905 3240 2960; x_wconf 91' lang='lat' dir='ltr'><strong>in</strong></span> <span class='ocrx_word' id='word_1_743' title='bbox 3277 2921 3342 2961; x_wconf 90' lang='lat' dir='ltr'><strong>eo</strong></span> <span class='ocrx_word' id='word_1_744' title='bbox 3383 2907 3525 2962; x_wconf 84' lang='lat' dir='ltr'><strong>Patri</strong></span> 
     </span>
    </p>
   </div>
   <div class='ocr_carea' id='block_1_91' title="bbox 1940 2990 3524 3068">
    <p class='ocr_par' dir='ltr' id='par_1_91' title="bbox 1940 2990 3524 3068">
     <span class='ocr_line' id='line_1_91' title="bbox 1940 2990 3524 3068; baseline 0.006 -24"><span class='ocrx_word' id='word_1_745' title='bbox 1940 3006 2043 3045; x_wconf 91' lang='lat' dir='ltr'><strong>non</strong></span> <span class='ocrx_word' id='word_1_746' title='bbox 2069 2990 2138 3046; x_wconf 91' lang='lat' dir='ltr'><strong>sit</strong></span> <span class='ocrx_word' id='word_1_747' title='bbox 2161 2991 2366 3062; x_wconf 76' lang='lat' dir='ltr'><strong>mquale</strong></span> <span class='ocrx_word' id='word_1_748' title='bbox 2393 2993 2584 3048; x_wconf 90' lang='lat' dir='ltr'><strong>missus</strong></span> <span class='ocrx_word' id='word_1_749' title='bbox 2613 3001 2731 3060; x_wconf 90' lang='lat' dir='ltr'><strong>est;</strong></span> <span class='ocrx_word' id='word_1_750' title='bbox 2759 2995 2851 3050; x_wconf 91' lang='lat' dir='ltr'><strong>sed</strong></span> <span class='ocrx_word' id='word_1_751' title='bbox 2881 2995 3168 3050; x_wconf 91' lang='lat' dir='ltr'><strong>secundum</strong></span> <span class='ocrx_word' id='word_1_752' title='bbox 3194 2996 3244 3051; x_wconf 92' lang='lat' dir='ltr'><strong>id</strong></span> <span class='ocrx_word' id='word_1_753' title='bbox 3271 2997 3410 3068; x_wconf 89' lang='lat' dir='ltr'><strong>quod</strong></span> <span class='ocrx_word' id='word_1_754' title='bbox 3437 2997 3524 3053; x_wconf 88' lang='lat' dir='ltr'><strong>Fi-</strong></span> 
     </span>
    </p>
   </div>
   <div class='ocr_carea' id='block_1_92' title="bbox 1939 3082 3524 3150">
    <p class='ocr_par' dir='ltr' id='par_1_92' title="bbox 1939 3082 3524 3150">
     <span class='ocr_line' id='line_1_92' title="bbox 1939 3082 3524 3150; baseline 0.006 -14"><span class='ocrx_word' id='word_1_755' title='bbox 1939 3082 2041 3137; x_wconf 80' lang='lat' dir='ltr'><strong>lius</strong></span> <span class='ocrx_word' id='word_1_756' title='bbox 2071 3098 2100 3137; x_wconf 91' lang='lat' dir='ltr'><strong>a</strong></span> <span class='ocrx_word' id='word_1_757' title='bbox 2129 3083 2286 3139; x_wconf 84' lang='lat' dir='ltr'><strong>Patre</strong></span> <span class='ocrx_word' id='word_1_758' title='bbox 2314 3094 2415 3150; x_wconf 92' lang='lat' dir='ltr'><strong>est,</strong></span> <span class='ocrx_word' id='word_1_759' title='bbox 2449 3100 2553 3140; x_wconf 90' lang='lat' dir='ltr'><strong>non</strong></span> <span class='ocrx_word' id='word_1_760' title='bbox 2581 3085 2738 3140; x_wconf 87' lang='lat' dir='ltr'><strong>Pater</strong></span> <span class='ocrx_word' id='word_1_761' title='bbox 2761 3101 2789 3139; x_wconf 91' lang='lat' dir='ltr'><strong>a</strong></span> <span class='ocrx_word' id='word_1_762' title='bbox 2817 3085 2974 3142; x_wconf 90' lang='lat' dir='ltr'><strong>Filio.</strong></span> <span class='ocrx_word' id='word_1_763' title='bbox 3000 3087 3234 3143; x_wconf 90' lang='lat' dir='ltr'><strong>Verbum</strong></span> <span class='ocrx_word' id='word_1_764' title='bbox 3261 3090 3401 3144; x_wconf 91' lang='lat' dir='ltr'><strong>enim</strong></span> <span class='ocrx_word' id='word_1_765' title='bbox 3425 3091 3524 3145; x_wconf 84' lang='lat' dir='ltr'><strong>Pa-</strong></span> 
     </span>
    </p>
   </div>
   <div class='ocr_carea' id='block_1_93' title="bbox 1940 3173 3522 3248">
    <p class='ocr_par' dir='ltr' id='par_1_93' title="bbox 1940 3173 3522 3248">
     <span class='ocr_line' id='line_1_93' title="bbox 1940 3173 3522 3248; baseline 0.006 -20"><span class='ocrx_word' id='word_1_766' title='bbox 1940 3173 2032 3229; x_wconf 91' lang='lat' dir='ltr'><strong>tris</strong></span> <span class='ocrx_word' id='word_1_767' title='bbox 2062 3185 2144 3230; x_wconf 92' lang='lat' dir='ltr'><strong>est</strong></span> <span class='ocrx_word' id='word_1_768' title='bbox 2171 3174 2375 3240; x_wconf 89' lang='lat' dir='ltr'><strong>Filius,</strong></span> <span class='ocrx_word' id='word_1_769' title='bbox 2414 3175 2554 3246; x_wconf 86' lang='lat' dir='ltr'><strong>quod</strong></span> <span class='ocrx_word' id='word_1_770' title='bbox 2592 3185 2646 3233; x_wconf 91' lang='lat' dir='ltr'><strong>et</strong></span> <span class='ocrx_word' id='word_1_771' title='bbox 2685 3177 2952 3247; x_wconf 83' lang='lat' dir='ltr'><strong>Sapientia</strong></span> <span class='ocrx_word' id='word_1_772' title='bbox 2996 3178 3112 3248; x_wconf 92' lang='lat' dir='ltr'><strong>ejus</strong></span> <span class='ocrx_word' id='word_1_773' title='bbox 3140 3179 3352 3235; x_wconf 90' lang='lat' dir='ltr'><strong>dicitur.</strong></span> <span class='ocrx_word' id='word_1_774' title='bbox 3386 3181 3522 3248; x_wconf 86' lang='lat' dir='ltr'><strong>Quid</strong></span> 
     </span>
    </p>
   </div>
   <div class='ocr_carea' id='block_1_94' title="bbox 1935 3263 3520 3340">
    <p class='ocr_par' dir='ltr' id='par_1_94' title="bbox 1935 3263 3520 3340">
     <span class='ocr_line' id='line_1_94' title="bbox 1935 3263 3520 3340; baseline 0.006 -23"><span class='ocrx_word' id='word_1_775' title='bbox 1935 3278 2063 3334; x_wconf 81' lang='lat' dir='ltr'><strong>ergo</strong></span> <span class='ocrx_word' id='word_1_776' title='bbox 2089 3263 2283 3320; x_wconf 90' lang='lat' dir='ltr'><strong>mirum</strong></span> <span class='ocrx_word' id='word_1_777' title='bbox 2311 3267 2355 3321; x_wconf 90' lang='lat' dir='ltr'><strong>si</strong></span> <span class='ocrx_word' id='word_1_778' title='bbox 2385 3267 2630 3331; x_wconf 89' lang='lat' dir='ltr'><strong>mittitur,</strong></span> <span class='ocrx_word' id='word_1_779' title='bbox 2664 3283 2769 3323; x_wconf 91' lang='lat' dir='ltr'><strong>non</strong></span> <span class='ocrx_word' id='word_1_780' title='bbox 2799 3268 2920 3339; x_wconf 91' lang='lat' dir='ltr'><strong>quia</strong></span> <span class='ocrx_word' id='word_1_781' title='bbox 2948 3269 3222 3340; x_wconf 70' lang='lat' dir='ltr'><strong>intequalis</strong></span> <span class='ocrx_word' id='word_1_782' title='bbox 3248 3282 3328 3326; x_wconf 92' lang='lat' dir='ltr'><strong>est</strong></span> <span class='ocrx_word' id='word_1_783' title='bbox 3355 3269 3520 3338; x_wconf 85' lang='lat' dir='ltr'><strong>Patri,</strong></span> 
     </span>
    </p>
   </div>
   <div class='ocr_carea' id='block_1_95' title="bbox 1934 3354 3524 3433">
    <p class='ocr_par' dir='ltr' id='par_1_95' title="bbox 1934 3354 3524 3433">
     <span class='ocr_line' id='line_1_95' title="bbox 1934 3354 3524 3433; baseline 0.005 -24"><span class='ocrx_word' id='word_1_784' title='bbox 1934 3354 2026 3410; x_wconf 91' lang='lat' dir='ltr'><strong>sed</strong></span> <span class='ocrx_word' id='word_1_785' title='bbox 2049 3355 2168 3425; x_wconf 88' lang='lat' dir='ltr'><strong>quia</strong></span> <span class='ocrx_word' id='word_1_786' title='bbox 2192 3365 2274 3411; x_wconf 88' lang='lat' dir='ltr'><strong>est</strong></span> <span class='ocrx_word' id='word_1_787' title='bbox 2293 3358 2514 3412; x_wconf 87' lang='lat' dir='ltr'><strong>manatio</strong></span> <span class='ocrx_word' id='word_1_788' title='bbox 2537 3359 2768 3430; x_wconf 62' lang='lat' dir='ltr'><strong>quadam</strong></span> <span class='ocrx_word' id='word_1_789' title='bbox 2789 3359 3034 3415; x_wconf 85' lang='lat' dir='ltr'><strong>claritatis</strong></span> <span class='ocrx_word' id='word_1_790' title='bbox 3053 3361 3406 3433; x_wconf 82' lang='lat' dir='ltr'><strong>omnipotentis</strong></span> <span class='ocrx_word' id='word_1_791' title='bbox 3428 3362 3524 3417; x_wconf 86' lang='lat' dir='ltr'><strong>Dei</strong></span> 
     </span>
    </p>
   </div>
   <div class='ocr_carea' id='block_1_96' title="bbox 1932 3445 3521 3529">
    <p class='ocr_par' dir='ltr' id='par_1_96' title="bbox 1932 3445 3521 3529">
     <span class='ocr_line' id='line_1_96' title="bbox 1932 3445 3521 3529; baseline 0.004 -29"><span class='ocrx_word' id='word_1_792' title='bbox 1932 3446 2127 3500; x_wconf 86' lang='lat' dir='ltr'><strong>sincera</strong></span> <span class='ocrx_word' id='word_1_793' title='bbox 2145 3445 2201 3500; x_wconf 66' lang='grc' dir='ltr'><strong>’ζ’</strong></span> <span class='ocrx_word' id='word_1_794' title='bbox 2224 3445 2298 3501; x_wconf 91' lang='lat' dir='ltr'><strong>lbi</strong></span> <span class='ocrx_word' id='word_1_795' title='bbox 2321 3456 2496 3503; x_wconf 85' lang='lat' dir='ltr'><strong>autem</strong></span> <span class='ocrx_word' id='word_1_796' title='bbox 2519 3448 2657 3518; x_wconf 91' lang='lat' dir='ltr'><strong>quod</strong></span> <span class='ocrx_word' id='word_1_797' title='bbox 2683 3458 2862 3504; x_wconf 89' lang='lat' dir='ltr'><strong>manat</strong></span> <span class='ocrx_word' id='word_1_798' title='bbox 2880 3459 2935 3505; x_wconf 91' lang='lat' dir='ltr'><strong>et</strong></span> <span class='ocrx_word' id='word_1_799' title='bbox 2955 3449 3021 3505; x_wconf 91' lang='lat' dir='ltr'><strong>de</strong></span> <span class='ocrx_word' id='word_1_800' title='bbox 3042 3466 3146 3520; x_wconf 91' lang='lat' dir='ltr'><strong>quo</strong></span> <span class='ocrx_word' id='word_1_801' title='bbox 3167 3461 3346 3529; x_wconf 84' lang='lat' dir='ltr'><strong>manat</strong></span> <span class='ocrx_word' id='word_1_802' title='bbox 3367 3453 3521 3507; x_wconf 86' lang='lat' dir='ltr'><strong>unius</strong></span> 
     </span>
    </p>
   </div>
   <div class='ocr_carea' id='block_1_97' title="bbox 1931 3536 3521 3615">
    <p class='ocr_par' dir='ltr' id='par_1_97' title="bbox 1931 3536 3521 3615">
     <span class='ocr_line' id='line_1_97' title="bbox 1931 3536 3521 3615; baseline 0.006 -24"><span class='ocrx_word' id='word_1_803' title='bbox 1931 3536 2276 3608; x_wconf 88' lang='lat' dir='ltr'><strong>ejusdemque</strong></span> <span class='ocrx_word' id='word_1_804' title='bbox 2303 3539 2610 3595; x_wconf 70' lang='lat' dir='ltr'><strong>substantiae</strong></span> <span class='ocrx_word' id='word_1_805' title='bbox 2632 3548 2733 3595; x_wconf 91' lang='lat' dir='ltr'><strong>est.</strong></span> <span class='ocrx_word' id='word_1_806' title='bbox 2761 3540 2942 3610; x_wconf 87' lang='lat' dir='ltr'><strong>Neque</strong></span> <span class='ocrx_word' id='word_1_807' title='bbox 2963 3541 3103 3596; x_wconf 91' lang='lat' dir='ltr'><strong>cnim</strong></span> <span class='ocrx_word' id='word_1_808' title='bbox 3129 3543 3267 3598; x_wconf 91' lang='lat' dir='ltr'><strong>sicut</strong></span> <span class='ocrx_word' id='word_1_809' title='bbox 3291 3558 3425 3615; x_wconf 90' lang='lat' dir='ltr'><strong>aqua</strong></span> <span class='ocrx_word' id='word_1_810' title='bbox 3453 3545 3521 3601; x_wconf 88' lang='lat' dir='ltr'><strong>do</strong></span> 
     </span>
    </p>
   </div>
   <div class='ocr_carea' id='block_1_98' title="bbox 1931 3628 3520 3702">
    <p class='ocr_par' dir='ltr' id='par_1_98' title="bbox 1931 3628 3520 3702">
     <span class='ocr_line' id='line_1_98' title="bbox 1931 3628 3520 3702; baseline 0.006 -18"><span class='ocrx_word' id='word_1_811' title='bbox 1931 3628 2197 3685; x_wconf 85' lang='lat' dir='ltr'><strong>foramine</strong></span> <span class='ocrx_word' id='word_1_812' title='bbox 2232 3639 2392 3687; x_wconf 67' lang='lat' dir='ltr'><strong>terra:</strong></span> <span class='ocrx_word' id='word_1_813' title='bbox 2430 3641 2520 3687; x_wconf 91' lang='lat' dir='ltr'><strong>aut</strong></span> <span class='ocrx_word' id='word_1_814' title='bbox 2558 3632 2746 3702; x_wconf 90' lang='lat' dir='ltr'><strong>lapidis</strong></span> <span class='ocrx_word' id='word_1_815' title='bbox 2774 3641 2986 3700; x_wconf 87' lang='lat' dir='ltr'><strong>manat;</strong></span> <span class='ocrx_word' id='word_1_816' title='bbox 3019 3633 3112 3690; x_wconf 87' lang='lat' dir='ltr'><strong>sed</strong></span> <span class='ocrx_word' id='word_1_817' title='bbox 3151 3635 3288 3691; x_wconf 89' lang='lat' dir='ltr'><strong>sicut</strong></span> <span class='ocrx_word' id='word_1_818' title='bbox 3325 3637 3414 3692; x_wconf 87' lang='lat' dir='ltr'><strong>lux</strong></span> <span class='ocrx_word' id='word_1_819' title='bbox 3451 3637 3520 3694; x_wconf 90' lang='lat' dir='ltr'><strong>de</strong></span> 
     </span>
    </p>
   </div>
   <div class='ocr_carea' id='block_1_99' title="bbox 1933 3721 3520 3794">
    <p class='ocr_par' dir='ltr' id='par_1_99' title="bbox 1933 3721 3520 3794">
     <span class='ocr_line' id='line_1_99' title="bbox 1933 3721 3520 3794; baseline 0.007 -18"><span class='ocrx_word' id='word_1_820' title='bbox 1933 3723 2069 3778; x_wconf 90' lang='lat' dir='ltr'><strong>luce.</strong></span> <span class='ocrx_word' id='word_1_821' title='bbox 2093 3721 2224 3778; x_wconf 91' lang='lat' dir='ltr'><strong>Nam</strong></span> <span class='ocrx_word' id='word_1_822' title='bbox 2248 3724 2387 3794; x_wconf 89' lang='lat' dir='ltr'><strong>quod</strong></span> <span class='ocrx_word' id='word_1_823' title='bbox 2410 3725 2608 3780; x_wconf 90' lang='lat' dir='ltr'><strong>dictum</strong></span> <span class='ocrx_word' id='word_1_824' title='bbox 2629 3735 2728 3792; x_wconf 92' lang='lat' dir='ltr'><strong>est,</strong></span> <span class='ocrx_word' id='word_1_825' title='bbox 2753 3725 2960 3782; x_wconf 87' lang='lat' dir='ltr'><strong>Candor</strong></span> <span class='ocrx_word' id='word_1_826' title='bbox 2977 3737 3049 3783; x_wconf 89' lang='lat' dir='ltr'><strong>est</strong></span> <span class='ocrx_word' id='word_1_827' title='bbox 3071 3729 3201 3784; x_wconf 88' lang='lat' dir='ltr'><strong>enim</strong></span> <span class='ocrx_word' id='word_1_828' title='bbox 3223 3731 3351 3786; x_wconf 89' lang='lat' dir='ltr'><strong>lucis</strong></span> <span class='ocrx_word' id='word_1_829' title='bbox 3370 3741 3520 3786; x_wconf 75' lang='lat' dir='ltr'><strong>teter-</strong></span> 
     </span>
    </p>
   </div>
   <div class='ocr_carea' id='block_1_100' title="bbox 1931 3813 3519 3888">
    <p class='ocr_par' dir='ltr' id='par_1_100' title="bbox 1931 3813 3519 3888">
     <span class='ocr_line' id='line_1_100' title="bbox 1931 3813 3519 3888; baseline 0.008 -22"><span class='ocrx_word' id='word_1_830' title='bbox 1931 3829 2045 3879; x_wconf 79' lang='lat' dir='ltr'><strong>me;</strong></span> <span class='ocrx_word' id='word_1_831' title='bbox 2073 3813 2196 3883; x_wconf 86' lang='lat' dir='ltr'><strong>quid</strong></span> <span class='ocrx_word' id='word_1_832' title='bbox 2227 3813 2369 3869; x_wconf 89' lang='lat' dir='ltr'><strong>aliud</strong></span> <span class='ocrx_word' id='word_1_833' title='bbox 2399 3813 2597 3870; x_wconf 90' lang='lat' dir='ltr'><strong>dictum</strong></span> <span class='ocrx_word' id='word_1_834' title='bbox 2626 3824 2728 3884; x_wconf 90' lang='lat' dir='ltr'><strong>est,</strong></span> <span class='ocrx_word' id='word_1_835' title='bbox 2756 3832 2935 3888; x_wconf 90' lang='lat' dir='ltr'><strong>quam,</strong></span> <span class='ocrx_word' id='word_1_836' title='bbox 2959 3818 3074 3874; x_wconf 88' lang='lat' dir='ltr'><strong>Lux</strong></span> <span class='ocrx_word' id='word_1_837' title='bbox 3100 3827 3183 3874; x_wconf 91' lang='lat' dir='ltr'><strong>est</strong></span> <span class='ocrx_word' id='word_1_838' title='bbox 3210 3820 3341 3876; x_wconf 90' lang='lat' dir='ltr'><strong>lucis</strong></span> <span class='ocrx_word' id='word_1_839' title='bbox 3363 3831 3519 3878; x_wconf 68' lang='lat' dir='ltr'><strong>mter-</strong></span> 
     </span>
    </p>
   </div>
   <div class='ocr_carea' id='block_1_101' title="bbox 1931 3905 3518 3979">
    <p class='ocr_par' dir='ltr' id='par_1_101' title="bbox 1931 3905 3518 3979">
     <span class='ocr_line' id='line_1_101' title="bbox 1931 3905 3518 3979; baseline 0.006 -19"><span class='ocrx_word' id='word_1_840' title='bbox 1931 3905 2051 3960; x_wconf 73' lang='lat' dir='ltr'><strong>nm?</strong></span> <span class='ocrx_word' id='word_1_841' title='bbox 2079 3905 2292 3960; x_wconf 88' lang='lat' dir='ltr'><strong>Candor</strong></span> <span class='ocrx_word' id='word_1_842' title='bbox 2315 3907 2510 3978; x_wconf 89' lang='lat' dir='ltr'><strong>quippe</strong></span> <span class='ocrx_word' id='word_1_843' title='bbox 2540 3907 2673 3963; x_wconf 91' lang='lat' dir='ltr'><strong>lucis</strong></span> <span class='ocrx_word' id='word_1_844' title='bbox 2694 3949 2708 3975; x_wconf 94' lang='lat'><strong>,</strong></span> <span class='ocrx_word' id='word_1_845' title='bbox 2738 3908 2864 3979; x_wconf 90' lang='lat' dir='ltr'><strong>quid</strong></span> <span class='ocrx_word' id='word_1_846' title='bbox 2905 3909 3004 3965; x_wconf 91' lang='lat' dir='ltr'><strong>nisi</strong></span> <span class='ocrx_word' id='word_1_847' title='bbox 3040 3911 3128 3965; x_wconf 82' lang='lat' dir='ltr'><strong>lux</strong></span> <span class='ocrx_word' id='word_1_848' title='bbox 3157 3912 3273 3966; x_wconf 88' lang='lat' dir='ltr'><strong>est?</strong></span> <span class='ocrx_word' id='word_1_849' title='bbox 3305 3913 3369 3967; x_wconf 82' lang='lat' dir='ltr'><strong>Et</strong></span> <span class='ocrx_word' id='word_1_850' title='bbox 3399 3915 3518 3971; x_wconf 89' lang='lat' dir='ltr'><strong>ideo</strong></span> 
     </span>
    </p>
   </div>
   <div class='ocr_carea' id='block_1_102' title="bbox 1929 3997 3514 4071">
    <p class='ocr_par' dir='ltr' id='par_1_102' title="bbox 1929 3997 3514 4071">
     <span class='ocr_line' id='line_1_102' title="bbox 1929 3997 3514 4071; baseline 0.008 -22"><span class='ocrx_word' id='word_1_851' title='bbox 1929 4005 2194 4051; x_wconf 72' lang='lat' dir='ltr'><strong>comterna</strong></span> <span class='ocrx_word' id='word_1_852' title='bbox 2222 3997 2358 4065; x_wconf 92' lang='lat' dir='ltr'><strong>luci,</strong></span> <span class='ocrx_word' id='word_1_853' title='bbox 2388 3997 2455 4052; x_wconf 91' lang='lat' dir='ltr'><strong>de</strong></span> <span class='ocrx_word' id='word_1_854' title='bbox 2483 4011 2584 4069; x_wconf 90' lang='lat' dir='ltr'><strong>qua</strong></span> <span class='ocrx_word' id='word_1_855' title='bbox 2616 3998 2707 4054; x_wconf 86' lang='lat' dir='ltr'><strong>lux</strong></span> <span class='ocrx_word' id='word_1_856' title='bbox 2734 4010 2834 4054; x_wconf 87' lang='lat' dir='ltr'><strong>est.</strong></span> <span class='ocrx_word' id='word_1_857' title='bbox 2873 4000 3055 4056; x_wconf 83' lang='lat' dir='ltr'><strong>Maluit</strong></span> <span class='ocrx_word' id='word_1_858' title='bbox 3089 4009 3265 4058; x_wconf 89' lang='lat' dir='ltr'><strong>autem</strong></span> <span class='ocrx_word' id='word_1_859' title='bbox 3301 4002 3514 4071; x_wconf 89' lang='lat' dir='ltr'><strong>dicere,</strong></span> 
     </span>
    </p>
   </div>
   <div class='ocr_carea' id='block_1_103' title="bbox 1928 4087 3517 4166">
    <p class='ocr_par' dir='ltr' id='par_1_103' title="bbox 1928 4087 3517 4166">
     <span class='ocr_line' id='line_1_103' title="bbox 1928 4087 3517 4166; baseline 0.004 -22"><span class='ocrx_word' id='word_1_860' title='bbox 1928 4087 2133 4144; x_wconf 86' lang='lat' dir='ltr'><strong>Candor</strong></span> <span class='ocrx_word' id='word_1_861' title='bbox 2160 4089 2308 4156; x_wconf 86' lang='lat' dir='ltr'><strong>lucis,</strong></span> <span class='ocrx_word' id='word_1_862' title='bbox 2338 4105 2517 4160; x_wconf 89' lang='lat' dir='ltr'><strong>quam,</strong></span> <span class='ocrx_word' id='word_1_863' title='bbox 2546 4087 2660 4145; x_wconf 86' lang='lat' dir='ltr'><strong>Lux</strong></span> <span class='ocrx_word' id='word_1_864' title='bbox 2687 4091 2855 4157; x_wconf 87' lang='lat' dir='ltr'><strong>lucis;</strong></span> <span class='ocrx_word' id='word_1_865' title='bbox 2885 4107 2952 4148; x_wconf 91' lang='lat' dir='ltr'><strong>ne</strong></span> <span class='ocrx_word' id='word_1_866' title='bbox 2991 4093 3269 4149; x_wconf 86' lang='lat' dir='ltr'><strong>obscurior</strong></span> <span class='ocrx_word' id='word_1_867' title='bbox 3296 4106 3517 4166; x_wconf 85' lang='lat' dir='ltr'><strong>putare-</strong></span> 
     </span>
    </p>
   </div>
   <div class='ocr_carea' id='block_1_104' title="bbox 1931 4180 3514 4253">
    <p class='ocr_par' dir='ltr' id='par_1_104' title="bbox 1931 4180 3514 4253">
     <span class='ocr_line' id='line_1_104' title="bbox 1931 4180 3514 4253; baseline 0.005 -19"><span class='ocrx_word' id='word_1_868' title='bbox 1931 4188 2015 4235; x_wconf 76' lang='lat' dir='ltr'><strong>tur</strong></span> <span class='ocrx_word' id='word_1_869' title='bbox 2037 4180 2139 4235; x_wconf 89' lang='lat' dir='ltr'><strong>ista</strong></span> <span class='ocrx_word' id='word_1_870' title='bbox 2160 4195 2278 4252; x_wconf 68' lang='lat' dir='ltr'><strong>quae</strong></span> <span class='ocrx_word' id='word_1_871' title='bbox 2300 4189 2478 4236; x_wconf 88' lang='lat' dir='ltr'><strong>manat</strong></span> <span class='ocrx_word' id='word_1_872' title='bbox 2497 4196 2654 4253; x_wconf 89' lang='lat' dir='ltr'><strong>quam</strong></span> <span class='ocrx_word' id='word_1_873' title='bbox 2677 4181 2764 4237; x_wconf 91' lang='lat' dir='ltr'><strong>illa</strong></span> <span class='ocrx_word' id='word_1_874' title='bbox 2784 4181 2852 4238; x_wconf 90' lang='lat' dir='ltr'><strong>de</strong></span> <span class='ocrx_word' id='word_1_875' title='bbox 2873 4197 2976 4253; x_wconf 89' lang='lat' dir='ltr'><strong>qua</strong></span> <span class='ocrx_word' id='word_1_876' title='bbox 2995 4193 3195 4239; x_wconf 87' lang='lat' dir='ltr'><strong>manat.</strong></span> <span class='ocrx_word' id='word_1_877' title='bbox 3219 4185 3349 4241; x_wconf 89' lang='lat' dir='ltr'><strong>Cum</strong></span> <span class='ocrx_word' id='word_1_878' title='bbox 3373 4189 3514 4242; x_wconf 53' lang='lat' dir='ltr'><strong>enim</strong></span> 
     </span>
    </p>
   </div>
   <div class='ocr_carea' id='block_1_105' title="bbox 1929 4271 3518 4344">
    <p class='ocr_par' dir='ltr' id='par_1_105' title="bbox 1929 4271 3518 4344">
     <span class='ocr_line' id='line_1_105' title="bbox 1929 4271 3518 4344; baseline 0.004 -19"><span class='ocrx_word' id='word_1_879' title='bbox 1929 4271 2142 4326; x_wconf 89' lang='lat' dir='ltr'><strong>auditur</strong></span> <span class='ocrx_word' id='word_1_880' title='bbox 2166 4271 2367 4327; x_wconf 88' lang='lat' dir='ltr'><strong>candor</strong></span> <span class='ocrx_word' id='word_1_881' title='bbox 2391 4272 2506 4342; x_wconf 91' lang='lat' dir='ltr'><strong>ejus</strong></span> <span class='ocrx_word' id='word_1_882' title='bbox 2533 4286 2654 4328; x_wconf 91' lang='lat' dir='ltr'><strong>esse</strong></span> <span class='ocrx_word' id='word_1_883' title='bbox 2682 4272 2800 4338; x_wconf 90' lang='lat' dir='ltr'><strong>ista,</strong></span> <span class='ocrx_word' id='word_1_884' title='bbox 2831 4272 3035 4328; x_wconf 83' lang='lat' dir='ltr'><strong>facilius</strong></span> <span class='ocrx_word' id='word_1_885' title='bbox 3063 4283 3146 4330; x_wconf 89' lang='lat' dir='ltr'><strong>est</strong></span> <span class='ocrx_word' id='word_1_886' title='bbox 3171 4283 3226 4329; x_wconf 91' lang='lat' dir='ltr'><strong>ut</strong></span> <span class='ocrx_word' id='word_1_887' title='bbox 3253 4291 3350 4344; x_wconf 88' lang='lat' dir='ltr'><strong>per</strong></span> <span class='ocrx_word' id='word_1_888' title='bbox 3379 4277 3518 4332; x_wconf 87' lang='lat' dir='ltr'><strong>hanc</strong></span> 
     </span>
    </p>
   </div>
   <div class='ocr_carea' id='block_1_106' title="bbox 1929 4362 3515 4436">
    <p class='ocr_par' dir='ltr' id='par_1_106' title="bbox 1929 4362 3515 4436">
     <span class='ocr_line' id='line_1_106' title="bbox 1929 4362 3515 4436; baseline 0.005 -21"><span class='ocrx_word' id='word_1_889' title='bbox 1929 4362 2107 4418; x_wconf 90' lang='lat' dir='ltr'><strong>lucere</strong></span> <span class='ocrx_word' id='word_1_890' title='bbox 2129 4363 2237 4430; x_wconf 90' lang='lat' dir='ltr'><strong>illa,</strong></span> <span class='ocrx_word' id='word_1_891' title='bbox 2263 4378 2420 4434; x_wconf 88' lang='lat' dir='ltr'><strong>quam</strong></span> <span class='ocrx_word' id='word_1_892' title='bbox 2444 4363 2558 4419; x_wconf 65' lang='lat' dir='ltr'><strong>haec</strong></span> <span class='ocrx_word' id='word_1_893' title='bbox 2577 4363 2754 4419; x_wconf 90' lang='lat' dir='ltr'><strong>minus</strong></span> <span class='ocrx_word' id='word_1_894' title='bbox 2773 4363 2955 4420; x_wconf 90' lang='lat' dir='ltr'><strong>lucere</strong></span> <span class='ocrx_word' id='word_1_895' title='bbox 2975 4363 3243 4420; x_wconf 91' lang='lat' dir='ltr'><strong>credatur.</strong></span> <span class='ocrx_word' id='word_1_896' title='bbox 3265 4365 3368 4422; x_wconf 90' lang='lat' dir='ltr'><strong>Sed</strong></span> <span class='ocrx_word' id='word_1_897' title='bbox 3393 4368 3515 4436; x_wconf 87' lang='lat' dir='ltr'><strong>quia</strong></span> 
     </span>
    </p>
   </div>
   <div class='ocr_carea' id='block_1_107' title="bbox 1927 4451 3516 4529">
    <p class='ocr_par' dir='ltr' id='par_1_107' title="bbox 1927 4451 3516 4529">
     <span class='ocr_line' id='line_1_107' title="bbox 1927 4451 3516 4529; baseline 0.004 -22"><span class='ocrx_word' id='word_1_898' title='bbox 1927 4451 2221 4508; x_wconf 88' lang='lat' dir='ltr'><strong>cavendum</strong></span> <span class='ocrx_word' id='word_1_899' title='bbox 2247 4469 2352 4508; x_wconf 89' lang='lat' dir='ltr'><strong>non</strong></span> <span class='ocrx_word' id='word_1_900' title='bbox 2383 4461 2531 4520; x_wconf 90' lang='lat' dir='ltr'><strong>erat,</strong></span> <span class='ocrx_word' id='word_1_901' title='bbox 2561 4468 2629 4510; x_wconf 91' lang='lat' dir='ltr'><strong>ne</strong></span> <span class='ocrx_word' id='word_1_902' title='bbox 2657 4454 2835 4510; x_wconf 89' lang='lat' dir='ltr'><strong>minor</strong></span> <span class='ocrx_word' id='word_1_903' title='bbox 2861 4454 2948 4510; x_wconf 85' lang='lat' dir='ltr'><strong>lux</strong></span> <span class='ocrx_word' id='word_1_904' title='bbox 2979 4455 3068 4510; x_wconf 90' lang='lat' dir='ltr'><strong>illa</strong></span> <span class='ocrx_word' id='word_1_905' title='bbox 3097 4465 3370 4528; x_wconf 87' lang='lat' dir='ltr'><strong>putaretur</strong></span> <span class='ocrx_word' id='word_1_906' title='bbox 3396 4473 3516 4529; x_wconf 76' lang='lat' dir='ltr'><strong>qua:</strong></span> 
     </span>
    </p>
   </div>
   <div class='ocr_carea' id='block_1_108' title="bbox 1927 4544 3517 4618">
    <p class='ocr_par' dir='ltr' id='par_1_108' title="bbox 1927 4544 3517 4618">
     <span class='ocr_line' id='line_1_108' title="bbox 1927 4544 3517 4618; baseline 0.004 -19"><span class='ocrx_word' id='word_1_907' title='bbox 1927 4546 2080 4600; x_wconf 90' lang='lat' dir='ltr'><strong>istam</strong></span> <span class='ocrx_word' id='word_1_908' title='bbox 2108 4544 2289 4616; x_wconf 82' lang='lat' dir='ltr'><strong>genuit</strong></span> <span class='ocrx_word' id='word_1_909' title='bbox 2311 4544 2331 4618; x_wconf 91' lang='lat'>(</span> <span class='ocrx_word' id='word_1_910' title='bbox 2348 4545 2448 4601; x_wconf 89' lang='lat' dir='ltr'><strong>hoc</strong></span> <span class='ocrx_word' id='word_1_911' title='bbox 2476 4545 2616 4601; x_wconf 91' lang='lat' dir='ltr'><strong>enim</strong></span> <span class='ocrx_word' id='word_1_912' title='bbox 2645 4546 2826 4602; x_wconf 87' lang='lat' dir='ltr'><strong>nullus</strong></span> <span class='ocrx_word' id='word_1_913' title='bbox 2853 4563 3082 4618; x_wconf 89' lang='lat' dir='ltr'><strong>unquam</strong></span> <span class='ocrx_word' id='word_1_914' title='bbox 3111 4547 3392 4606; x_wconf 73' lang='lat' dir='ltr'><strong>hmreticus</strong></span> <span class='ocrx_word' id='word_1_915' title='bbox 3420 4567 3517 4606; x_wconf 84' lang='lat' dir='ltr'><strong>au-</strong></span> 
     </span>
    </p>
   </div>
   <div class='ocr_carea' id='block_1_109' title="bbox 1926 4637 3511 4714">
    <p class='ocr_par' dir='ltr' id='par_1_109' title="bbox 1926 4637 3511 4714">
     <span class='ocr_line' id='line_1_109' title="bbox 1926 4637 3511 4714; baseline 0.002 -21"><span class='ocrx_word' id='word_1_916' title='bbox 1926 4654 2017 4693; x_wconf 88' lang='lat' dir='ltr'><strong>sus</strong></span> <span class='ocrx_word' id='word_1_917' title='bbox 2045 4647 2127 4694; x_wconf 87' lang='lat' dir='ltr'><strong>est</strong></span> <span class='ocrx_word' id='word_1_918' title='bbox 2150 4638 2346 4702; x_wconf 90' lang='lat' dir='ltr'><strong>dicere,</strong></span> <span class='ocrx_word' id='word_1_919' title='bbox 2377 4653 2477 4693; x_wconf 88' lang='lat' dir='ltr'><strong>nec</strong></span> <span class='ocrx_word' id='word_1_920' title='bbox 2499 4637 2820 4694; x_wconf 81' lang='lat' dir='ltr'><strong>credendum</strong></span> <span class='ocrx_word' id='word_1_921' title='bbox 2848 4649 2930 4694; x_wconf 91' lang='lat' dir='ltr'><strong>est</strong></span> <span class='ocrx_word' id='word_1_922' title='bbox 2956 4640 3184 4711; x_wconf 89' lang='lat' dir='ltr'><strong>aliquem</strong></span> <span class='ocrx_word' id='word_1_923' title='bbox 3213 4642 3511 4714; x_wconf 89' lang='lat' dir='ltr'><strong>ausurum),</strong></span> 
     </span>
    </p>
   </div>
   <div class='ocr_carea' id='block_1_110' title="bbox 1929 4728 3512 4803">
    <p class='ocr_par' dir='ltr' id='par_1_110' title="bbox 1929 4728 3512 4803">
     <span class='ocr_line' id='line_1_110' title="bbox 1929 4728 3512 4803; baseline 0.003 -21"><span class='ocrx_word' id='word_1_924' title='bbox 1929 4729 2002 4783; x_wconf 89' lang='lat' dir='ltr'><strong>illi</strong></span> <span class='ocrx_word' id='word_1_925' title='bbox 2039 4729 2343 4800; x_wconf 80' lang='lat' dir='ltr'><strong>cogitationi</strong></span> <span class='ocrx_word' id='word_1_926' title='bbox 2382 4730 2616 4784; x_wconf 89' lang='lat' dir='ltr'><strong>occurrit</strong></span> <span class='ocrx_word' id='word_1_927' title='bbox 2651 4728 2920 4800; x_wconf 86' lang='lat' dir='ltr'><strong>Scriptura</strong></span> <span class='ocrx_word' id='word_1_928' title='bbox 2941 4772 2956 4797; x_wconf 93' lang='lat'><strong>,</strong></span> <span class='ocrx_word' id='word_1_929' title='bbox 2984 4747 3085 4802; x_wconf 86' lang='lat' dir='ltr'><strong>qna</strong></span> <span class='ocrx_word' id='word_1_930' title='bbox 3126 4740 3308 4803; x_wconf 88' lang='lat' dir='ltr'><strong>posset</strong></span> <span class='ocrx_word' id='word_1_931' title='bbox 3343 4733 3512 4788; x_wconf 77' lang='lat' dir='ltr'><strong>videri</strong></span> 
     </span>
    </p>
   </div>
   <div class='ocr_carea' id='block_1_111' title="bbox 1926 4821 3512 4894">
    <p class='ocr_par' dir='ltr' id='par_1_111' title="bbox 1926 4821 3512 4894">
     <span class='ocr_line' id='line_1_111' title="bbox 1926 4821 3512 4894; baseline -0.001 -16"><span class='ocrx_word' id='word_1_932' title='bbox 1926 4823 2204 4878; x_wconf 87' lang='lat' dir='ltr'><strong>obscurior</strong></span> <span class='ocrx_word' id='word_1_933' title='bbox 2229 4821 2318 4877; x_wconf 85' lang='lat' dir='ltr'><strong>lux</strong></span> <span class='ocrx_word' id='word_1_934' title='bbox 2345 4821 2444 4878; x_wconf 90' lang='lat' dir='ltr'><strong>ista</strong></span> <span class='ocrx_word' id='word_1_935' title='bbox 2471 4837 2589 4892; x_wconf 51' lang='grc' dir='ltr'><strong>τινας</strong></span> <span class='ocrx_word' id='word_1_936' title='bbox 2617 4831 2825 4891; x_wconf 91' lang='lat' dir='ltr'><strong>manat,</strong></span> <span class='ocrx_word' id='word_1_937' title='bbox 2857 4839 3011 4892; x_wconf 88' lang='lat' dir='ltr'><strong>quam</strong></span> <span class='ocrx_word' id='word_1_938' title='bbox 3043 4823 3127 4877; x_wconf 85' lang='lat' dir='ltr'><strong>illa</strong></span> <span class='ocrx_word' id='word_1_939' title='bbox 3157 4823 3224 4878; x_wconf 90' lang='lat' dir='ltr'><strong>de</strong></span> <span class='ocrx_word' id='word_1_940' title='bbox 3258 4838 3360 4894; x_wconf 92' lang='lat' dir='ltr'><strong>qua</strong></span> <span class='ocrx_word' id='word_1_941' title='bbox 3397 4839 3512 4877; x_wconf 85' lang='lat' dir='ltr'><strong>ma-</strong></span> 
     </span>
    </p>
   </div>
   <div class='ocr_carea' id='block_1_112' title="bbox 1927 4914 3617 4985">
    <p class='ocr_par' dir='ltr' id='par_1_112' title="bbox 1927 4914 3617 4985">
     <span class='ocr_line' id='line_1_112' title="bbox 1927 4914 3617 4985; baseline 0.001 -16"><span class='ocrx_word' id='word_1_942' title='bbox 1927 4922 2020 4969; x_wconf 89' lang='lat' dir='ltr'><strong>nat</strong></span> <span class='ocrx_word' id='word_1_943' title='bbox 2051 4933 2063 4970; x_wconf 95' lang='lat'>:</span> <span class='ocrx_word' id='word_1_944' title='bbox 2091 4929 2247 4984; x_wconf 89' lang='lat' dir='ltr'><strong>quam</strong></span> <span class='ocrx_word' id='word_1_945' title='bbox 2278 4914 2635 4985; x_wconf 90' lang='lat' dir='ltr'><strong>suspicionem</strong></span> <span class='ocrx_word' id='word_1_946' title='bbox 2663 4915 2802 4981; x_wconf 93' lang='lat' dir='ltr'><strong>tulit,</strong></span> <span class='ocrx_word' id='word_1_947' title='bbox 2834 4931 2954 4971; x_wconf 92' lang='lat' dir='ltr'><strong>cum</strong></span> <span class='ocrx_word' id='word_1_948' title='bbox 2985 4916 3078 4982; x_wconf 89' lang='lat' dir='ltr'><strong>ait,</strong></span> <span class='ocrx_word' id='word_1_949' title='bbox 3111 4915 3318 4971; x_wconf 86' lang='lat' dir='ltr'><strong>Candor</strong></span> <span class='ocrx_word' id='word_1_950' title='bbox 3343 4927 3419 4972; x_wconf 85' lang='lat' dir='ltr'><strong>est</strong></span> <span class='ocrx_word' id='word_1_951' title='bbox 3445 4917 3515 4971; x_wconf 81' lang='lat' dir='ltr'><strong>il-</strong></span> <span class='ocrx_word' id='word_1_952' title='bbox 3605 4931 3617 4939; x_wconf 62' lang='lat'><strong><em>*</em></strong></span> 
     </span>
    </p>
   </div>
   <div class='ocr_carea' id='block_1_113' title="bbox 1926 5003 3508 5076">
    <p class='ocr_par' dir='ltr' id='par_1_113' title="bbox 1926 5003 3508 5076">
     <span class='ocr_line' id='line_1_113' title="bbox 1926 5003 3508 5076; baseline 0.001 -18"><span class='ocrx_word' id='word_1_953' title='bbox 1926 5006 2042 5068; x_wconf 85' lang='lat' dir='ltr'><strong>lius,</strong></span> <span class='ocrx_word' id='word_1_954' title='bbox 2072 5003 2124 5059; x_wconf 92' lang='lat' dir='ltr'><strong>id</strong></span> <span class='ocrx_word' id='word_1_955' title='bbox 2145 5012 2245 5070; x_wconf 90' lang='lat' dir='ltr'><strong>est,</strong></span> <span class='ocrx_word' id='word_1_956' title='bbox 2275 5004 2409 5059; x_wconf 89' lang='lat' dir='ltr'><strong>lucis</strong></span> <span class='ocrx_word' id='word_1_957' title='bbox 2429 5012 2642 5059; x_wconf 63' lang='lat' dir='ltr'><strong>aeterna:</strong></span> <span class='ocrx_word' id='word_1_958' title='bbox 2665 5022 2678 5072; x_wconf 93' lang='lat'><strong>;</strong></span> <span class='ocrx_word' id='word_1_959' title='bbox 2702 5013 2859 5075; x_wconf 92' lang='lat' dir='ltr'><strong>atque</strong></span> <span class='ocrx_word' id='word_1_960' title='bbox 2879 5005 2951 5060; x_wconf 87' lang='lat' dir='ltr'><strong>ita</strong></span> <span class='ocrx_word' id='word_1_961' title='bbox 2973 5005 3205 5060; x_wconf 87' lang='lat' dir='ltr'><strong>ostendit</strong></span> <span class='ocrx_word' id='word_1_962' title='bbox 3223 5006 3508 5076; x_wconf 69' lang='lat' dir='ltr'><strong>azqualem.</strong></span> 
     </span>
    </p>
   </div>
   <div class='ocr_carea' id='block_1_114' title="bbox 1925 5095 3512 5164">
    <p class='ocr_par' dir='ltr' id='par_1_114' title="bbox 1925 5095 3512 5164">
     <span class='ocr_line' id='line_1_114' title="bbox 1925 5095 3512 5164; baseline -0.001 -13"><span class='ocrx_word' id='word_1_963' title='bbox 1925 5095 1978 5151; x_wconf 90' lang='lat' dir='ltr'><strong>Si</strong></span> <span class='ocrx_word' id='word_1_964' title='bbox 2009 5096 2151 5151; x_wconf 90' lang='lat' dir='ltr'><strong>enim</strong></span> <span class='ocrx_word' id='word_1_965' title='bbox 2177 5095 2293 5150; x_wconf 61' lang='lat' dir='ltr'><strong>haec</strong></span> <span class='ocrx_word' id='word_1_966' title='bbox 2319 5095 2494 5150; x_wconf 90' lang='lat' dir='ltr'><strong>minor</strong></span> <span class='ocrx_word' id='word_1_967' title='bbox 2516 5103 2619 5164; x_wconf 90' lang='lat' dir='ltr'><strong>est,</strong></span> <span class='ocrx_word' id='word_1_968' title='bbox 2647 5095 2942 5150; x_wconf 89' lang='lat' dir='ltr'><strong>obscuritas</strong></span> <span class='ocrx_word' id='word_1_969' title='bbox 2968 5095 3108 5151; x_wconf 90' lang='lat' dir='ltr'><strong>illius</strong></span> <span class='ocrx_word' id='word_1_970' title='bbox 3133 5105 3234 5163; x_wconf 90' lang='lat' dir='ltr'><strong>est,</strong></span> <span class='ocrx_word' id='word_1_971' title='bbox 3260 5111 3365 5151; x_wconf 92' lang='lat' dir='ltr'><strong>non</strong></span> <span class='ocrx_word' id='word_1_972' title='bbox 3387 5111 3512 5150; x_wconf 73' lang='lat' dir='ltr'><strong>can-</strong></span> 
     </span>
    </p>
   </div>
   <div class='ocr_carea' id='block_1_115' title="bbox 1924 5187 3509 5256">
    <p class='ocr_par' dir='ltr' id='par_1_115' title="bbox 1924 5187 3509 5256">
     <span class='ocr_line' id='line_1_115' title="bbox 1924 5187 3509 5256; baseline -0.001 -15"><span class='ocrx_word' id='word_1_973' title='bbox 1924 5187 2024 5242; x_wconf 90' lang='lat' dir='ltr'><strong>dor</strong></span> <span class='ocrx_word' id='word_1_974' title='bbox 2051 5187 2212 5242; x_wconf 91' lang='lat' dir='ltr'><strong>illius.</strong></span> <span class='ocrx_word' id='word_1_975' title='bbox 2235 5187 2290 5242; x_wconf 90' lang='lat' dir='ltr'><strong>Si</strong></span> <span class='ocrx_word' id='word_1_976' title='bbox 2316 5196 2491 5243; x_wconf 88' lang='lat' dir='ltr'><strong>autem</strong></span> <span class='ocrx_word' id='word_1_977' title='bbox 2522 5187 2692 5256; x_wconf 90' lang='lat' dir='ltr'><strong>major</strong></span> <span class='ocrx_word' id='word_1_978' title='bbox 2715 5195 2818 5250; x_wconf 91' lang='lat' dir='ltr'><strong>est,</strong></span> <span class='ocrx_word' id='word_1_979' title='bbox 2845 5201 2948 5242; x_wconf 91' lang='lat' dir='ltr'><strong>non</strong></span> <span class='ocrx_word' id='word_1_980' title='bbox 2977 5202 3041 5240; x_wconf 81' lang='lat' dir='ltr'><strong>ex</strong></span> <span class='ocrx_word' id='word_1_981' title='bbox 3071 5201 3133 5242; x_wconf 89' lang='lat' dir='ltr'><strong>ea</strong></span> <span class='ocrx_word' id='word_1_982' title='bbox 3163 5196 3339 5242; x_wconf 89' lang='lat' dir='ltr'><strong>manat</strong></span> <span class='ocrx_word' id='word_1_983' title='bbox 3365 5203 3382 5242; x_wconf 91' lang='lat'><strong>:</strong></span> <span class='ocrx_word' id='word_1_984' title='bbox 3404 5204 3509 5246; x_wconf 78' lang='lat' dir='ltr'><strong>non</strong></span> 
     </span>
    </p>
   </div>
   <div class='ocr_carea' id='block_1_116' title="bbox 1924 5278 3510 5348">
    <p class='ocr_par' dir='ltr' id='par_1_116' title="bbox 1924 5278 3510 5348">
     <span class='ocr_line' id='line_1_116' title="bbox 1924 5278 3510 5348; baseline 0.001 -14"><span class='ocrx_word' id='word_1_985' title='bbox 1924 5280 2065 5335; x_wconf 89' lang='lat' dir='ltr'><strong>enim</strong></span> <span class='ocrx_word' id='word_1_986' title='bbox 2106 5280 2345 5334; x_wconf 75' lang='lat' dir='ltr'><strong>vinceret</strong></span> <span class='ocrx_word' id='word_1_987' title='bbox 2382 5279 2449 5334; x_wconf 90' lang='lat' dir='ltr'><strong>de</strong></span> <span class='ocrx_word' id='word_1_988' title='bbox 2484 5295 2582 5348; x_wconf 83' lang='lat' dir='ltr'><strong>qua</strong></span> <span class='ocrx_word' id='word_1_989' title='bbox 2624 5278 2800 5348; x_wconf 89' lang='lat' dir='ltr'><strong>genita</strong></span> <span class='ocrx_word' id='word_1_990' title='bbox 2843 5289 2942 5332; x_wconf 92' lang='lat' dir='ltr'><strong>est.</strong></span> <span class='ocrx_word' id='word_1_991' title='bbox 2975 5279 3106 5346; x_wconf 86' lang='lat' dir='ltr'><strong>Quia</strong></span> <span class='ocrx_word' id='word_1_992' title='bbox 3151 5295 3277 5348; x_wconf 82' lang='lat' dir='ltr'><strong>ergo</strong></span> <span class='ocrx_word' id='word_1_993' title='bbox 3317 5296 3382 5334; x_wconf 82' lang='lat' dir='ltr'><strong>ex</strong></span> <span class='ocrx_word' id='word_1_994' title='bbox 3422 5282 3510 5336; x_wconf 85' lang='lat' dir='ltr'><strong>illa</strong></span> 
     </span>
    </p>
   </div>
   <div class='ocr_carea' id='block_1_117' title="bbox 1927 5371 3510 5442">
    <p class='ocr_par' dir='ltr' id='par_1_117' title="bbox 1927 5371 3510 5442">
     <span class='ocr_line' id='line_1_117' title="bbox 1927 5371 3510 5442; baseline 0 -15"><span class='ocrx_word' id='word_1_995' title='bbox 1927 5383 2136 5437; x_wconf 84' lang='lat' dir='ltr'><strong>manat,</strong></span> <span class='ocrx_word' id='word_1_996' title='bbox 2172 5388 2276 5427; x_wconf 92' lang='lat' dir='ltr'><strong>non</strong></span> <span class='ocrx_word' id='word_1_997' title='bbox 2307 5381 2388 5428; x_wconf 90' lang='lat' dir='ltr'><strong>est</strong></span> <span class='ocrx_word' id='word_1_998' title='bbox 2415 5372 2583 5441; x_wconf 88' lang='lat' dir='ltr'><strong>major</strong></span> <span class='ocrx_word' id='word_1_999' title='bbox 2607 5387 2765 5442; x_wconf 89' lang='lat' dir='ltr'><strong>quam</strong></span> <span class='ocrx_word' id='word_1_1000' title='bbox 2797 5371 2887 5426; x_wconf 92' lang='lat' dir='ltr'><strong>illa</strong></span> <span class='ocrx_word' id='word_1_1001' title='bbox 2921 5387 2933 5422; x_wconf 91' lang='lat'>:</span> <span class='ocrx_word' id='word_1_1002' title='bbox 2964 5373 3083 5439; x_wconf 87' lang='lat' dir='ltr'><strong>quia</strong></span> <span class='ocrx_word' id='word_1_1003' title='bbox 3117 5387 3244 5426; x_wconf 79' lang='lat' dir='ltr'><strong>vero</strong></span> <span class='ocrx_word' id='word_1_1004' title='bbox 3274 5385 3379 5427; x_wconf 91' lang='lat' dir='ltr'><strong>non</strong></span> <span class='ocrx_word' id='word_1_1005' title='bbox 3407 5373 3510 5426; x_wconf 84' lang='lat' dir='ltr'><strong>ob-</strong></span> 
     </span>
    </p>
   </div>
   <div class='ocr_carea' id='block_1_118' title="bbox 1923 5462 3510 5534">
    <p class='ocr_par' dir='ltr' id='par_1_118' title="bbox 1923 5462 3510 5534">
     <span class='ocr_line' id='line_1_118' title="bbox 1923 5462 3510 5534; baseline -0.003 -12"><span class='ocrx_word' id='word_1_1006' title='bbox 1923 5467 2148 5522; x_wconf 83' lang='lat' dir='ltr'><strong>SCurilas</strong></span> <span class='ocrx_word' id='word_1_1007' title='bbox 2175 5465 2349 5531; x_wconf 90' lang='lat' dir='ltr'><strong>illius,</strong></span> <span class='ocrx_word' id='word_1_1008' title='bbox 2378 5463 2468 5519; x_wconf 87' lang='lat' dir='ltr'><strong>sed</strong></span> <span class='ocrx_word' id='word_1_1009' title='bbox 2504 5463 2704 5518; x_wconf 89' lang='lat' dir='ltr'><strong>candor</strong></span> <span class='ocrx_word' id='word_1_1010' title='bbox 2742 5462 2883 5517; x_wconf 87' lang='lat' dir='ltr'><strong>illius</strong></span> <span class='ocrx_word' id='word_1_1011' title='bbox 2919 5475 3021 5526; x_wconf 72' lang='grc' dir='ltr'><strong>ρει,</strong></span> <span class='ocrx_word' id='word_1_1012' title='bbox 3059 5479 3166 5517; x_wconf 87' lang='lat' dir='ltr'><strong>non</strong></span> <span class='ocrx_word' id='word_1_1013' title='bbox 3202 5473 3282 5519; x_wconf 84' lang='lat' dir='ltr'><strong>est</strong></span> <span class='ocrx_word' id='word_1_1014' title='bbox 3301 5464 3510 5534; x_wconf 87' lang='lat' dir='ltr'><strong>minor;</strong></span> 
     </span>
    </p>
   </div>
   <div class='ocr_carea' id='block_1_119' title="bbox 1989 5659 3488 5728">
    <p class='ocr_par' dir='ltr' id='par_1_119' title="bbox 1989 5659 3488 5728">
     <span class='ocr_line' id='line_1_119' title="bbox 1989 5659 3488 5728; baseline 0.007 -18"><span class='ocrx_word' id='word_1_1015' title='bbox 1989 5659 2584 5728; x_wconf 62' lang='grc' dir='ltr'><strong>ιιιιδιεεηευδεὶρὶεηόφ.</strong></span> <span class='ocrx_word' id='word_1_1016' title='bbox 2626 5726 2632 5728; x_wconf 86' lang='lat'>_</span> <span class='ocrx_word' id='word_1_1017' title='bbox 2804 5727 2807 5728; x_wconf 16' lang='grc' dir='ltr'><em>ν</em></span> <span class='ocrx_word' id='word_1_1018' title='bbox 2903 5721 2915 5728; x_wconf 91' lang='lat'>_</span> <span class='ocrx_word' id='word_1_1019' title='bbox 3276 5720 3288 5728; x_wconf 89' lang='lat'><em>_</em></span> <span class='ocrx_word' id='word_1_1020' title='bbox 3461 5716 3488 5728; x_wconf 89' lang='grc'><strong>,,</strong></span> 
     </span>
    </p>
   </div>
   <div class='ocr_carea' id='block_1_120' title="bbox 1985 5716 3514 5798">
    <p class='ocr_par' dir='ltr' id='par_1_120' title="bbox 1985 5716 3514 5798">
     <span class='ocr_line' id='line_1_120' title="bbox 1985 5716 3514 5798; baseline -0.005 -25"><span class='ocrx_word' id='word_1_1021' title='bbox 1985 5727 2006 5798; x_wconf 60' lang='grc' dir='ltr'><strong><em>ξ</em></strong></span> <span class='ocrx_word' id='word_1_1022' title='bbox 2032 5732 2105 5773; x_wconf 78' lang='lat' dir='ltr'><strong>Er.</strong></span> <span class='ocrx_word' id='word_1_1023' title='bbox 2139 5732 2190 5773; x_wconf 84' lang='lat' dir='ltr'><strong>et</strong></span> <span class='ocrx_word' id='word_1_1024' title='bbox 2212 5716 2507 5783; x_wconf 55' lang='lat' dir='ltr'><strong>&#39;bov.,&#39;caro</strong></span> <span class='ocrx_word' id='word_1_1025' title='bbox 2537 5723 2719 5784; x_wconf 76' lang='lat' dir='ltr'><strong>factum</strong></span> <span class='ocrx_word' id='word_1_1026' title='bbox 2741 5727 2827 5771; x_wconf 87' lang='lat' dir='ltr'><strong>est.</strong></span> <span class='ocrx_word' id='word_1_1027' title='bbox 2869 5721 3037 5780; x_wconf 78' lang='lat' dir='ltr'><strong>Abest,</strong></span> <span class='ocrx_word' id='word_1_1028' title='bbox 3076 5732 3220 5780; x_wconf 87' lang='lat' dir='ltr'><strong>caro,</strong></span> <span class='ocrx_word' id='word_1_1029' title='bbox 3247 5720 3309 5768; x_wconf 87' lang='lat' dir='ltr'><strong>ab</strong></span> <span class='ocrx_word' id='word_1_1030' title='bbox 3331 5717 3438 5767; x_wconf 86' lang='lat' dir='ltr'><strong>aliis</strong></span> <span class='ocrx_word' id='word_1_1031' title='bbox 3461 5716 3514 5766; x_wconf 75' lang='lat' dir='ltr'><strong>li-</strong></span> 
     </span>
    </p>
   </div>
   <div class='ocr_carea' id='block_1_121' title="bbox 1927 5789 3233 5902">
    <p class='ocr_par' dir='ltr' id='par_1_121' title="bbox 1927 5789 3233 5902">
     <span class='ocr_line' id='line_1_121' title="bbox 1927 5789 3233 5902; baseline -0.003 -7"><span class='ocrx_word' id='word_1_1032' title='bbox 1927 5789 2120 5897; x_wconf 48' lang='lat' dir='ltr'><strong>lmisittss</strong></span> <span class='ocrx_word' id='word_1_1033' title='bbox 2164 5847 2238 5896; x_wconf 89' lang='lat' dir='ltr'><strong>hic</strong></span> <span class='ocrx_word' id='word_1_1034' title='bbox 2259 5853 2311 5897; x_wconf 90' lang='lat' dir='ltr'><strong>et</strong></span> <span class='ocrx_word' id='word_1_1035' title='bbox 2334 5844 2455 5896; x_wconf 86' lang='lat' dir='ltr'><strong>infra</strong></span> <span class='ocrx_word' id='word_1_1036' title='bbox 2490 5851 2767 5896; x_wconf 87' lang='lat' dir='ltr'><strong>constanter</strong></span> <span class='ocrx_word' id='word_1_1037' title='bbox 2790 5845 2993 5902; x_wconf 82' lang='lat' dir='ltr'><strong>habent,</strong></span> <span class='ocrx_word' id='word_1_1038' title='bbox 3016 5839 3233 5892; x_wconf 75' lang='lat' dir='ltr'><strong>sinceris.</strong></span> 
     </span>
    </p>
   </div>
   <div class='ocr_carea' id='block_1_122' title="bbox 2746 5924 3227 6006">
    <p class='ocr_par' dir='ltr' id='par_1_122' title="bbox 2746 5924 3227 6006">
     <span class='ocr_line' id='line_1_122' title="bbox 2746 5924 3227 6006; baseline -0.019 -18"><span class='ocrx_word' id='word_1_1039' title='bbox 2746 5924 3227 6006; x_wconf 76' lang='lat' dir='ltr'><strong>{l’ingl-neuf.)</strong></span> 
     </span>
    </p>
   </div>
  </div>
