4076 6464
562 391 662 445 907

560 506 779 577 tuqualis
803 513 886 561 est
909 520 1055 575 ergo.
1084 503 1267 574 Neque
1291 502 1392 556 hoc
1418 512 1633 554 movere
1656 496 1835 559 debet,
1860 496 1981 566 quia
2004 496 2142 549 dicta

559 610 642 653 est
662 600 884 652 manatio
903 598 1136 668 quatiam
1155 593 1399 649 claritatis
1421 590 1773 661 omnipotentis
1796 588 1890 643 Dei
1913 588 2106 641 sincera
2124 602 2143 640 :

560 700 808 759 tanquam
850 690 960 758 ipsa
1002 704 1105 742 non
1142 688 1210 743 sit
1247 685 1617 753 omnipotens,
1647 681 1739 737 sed
1769 679 2144 750 omnipotentis

558 782 811 838 manatic.
840 780 957 835 Mox
996 779 1136 833 enim
1178 777 1243 833 de
1284 777 1369 831 illa
1400 776 1622 837 dicitur,
1655 773 1720 827 Et
1758 789 1873 827 cum
1904 773 1967 826 sit
2005 786 2140 837 una,

557 876 725 929 omnia
755 883 909 946 potest
936 871 1093 943 (Sap.
1124 887 1220 937 vn,
1246 870 1317 925 25
1348 868 1461 940 27).
1491 868 1618 936 Quis
1648 875 1727 923 est
1765 873 1939 920 autem
1965 862 2140 919 omni-

560 975 767 1032 potens,
793 962 891 1016 nisi
918 963 1005 1032 qui
1034 961 1212 1022 omnia
1242 958 1448 1030 potest?
1474 959 1554 1012 Ab
1580 958 1668 1012 illo
1694 956 1868 1026 itaque
1895 954 2138 1019 mittitur,

555 1072 583 1109 a
614 1071 719 1126 quo
744 1062 974 1109 emanat.
1001 1052 1089 1108 Sic
1113 1052 1253 1108 enim
1275 1051 1539 1121 expetitur
1563 1049 1578 1079 ί
1608 1048 1675 1102 ab
1701 1046 1791 1101 illo
1817 1046 1903 1115 qui
1932 1043 2144 1098 amabat

554 1160 671 1198 eam
712 1152 767 1199 et
802 1142 1160 1197 desiderabat.
1196 1139 1414 1205 Emitte,
1448 1138 1649 1207 inquit,
1686 1136 1828 1189 illam
1856 1133 1919 1188 de
1955 1134 2141 1189 sanctis

554 1238 689 1290 cazlis
718 1238 849 1301 tuis,
878 1244 924 1289 et
963 1235 1100 1288 mitte
1133 1232 1279 1287 illam
1318 1249 1348 1285 a
1385 1231 1500 1285 sede
1535 1227 1893 1299 magnitudinis
1924 1235 2055 1292 tuaz,
2087 1235 2142 1279 ut

552 1345 746 1383 mecum
782 1328 865 1393 sit,
898 1336 943 1380 et
972 1342 1165 1379 mecum
1205 1323 1391 1377 laboret
1424 1319 1531 1391 (Id.
1564 1335 1643 1384 ix,
1675 1319 1782 1389 10),
1819 1318 1869 1371 id
1897 1325 1999 1382 est,
2031 1317 2139 1371 Do-

553 1428 672 1476 ceat
697 1435 779 1474 me
810 1419 1072 1484 laborare,
1101 1431 1167 1471 ne
1192 1415 1447 1470 laborem.
1475 1412 1709 1467 Labores
1733 1410 1877 1464 enim
1901 1408 2015 1478 ejus
2038 1409 2142 1463 vir-

552 1521 693 1567 tutes
730 1512 915 1565 sunt’.
945 1508 1049 1564 Sed
1079 1507 1233 1562 aliter
1275 1504 1499 1559 mittitur
1531 1510 1591 1557 ut
1628 1502 1696 1556 sit
1734 1516 1853 1556 cum
1897 1500 2137 1565 homine,

551 1603 706 1657 aliter
726 1602 885 1656 missa
911 1609 994 1656 est
1019 1606 1079 1653 ut
1102 1600 1217 1669 ipsa
1244 1581 1311 1653 sit
1342 1599 1520 1651 homo.
1550 1594 1616 1649 In
1638 1595 1834 1647 animas
1858 1591 2001 1647 enim
2024 1609 2141 1646 san-

551 1704 656 1746 rtas
682 1710 735 1747 se
760 1692 996 1761 transfert
1012 1732 1025 1755 ,
1057 1701 1205 1761 atque
1229 1690 1415 1744 anticos
1442 1686 1539 1741 Dei
1569 1696 1616 1741 et
1647 1685 1926 1756 PrOpltctas
1953 1685 2139 1738 consti-

551 1788 644 1840 t-uit
675 1784 783 1859 (Id.
815 1801 905 1849 vn,
935 1782 1050 1855 27),
1081 1783 1217 1837 sicut
1246 1783 1404 1837 etiam
1432 1781 1613 1850 implet
1644 1788 1859 1833 sanctos
1887 1779 2136 1850 Angelos,

550 1888 603 1932 et
630 1878 804 1931 omnia
832 1876 1023 1931 talibus
1049 1874 1356 1929 ministeriis
1377 1886 1608 1943 congrua
1634 1886 1729 1940 per
1747 1885 1842 1925 eos
1866 1879 2135 1940 Operatur.

551 1970 683 2023 Cum
710 1976 884 2023 autem
909 1968 1052 2022 venit
1078 1964 1348 2035 plenitudo
1377 1964 1629 2033 temporis
1656 1962 1814 2015 missa
1837 1969 1919 2016 est
1939 1959 2135 2032 (ϐαιοὶ.

556 2073 629 2121 tv,
655 2059 731 2124 4),
758 2072 859 2117 non
890 2064 945 2110 ut
975 2056 1219 2124 impleret
1245 2054 1491 2123 Angelos,
1520 2068 1617 2106 nec
1637 2061 1693 2106 ut
1712 2061 1853 2106 esset
1881 2052 2134 2121 Angelus,

548 2148 649 2201 nisi
681 2149 731 2200 in
758 2155 1009 2216 quantum
1045 2145 1322 2199 consilium
1362 2144 1535 2199 Patris
1573 2142 1950 2205 annuntiabat,
1984 2141 2127 2211 quod

549 2248 602 2295 et
629 2241 789 2310 ipsius
817 2248 968 2302 erat;
1000 2253 1097 2294 nec
1127 2248 1183 2291 ut
1209 2244 1352 2292 esset
1375 2252 1493 2290 cum
1523 2234 1823 2290 hominibus
1847 2240 1939 2286 aut
1964 2233 2013 2286 in
2041 2232 2136 2287 ho-

549 2334 802 2401 minibus,
836 2333 938 2387 hoc
961 2332 1104 2387 enim
1135 2340 1188 2385 et
1213 2338 1365 2384 antea
1394 2330 1444 2383 in
1473 2328 1717 2382 Patribus
1737 2337 1789 2381 et
1816 2325 2095 2393 Prophetis
2120 2342 2133 2379 :

549 2426 644 2483 sed
672 2435 729 2481 ut
757 2427 928 2496 ipsum
956 2425 1186 2481 Verbum
1214 2438 1340 2479 caro
1366 2422 1533 2485 ﬁeret,
1560 2421 1609 2475 id
1633 2428 1735 2486 est,
1760 2420 1919 2473 homo
1944 2419 2089 2473 ﬁeret
2119 2435 2132 2473 :

550 2519 602 2573 iu
632 2533 737 2587 quo
762 2517 937 2573 futuro
968 2516 1202 2572 revelato
1232 2525 1602 2574 sacramento.
1636 2513 1793 2568 etiam
1825 2527 2007 2566 eorum
2047 2525 2136 2564 sa-

546 2609 801 2679 pientium
829 2616 986 2683 atque
1016 2615 1322 2661 Sanctorum
1354 2604 1499 2658 salus
1523 2611 1685 2662 esset.
1714 2602 1802 2672 qui
1833 2602 2134 2671 priusquam

546 2700 661 2770 ipse
687 2699 753 2755 de
785 2683 987 2768 virgine
1017 2704 1356 2762 nasceretur,
1386 2695 1454 2749 de
1492 2692 1803 2748 mulieribus
1834 2692 1941 2746 nati
1977 2700 2132 2759 sunt,

546 2803 602 2846 et
628 2792 680 2845 in
705 2806 810 2861 quo
838 2791 975 2844 iacto
999 2798 1157 2860 atque
1184 2788 1469 2859 prmdicalo
1495 2786 1638 2841 salus
1662 2786 1731 2839 sit
1754 2785 1991 2839 omnium
2015 2798 2135 2838 cre-

546 2882 803 2946 dentium,
831 2883 1179 2951 sperantium,
1210 2877 1561 2949 diligentium.
1589 2876 1701 2931 Hoc
1724 2876 1864 2931 enim
1894 2890 2135 2944 magnum

547 2974 745 3043 pietatis
770 2983 842 3027 est
868 2982 1256 3036 sacramentum,
1288 2971 1424 3042 quod
1449 2969 1826 3040 manifestatum
1848 2977 1920 3022 est
1945 2969 1995 3022 in
2022 2984 2135 3021 car-

545 3085 628 3131 ne,
650 3067 984 3135 justi/iratum
1019 3076 1090 3119 est
1118 3066 1169 3118 in
1198 3064 1397 3133 spiritu,
1429 3062 1663 3133 apparuit
1692 3060 1916 3132 Angelis,
1949 3060 2137 3131 prtrdi-

545 3167 715 3210 catum
732 3164 804 3210 est
824 3173 875 3209 in
896 3154 1142 3227 gentibus,
1168 3152 1411 3207 creditum
1430 3160 1501 3206 est
1522 3152 1574 3205 in
1596 3150 1803 3217 mundo,
1821 3161 2129 3219 assumptum

547 3260 616 3304 est
644 3250 695 3301 in
723 3247 883 3317 gloria
907 3247 947 3314 (1
974 3244 1107 3299 Tim.
1137 3260 1211 3308 ιιι,
1245 3243 1355 3312 16).

615 3341 705 3396 28.
746 3340 829 3395 Ab
872 3339 960 3393 illo
998 3352 1126 3407 ergo
1168 3336 1392 3391 mittitur
1432 3333 1528 3389 Dei
1565 3331 1830 3397 Verbum,
1862 3331 2015 3401 cujus
2052 3341 2136 3387 est

546 3433 819 3497 Verbum;
858 3430 925 3484 ab
965 3429 1055 3483 illo
1097 3428 1322 3481 mittitur
1359 3425 1425 3481 de
1462 3438 1568 3494 quo
1611 3432 1791 3477 natum
1822 3430 1940 3476 est:
1974 3423 2135 3477 mittit

545 3523 633 3595 qui
672 3522 887 3594 genuit,
920 3520 1145 3574 mittitur
1173 3516 1315 3587 quod
1352 3516 1590 3585 genitum
1620 3522 1722 3567 est.
1759 3514 1821 3566 Et
1860 3521 1985 3567 tunc
2012 3512 2132 3567 uni-

544 3617 735 3686 cuique
776 3613 1036 3677 mittitur,
1067 3625 1187 3664 cum
1230 3624 1258 3662 a
1293 3621 1559 3677 quoquam
1600 3605 1938 3674 cognoscitur
1975 3613 2133 3674 atque

544 3710 866 3781 percipitur,
906 3713 1159 3777 quantum
1201 3701 1448 3771 cognosci
1488 3706 1541 3753 et
1583 3696 1780 3767 percipi
1825 3704 1999 3767 potest
2036 3712 2133 3766 pro

544 3810 699 3871 captu
736 3799 820 3855 vel
864 3795 1187 3868 proﬁcientis
1226 3793 1276 3847 in
1319 3792 1484 3846 Deum
1505 3832 1520 3856 ,
1551 3789 1633 3844 vel
1667 3788 1910 3858 perfecta:
1940 3788 1991 3842 in
2024 3788 2132 3844 Deo

545 3895 733 3958 animae
759 3890 1051 3946 rationalis.
1082 3886 1198 3942 Non
1225 3900 1354 3955 ergo
1379 3900 1443 3940 eo
1474 3884 1589 3953 ipso
1615 3897 1720 3953 quo
1750 3881 1817 3936 de
1846 3881 2003 3937 Patre
2032 3896 2131 3935 na-

545 3992 629 4038 tus
656 3991 738 4036 est
756 4023 769 4045 ,
802 3982 994 4035 missus
1019 3978 1210 4033 dicitur
1237 3976 1404 4030 Filius
1432 3994 1444 4029 :
1474 3974 1568 4028 sed
1597 3974 1677 4028 vel
1706 3989 1769 4027 eo
1795 3972 1936 4043 quod
1963 3988 2128 4041 appa-

545 4075 650 4128 ruit
692 4072 813 4124 huic
856 4070 1053 4124 mundo
1094 4067 1327 4121 Verbum
1368 4081 1492 4120 caro
1534 4063 1933 4128 factum;lunde
1967 4063 2125 4130 dicit,

545 4164 695 4218 Exivi
715 4180 746 4215 a
770 4159 941 4225 Patre,
966 4169 1010 4213 et
1032 4160 1140 4214 veni
1165 4158 1217 4211 in
1240 4158 1370 4211 hunc
1397 4156 1639 4209 mundum
1660 4154 1838 4227 (Joan.
1861 4170 1977 4221 XVI,
1998 4154 2125 4226 28):

544 4256 628 4309 vel
657 4270 720 4308 eo
747 4251 885 4323 quod
915 4266 981 4305 ex
1013 4258 1251 4318 tempore
1278 4248 1585 4316 cujusquam
1613 4254 1789 4299 mente
1816 4245 2123 4315 percipitur,

545 4348 682 4401 sicut
709 4344 909 4400 dictum
936 4349 1037 4408 est,
1074 4340 1217 4395 Mitte
1240 4338 1402 4403 illam,
1434 4347 1486 4391 ut
1518 4353 1709 4391 mecum
1746 4337 1830 4401 sit,
1862 4345 1906 4390 et
1936 4352 2130 4390 mecum

546 4436 752 4491 laboret.
776 4433 925 4502 Quod
950 4448 1075 4502 ergo
1099 4439 1278 4485 natum
1300 4439 1380 4485 est
1400 4429 1467 4483 ab
1490 4437 1710 4493 mterno,
1734 4437 1988 4482 aeternum
2013 4436 2124 4481 est:

545 4527 748 4580 Candor
772 4534 840 4580 est
866 4525 997 4579 enim
1024 4523 1149 4577 luris
1177 4533 1395 4576 ceterum.
1425 4518 1577 4586 Quod
1608 4528 1782 4573 autem
1813 4519 2035 4573 mittitur
2062 4532 2128 4572 ex

546 4630 820 4689 tempore,
854 4632 883 4671 a
910 4630 1172 4687 quoquam
1211 4612 1569 4683 cognoscitur.
1602 4610 1709 4666 Sed
1737 4624 1856 4663 cum
1888 4610 1938 4663 in
1968 4624 2128 4665 carne

545 4708 914 4766 manifestatus
939 4715 1020 4761 est
1046 4706 1211 4760 Filius
1240 4705 1361 4767 Dei,
1395 4704 1445 4757 in
1479 4702 1619 4756 hunc
1648 4700 1903 4755 mundum
1934 4701 2127 4755 missus

543 4808 659 4867 est,
692 4800 745 4854 in
775 4797 1102 4869 plenitudine
1130 4796 1413 4866 temporis,
1446 4792 1612 4847 tactus
1651 4807 1713 4846 ex
1753 4791 1962 4845 femina.
1996 4791 2127 4856 Quia

544 4892 677 4945 enim
704 4892 757 4944 in
792 4888 1039 4959 sapientia
1070 4886 1164 4940 Dei
1200 4904 1298 4940 non
1343 4895 1535 4955 poterat
1576 4881 1792 4935 mundus
1832 4896 2127 4951 cognoscere

545 5000 635 5053 per
670 4982 968 5051 sapientiam
996 4978 1197 5044 Deum;
1232 4976 1478 5047 quoniam
1518 4975 1607 5028 lux
1643 4973 1770 5026 lucet
1803 4972 1855 5024 in
1884 4972 2122 5038 tenebris,

542 5084 591 5127 et
619 5073 829 5127 tenebrae
856 5089 967 5126 eam
1001 5087 1101 5123 non
1142 5066 1619 5138 comprehenderunt
1643 5080 1661 5119 :
1688 5063 1875 5135 placuit
1904 5061 2010 5115 Deo
2038 5078 2127 5131 per

542 5165 808 5219 stultitiam
848 5162 1217 5232 prtedicationis
1246 5160 1408 5214 salvos
1438 5162 1601 5229 facere
1639 5155 1891 5211 credentes
1918 5155 1975 5225 (ἰ
2004 5154 2121 5209 Cor.

542 5272 581 5320 ι,
608 5256 736 5325 21);
770 5264 825 5308 ut
854 5253 1088 5309 Verbum
1118 5266 1242 5305 caro
1274 5250 1456 5319 ﬁeret,
1486 5258 1540 5305 et
1577 5248 1838 5304 habitaret
1877 5248 1928 5302 in
1972 5247 2123 5303 nobis

543 5348 720 5418 (Joan.
748 5362 785 5413 ι,
809 5347 862 5411 5,
889 5346 994 5416 id).
1021 5344 1154 5397 Cum
1176 5352 1351 5397 autem
1375 5358 1440 5396 ex
1467 5349 1704 5410 tempore
1726 5339 1981 5407 cujusque
2004 5353 2124 5407 pro-

543 5440 710 5506 iectus
738 5446 913 5491 mente
938 5434 1245 5505 percipitur,
1270 5432 1403 5487 mitti
1426 5432 1637 5501 quidem
1664 5429 1875 5492 dicitur,
1902 5426 1993 5482 sed
2017 5444 2121 5481 non

542 5531 597 5585 in
639 5530 778 5583 hunc
814 5528 1067 5583 mundum
1105 5546 1116 5581 :
1150 5541 1322 5596 neque
1350 5525 1490 5580 enim
1524 5522 1844 5578 seusibilitcr
1871 5529 2118 5591 apparet,

538 5621 590 5674 id
623 5628 722 5685 est,
755 5619 1021 5686 corporeis
1048 5618 1294 5672 sensibus
1324 5624 1519 5685 praesto
1547 5622 1645 5668 est.
1674 5612 1805 5679 Quia
1832 5621 1883 5665 et
1917 5627 2011 5664 nos
2040 5625 2123 5664 se-

604 5780 619 5808 ί
646 5786 740 5825 am.
768 5782 819 5825 et
842 5782 968 5833 Mss,
994 5772 1067 5822 sic
1091 5771 1278 5823 enimet
1296 5770 1488 5835 petitur.

598 5840 623 5870 ί
647 5841 727 5888 uie
749 5836 873 5900 aliud
897 5829 1005 5886 ιον.
1032 5836 1236 5894 additur,
1262 5829 1322 5883 tte
1344 5832 1509 5897 quibus
1516 5831 1625 5895 jam
1649 5829 1826 5881 dictant
1844 5832 1933 5878 est.

1710 383 1797 437 DE
1837 378 2229 447 TRINITATE,
2268 379 2323 435 S.
2368 380 2728 441 AUGUSTINI

3714 383 3823 443 908

2255 495 2486 550 cundum
2511 496 2653 567 quod
2677 501 2853 551 mente
2880 493 3077 565 aliquid
3103 502 3393 561 mternum,
3421 502 3677 568 quantum
3698 510 3833 567 pos-

2252 602 2456 654 sumus,
2475 588 2732 658 capimus,
2755 603 2860 643 non
2882 588 2933 642 in
2956 587 3056 641 hoc
3074 587 3271 642 mundo
3291 603 3474 643 sumus
3492 606 3507 643 :
3522 597 3576 644 et
3589 588 3835 645 omnium

2247 680 2511 749 justorum
2551 679 2801 749 spiritus,
2832 680 2990 734 etiam
3024 678 3198 734 adhuc
3234 680 3285 733 in
3323 679 3424 734 hac
3455 695 3617 735 carne
3643 681 3832 736 viven-

2253 774 2379 826 tium
2405 814 2419 838 ,
2454 772 2506 827 in
2541 780 2791 842 quantum
2832 771 3010 827 divina
3050 771 3297 841 supinat,
3333 786 3438 826 non
3478 780 3602 826 sunt
3639 771 3694 826 in
3726 771 3836 828 hoc

2250 863 2465 918 mundo.
2512 862 2619 918 Sed
2658 863 2814 917 Pater
2844 878 2964 917 cum
2999 878 3064 916 ex
3103 870 3341 932 tempore
3372 877 3403 916 a
3440 876 3705 933 quoquam
3728 876 3835 917 co-

2248 954 2547 1023 gnoscitur,
2584 968 2689 1007 non
2729 954 2923 1008 dicitur
2961 955 3154 1008 missus
3186 972 3199 1007 :
3232 968 3339 1008 non
3381 954 3523 1008 enim
3566 954 3729 1010 habet
3763 957 3837 1011 de

2248 1060 2353 1115 quo
2381 1047 2449 1100 sit
2474 1047 2513 1111 ί,
2544 1054 2635 1100 aut
2667 1061 2733 1100 ex
2761 1061 2866 1115 quo
2907 1046 3175 1117 procedat.
3206 1045 3475 1115 Sapientia
3511 1046 3709 1118 quippe
3746 1048 3835 1103 di-

2247 1138 2339 1202 cit,
2368 1136 2481 1207 Ego
2507 1154 2570 1192 ea;
2593 1154 2679 1192 ore
2701 1137 2946 1192 Altissimi
2972 1138 3167 1208 prodivi
3193 1136 3380 1210 (Eccli.
3404 1153 3547 1203 xxxv,
3572 1140 3627 1202 5)
3647 1155 3662 1205 ;
3686 1139 3835 1195 etde

2249 1228 2445 1298 Spiritu
2484 1239 2669 1284 sancto
2710 1229 2931 1295 dicitur,
2968 1230 3016 1283 Α
3059 1229 3209 1284 Patre
3247 1230 3470 1301 procedit
3499 1228 3693 1302 (Joan.
3733 1247 3835 1297 xv,

2244 1323 2335 1394 26)
2367 1342 2379 1377 :
2410 1323 2565 1379 Pater
2590 1338 2738 1389 vero,
2770 1339 2797 1377 a
2828 1323 2996 1378 nullo.

2314 1414 2405 1469 ‘29.
2436 1414 2583 1469 Sicut
2609 1429 2735 1483 ergo
2760 1413 2917 1468 Pater
2944 1414 3147 1484 genuit,
3174 1414 3341 1470 Filius
3365 1415 3575 1484 genitus
3601 1424 3684 1472 est
3713 1434 3726 1469 :
3758 1416 3834 1470 ita

2246 1505 2403 1559 Pater
2440 1504 2617 1571 misit,
2658 1505 2824 1560 Filius
2863 1505 3056 1560 missus
3094 1513 3192 1560 est.
3233 1505 3341 1561 Sed
3378 1505 3833 1576 quemadmodum

2244 1595 2331 1665 qui
2364 1596 2543 1665 genuit
2567 1604 2621 1649 et
2644 1595 2732 1665 qui
2772 1595 2979 1665 genitus
3008 1604 3124 1661 est,
3158 1596 3230 1650 ita
3270 1604 3326 1652 et
3360 1597 3449 1667 qui
3488 1598 3630 1653 misit
3654 1607 3713 1654 et
3738 1599 3833 1669 qui

2246 1686 2438 1740 missus
2457 1695 2538 1740 est
2559 1702 2716 1739 unum
2738 1694 2863 1740 sunt
2883 1702 2897 1750 ;
2921 1686 3041 1755 quia
3066 1685 3224 1743 Pater
3247 1695 3303 1741 et
3326 1687 3492 1743 Filius
3516 1704 3677 1743 unum
3704 1699 3835 1745 sunt

2240 1774 2354 1846 (1d.
2384 1792 2441 1842 x,
2474 1775 2587 1845 '50).
2622 1777 2695 1831 Ita
2722 1777 2879 1831 etiam
2910 1776 3138 1847 Spiritus
3166 1787 3379 1834 sanctus
3407 1795 3570 1835 unum
3598 1796 3720 1837 cum
3747 1782 3834 1838 eis

2244 1877 2323 1920 est
2346 1885 2360 1933 ;
2388 1867 2508 1937 quia
2538 1866 2652 1922 haec
2678 1868 2777 1921 tria
2803 1884 2963 1922 unum
2989 1878 3131 1924 sunt.
3159 1869 3308 1925 Sicut
3331 1871 3473 1926 enim
3500 1881 3679 1927 natum
3705 1889 3834 1930 esse

2242 1967 2321 2013 est
2349 1958 2511 2024 Filio,
2542 1974 2571 2012 a
2599 1958 2757 2014 Patre
2790 1975 2948 2024 esse;
2977 1960 3048 2013 ita
3089 1961 3223 2016 mitti
3261 1970 3344 2017 est
3380 1963 3545 2029 Filio,
3574 1968 3832 2035 cognosci

2241 2050 2381 2119 quod
2411 2049 2480 2104 ab
2508 2050 2596 2105 illo
2626 2052 2714 2105 sit.
2746 2051 2811 2106 Et
2848 2052 2983 2106 sicut
3017 2051 3239 2122 Spiritui
3278 2064 3465 2110 sancto
3491 2056 3690 2113 donum
3729 2058 3832 2115 Dei

2241 2157 2393 2208 esse,
2425 2151 2506 2197 est
2540 2157 2569 2195 a
2608 2143 2764 2199 Patre
2805 2144 3135 2214 procedere;
3164 2136 3235 2200 ita
3267 2146 3431 2213 mitti,
3459 2155 3542 2203 est
3575 2151 3832 2220 cognosci

2240 2237 2362 2305 quia
2399 2236 2467 2291 ab
2507 2235 2598 2290 illo
2641 2236 2955 2305 procedat’.
2997 2237 3104 2292 Nec
3146 2252 3429 2308 possumus
3462 2240 3643 2297 dicere
3681 2242 3833 2311 quod

2239 2328 2466 2397 Spiritus
2490 2338 2702 2384 sanctus
2727 2337 2783 2385 et
2808 2346 2837 2385 a
2866 2330 3003 2386 Filio
3028 2345 3133 2386 non
3156 2332 3411 2401 procedat
3440 2350 3453 2387 :
3480 2348 3652 2404 neque
3676 2335 3831 2390 enim

2239 2418 2431 2474 frustra
2472 2420 2610 2475 idem
2650 2420 2877 2490 Spiritus
2905 2429 2962 2477 et
2993 2421 3165 2477 Patris
3197 2433 3250 2477 et
3288 2422 3405 2477 Filii
3433 2422 3660 2492 Spiritus
3688 2424 3835 2481 dici~

2240 2520 2345 2566 tur.
2390 2511 2501 2569 Nec
2541 2513 2697 2569 video
2735 2513 2860 2583 quid
2900 2514 3041 2569 aliud
3078 2515 3378 2585 signiﬁcare
3413 2518 3667 2581 voluerit,
3697 2533 3830 2575 cum

2242 2604 2463 2660 sufﬂans
2492 2606 2543 2660 in
2573 2605 2759 2661 faciem
2789 2605 3171 2678 discipulorum
3192 2607 3214 2639 ⁸
3242 2609 3317 2663 ait
3347 2627 3362 2664 :
3392 2609 3613 2681 Accipite
3645 2611 3830 2676 Spiri-

2240 2704 2344 2749 tum
2380 2706 2611 2751 sanctum
2637 2697 2655 2749 l
2669 2695 2826 2751 Joan.
2867 2713 2972 2763 xx,
3000 2697 3129 2768 22).
3155 2697 3337 2769 Neque
3365 2698 3507 2755 enim
3543 2700 3706 2757 ﬂatus
3736 2701 3831 2757 ille

2237 2800 2545 2858 corporeus,
2567 2804 2688 2845 cum
2709 2804 2866 2845 sensu
2887 2790 3238 2859 corporaliter
3260 2792 3504 2863 tangendi
3525 2795 3832 2864 procedens

2237 2891 2303 2931 ex
2337 2892 2591 2945 corpore,
2621 2880 2917 2935 substantia
2955 2879 3185 2951 Spiritus
3219 2882 3391 2937 sancti
3426 2880 3553 2950 fuit;
3588 2884 3687 2939 sed
3725 2884 3830 2940 de-

2237 2970 2553 3025 monstratio
2598 2985 2694 3041 per
2730 2986 3018 3041 congruam
3060 2972 3536 3044 signiﬁcationem,
3563 2990 3672 3031 non
3700 2986 3830 3033 tan-

2239 3066 2349 3114 tum
2378 3074 2409 3114 a
2434 3059 2591 3116 Patre
2609 3102 2626 3127 ,
2663 3061 2756 3116 sed
2790 3070 2847 3117 et
2871 3079 2900 3115 a
2929 3062 3065 3118 Filio
3091 3063 3382 3135 procedere
3410 3064 3664 3136 Spiritum
3694 3084 3830 3124 san-

2236 3158 2402 3204 ctum.
2438 3149 2566 3216 Quis
2589 3152 2730 3205 enim
2758 3152 3189 3208 dementissimus
3214 3153 3437 3223 dixerit,
3466 3157 3628 3211 alium
3658 3156 3831 3214 fuisse

2236 3240 2489 3312 Spiritum
2510 3241 2532 3273 ³
2569 3257 2724 3313 queui
2765 3243 2986 3299 sufﬂans
3020 3244 3199 3312 dedit,
3232 3254 3287 3300 et
3319 3247 3480 3301 alium
3510 3263 3671 3319 quem
3701 3259 3831 3319 post

2235 3334 2598 3389 ascensionem
2629 3349 2781 3389 suam
2808 3336 2950 3390 misit
2975 3336 3107 3406 (Act.
3134 3352 3190 3399 ιι,
3223 3336 3375 3406 ι-ιη
3399 3336 3544 3394 Unus
3569 3338 3717 3395 enim
3740 3349 3833 3396 est

2236 3425 2463 3495 Spiritus
2492 3426 2605 3493 Dei,
2631 3427 2859 3497 Spiritus
2883 3428 3053 3483 Patris
3077 3437 3131 3483 et
3156 3429 3295 3494 Filii,
3321 3428 3548 3500 Spiritus
3577 3442 3825 3499 sanctus,

2235 3517 2323 3588 qui
2353 3526 2601 3587 operatur
2631 3519 2806 3573 omnia
2842 3520 2892 3573 in
2931 3520 3178 3575 omnibus
3204 3520 3260 3592 (Ι
3288 3520 3406 3575 Cor.
3441 3537 3547 3587 xu,
3584 3521 3679 3592 6).
3713 3523 3829 3580 Sed

2232 3609 2376 3679 quod
2418 3609 2499 3664 bis
2533 3611 2689 3665 datus
2723 3620 2834 3674 est,
2870 3610 3195 3680 dispensatio
3231 3622 3377 3667 certe
3418 3612 3831 3682 signiﬁcationis

2235 3699 2349 3765 fuit,
2379 3700 2445 3756 de
2470 3716 2573 3770 qua
2600 3715 2697 3755 suo
2723 3702 2862 3765 loco,
2892 3710 3146 3770 quantum
3176 3702 3429 3757 Dominus
3454 3701 3685 3770 dederit,
3711 3704 3834 3760 dis»

2233 3807 2492 3849 seremus.
2522 3793 2674 3860 Quod
2711 3809 2838 3864 ergo
2874 3793 2950 3848 ait
2986 3794 3270 3858 Dominus,
3304 3793 3464 3861 Quem
3498 3811 3589 3865 ego
3620 3796 3835 3850 mittam

2233 3888 2368 3943 vobis
2396 3906 2427 3941 a
2452 3886 2612 3941 Patre
2634 3886 2811 3959 (Joan.
2840 3903 2928 3954 xv,
2950 3882 3070 3959 26);
3098 3886 3327 3943 ostendit
3354 3886 3609 3956 Spiritum
3636 3897 3690 3943 et
3721 3888 3833 3942 Pa-

2235 3979 2330 4034 tris
2356 3988 2411 4034 et
2454 3979 2595 4034 Filii.
2634 3978 2766 4047 Quia
2804 3980 2961 4033 etiam
3001 3994 3121 4032 cum
3162 3977 3419 4043 dixisset,
3458 3976 3618 4043 Quem
3657 3980 3834 4034 mittet

2236 4070 2412 4137 Pater,
2440 4070 2671 4135 addidit,
2702 4070 2755 4124 in
2781 4070 2980 4124 nomine
3004 4086 3111 4123 meo
3137 4067 3257 4142 (Id.
3287 4084 3400 4134 xxv,
3431 4069 3567 4137 26);
3596 4084 3707 4125 non
3742 4080 3836 4126 ta-

2235 4181 2355 4221 men
2380 4164 2545 4229 dixit,
2575 4163 2743 4232 Quem
2772 4163 2944 4217 mittet
2972 4161 3125 4217 Pater
3148 4175 3176 4213 a
3203 4175 3290 4216 me
3320 4177 3334 4214 :
3366 4160 3837 4231 quemadmodum

2235 4258 2385 4324 dixit,
2417 4257 2575 4322 Quem
2599 4272 2688 4326 ego
2713 4256 2905 4309 mittam
2930 4255 3065 4308 vobis
3085 4271 3117 4307 a
3142 4252 3298 4308 Patre
3323 4270 3342 4307 :
3368 4252 3607 4309 videlicet
3627 4262 3839 4310 osten-

2232 4351 2365 4407 dens
2386 4350 2525 4421 quod
2549 4351 2710 4404 totius
2734 4349 3045 4415 divinitatis,
3071 4348 3232 4415 vel,si
3250 4348 3444 4403 melius
3467 4347 3678 4413 dicitur,
3702 4348 3843 4406 dei-

2235 4444 2377 4509 tatis,
2404 4441 2719 4512 principium
2750 4440 2907 4495 Pater
2934 4447 3034 4494 est.
3062 4439 3162 4507 Qui
3188 4454 3316 4509 ergo
3341 4454 3371 4493 a
3394 4439 3549 4493 Patre
3573 4441 3841 4508 pmcedis

2232 4546 2285 4592 et
2317 4535 2486 4600 Filio,
2515 4534 2580 4589 ad
2608 4549 2728 4589 eum
2764 4533 2993 4588 refertur
3019 4548 3047 4585 a
3079 4546 3184 4602 quo
3224 4541 3380 4586 natus
3414 4539 3499 4586 est
3532 4531 3728 4588 Filius.
3764 4533 3844 4590 Et

2231 4627 2371 4698 quod
2407 4627 2535 4681 dicit
2566 4624 2884 4695 evangelista
2910 4664 2926 4689 ,
2961 4623 3185 4689 Spiritus
3229 4622 3450 4676 nondum
3489 4632 3597 4675 erat
3630 4623 3837 4693 datus,

2229 4720 2348 4790 quia
2373 4717 2525 4771 Iesus
2553 4716 2774 4770 nondum
2798 4724 2902 4768 erat
2930 4713 3242 4784 gloriﬁcatur
3267 4710 3379 4783 (Id.
3401 4727 3495 4776 vn,
3520 4710 3613 4781 59)
3639 4728 3654 4766 :
3688 4729 3844 4784 quo-

2232 4809 2393 4865 modo
2434 4807 2761 4878 intelligitur,
2792 4805 2894 4860 nisi
2920 4807 3039 4875 quia
3078 4812 3221 4859 certa
3263 4804 3353 4858 illa
3386 4802 3615 4873 Spiritus
3644 4806 3841 4861 sancti

2231 4904 2373 4958 datio
2412 4903 2497 4957 vel
2540 4900 2723 4956 missio
2768 4908 2887 4969 post
2926 4897 3356 4952 clariticationem
3396 4897 3595 4951 Christi
3641 4898 3844 4955 futura

2230 5004 2378 5060 erat,
2405 4992 2579 5064 qualis
2606 5006 2875 5061 nunquam
2910 4998 3064 5044 antea
3096 4988 3305 5044 fuerat?
3334 4986 3513 5057 Neque
3539 4986 3694 5041 enim
3729 5003 3843 5042 an-

2234 5098 2315 5141 tea
2352 5088 2491 5139 nulla
2530 5093 2678 5150 erat,
2719 5082 2813 5137 sed
2862 5081 2980 5136 talis
3018 5096 3121 5134 non
3157 5080 3347 5135 fuerat.
3385 5077 3439 5133 Si
3480 5078 3622 5133 enim
3663 5091 3847 5137 antea

2231 5179 2458 5250 Spiritus
2493 5186 2708 5232 sanctus
2742 5190 2846 5229 non
2876 5173 3131 5238 dabatur,
3160 5188 3267 5243 quo
3299 5171 3501 5241 impleti
3526 5171 3848 5241 Propheta:

2230 5272 2388 5327 locuti
2414 5268 2575 5325 sunt?
2603 5283 2724 5323 cum
2754 5275 2935 5335 aperte
2959 5265 3228 5334 Scriptura
3254 5262 3413 5327 dicat,
3442 5270 3496 5316 et
3524 5261 3723 5317 multis
3755 5263 3849 5319 lo-

2228 5364 2306 5418 cis
2330 5361 2590 5423 ostendat,
2614 5359 2813 5429 Spiritu
2831 5364 3015 5412 sancto
3039 5370 3131 5411 eos
3158 5355 3365 5410 locutos
3386 5353 3548 5408 fuisse
3572 5370 3585 5405 :
3612 5367 3759 5410 cum
3786 5364 3850 5411 ct

2286 5516 2308 5584 ,ι
2338 5513 2484 5573 mliti,
2519 5508 2581 5561 de
2615 5521 2707 5573 quo
2743 5505 2915 5561 missus
2944 5503 3023 5556 sit.
3056 5504 3234 5563 Abest,
3264 5498 3464 5560 missus,
3491 5511 3520 5549 a
3542 5504 3849 5553 ntanuscri-

2229 5583 2410 5684 Ρυῗὲτ.
2442 5642 2561 5683 ven.
2586 5640 2727 5693 ιρι,
2748 5629 2819 5680 ita
2840 5626 2978 5689 mitti,
3000 5631 3069 5677 est
3106 5622 3323 5689 cognosci
3354 5624 3481 5685 quod
3504 5620 3565 5671 ab
3586 5620 3687 5674 ἱιιο
3713 5638 3848 5688 pro-

2228 5697 2438 5806 “iiiis.
2460 5702 2553 5805 nhil]
2572 5751 2841 5820 habent,_in
2862 5749 3036 5820 faciem
3057 5745 3422 5820 dispipulorwn.

2290 5820 2311 5851 ⁸
2337 5820 2560 5883 Plerique
2585 5827 2709 5881 MSS.,
2732 5815 2881 5867 alium
2901 5815 3048 5877 fuisse
3066 5813 3293 5874 Spiritum
3308 5813 3527 5860 sanam
3549 5819 3737 5871 Quem.
