4076 6502
178 437 278 498 909

177 553 239 609 dc
265 555 470 610 Joanne
495 547 733 618 Baptista
763 546 958 604 dictum
987 543 1053 599 sit
1073 586 1086 610 ,
1120 539 1318 614 Spiritu
1346 549 1514 595 sancto
1537 537 1755 609 replebi-

176 663 255 706 tur
268 648 381 720 jam
406 643 528 698 inde
549 641 612 696 ab
635 649 772 696 utero
801 638 974 692 matris
1003 651 1107 692 sum
1127 652 1145 690 :
1168 645 1221 690 et
1238 633 1444 704 Spiritu
1471 639 1655 686 sancto
1678 644 1762 720 re-

176 718 348 812 pletus
373 733 662 790 Zacharias
694 730 959 786 invenitur
986 736 1135 798 pater
1163 724 1276 795 ejus
1299 766 1312 789 ,
1342 731 1400 778 ut
1425 722 1490 777 de
1521 721 1610 775 illo
1637 718 1761 812 talia

176 811 412 893 diceret;
443 834 500 881 et
525 823 728 895 Spiritu
758 830 942 877 sancto
971 819 1133 873 Maria
1155 858 1170 883 ,
1200 824 1257 870 ut
1283 816 1405 872 talia
1435 815 1502 869 de
1536 811 1761 867 Domino

175 935 327 991 quem
353 917 595 990 gestabat
620 923 794 980 utero,
827 911 1140 982 praedicaret
1167 905 1314 978 (Luc.
1347 921 1385 971 ι,
1416 905 1502 971 15,
1533 902 1758 973 41-79);

175 1013 372 1082 Spiritu
413 1017 600 1064 sancto
645 1006 863 1062 Simeon
913 1011 966 1057 ει
1008 1002 1196 1067 Anna,
1242 1008 1299 1053 ut
1341 993 1760 1068 magnitudinem

174 1103 367 1162 Christi
401 1099 602 1173 parvuli
631 1103 978 1168 agnoscerent
1008 1092 1118 1166 (Id.
1152 1109 1206 1158 ιι,
1231 1090 1426 1160 23-58)
1453 1109 1465 1144 :
1495 1087 1760 1160 quomodo

175 1211 300 1266 ergo
328 1193 554 1266 Spiritus
589 1188 814 1244 nondum
851 1195 955 1241 erat
986 1187 1134 1239 datus
1155 1227 1166 1247 ,
1198 1184 1316 1253 quia
1349 1181 1501 1236 Iesus
1535 1180 1762 1234 nondum

176 1295 281 1343 erat
305 1284 652 1353 clari/icatus;
676 1281 776 1335 nisi
808 1280 927 1350 quia
960 1279 1046 1333 illa
1081 1276 1256 1341 datio,
1291 1275 1370 1331 vel
1397 1274 1646 1339 donatio,
1678 1272 1759 1326 vel

176 1376 360 1432 missio
401 1373 631 1445 Spiritus
670 1371 838 1426 sancti
882 1368 1126 1423 habitura
1163 1375 1277 1422 erat
1315 1365 1595 1437 quamdam
1637 1379 1758 1434 [wo-

177 1471 456 1541 prietatem
497 1481 647 1520 suam
688 1465 740 1518 in
783 1465 898 1533 ipso
934 1462 1200 1525 adventu,
1233 1460 1402 1530 qualis
1436 1468 1587 1513 antea
1623 1473 1756 1513 nuu-

175 1579 330 1634 quam
362 1559 493 1615 fuit?
521 1559 790 1629 Nusquam
817 1557 959 1612 enim
989 1555 1211 1635 legimus
1231 1596 1243 1616 ,
1278 1549 1467 1622 linguis
1495 1564 1625 1621 quas
1655 1565 1759 1604 non

176 1661 439 1711 noverant
467 1652 710 1708 homines
735 1651 959 1715 locutos,
985 1647 1231 1702 veniente
1256 1647 1308 1700 in
1334 1661 1392 1700 se
1414 1645 1612 1716 Spiritu
1639 1659 1763 1698 saa-

175 1757 278 1814 cto,
310 1746 450 1800 sicut
468 1752 601 1800 tunc
627 1743 821 1798 factum
851 1750 953 1807 est,
983 1755 1102 1795 cum
1128 1747 1399 1810 dporteret
1421 1739 1537 1808 ejus
1564 1734 1759 1792 adven-

175 1850 284 1895 tum
317 1839 488 1910 signis
525 1835 865 1893 sensibilibus
894 1831 1280 1896 demonstrari,
1310 1840 1368 1886 ιιι
1391 1829 1762 1885 ostenderetur

177 1940 340 1985 totum
363 1928 558 1984 orbem
590 1935 852 1982 terrarum
879 1933 1039 1997 atque
1065 1937 1251 1977 omnes
1275 1931 1466 1993 gentes
1491 1921 1541 1974 in
1569 1920 1762 1989 linguis

174 2020 336 2075 variis
351 2019 680 2074 constitutas
700 2057 716 2084 ,
746 2015 1043 2070 credituros
1066 2012 1124 2068 in
1151 2012 1419 2069 Christum
1448 2026 1542 2081 per
1565 2010 1759 2065 donum

176 2110 405 2182 Spiritus
435 2107 636 2174 sancti;
680 2116 738 2161 ut
773 2105 1088 2176 impleretur
1113 2103 1252 2175 quod
1288 2103 1340 2157 in
1377 2091 1588 2157 Psalino
1613 2103 1760 2155 cani-

177 2211 282 2267 tur,
311 2197 436 2255 Non
457 2208 572 2255 sunt
597 2197 812 2268 loquelae
831 2213 990 2266 neque
1009 2210 1284 2259 aerumnas,
1310 2209 1524 2266 quorum
1548 2209 1648 2246 non
1673 2209 1765 2246 mt-

173 2293 548 2346 di-sturusm
573 2288 860 2353 eorum;in
883 2303 1084 2342 omnem
1109 2284 1466 2341 terramaiuit
1487 2299 1644 2340 sum
1675 2298 1763 2337 εο-
1799 2297 1804 2303 '

177 2364 317 2452 ηιξ,
345 2393 396 2440 ιι
419 2385 473 2438 in
501 2383 628 2453 ﬁnes
665 2382 799 2436 orbis
836 2390 982 2435 terra
1007 2377 1156 2434 verba
1180 2392 1353 2432 eorum
1381 2373 1404 2449 (
1427 2375 1570 2430 Psal.
1606 2390 1758 2442 xvm,

177 2480 226 2544 ι,
251 2475 352 2549 5).

237 2571 338 2627 30.
358 2569 538 2627 Verbo
565 2569 741 2640 itaque
770 2567 868 2623 Dei
895 2566 968 2622 ad
999 2566 1252 2622 unitatem
1284 2579 1528 2637 personae
1550 2561 1766 2634 copula-

172 2675 281 2732 tus,
305 2672 362 2721 et
394 2662 623 2734 quodam
669 2661 828 2718 modo
849 2660 1170 2716 commixtus
1197 2669 1279 2714 est
1316 2659 1496 2725 homo,
1521 2672 1642 2713 cum
1671 2671 1764 2710 ve-

177 2757 359 2811 niente
385 2753 714 2824 plenitudine
743 2753 999 2822 temporis
1025 2751 1221 2824 missus
1249 2759 1331 2804 est
1361 2750 1412 2804 in
1443 2750 1584 2803 hunc
1610 2763 1765 2802 mun-

175 2846 304 2902 dum
347 2846 520 2900 iactus
554 2860 620 2900 es
663 2843 862 2898 femina
893 2842 1061 2898 Filius
1106 2842 1241 2906 Dei,
1275 2851 1333 2895 ut
1359 2848 1502 2895 esset
1528 2847 1582 2895 et
1625 2837 1766 2893 ﬁlius

180 2937 410 2992 hominis
431 2945 650 3006 propter
675 2935 814 2990 ﬁlios
842 2933 1137 2988 hominum.
1175 2932 1322 2987 llauc
1351 2944 1633 3001 personam
1664 2943 1765 2982 an-

177 3029 346 3100 gelica
372 3039 564 3083 natura
590 3026 814 3097 ﬁgurare
843 3036 998 3081 antea
1025 3024 1224 3096 potuit,
1257 3035 1312 3078 ut
1342 3022 1760 3093 prmnuntiarct;

175 3138 284 3177 non
313 3121 684 3191 expropriare.
714 3128 769 3173 ut
791 3120 903 3188 ipsa
932 3126 1097 3173 esset.

245 3213 476 3271 CAPUT
530 3211 668 3268 XXI.
695 3241 766 3251 —
784 3211 864 3265 De
889 3210 1113 3266 sensibili
1157 3207 1584 3263 demonstratione
1607 3207 1767 3260 sancti

175 3306 430 3377 Spiritus,
457 3313 504 3358 rt
523 3304 592 3358 de
615 3304 950 3358 coaeternitate
991 3302 1272 3356 Trinitatis.
1317 3300 1452 3366 Quid
1487 3300 1676 3353 dictum
1702 3300 1767 3353 sit

178 3412 222 3456 et
244 3401 370 3475 quid
395 3397 666 3454 dicendum
694 3405 862 3452 restet.
887 3397 962 3451 De
976 3395 1214 3451 sensibili
1235 3404 1410 3449 autem
1432 3393 1768 3448 demonstra-

180 3496 323 3550 tione
365 3492 602 3564 Spiritus
666 3490 870 3554 sancti,
925 3490 1037 3544 sive
1084 3503 1180 3558 per
1223 3487 1485 3542 columbae
1533 3487 1764 3555 speciem

173 3586 395 3658 (Hann.
426 3601 503 3651 ut,
532 3583 623 3654 16)
646 3623 663 3649 ,
685 3583 796 3638 sive
827 3597 920 3651 per
959 3581 1162 3650 linguas
1205 3579 1389 3649 igneas
1430 3577 1568 3647 (Act.
1595 3593 1654 3644 ll,
1687 3577 1764 3647 5),

174 3693 298 3730 cum
325 3676 446 3746 ejus
473 3674 822 3730 substantiam
848 3672 988 3728 Patri
1017 3679 1071 3726 et
1095 3669 1232 3725 Filio
1270 3677 1591 3724 coaeternam
1623 3667 1767 3737 pari-

174 3779 367 3839 terque
407 3764 895 3822 incommutabilem
936 3763 1145 3818 subdita
1183 3771 1236 3818 et
1264 3763 1501 3818 serviens
1526 3771 1766 3817 creatura

173 3861 568 3932 temporalibus
601 3858 833 3915 motibus
872 3865 926 3912 et
967 3857 1152 3912 formis
1177 3855 1524 3921 ostenderet,
1555 3871 1674 3912 cum
1702 3855 1767 3910 ad

169 3953 292 4020 ejus
323 3967 574 4023 personae
599 3950 856 4005 unitatem
879 3989 894 4014 ,
926 3948 1064 4004 sicut
1087 3962 1216 4003 caro
1249 3947 1390 4017 quod
1420 3946 1653 4003 Verbum
1696 3946 1773 4001 fa-

171 4051 324 4096 ctum
351 4051 438 4096 est
467 4041 648 4110 (toan.
677 4054 731 4103 ι,
765 4038 890 4108 It),
923 4053 1027 4093 non
1073 4035 1430 4108 copularetur,
1465 4049 1569 4092 non
1599 4037 1770 4091 audeo

173 4134 361 4188 dicere
386 4131 516 4188 nihil
548 4131 655 4186 tale
689 4130 882 4186 factum
914 4143 1033 4185 esse
1058 4139 1229 4185 antea.
1264 4128 1368 4184 Sed
1413 4129 1570 4198 plane
1600 4128 1769 4182 ﬁden-

171 4233 255 4278 ter
297 4223 534 4279 dixerim
557 4265 573 4290 ,
599 4222 810 4278 Patrem
851 4230 906 4278 et
943 4221 1133 4277 Filium
1161 4231 1214 4277 et
1242 4219 1498 4292 Spiritum
1526 4227 1769 4277 sanctum

170 4315 340 4370 unius
362 4313 713 4384 ejusdemque
737 4313 1066 4377 substantim,
1104 4309 1266 4367 Deum
1300 4320 1620 4380 creatorem,
1648 4312 1772 4368 Tri-

167 4407 403 4461 nitatem
453 4406 872 4475 omnipotentem
907 4404 1329 4474 inseparabiliter
1370 4406 1579 4474 operarl
1616 4421 1631 4458 :
1676 4405 1769 4460 sed

170 4499 240 4549 ita
273 4510 390 4550 non
419 4509 578 4565 posse
600 4510 698 4568 per
725 4495 882 4566 longe
908 4494 1164 4564 imparem
1202 4495 1538 4566 maximeque
1574 4509 1770 4566 corpo-

166 4604 326 4643 ream
375 4596 681 4644 creaturam
722 4587 1149 4658 inseparabiliter
1186 4586 1575 4655 demonstrari;
1632 4590 1772 4645 sicut

166 4694 268 4748 per
297 4692 470 4736 voces
511 4687 726 4734 nostras
748 4721 764 4744 ,
791 4694 909 4748 qum
945 4678 1125 4749 otique
1161 4679 1507 4748 corporaliter
1543 4693 1764 4748 sonant,

165 4786 276 4824 non
314 4777 550 4840 possunt
575 4769 732 4824 Pater
772 4779 827 4823 et
855 4768 1022 4823 Filius
1050 4777 1104 4824 ει
1131 4768 1362 4840 Spiritus
1391 4780 1638 4839 sanctus,
1669 4775 1768 4827 nisi

166 4865 286 4918 suis
302 4874 370 4918 et
386 4862 616 4934 propriis
639 4862 930 4918 intervallis
951 4871 1250 4932 temporum
1269 4875 1411 4919 certa
1435 4867 1770 4936 separatione

158 4955 456 5010 distinctis
477 4995 494 5019 ,
519 4969 639 5024 qua)
663 4968 774 5008 sua:
803 4955 1060 5024 cujusque
1092 4955 1337 5010 vocabuli
1363 4958 1580 5027 syllabae
1608 4973 1768 5014 occu-

159 5057 300 5116 nant
321 5089 340 5113 ,
374 5046 665 5102 nominari.
708 5045 764 5100 In
804 5061 901 5110 sua
937 5048 1131 5117 quippe
1155 5050 1446 5103 substantia
1473 5064 1576 5119 qua
1610 5061 1767 5119 sunt,

154 5139 263 5195 tria
312 5155 488 5194 unum
534 5147 676 5203 sunt,
723 5138 881 5194 Pater
905 5148 961 5194 et
995 5139 1161 5195 Filius
1202 5150 1256 5196 et
1281 5141 1506 5211 Spiritus
1533 5154 1767 5213 sanctus,

155 5234 324 5288 nullo
379 5231 662 5301 temporali
691 5241 837 5286 motu
875 5246 1036 5301 super
1072 5248 1286 5288 omnem
1344 5242 1642 5290 creaturam
1689 5237 1769 5291 id-

1477 424 1676 480 LlBER
1715 421 2054 492 QUARTUS.

3335 431 3446 490 910

1870 547 1924 594 et
1950 539 2272 596 intellectum
2298 549 2353 596 ct
2379 539 2704 596 voluntatem
2728 540 2970 608 nomino,
2994 540 3199 612 singula
3226 543 3438 614 quidem

1865 632 2079 687 nomina
2123 632 2188 688 ad
2230 649 2317 689 res
2364 634 2598 705 singulas
2638 633 2961 702 referuntur,
3014 633 3106 690 sed
3145 642 3320 691 tamen
3377 641 3444 692 ab

1865 725 2110 780 omnibus
2140 725 2308 780 tribus
2339 725 2541 797 singula
2585 725 2720 780 facta
2747 734 2910 791 sunt;
2940 726 3141 780 nullum
3169 729 3310 782 enim
3343 728 3441 783 lto-

1866 833 1982 870 rum
2014 817 2172 872 trium
2225 819 2497 872 nominum
2543 827 2660 885 est,
2701 817 2842 889 quod
2872 834 2978 874 non
3005 827 3058 875 ει
3094 821 3351 876 memoria
3392 833 3445 877 et

1867 909 2164 964 intellectus
2205 922 2256 964 ει
2302 909 2545 964 voluntas
2587 926 2701 964 mea
2741 910 2898 967 simul
2943 922 3162 981 operata
3189 913 3298 967 sint
3327 930 3340 967 :
3374 914 3444 969 ita

1865 999 2098 1054 Trinitas
2120 1001 2272 1054 simul
2297 1009 2509 1070 operata
2529 1009 2611 1056 est
2639 1010 2694 1056 et
2720 1017 2902 1056 vocem
2925 1000 3116 1068 Patris,
3149 1012 3202 1058 et
3227 1017 3443 1058 carnem

1866 1091 2007 1155 Filii,
2042 1092 2416 1148 etcolutnbam
2459 1091 2690 1162 Spiritus
2719 1093 2910 1160 sancti,
2937 1109 3058 1148 cum
3095 1093 3159 1148 ad
3192 1109 3448 1163 personas

1865 1185 2099 1254 singulas
2126 1185 2328 1254 singula
2372 1183 2485 1240 haec
2515 1183 2828 1239 referantur.
2861 1184 2975 1252 Qua
3000 1185 3345 1240 similitudine
3367 1197 3449 1241 ut-

1864 1293 2092 1350 cumque
2116 1278 2454 1349 cognoscitur
2479 1278 2884 1347 inseparabilem
2913 1278 2964 1333 in
2996 1294 3055 1334 se
3076 1279 3187 1350 ipsa
3213 1279 3412 1333 Trinita
3431 1309 3446 1319 -

1866 1380 1972 1427 tem
2035 1387 2131 1443 per
2178 1370 2404 1427 visibilis
2458 1381 2720 1427 creaturae
2755 1362 3022 1441 'speciem
3080 1371 3448 1443 separabilitcr

1865 1463 2237 1527 demonstrari,
2261 1474 2314 1518 et
2340 1463 2746 1532 inseparabilem
2773 1465 3048 1520 Trinitatis
3077 1466 3443 1535 operationem

1863 1555 2021 1610 etiam
2052 1555 2104 1610 in
2144 1555 2363 1626 singulis
2387 1570 2504 1610 esse
2534 1553 2716 1621 rebus,
2749 1571 2867 1626 quae
2891 1555 2973 1611 vel
3011 1555 3077 1611 ad
3100 1556 3332 1624 Patrem,
3362 1558 3444 1613 vel

1865 1646 1931 1700 ad
1961 1645 2173 1712 Filium,
2201 1647 2280 1699 vel
2311 1646 2376 1701 ad
2404 1645 2661 1716 Spiritum
2703 1656 2945 1702 sanctum
2971 1647 3448 1720 demonstrandum

1865 1738 2076 1810 preprie
2100 1738 2363 1809 pertinere
2384 1735 2653 1794 dicuntur.

1935 1832 2025 1886 3t.
2067 1830 2123 1886 Si
2165 1813 2293 1901 ergo
2325 1846 2354 1884 a
2402 1846 2488 1886 me
2524 1830 2782 1902 quaeritur
2806 1872 2820 1896 ,
2852 1831 3117 1902 quomodo
3152 1830 3304 1887 factm
3339 1833 3451 1888 sint

1866 1923 1949 1978 vel
1976 1938 2132 1977 voces
2158 1923 2242 1977 vel
2269 1921 2550 1977 sensibiles
2576 1921 2762 1980 forma:
2801 1931 2961 1992 atque.
2988 1922 3194 1992 species
3211 1931 3336 1979 ante
3365 1923 3450 1977 in-

1865 2016 2225 2071 carnationem
2267 2013 2426 2070 Verbi
2459 2015 2573 2082 Dei,
2605 2030 2725 2086 quas
2755 2016 2857 2070 hoc
2885 2017 3451 2089 futurumprazligura-

1869 2116 1987 2163 rent
2019 2126 2032 2161 :
2068 2123 2161 2176 per
2203 2106 2437 2178 Angelos
2457 2121 2523 2161 ea
2557 2106 2727 2162 Deum
2764 2114 3043 2178 cperatum
3069 2122 3191 2163 esse
3221 2122 3450 2179 rcSpou-

1867 2198 2002 2264 deo;
2033 2198 2173 2270 quod
2199 2199 2357 2254 etiam
2374 2199 2767 2270 Scripturarum
2782 2210 3084 2255 sanctarum
3109 2201 3450 2268 testimoniis,

1867 2301 2125 2364 quantum
2146 2292 2396 2348 existimo
2420 2333 2437 2360 ,
2463 2291 2590 2348 satis
2619 2292 2850 2348 ostendi.
2879 2291 2936 2349 Si
2969 2302 3147 2347 autem
3173 2293 3449 2364 qumritur,

1869 2384 1984 2453 ipsa
2026 2383 2320 2439 incarnatio
2357 2383 2625 2455 quomodo
2660 2385 2796 2439 facta
2845 2385 2916 2439 sit
2956 2401 2970 2437 :
3009 2385 3181 2454 ipsum
3217 2383 3452 2440 Verbum

1871 2477 1962 2532 Dei
2010 2477 2134 2532 dico
2177 2492 2392 2534 carnem
2437 2477 2632 2532 factum
2657 2519 2673 2540 ,
2704 2477 2755 2532 id
2783 2485 2890 2542 est,
2923 2477 3190 2532 hominem
3217 2477 3412 2532 factum
3433 2519 3449 2545 ,

1870 2583 1973 2623 non
2005 2576 2175 2624 tamen
2204 2569 2258 2624 in
2283 2567 2384 2624 hoc
2422 2569 2562 2640 quod
2605 2569 2798 2623 factum
2825 2579 2909 2623 est
2945 2583 3265 2624 conversum
3293 2579 3454 2639 atque

1870 2669 2164 2727 mut-itum;
2193 2660 2262 2714 ita
2279 2675 2411 2716 sane
2436 2659 2652 2726 factum,
2687 2669 2742 2714 ut
2765 2660 2837 2714 ibi
2865 2661 2933 2714 sit
2960 2675 3065 2716 non
3090 2668 3293 2715 tantum
3323 2660 3455 2714 Ver-

1869 2751 1996 2806 bum
2031 2752 2122 2806 Dei
2147 2761 2200 2807 et
2228 2752 2459 2806 hominis
2482 2767 2629 2816 caro,
2661 2751 2754 2806 sed
2784 2751 2945 2806 etiam
2971 2751 3246 2806 rationalis
3275 2751 3452 2805 homi-

1870 2843 1954 2896 nis
1977 2841 2153 2896 anima
2173 2883 2187 2909 ,
2211 2852 2371 2917 atque
2402 2840 2504 2897 hoc
2533 2850 2702 2897 totum
2731 2853 2786 2896 et
2827 2842 2963 2896 Deus
2994 2841 3200 2896 dicatur
3238 2850 3458 2911 propter

1872 2933 2037 2987 Deum
2060 2942 2115 2988 et
2137 2935 2296 2987 homo
2325 2943 2542 3003 propter
2566 2933 2860 2988 hominem.
2881 2931 3034 3001 Quod
3060 2933 3104 2987 si
3135 2932 3352 2988 difﬁcile
3371 2933 3457 2988 itt-

1871 3025 2144 3096 tclligitur,
2177 3041 2326 3079 mens
2355 3024 2459 3079 ﬁde
2489 3033 2761 3096 purgetur,
2789 3024 2960 3093 magis
2991 3024 3265 3094 magisque
3288 3024 3457 3079 absti-

1870 3118 2047 3174 nendo
2072 3133 2102 3172 a
2151 3119 2382 3188 peccatis
2401 3159 2414 3185 ,
2441 3127 2495 3172 et
2519 3118 2655 3173 bene
2674 3117 2948 3188 operando
2966 3157 2980 3181 ,
3008 3126 3062 3172 ct
3102 3117 3304 3172 orando
3333 3133 3456 3172 cum

1869 3211 2068 3282 gemitu
2098 3209 2484 3265 desideriorum
2522 3219 2860 3275 sanctorum,
2889 3217 2948 3264 ut
2977 3225 3070 3278 per
3097 3209 3333 3264 divinum
3363 3209 3460 3262 ad-

1865 3304 2123 3374 jutorium
2155 3303 2516 3374 proﬁciendo,
2539 3310 2593 3358 et
2613 3303 2867 3374 intelligat
2887 3343 2902 3369 ,
2935 3310 2987 3356 et
3010 3313 3168 3357 amet.
3199 3303 3254 3358 Si
3278 3310 3454 3357 autent

1871 3398 2128 3469 qumrilur
2148 3439 2162 3461 ,
2195 3405 2317 3468 post
2361 3396 2776 3451 incarnationem
2805 3395 2993 3458 Verbi,
3021 3394 3293 3465 quomodo
3322 3395 3455 3448 facta

1871 3491 1940 3544 sit
1967 3489 2049 3544 vel
2076 3503 2179 3544 vox
2209 3488 2400 3553 Patris,
2434 3488 2515 3542 vel
2540 3489 2746 3557 species
2775 3486 3064 3556 corporalis
3088 3501 3188 3557 qua
3226 3485 3455 3556 Spiritus

1873 3592 2088 3637 sanctus
2125 3581 2522 3637 demonsmtus
2571 3589 2656 3634 est
2693 3598 2706 3634 :
2748 3595 2842 3648 per
2891 3589 3190 3633 creaturam
3238 3578 3455 3648 quidem

1873 3678 2008 3733 facta
2034 3677 2132 3731 ista
2167 3692 2272 3731 non
2301 3676 2514 3740 dubito;
2545 3676 2636 3730 sed
2665 3687 2838 3730 utrum
2871 3673 3239 3729 tantummodo
3259 3687 3457 3745 corpo-

1873 3773 2036 3827 ralem
2065 3781 2221 3842 atque
2239 3769 2570 3837 sensibilem,
2601 3785 2669 3823 an
2695 3768 2930 3823 adhibito
2956 3766 3145 3838 spiritu
3174 3767 3332 3821 ctiam
3362 3781 3452 3820 ra-
3547 3779 3550 3782 ‘

1875 3863 2053 3917 tionali
2084 3857 2166 3917 vel
2191 3859 2532 3917 inlellectuali
2574 3860 2698 3930 (hoc
2736 3859 2878 3915 enim
2908 3857 3222 3929 quibusdam
3255 3857 3450 3926 placuit

1874 3955 2166 4027 appellare,
2197 3953 2338 4026 quod
2364 3953 2533 4009 ϐττιγεὶ
2557 3951 2739 4007 dicunt
2768 3949 2960 4023 νοερὸν),
2991 3965 3092 4005 non
3123 3949 3338 4020 quidem
3387 3949 3456 4003 ad

1877 4047 2130 4101 unitttem
2173 4059 2436 4116 personm,
2469 4043 2611 4116 (quis
2651 4043 2793 4097 enim
2822 4043 2922 4097 hoc
2943 4041 3140 4097 dixerit
3168 4083 3184 4108 ,
3211 4049 3270 4096 ut
3297 4040 3455 4111 quid-

1874 4139 1997 4209 quid
2037 4138 2164 4193 illud
2204 4147 2287 4194 est
2317 4145 2575 4192 creaturae
2607 4150 2701 4206 per
2725 4135 2864 4206 quod
2899 4136 3080 4190 sonuit
3103 4149 3207 4190 vos
3239 4134 3410 4189 Patris
3434 4176 3449 4198 ,

1876 4231 1946 4286 ita
1974 4232 2043 4286 sit
2070 4231 2206 4286 Deus
2233 4231 2412 4297 Pater,
2435 4237 2524 4283 aut
2544 4225 2798 4299 quidquid
2825 4227 2950 4281 illud
2975 4234 3057 4282 est
3101 4238 3361 4282 creatura:
3399 4226 3454 4280 in

1873 4338 1980 4394 quo
2008 4339 2103 4394 per
2130 4323 2390 4378 columba.-
2420 4321 2650 4392 speciem
2681 4321 2762 4376 vel
2785 4336 2880 4391 per
2901 4319 3304 4392 igucaslinguas
3329 4318 3456 4389 Spi-

1875 4416 2008 4471 ritus
2033 4424 2248 4470 sanctus
2274 4413 2670 4469 demonstratus
2709 4419 2793 4467 est
2816 4453 2830 4477 ,
2864 4412 2934 4466 ita
2966 4413 3036 4466 sit
3057 4410 3285 4481 Spiritus
3329 4423 3458 4464 san-

1875 4517 2011 4573 ctus,
2038 4509 2174 4562 sicut
2200 4514 2281 4562 est
2319 4506 2409 4559 Dei
2441 4505 2600 4560 Filius
2623 4503 2782 4559 homo
2819 4504 2908 4558 ille
2931 4503 3018 4575 qui
3050 4519 3114 4559 es
3145 4503 3349 4575 virgine
3375 4505 3456 4559 fa-

1875 4611 1990 4656 ctus
2014 4609 2096 4656 est
2111 4601 2154 4671 ?)
2171 4599 2263 4655 sed
2287 4599 2665 4654 tandummodo
2681 4599 2744 4652 ad
2764 4598 3112 4654 ministerium
3140 4597 3456 4669 peragendm

1877 4694 2313 4764 signiﬁcationis,
2347 4694 2482 4748 sicut
2525 4693 2826 4761 Oper-tuisse
2877 4694 3016 4748 Deus
3055 4692 3314 4762 judicavit
3342 4709 3356 4746 ε
3384 4707 3450 4745 an

1875 4785 2069 4855 aliquid
2106 4785 2243 4839 aliud
2275 4784 2669 4854 intelligendum
2696 4785 2794 4850 sit,
2829 4783 3067 4839 invenire
3091 4782 3306 4838 difﬁcile
3335 4791 3417 4836 est
3441 4823 3453 4844 ,

1875 4887 1929 4932 ει
1975 4885 2175 4932 temere
2213 4875 2480 4930 affirmare
2515 4870 2620 4930 non
2666 4875 2899 4944 expedit.
2949 4874 3228 4942 Quomodo
3273 4882 3449 4927 tamen

1877 4971 1975 5025 ista
2004 4970 2119 5024 sine
2143 4969 2386 5023 rationali
2431 4967 2515 5023 vel
2544 4968 2886 5023 intellectuali
2916 4975 3154 5021 creatura
3186 4963 3456 5034 potuerint

1879 5063 2010 5126 licri,
2041 5076 2145 5114 non
2174 5059 2350 5136 video.
2382 5058 2564 5130 Neque
2587 5058 2758 5112 adhuc
2789 5059 2934 5111 locus
2963 5066 3045 5110 est
3071 5056 3336 5125 explicare
3357 5070 3454 5107 cur

1877 5153 1946 5206 ita
1977 5154 2234 5215 sentiam,
2266 5159 2519 5220 quantum
2565 5151 2706 5205 vires
2749 5150 2998 5203 Dominus
3036 5145 3261 5203 dederit.
3300 5147 3454 5200 Prius

1875 5244 2017 5300 enim
2045 5251 2166 5297 sunt
2191 5243 2518 5299 discutienda
2556 5250 2610 5296 et
2639 5239 2921 5295 refellenda
2967 5239 3333 5293 haereticorum
3359 5254 3454 5292 ar-

151 5325 353 5394 ipsum
389 5323 508 5377 siue
533 5323 651 5377 ullis
683 5323 974 5378 intervallis
1003 5331 1299 5394 temporum
1327 5325 1412 5380 vel
1437 5326 1693 5393 locorum,
1714 5336 1770 5382 et

148 5415 333 5470 simul
360 5429 532 5468 unum
551 5422 712 5484 atque
735 5413 873 5469 idem
904 5415 973 5469 ab
999 5416 1292 5471 aeternitate
1322 5417 1375 5471 in
1395 5419 1767 5486 aeternitatem,

144 5515 441 5576 tanquam
468 5504 583 5575 ipsa
613 5507 886 5560 aeternitas
913 5521 1032 5576 qua:
1057 5507 1174 5562 sine
1199 5508 1420 5565 veritate
1439 5518 1494 5564 ει
1516 5510 1772 5568 charitate

145 5613 266 5652 non
301 5603 411 5650 est
439 5611 453 5648 :
495 5594 548 5648 in
579 5594 713 5650 meis
739 5603 918 5650 autem
947 5597 1168 5652 vocibus
1199 5600 1428 5668 separati
1467 5609 1592 5656 sunt
1617 5601 1773 5657 Pater

139 5699 198 5744 ct
223 5685 432 5744 Filius
457 5691 513 5739 et
531 5684 761 5756 Spiritus
787 5697 1021 5752 sanctus,
1046 5699 1144 5744 nec
1162 5690 1321 5745 simul
1342 5691 1443 5748 dici
1467 5683 1766 5764 potuerunt,

140 5790 201 5835 et
229 5780 296 5834 in
326 5776 539 5832 litteris
568 5777 862 5834 visibilibus
889 5795 982 5835 sua
1013 5783 1296 5852 separatim
1337 5785 1574 5841 locorum
1604 5790 1772 5858 spatia

140 5876 497 5929 tenuerunt.
526 5866 591 5922 Et
622 5870 1064 5940 quemadmodum
1093 5887 1212 5929 cum
1244 5879 1551 5934 memoriam
1600 5898 1768 5936 nteant

1875 5343 2121 5405 gumenta
2145 5376 2158 5395 ,
2184 5349 2302 5404 qua:
2335 5349 2439 5389 non
2463 5348 2525 5388 ex
2557 5330 2748 5385 divinis
2788 5329 2981 5394 Libris,
3010 5326 3102 5383 sed
3135 5344 3200 5384 ex
3231 5328 3452 5384 rationi-

1877 5425 1975 5480 bus
1995 5423 2104 5480 suis
2131 5424 2426 5496 proferunt,
2461 5423 2650 5492 quibus
2678 5435 2738 5475 se
2776 5426 3124 5475 vehementer
3153 5435 3342 5490 cogere
3367 5436 3456 5474 ar-

1878 5517 2172 5582 bitrantur,
2207 5515 2503 5571 testimonia
2545 5511 2941 5581 Scripturarum
2977 5526 3095 5582 qua:
3122 5508 3374 5585 dehPatre
3400 5520 3458 5565 et

1878 5607 2012 5664 Filio
2032 5615 2086 5662 et
2119 5606 2319 5675 Spiritu
2361 5611 2546 5659 sancto
2571 5610 2733 5670 sunt,
2761 5601 2830 5656 ita
2871 5615 2990 5656 esse
3034 5600 3372 5672 intelligenda
3403 5610 3460 5655 ut

1879 5698 1977 5768 ipsi
2006 5699 2206 5752 volunt.

1950 5789 2038 5844 52.
2081 5788 2230 5843 Nunc
2269 5795 2444 5840 autem
2494 5801 2598 5841 non
2641 5785 2760 5841 ideo
2807 5784 3066 5840 minorem
3113 5783 3300 5839 Filium
3331 5795 3453 5849 quit

1882 5882 2074 5937 missus
2099 5890 2177 5935 cst
2199 5895 2226 5932 a
2252 5879 2408 5934 Patre
2428 5920 2442 5944 ,
2471 5893 2568 5934 nec
2598 5878 2718 5936 ideo
2749 5880 3008 5935 minorem
3050 5876 3300 5950 Spiritum
3331 5888 3459 5927 sano
