  <div class='ocr_page' id='page_1' title='image "/cluster/home/n/w/nwhite01/storage/ocr_20150623/42/hvd.32044015471493/461.png"; bbox 0 0 4076 6512; ppageno 0'>
   <div class='ocr_carea' id='block_1_1' title="bbox 591 376 690 433">
    <p class='ocr_par' dir='ltr' id='par_1_1' title="bbox 591 376 690 433">
     <span class='ocr_line' id='line_1_1' title="bbox 591 376 690 433; baseline 0 -1"><span class='ocrx_word' id='word_1_1' title='bbox 591 376 690 433; x_wconf 78' lang='grc'><strong>911</strong></span> 
     </span>
    </p>
   </div>
   <div class='ocr_carea' id='block_1_2' title="bbox 593 488 2172 562">
    <p class='ocr_par' dir='ltr' id='par_1_2' title="bbox 593 488 2172 562">
     <span class='ocr_line' id='line_1_2' title="bbox 593 488 2172 562; baseline -0.002 -17"><span class='ocrx_word' id='word_1_2' title='bbox 593 501 738 545; x_wconf 90' lang='lat' dir='ltr'><strong>ctum</strong></span> <span class='ocrx_word' id='word_1_3' title='bbox 762 492 883 562; x_wconf 90' lang='lat' dir='ltr'><strong>quia</strong></span> <span class='ocrx_word' id='word_1_4' title='bbox 908 503 961 547; x_wconf 90' lang='lat' dir='ltr'><strong>et</strong></span> <span class='ocrx_word' id='word_1_5' title='bbox 988 492 1144 547; x_wconf 75' lang='lat' dir='ltr'><strong>Pater</strong></span> <span class='ocrx_word' id='word_1_6' title='bbox 1172 506 1291 546; x_wconf 91' lang='lat' dir='ltr'><strong>eum</strong></span> <span class='ocrx_word' id='word_1_7' title='bbox 1339 490 1483 544; x_wconf 90' lang='lat' dir='ltr'><strong>misit</strong></span> <span class='ocrx_word' id='word_1_8' title='bbox 1510 499 1557 543; x_wconf 88' lang='lat' dir='ltr'><strong>et</strong></span> <span class='ocrx_word' id='word_1_9' title='bbox 1590 488 1775 554; x_wconf 81' lang='lat' dir='ltr'><strong>Filius,</strong></span> <span class='ocrx_word' id='word_1_10' title='bbox 1810 488 2134 543; x_wconf 84' lang='lat' dir='ltr'><strong>sufﬁcienter</strong></span> <span class='ocrx_word' id='word_1_11' title='bbox 2155 528 2172 554; x_wconf 92' lang='lat'><strong>,</strong></span> 
     </span>
    </p>
   </div>
   <div class='ocr_carea' id='block_1_3' title="bbox 588 580 2175 652">
    <p class='ocr_par' dir='ltr' id='par_1_3' title="bbox 588 580 2175 652">
     <span class='ocr_line' id='line_1_3' title="bbox 588 580 2175 652; baseline -0.003 -16"><span class='ocrx_word' id='word_1_12' title='bbox 588 591 845 652; x_wconf 86' lang='lat' dir='ltr'><strong>quantum</strong></span> <span class='ocrx_word' id='word_1_13' title='bbox 869 584 1117 650; x_wconf 76' lang='lat' dir='ltr'><strong>arbitror,</strong></span> <span class='ocrx_word' id='word_1_14' title='bbox 1142 583 1560 637; x_wconf 81' lang='lat' dir='ltr'><strong>demonstratum</strong></span> <span class='ocrx_word' id='word_1_15' title='bbox 1592 590 1692 635; x_wconf 89' lang='lat' dir='ltr'><strong>cst.</strong></span> <span class='ocrx_word' id='word_1_16' title='bbox 1724 580 1848 635; x_wconf 87' lang='lat' dir='ltr'><strong>Sive</strong></span> <span class='ocrx_word' id='word_1_17' title='bbox 1879 580 2020 635; x_wconf 90' lang='lat' dir='ltr'><strong>enim</strong></span> <span class='ocrx_word' id='word_1_18' title='bbox 2052 594 2175 649; x_wconf 90' lang='lat' dir='ltr'><strong>pro-</strong></span> 
     </span>
    </p>
   </div>
   <div class='ocr_carea' id='block_1_4' title="bbox 590 669 2172 742">
    <p class='ocr_par' dir='ltr' id='par_1_4' title="bbox 590 669 2172 742">
     <span class='ocr_line' id='line_1_4' title="bbox 590 669 2172 742; baseline -0.003 -14"><span class='ocrx_word' id='word_1_19' title='bbox 590 681 707 742; x_wconf 86' lang='lat' dir='ltr'><strong>pter</strong></span> <span class='ocrx_word' id='word_1_20' title='bbox 743 674 1002 730; x_wconf 79' lang='lat' dir='ltr'><strong>visibilem</strong></span> <span class='ocrx_word' id='word_1_21' title='bbox 1031 682 1350 740; x_wconf 89' lang='lat' dir='ltr'><strong>creaturam,</strong></span> <span class='ocrx_word' id='word_1_22' title='bbox 1382 673 1492 728; x_wconf 82' lang='lat' dir='ltr'><strong>sive</strong></span> <span class='ocrx_word' id='word_1_23' title='bbox 1524 672 1697 742; x_wconf 80' lang='lat' dir='ltr'><strong>potius</strong></span> <span class='ocrx_word' id='word_1_24' title='bbox 1729 680 1945 740; x_wconf 84' lang='lat' dir='ltr'><strong>propter</strong></span> <span class='ocrx_word' id='word_1_25' title='bbox 1976 669 2172 740; x_wconf 90' lang='lat' dir='ltr'><strong>princi-</strong></span> 
     </span>
    </p>
   </div>
   <div class='ocr_carea' id='block_1_5' title="bbox 585 762 2168 835">
    <p class='ocr_par' dir='ltr' id='par_1_5' title="bbox 585 762 2168 835">
     <span class='ocr_line' id='line_1_5' title="bbox 585 762 2168 835; baseline -0.003 -15"><span class='ocrx_word' id='word_1_26' title='bbox 585 765 710 835; x_wconf 90' lang='lat' dir='ltr'><strong>cipii</strong></span> <span class='ocrx_word' id='word_1_27' title='bbox 747 766 1297 831; x_wconf 84' lang='lat' dir='ltr'><strong>commendationem,</strong></span> <span class='ocrx_word' id='word_1_28' title='bbox 1342 780 1447 819; x_wconf 92' lang='lat' dir='ltr'><strong>non</strong></span> <span class='ocrx_word' id='word_1_29' title='bbox 1494 774 1711 834; x_wconf 74' lang='lat' dir='ltr'><strong>propter</strong></span> <span class='ocrx_word' id='word_1_30' title='bbox 1759 762 2168 833; x_wconf 76' lang='lat' dir='ltr'><strong>inzequalitatem</strong></span> 
     </span>
    </p>
   </div>
   <div class='ocr_carea' id='block_1_6' title="bbox 583 854 2173 928">
    <p class='ocr_par' dir='ltr' id='par_1_6' title="bbox 583 854 2173 928">
     <span class='ocr_line' id='line_1_6' title="bbox 583 854 2173 928; baseline -0.001 -17"><span class='ocrx_word' id='word_1_31' title='bbox 583 858 669 913; x_wconf 86' lang='lat' dir='ltr'><strong>vel</strong></span> <span class='ocrx_word' id='word_1_32' title='bbox 716 858 1108 928; x_wconf 89' lang='lat' dir='ltr'><strong>imparilitatem</strong></span> <span class='ocrx_word' id='word_1_33' title='bbox 1137 857 1220 913; x_wconf 93' lang='lat' dir='ltr'><strong>vel</strong></span> <span class='ocrx_word' id='word_1_34' title='bbox 1267 857 1749 914; x_wconf 86' lang='lat' dir='ltr'><strong>dissimilitudinem</strong></span> <span class='ocrx_word' id='word_1_35' title='bbox 1777 856 2088 911; x_wconf 74' lang='lat' dir='ltr'><strong>substantia:</strong></span> <span class='ocrx_word' id='word_1_36' title='bbox 2119 854 2173 909; x_wconf 91' lang='lat' dir='ltr'><strong>in</strong></span> 
     </span>
    </p>
   </div>
   <div class='ocr_carea' id='block_1_7' title="bbox 581 948 2169 1022">
    <p class='ocr_par' dir='ltr' id='par_1_7' title="bbox 581 948 2169 1022">
     <span class='ocr_line' id='line_1_7' title="bbox 581 948 2169 1022; baseline -0.003 -17"><span class='ocrx_word' id='word_1_37' title='bbox 581 950 872 1021; x_wconf 89' lang='lat' dir='ltr'><strong>Scripturis</strong></span> <span class='ocrx_word' id='word_1_38' title='bbox 900 952 1012 1005; x_wconf 75' lang='lat' dir='ltr'><strong>btec</strong></span> <span class='ocrx_word' id='word_1_39' title='bbox 1039 951 1206 1021; x_wconf 91' lang='lat' dir='ltr'><strong>posita</strong></span> <span class='ocrx_word' id='word_1_40' title='bbox 1230 951 1631 1022; x_wconf 87' lang='lat' dir='ltr'><strong>intelliguntur:</strong></span> <span class='ocrx_word' id='word_1_41' title='bbox 1663 948 1787 1020; x_wconf 91' lang='lat' dir='ltr'><strong>quia</strong></span> <span class='ocrx_word' id='word_1_42' title='bbox 1809 949 1967 1004; x_wconf 91' lang='lat' dir='ltr'><strong>etiam</strong></span> <span class='ocrx_word' id='word_1_43' title='bbox 1997 949 2040 1003; x_wconf 87' lang='lat' dir='ltr'><strong>si</strong></span> <span class='ocrx_word' id='word_1_44' title='bbox 2073 964 2169 1001; x_wconf 86' lang='lat' dir='ltr'><strong>vo-</strong></span> 
     </span>
    </p>
   </div>
   <div class='ocr_carea' id='block_1_8' title="bbox 582 1039 2165 1114">
    <p class='ocr_par' dir='ltr' id='par_1_8' title="bbox 582 1039 2165 1114">
     <span class='ocr_line' id='line_1_8' title="bbox 582 1039 2165 1114; baseline -0.002 -18"><span class='ocrx_word' id='word_1_45' title='bbox 582 1043 769 1097; x_wconf 89' lang='lat' dir='ltr'><strong>luisset</strong></span> <span class='ocrx_word' id='word_1_46' title='bbox 796 1043 933 1098; x_wconf 87' lang='lat' dir='ltr'><strong>Deus</strong></span> <span class='ocrx_word' id='word_1_47' title='bbox 964 1042 1121 1098; x_wconf 91' lang='lat' dir='ltr'><strong>Pater</strong></span> <span class='ocrx_word' id='word_1_48' title='bbox 1154 1058 1253 1114; x_wconf 90' lang='lat' dir='ltr'><strong>per</strong></span> <span class='ocrx_word' id='word_1_49' title='bbox 1276 1043 1568 1113; x_wconf 89' lang='lat' dir='ltr'><strong>subjectam</strong></span> <span class='ocrx_word' id='word_1_50' title='bbox 1596 1050 1892 1097; x_wconf 85' lang='lat' dir='ltr'><strong>creaturam</strong></span> <span class='ocrx_word' id='word_1_51' title='bbox 1940 1039 2165 1094; x_wconf 89' lang='lat' dir='ltr'><strong>visibili-</strong></span> 
     </span>
    </p>
   </div>
   <div class='ocr_carea' id='block_1_9' title="bbox 1753 370 2769 443">
    <p class='ocr_par' dir='ltr' id='par_1_9' title="bbox 1753 370 2769 443">
     <span class='ocr_line' id='line_1_9' title="bbox 1753 370 2769 443; baseline 0.012 -16"><span class='ocrx_word' id='word_1_52' title='bbox 1753 372 1838 428; x_wconf 83' lang='lat' dir='ltr'><strong>DE</strong></span> <span class='ocrx_word' id='word_1_53' title='bbox 1876 370 2265 443; x_wconf 81' lang='lat' dir='ltr'><strong>TRINITATE,</strong></span> <span class='ocrx_word' id='word_1_54' title='bbox 2305 375 2362 432; x_wconf 88' lang='lat' dir='ltr'><strong>S.</strong></span> <span class='ocrx_word' id='word_1_55' title='bbox 2403 377 2769 438; x_wconf 79' lang='lat' dir='ltr'><strong>AUGUSTINI</strong></span> 
     </span>
    </p>
   </div>
   <div class='ocr_carea' id='block_1_10' title="bbox 3764 396 3872 450">
    <p class='ocr_par' dir='ltr' id='par_1_10' title="bbox 3764 396 3872 450">
     <span class='ocr_line' id='line_1_10' title="bbox 3764 396 3872 450; baseline 0 0"><span class='ocrx_word' id='word_1_56' title='bbox 3764 396 3872 450; x_wconf 69' lang='grc'><strong>912</strong></span> 
     </span>
    </p>
   </div>
   <div class='ocr_carea' id='block_1_11' title="bbox 2282 498 3871 580">
    <p class='ocr_par' dir='ltr' id='par_1_11' title="bbox 2282 498 3871 580">
     <span class='ocr_line' id='line_1_11' title="bbox 2282 498 3871 580; baseline 0.011 -34"><span class='ocrx_word' id='word_1_57' title='bbox 2282 500 2363 548; x_wconf 91' lang='lat' dir='ltr'><strong>ter</strong></span> <span class='ocrx_word' id='word_1_58' title='bbox 2380 504 2639 565; x_wconf 81' lang='lat' dir='ltr'><strong>apparere</strong></span> <span class='ocrx_word' id='word_1_59' title='bbox 2663 538 2678 563; x_wconf 90' lang='lat'><strong>,</strong></span> <span class='ocrx_word' id='word_1_60' title='bbox 2707 498 3089 557; x_wconf 86' lang='lat' dir='ltr'><strong>absurdissime</strong></span> <span class='ocrx_word' id='word_1_61' title='bbox 3132 512 3307 561; x_wconf 90' lang='lat' dir='ltr'><strong>tamen</strong></span> <span class='ocrx_word' id='word_1_62' title='bbox 3350 512 3438 559; x_wconf 89' lang='lat' dir='ltr'><strong>aut</strong></span> <span class='ocrx_word' id='word_1_63' title='bbox 3479 521 3508 561; x_wconf 91' lang='lat' dir='ltr'><strong>a</strong></span> <span class='ocrx_word' id='word_1_64' title='bbox 3547 506 3686 563; x_wconf 83' lang='lat' dir='ltr'><strong>Filio</strong></span> <span class='ocrx_word' id='word_1_65' title='bbox 3708 524 3871 580; x_wconf 89' lang='lat' dir='ltr'><strong>quem</strong></span> 
     </span>
    </p>
   </div>
   <div class='ocr_carea' id='block_1_12' title="bbox 2276 584 3869 669">
    <p class='ocr_par' dir='ltr' id='par_1_12' title="bbox 2276 584 3869 669">
     <span class='ocr_line' id='line_1_12' title="bbox 2276 584 3869 669; baseline 0.014 -32"><span class='ocrx_word' id='word_1_66' title='bbox 2276 587 2498 656; x_wconf 88' lang='lat' dir='ltr'><strong>genuit,</strong></span> <span class='ocrx_word' id='word_1_67' title='bbox 2527 598 2618 643; x_wconf 89' lang='lat' dir='ltr'><strong>aut</strong></span> <span class='ocrx_word' id='word_1_68' title='bbox 2637 605 2668 645; x_wconf 90' lang='lat' dir='ltr'><strong>a</strong></span> <span class='ocrx_word' id='word_1_69' title='bbox 2689 589 2892 661; x_wconf 86' lang='lat' dir='ltr'><strong>Spiritu</strong></span> <span class='ocrx_word' id='word_1_70' title='bbox 2919 602 3103 661; x_wconf 84' lang='lat' dir='ltr'><strong>sancto</strong></span> <span class='ocrx_word' id='word_1_71' title='bbox 3127 597 3215 665; x_wconf 85' lang='lat' dir='ltr'><strong>qui</strong></span> <span class='ocrx_word' id='word_1_72' title='bbox 3236 595 3305 652; x_wconf 90' lang='lat' dir='ltr'><strong>de</strong></span> <span class='ocrx_word' id='word_1_73' title='bbox 3327 598 3420 653; x_wconf 93' lang='lat' dir='ltr'><strong>illo</strong></span> <span class='ocrx_word' id='word_1_74' title='bbox 3441 601 3707 669; x_wconf 84' lang='lat' dir='ltr'><strong>procedit,</strong></span> <span class='ocrx_word' id='word_1_75' title='bbox 3736 584 3869 659; x_wconf 85' lang='lat' dir='ltr'><strong>mis-</strong></span> 
     </span>
    </p>
   </div>
   <div class='ocr_carea' id='block_1_13' title="bbox 2278 675 3869 755">
    <p class='ocr_par' dir='ltr' id='par_1_13' title="bbox 2278 675 3869 755">
     <span class='ocr_line' id='line_1_13' title="bbox 2278 675 3869 755; baseline 0.011 -25"><span class='ocrx_word' id='word_1_76' title='bbox 2278 691 2370 731; x_wconf 90' lang='lat' dir='ltr'><strong>sus</strong></span> <span class='ocrx_word' id='word_1_77' title='bbox 2396 675 2684 735; x_wconf 88' lang='lat' dir='ltr'><strong>diceretur.</strong></span> <span class='ocrx_word' id='word_1_78' title='bbox 2710 680 2815 736; x_wconf 87' lang='lat' dir='ltr'><strong>lste</strong></span> <span class='ocrx_word' id='word_1_79' title='bbox 2836 682 2996 753; x_wconf 81' lang='lat' dir='ltr'><strong>igitur</strong></span> <span class='ocrx_word' id='word_1_80' title='bbox 3022 683 3091 738; x_wconf 90' lang='lat' dir='ltr'><strong>sit</strong></span> <span class='ocrx_word' id='word_1_81' title='bbox 3132 684 3292 755; x_wconf 87' lang='lat' dir='ltr'><strong>hujus</strong></span> <span class='ocrx_word' id='word_1_82' title='bbox 3322 688 3605 744; x_wconf 77' lang='lat' dir='ltr'><strong>voluminis</strong></span> <span class='ocrx_word' id='word_1_83' title='bbox 3633 691 3826 746; x_wconf 91' lang='lat' dir='ltr'><strong>modus</strong></span> <span class='ocrx_word' id='word_1_84' title='bbox 3850 710 3869 750; x_wconf 86' lang='lat'><strong>:</strong></span> 
     </span>
    </p>
   </div>
   <div class='ocr_carea' id='block_1_14' title="bbox 2276 766 3873 849">
    <p class='ocr_par' dir='ltr' id='par_1_14' title="bbox 2276 766 3873 849">
     <span class='ocr_line' id='line_1_14' title="bbox 2276 766 3873 849; baseline 0.011 -28"><span class='ocrx_word' id='word_1_85' title='bbox 2276 766 2529 839; x_wconf 89' lang='lat' dir='ltr'><strong>deinceps</strong></span> <span class='ocrx_word' id='word_1_86' title='bbox 2550 770 2603 826; x_wconf 91' lang='lat' dir='ltr'><strong>in</strong></span> <span class='ocrx_word' id='word_1_87' title='bbox 2630 773 2859 849; x_wconf 75' lang='lat' dir='ltr'><strong>creteris,</strong></span> <span class='ocrx_word' id='word_1_88' title='bbox 2885 775 3168 845; x_wconf 89' lang='lat' dir='ltr'><strong>adjuvante</strong></span> <span class='ocrx_word' id='word_1_89' title='bbox 3196 776 3444 845; x_wconf 89' lang='lat' dir='ltr'><strong>Domino,</strong></span> <span class='ocrx_word' id='word_1_90' title='bbox 3478 780 3565 835; x_wconf 89' lang='lat' dir='ltr'><strong>illa</strong></span> <span class='ocrx_word' id='word_1_91' title='bbox 3587 781 3873 838; x_wconf 69' lang='lat' dir='ltr'><strong>haeretico-</strong></span> 
     </span>
    </p>
   </div>
   <div class='ocr_carea' id='block_1_15' title="bbox 2277 866 3871 947">
    <p class='ocr_par' dir='ltr' id='par_1_15' title="bbox 2277 866 3871 947">
     <span class='ocr_line' id='line_1_15' title="bbox 2277 866 3871 947; baseline 0.011 -32"><span class='ocrx_word' id='word_1_92' title='bbox 2277 877 2394 917; x_wconf 89' lang='lat' dir='ltr'><strong>rum</strong></span> <span class='ocrx_word' id='word_1_93' title='bbox 2423 866 2786 922; x_wconf 86' lang='lat' dir='ltr'><strong>versutissima</strong></span> <span class='ocrx_word' id='word_1_94' title='bbox 2811 880 3124 940; x_wconf 88' lang='lat' dir='ltr'><strong>argumenta</strong></span> <span class='ocrx_word' id='word_1_95' title='bbox 3149 872 3325 942; x_wconf 85' lang='lat' dir='ltr'><strong>qualia</strong></span> <span class='ocrx_word' id='word_1_96' title='bbox 3351 873 3459 929; x_wconf 90' lang='lat' dir='ltr'><strong>sint</strong></span> <span class='ocrx_word' id='word_1_97' title='bbox 3482 913 3499 941; x_wconf 88' lang='lat'><strong>,</strong></span> <span class='ocrx_word' id='word_1_98' title='bbox 3522 884 3578 930; x_wconf 89' lang='lat' dir='ltr'><strong>et</strong></span> <span class='ocrx_word' id='word_1_99' title='bbox 3606 876 3871 947; x_wconf 89' lang='lat' dir='ltr'><strong>quemad-</strong></span> 
     </span>
    </p>
   </div>
   <div class='ocr_carea' id='block_1_16' title="bbox 2277 954 3253 1031">
    <p class='ocr_par' dir='ltr' id='par_1_16' title="bbox 2277 954 3253 1031">
     <span class='ocr_line' id='line_1_16' title="bbox 2277 954 3253 1031; baseline 0.011 -23"><span class='ocrx_word' id='word_1_100' title='bbox 2277 954 2494 1010; x_wconf 90' lang='lat' dir='ltr'><strong>modum</strong></span> <span class='ocrx_word' id='word_1_101' title='bbox 2524 957 2911 1031; x_wconf 83' lang='lat' dir='ltr'><strong>redarguantur</strong></span> <span class='ocrx_word' id='word_1_102' title='bbox 2934 962 3253 1019; x_wconf 84' lang='lat' dir='ltr'><strong>videbimus.</strong></span> 
     </span>
    </p>
   </div>
   <div class='ocr_carea' id='block_1_17' title="bbox 582 1132 3825 1165">
    <p class='ocr_par' dir='ltr' id='par_1_17' title="bbox 582 1132 3825 1165">
     <span class='ocr_line' id='line_1_17' title="bbox 582 1132 3825 1165; baseline 0.005 -17"><span class='ocrx_word' id='word_1_103' title='bbox 582 1132 3825 1165; x_wconf 55' lang='lat'><strong>——————————&#39;————&#39;——_—_—_—————_—-.~</strong></span> 
     </span>
    </p>
   </div>
   <div class='ocr_carea' id='block_1_18' title="bbox 1521 1204 2855 1332">
    <p class='ocr_par' dir='ltr' id='par_1_18' title="bbox 1521 1204 2855 1332">
     <span class='ocr_line' id='line_1_18' title="bbox 1521 1204 2855 1332; baseline 0.001 -14"><span class='ocrx_word' id='word_1_104' title='bbox 1521 1207 1992 1318; x_wconf 87' lang='lat' dir='ltr'><em>LIBER</em></span> <span class='ocrx_word' id='word_1_105' title='bbox 2106 1204 2855 1332; x_wconf 70' lang='lat' dir='ltr'><strong>QUINTUS.</strong></span> 
     </span>
    </p>
   </div>
   <div class='ocr_carea' id='block_1_19' title="bbox 639 1392 3863 1511">
    <p class='ocr_par' dir='ltr' id='par_1_19' title="bbox 639 1392 3863 1511">
     <span class='ocr_line' id='line_1_19' title="bbox 639 1392 3863 1511; baseline 0.006 -65"><span class='ocrx_word' id='word_1_106' title='bbox 639 1399 776 1447; x_wconf 72' lang='lat' dir='ltr'><strong>Venit</strong></span> <span class='ocrx_word' id='word_1_107' title='bbox 798 1397 856 1446; x_wconf 91' lang='lat' dir='ltr'><strong>ad</strong></span> <span class='ocrx_word' id='word_1_108' title='bbox 878 1398 1216 1447; x_wconf 66' lang='lat' dir='ltr'><strong>haereticorum</strong></span> <span class='ocrx_word' id='word_1_109' title='bbox 1241 1404 1527 1460; x_wconf 83' lang='lat' dir='ltr'><strong>argumenta</strong></span> <span class='ocrx_word' id='word_1_110' title='bbox 1552 1397 1631 1460; x_wconf 83' lang='lat' dir='ltr'><strong>illa</strong></span> <span class='ocrx_word' id='word_1_111' title='bbox 1648 1408 1760 1469; x_wconf 59' lang='lat' dir='ltr'><strong>qum</strong></span> <span class='ocrx_word' id='word_1_112' title='bbox 1784 1409 1878 1444; x_wconf 91' lang='lat' dir='ltr'><strong>non</strong></span> <span class='ocrx_word' id='word_1_113' title='bbox 1902 1407 1965 1444; x_wconf 81' lang='lat' dir='ltr'><strong>ex</strong></span> <span class='ocrx_word' id='word_1_114' title='bbox 1989 1393 2163 1465; x_wconf 74' lang='lat' dir='ltr'><strong>divinis</strong></span> <span class='ocrx_word' id='word_1_115' title='bbox 2185 1393 2352 1464; x_wconf 69' lang='lat' dir='ltr'><strong>libris,</strong></span> <span class='ocrx_word' id='word_1_116' title='bbox 2378 1392 2465 1442; x_wconf 87' lang='lat' dir='ltr'><strong>sed</strong></span> <span class='ocrx_word' id='word_1_117' title='bbox 2483 1406 2544 1442; x_wconf 87' lang='lat' dir='ltr'><strong>ex</strong></span> <span class='ocrx_word' id='word_1_118' title='bbox 2570 1396 2836 1447; x_wconf 84' lang='lat' dir='ltr'><strong>rationibus</strong></span> <span class='ocrx_word' id='word_1_119' title='bbox 2869 1400 2971 1473; x_wconf 81' lang='lat' dir='ltr'><strong>suis</strong></span> <span class='ocrx_word' id='word_1_120' title='bbox 2995 1400 3252 1511; x_wconf 54' lang='lat' dir='ltr'><strong>proferunt</strong></span> <span class='ocrx_word' id='word_1_121' title='bbox 3276 1418 3289 1453; x_wconf 89' lang='lat'><strong><em>:</em></strong></span> <span class='ocrx_word' id='word_1_122' title='bbox 3319 1412 3370 1454; x_wconf 91' lang='lat' dir='ltr'><strong>et</strong></span> <span class='ocrx_word' id='word_1_123' title='bbox 3402 1420 3488 1457; x_wconf 90' lang='lat' dir='ltr'><strong>eos</strong></span> <span class='ocrx_word' id='word_1_124' title='bbox 3510 1409 3723 1471; x_wconf 79' lang='lat' dir='ltr'><strong>refellit,</strong></span> <span class='ocrx_word' id='word_1_125' title='bbox 3750 1418 3863 1477; x_wconf 79' lang='lat' dir='ltr'><strong>qui-</strong></span> 
     </span>
     <span class='ocr_line' id='line_1_20' title="bbox 642 1457 3863 1511; baseline 0.008 -2"><span class='ocrx_word' id='word_1_126' title='bbox 642 1473 668 1509; x_wconf 91' lang='lat' dir='ltr'><strong>s</strong></span> <span class='ocrx_word' id='word_1_127' title='bbox 690 1461 801 1509; x_wconf 89' lang='lat' dir='ltr'><strong>ideo</strong></span> <span class='ocrx_word' id='word_1_128' title='bbox 818 1460 1006 1509; x_wconf 84' lang='lat' dir='ltr'><strong>videtur</strong></span> <span class='ocrx_word' id='word_1_129' title='bbox 1033 1472 1129 1509; x_wconf 89' lang='lat' dir='ltr'><strong>non</strong></span> <span class='ocrx_word' id='word_1_130' title='bbox 1151 1461 1372 1509; x_wconf 87' lang='lat' dir='ltr'><strong>eamdem</strong></span> <span class='ocrx_word' id='word_1_131' title='bbox 1398 1462 1545 1509; x_wconf 81' lang='lat' dir='ltr'><strong>Patris</strong></span> <span class='ocrx_word' id='word_1_132' title='bbox 1566 1472 1622 1508; x_wconf 90' lang='lat' dir='ltr'><strong>ac</strong></span> <span class='ocrx_word' id='word_1_133' title='bbox 1638 1459 1738 1507; x_wconf 75' lang='lat' dir='ltr'><strong>Filn</strong></span> <span class='ocrx_word' id='word_1_134' title='bbox 1766 1470 1876 1507; x_wconf 86' lang='lat' dir='ltr'><strong>esse</strong></span> <span class='ocrx_word' id='word_1_135' title='bbox 1897 1457 2231 1511; x_wconf 78' lang='lat' dir='ltr'><strong>substantiam,</strong></span> <span class='ocrx_word' id='word_1_136' title='bbox 2258 1468 2369 1511; x_wconf 80' lang='lat' dir='ltr'><strong>(tuta</strong></span> <span class='ocrx_word' id='word_1_137' title='bbox 2392 1468 2536 1505; x_wconf 81' lang='lat' dir='ltr'><strong>omne</strong></span> <span class='ocrx_word' id='word_1_138' title='bbox 2559 1458 2685 1511; x_wconf 69' lang='lat' dir='ltr'><strong>(“10d</strong></span> <span class='ocrx_word' id='word_1_139' title='bbox 2710 1459 2773 1507; x_wconf 83' lang='lat' dir='ltr'><strong>de</strong></span> <span class='ocrx_word' id='word_1_140' title='bbox 2796 1467 2895 1510; x_wconf 78' lang='lat' dir='ltr'><strong>Deo</strong></span> <span class='ocrx_word' id='word_1_141' title='bbox 2917 1462 2993 1511; x_wconf 77' lang='lat' dir='ltr'><strong>dtc</strong></span> <span class='ocrx_word' id='word_1_142' title='bbox 3014 1471 3108 1511; x_wconf 73' lang='lat' dir='ltr'><strong>lur-</strong></span> <span class='ocrx_word' id='word_1_143' title='bbox 3133 1468 3399 1511; x_wconf 72' lang='lat' dir='ltr'><strong>secundum</strong></span> <span class='ocrx_word' id='word_1_144' title='bbox 3422 1472 3740 1511; x_wconf 59' lang='lat' dir='ltr'><strong>mmmmm</strong></span> <span class='ocrx_word' id='word_1_145' title='bbox 3765 1478 3863 1511; x_wconf 73' lang='lat'><strong>&#39;“&#39;&quot;</strong></span> 
     </span>
    </p>
   </div>
   <div class='ocr_carea' id='block_1_20' title="bbox 574 1456 2993 1525">
    <p class='ocr_par' dir='ltr' id='par_1_20' title="bbox 574 1456 2993 1525">
     <span class='ocr_line' id='line_1_21' title="bbox 574 1456 2993 1525; baseline 0.001 -16"><span class='ocrx_word' id='word_1_146' title='bbox 574 1460 668 1509; x_wconf 92' lang='lat' dir='ltr'><strong>bus</strong></span> <span class='ocrx_word' id='word_1_147' title='bbox 690 1461 801 1509; x_wconf 89' lang='lat' dir='ltr'><strong>ideo</strong></span> <span class='ocrx_word' id='word_1_148' title='bbox 818 1460 1006 1509; x_wconf 84' lang='lat' dir='ltr'><strong>videtur</strong></span> <span class='ocrx_word' id='word_1_149' title='bbox 1033 1472 1129 1509; x_wconf 89' lang='lat' dir='ltr'><strong>non</strong></span> <span class='ocrx_word' id='word_1_150' title='bbox 1151 1456 1372 1525; x_wconf 80' lang='lat' dir='ltr'><strong>eamdem</strong></span> <span class='ocrx_word' id='word_1_151' title='bbox 1398 1462 1545 1509; x_wconf 82' lang='lat' dir='ltr'><strong>Patris</strong></span> <span class='ocrx_word' id='word_1_152' title='bbox 1566 1456 1623 1525; x_wconf 82' lang='lat' dir='ltr'><strong>ac</strong></span> <span class='ocrx_word' id='word_1_153' title='bbox 1638 1456 1738 1525; x_wconf 79' lang='lat' dir='ltr'><strong>Filii</strong></span> <span class='ocrx_word' id='word_1_154' title='bbox 1766 1470 1876 1525; x_wconf 79' lang='lat' dir='ltr'><strong>esse</strong></span> <span class='ocrx_word' id='word_1_155' title='bbox 1897 1456 2369 1525; x_wconf 77' lang='lat' dir='ltr'><strong>substantiam,_quia</strong></span> <span class='ocrx_word' id='word_1_156' title='bbox 2392 1468 2536 1525; x_wconf 75' lang='lat' dir='ltr'><strong>omne</strong></span> <span class='ocrx_word' id='word_1_157' title='bbox 2559 1458 2685 1518; x_wconf 89' lang='lat' dir='ltr'><strong>quod</strong></span> <span class='ocrx_word' id='word_1_158' title='bbox 2710 1459 2773 1525; x_wconf 83' lang='lat' dir='ltr'><strong>de</strong></span> <span class='ocrx_word' id='word_1_159' title='bbox 2796 1467 2895 1525; x_wconf 83' lang='lat' dir='ltr'><strong>Deo</strong></span> <span class='ocrx_word' id='word_1_160' title='bbox 2917 1462 2993 1511; x_wconf 86' lang='lat' dir='ltr'><strong>die</strong></span> 
     </span>
    </p>
   </div>
   <div class='ocr_carea' id='block_1_21' title="bbox 3034 1468 3868 1528">
    <p class='ocr_par' dir='ltr' id='par_1_21' title="bbox 3034 1468 3868 1528">
     <span class='ocr_line' id='line_1_22' title="bbox 3034 1468 3868 1528; baseline 0.02 -18"><span class='ocrx_word' id='word_1_161' title='bbox 3034 1476 3108 1522; x_wconf 91' lang='lat' dir='ltr'><strong>ur,</strong></span> <span class='ocrx_word' id='word_1_162' title='bbox 3133 1468 3400 1516; x_wconf 90' lang='lat' dir='ltr'><strong>secundum</strong></span> <span class='ocrx_word' id='word_1_163' title='bbox 3422 1468 3740 1523; x_wconf 75' lang='lat' dir='ltr'><strong>substantiam</strong></span> <span class='ocrx_word' id='word_1_164' title='bbox 3765 1468 3868 1528; x_wconf 68' lang='lat' dir='ltr'><strong>dici</strong></span> 
     </span>
    </p>
   </div>
   <div class='ocr_carea' id='block_1_22' title="bbox 573 1518 3870 1592">
    <p class='ocr_par' dir='ltr' id='par_1_22' title="bbox 573 1518 3870 1592">
     <span class='ocr_line' id='line_1_23' title="bbox 573 1518 3870 1592; baseline 0.006 -24"><span class='ocrx_word' id='word_1_165' title='bbox 573 1529 770 1592; x_wconf 76' lang='lat' dir='ltr'><strong>putant;</strong></span> <span class='ocrx_word' id='word_1_166' title='bbox 796 1528 847 1571; x_wconf 91' lang='lat' dir='ltr'><strong>et</strong></span> <span class='ocrx_word' id='word_1_167' title='bbox 872 1529 1131 1592; x_wconf 39' lang='lat' dir='ltr'><strong>prOpt‘erea</strong></span> <span class='ocrx_word' id='word_1_168' title='bbox 1156 1529 1206 1571; x_wconf 91' lang='lat' dir='ltr'><strong>et</strong></span> <span class='ocrx_word' id='word_1_169' title='bbox 1228 1523 1437 1584; x_wconf 82' lang='lat' dir='ltr'><strong>gignere</strong></span> <span class='ocrx_word' id='word_1_170' title='bbox 1462 1530 1514 1571; x_wconf 87' lang='lat' dir='ltr'><strong>et</strong></span> <span class='ocrx_word' id='word_1_171' title='bbox 1544 1522 1698 1584; x_wconf 85' lang='lat' dir='ltr'><strong>gigni,</strong></span> <span class='ocrx_word' id='word_1_172' title='bbox 1724 1519 2048 1592; x_wconf 54' lang='lat' dir='ltr'><strong>velgenituul</strong></span> <span class='ocrx_word' id='word_1_173' title='bbox 2068 1528 2181 1592; x_wconf 70' lang='lat' dir='ltr'><strong>esse</strong></span> <span class='ocrx_word' id='word_1_174' title='bbox 2205 1518 2569 1592; x_wconf 60' lang='lat' dir='ltr'><strong>etingenitum,</strong></span> <span class='ocrx_word' id='word_1_175' title='bbox 2596 1522 2819 1592; x_wconf 71' lang='lat' dir='ltr'><strong>quoniam</strong></span> <span class='ocrx_word' id='word_1_176' title='bbox 2843 1522 3036 1592; x_wconf 65' lang='lat' dir='ltr'><strong>diversa</strong></span> <span class='ocrx_word' id='word_1_177' title='bbox 3058 1518 3171 1575; x_wconf 84' lang='lat' dir='ltr'><strong>sunt</strong></span> <span class='ocrx_word' id='word_1_178' title='bbox 3190 1565 3203 1587; x_wconf 92' lang='lat'><strong>,</strong></span> <span class='ocrx_word' id='word_1_179' title='bbox 3237 1518 3870 1592; x_wconf 15' lang='lat' dir='ltr'><strong>«intendunt‘subswtan‘tias</strong></span> 
     </span>
    </p>
   </div>
   <div class='ocr_carea' id='block_1_23' title="bbox 574 1577 3869 1649">
    <p class='ocr_par' dir='ltr' id='par_1_23' title="bbox 574 1577 3869 1649">
     <span class='ocr_line' id='line_1_24' title="bbox 574 1577 3869 1649; baseline 0.006 -23"><span class='ocrx_word' id='word_1_180' title='bbox 574 1577 689 1649; x_wconf 57' lang='lat' dir='ltr'><strong>esse</strong></span> <span class='ocrx_word' id='word_1_181' title='bbox 712 1577 932 1632; x_wconf 77' lang='lat' dir='ltr'><strong>diversas</strong></span> <span class='ocrx_word' id='word_1_182' title='bbox 945 1577 971 1642; x_wconf 82' lang='grc'><strong>;’</strong></span> <span class='ocrx_word' id='word_1_183' title='bbox 984 1577 1338 1649; x_wconf 61' lang='lat' dir='ltr'><strong>demonstratis,</strong></span> <span class='ocrx_word' id='word_1_184' title='bbox 1364 1598 1457 1649; x_wconf 82' lang='lat' dir='ltr'><strong>non</strong></span> <span class='ocrx_word' id='word_1_185' title='bbox 1474 1577 1623 1649; x_wconf 58' lang='lat' dir='ltr'><strong>omne</strong></span> <span class='ocrx_word' id='word_1_186' title='bbox 1638 1577 1855 1649; x_wconf 63' lang='lat' dir='ltr'><strong>quodue</strong></span> <span class='ocrx_word' id='word_1_187' title='bbox 1879 1586 1980 1629; x_wconf 88' lang='lat' dir='ltr'><strong>Deo</strong></span> <span class='ocrx_word' id='word_1_188' title='bbox 2003 1578 2177 1649; x_wconf 73' lang='lat' dir='ltr'><strong>dicitur</strong></span> <span class='ocrx_word' id='word_1_189' title='bbox 2200 1577 2467 1649; x_wconf 78' lang='lat' dir='ltr'><strong>secundum</strong></span> <span class='ocrx_word' id='word_1_190' title='bbox 2483 1577 2804 1649; x_wconf 64' lang='lat' dir='ltr'><strong>substantiam</strong></span> <span class='ocrx_word' id='word_1_191' title='bbox 2827 1584 2917 1633; x_wconf 89' lang='lat' dir='ltr'><strong>dici</strong></span> <span class='ocrx_word' id='word_1_192' title='bbox 2932 1620 2958 1649; x_wconf 21' lang='grc' dir='ltr'><strong>,Α</strong></span> <span class='ocrx_word' id='word_1_193' title='bbox 2971 1586 3095 1636; x_wconf 89' lang='lat' dir='ltr'><strong>sicut</strong></span> <span class='ocrx_word' id='word_1_194' title='bbox 3117 1577 3382 1638; x_wconf 73' lang='lat' dir='ltr'><strong>secundum</strong></span> <span class='ocrx_word' id='word_1_195' title='bbox 3404 1577 3869 1648; x_wconf 42' lang='lat' dir='ltr'><strong>anilitahiiaiﬁiii&#39;c&#39;ii</strong></span> 
     </span>
    </p>
   </div>
   <div class='ocr_carea' id='block_1_24' title="bbox 573 1638 3866 1764">
    <p class='ocr_par' dir='ltr' id='par_1_24' title="bbox 573 1638 3866 1764">
     <span class='ocr_line' id='line_1_25' title="bbox 573 1638 3866 1718; baseline 0.004 -25"><span class='ocrx_word' id='word_1_196' title='bbox 573 1653 653 1693; x_wconf 87' lang='lat' dir='ltr'><strong>tur</strong></span> <span class='ocrx_word' id='word_1_197' title='bbox 672 1646 828 1694; x_wconf 92' lang='lat' dir='ltr'><strong>bonus</strong></span> <span class='ocrx_word' id='word_1_198' title='bbox 852 1652 903 1694; x_wconf 92' lang='lat' dir='ltr'><strong>et</strong></span> <span class='ocrx_word' id='word_1_199' title='bbox 925 1638 1147 1707; x_wconf 81' lang='lat' dir='ltr'><strong>magnus,</strong></span> <span class='ocrx_word' id='word_1_200' title='bbox 1174 1646 1281 1693; x_wconf 89' lang='lat' dir='ltr'><strong>etsi</strong></span> <span class='ocrx_word' id='word_1_201' title='bbox 1305 1638 1418 1707; x_wconf 78' lang='lat' dir='ltr'><strong>quid</strong></span> <span class='ocrx_word' id='word_1_202' title='bbox 1443 1644 1572 1694; x_wconf 86' lang='lat' dir='ltr'><strong>aliud</strong></span> <span class='ocrx_word' id='word_1_203' title='bbox 1594 1638 1733 1693; x_wconf 63' lang='lat' dir='ltr'><strong>ad&#39;se</strong></span> <span class='ocrx_word' id='word_1_204' title='bbox 1755 1643 1956 1697; x_wconf 86' lang='lat' dir='ltr'><strong>dicitur;</strong></span> <span class='ocrx_word' id='word_1_205' title='bbox 1976 1640 2063 1689; x_wconf 88' lang='lat' dir='ltr'><strong>sed</strong></span> <span class='ocrx_word' id='word_1_206' title='bbox 2086 1639 2181 1687; x_wconf 88' lang='lat' dir='ltr'><strong>dici</strong></span> <span class='ocrx_word' id='word_1_207' title='bbox 2205 1639 2351 1709; x_wconf 73' lang='lat' dir='ltr'><strong>etiam</strong></span> <span class='ocrx_word' id='word_1_208' title='bbox 2372 1638 2594 1711; x_wconf 79' lang='lat' dir='ltr'><strong>relative,</strong></span> <span class='ocrx_word' id='word_1_209' title='bbox 2617 1641 2663 1691; x_wconf 86' lang='lat' dir='ltr'><strong>id</strong></span> <span class='ocrx_word' id='word_1_210' title='bbox 2689 1652 2765 1693; x_wconf 90' lang='lat' dir='ltr'><strong>est</strong></span> <span class='ocrx_word' id='word_1_211' title='bbox 2784 1658 2877 1693; x_wconf 89' lang='lat' dir='ltr'><strong>non</strong></span> <span class='ocrx_word' id='word_1_212' title='bbox 2901 1638 2960 1695; x_wconf 85' lang='lat' dir='ltr'><strong>ad</strong></span> <span class='ocrx_word' id='word_1_213' title='bbox 2981 1660 3056 1707; x_wconf 88' lang='lat' dir='ltr'><strong>se,</strong></span> <span class='ocrx_word' id='word_1_214' title='bbox 3079 1650 3166 1698; x_wconf 89' lang='lat' dir='ltr'><strong>sed</strong></span> <span class='ocrx_word' id='word_1_215' title='bbox 3190 1651 3247 1698; x_wconf 90' lang='lat' dir='ltr'><strong>ad</strong></span> <span class='ocrx_word' id='word_1_216' title='bbox 3266 1638 3736 1718; x_wconf 30' lang='lat' dir='ltr'><strong>aliquid—&quot;uariae</strong></span> <span class='ocrx_word' id='word_1_217' title='bbox 3746 1638 3866 1709; x_wconf 51' lang='lat' dir='ltr'><strong>iis},</strong></span> 
     </span>
     <span class='ocr_line' id='line_1_26' title="bbox 574 1668 3864 1764; baseline 0.003 -10"><span class='ocrx_word' id='word_1_218' title='bbox 574 1714 669 1764; x_wconf 88' lang='lat' dir='ltr'><strong>est,</strong></span> <span class='ocrx_word' id='word_1_219' title='bbox 696 1708 820 1755; x_wconf 88' lang='lat' dir='ltr'><strong>sicut</strong></span> <span class='ocrx_word' id='word_1_220' title='bbox 842 1713 981 1755; x_wconf 78' lang='lat' dir='ltr'><strong>Pater</strong></span> <span class='ocrx_word' id='word_1_221' title='bbox 1004 1706 1067 1755; x_wconf 90' lang='lat' dir='ltr'><strong>ad</strong></span> <span class='ocrx_word' id='word_1_222' title='bbox 1090 1707 1254 1754; x_wconf 78' lang='lat' dir='ltr'><strong>Filium</strong></span> <span class='ocrx_word' id='word_1_223' title='bbox 1271 1706 1460 1764; x_wconf 88' lang='lat' dir='ltr'><strong>dicitur,</strong></span> <span class='ocrx_word' id='word_1_224' title='bbox 1486 1705 1564 1755; x_wconf 85' lang='lat' dir='ltr'><strong>vel</strong></span> <span class='ocrx_word' id='word_1_225' title='bbox 1588 1706 1811 1755; x_wconf 91' lang='lat' dir='ltr'><strong>Dominus</strong></span> <span class='ocrx_word' id='word_1_226' title='bbox 1833 1703 1890 1751; x_wconf 91' lang='lat' dir='ltr'><strong>ad</strong></span> <span class='ocrx_word' id='word_1_227' title='bbox 1909 1708 2183 1764; x_wconf 81' lang='lat' dir='ltr'><strong>creaturam</strong></span> <span class='ocrx_word' id='word_1_228' title='bbox 2203 1700 2293 1764; x_wconf 80' lang='lat' dir='ltr'><strong>Stbl</strong></span> <span class='ocrx_word' id='word_1_229' title='bbox 2317 1709 2649 1764; x_wconf 73' lang='lat' dir='ltr'><strong>servneutem:</strong></span> <span class='ocrx_word' id='word_1_230' title='bbox 2676 1705 2759 1753; x_wconf 88' lang='lat' dir='ltr'><strong>ubi</strong></span> <span class='ocrx_word' id='word_1_231' title='bbox 2783 1707 2824 1755; x_wconf 89' lang='lat' dir='ltr'><strong>si</strong></span> <span class='ocrx_word' id='word_1_232' title='bbox 2862 1708 2978 1764; x_wconf 88' lang='lat' dir='ltr'><strong>quid</strong></span> <span class='ocrx_word' id='word_1_233' title='bbox 3001 1710 3225 1764; x_wconf 81' lang='lat' dir='ltr'><strong>relative.</strong></span> <span class='ocrx_word' id='word_1_234' title='bbox 3250 1714 3296 1761; x_wconf 93' lang='lat' dir='ltr'><strong>id</strong></span> <span class='ocrx_word' id='word_1_235' title='bbox 3322 1722 3398 1764; x_wconf 87' lang='lat' dir='ltr'><strong>est</strong></span> <span class='ocrx_word' id='word_1_236' title='bbox 3432 1668 3495 1764; x_wconf 59' lang='lat' dir='ltr'><strong>a3</strong></span> <span class='ocrx_word' id='word_1_237' title='bbox 3512 1716 3694 1764; x_wconf 77' lang='lat' dir='ltr'><strong>aliquid</strong></span> <span class='ocrx_word' id='word_1_238' title='bbox 3727 1723 3864 1764; x_wconf 66' lang='lat' dir='ltr'><strong>autut</strong></span> 
     </span>
    </p>
   </div>
   <div class='ocr_carea' id='block_1_25' title="bbox 574 1700 3398 1771">
    <p class='ocr_par' dir='ltr' id='par_1_25' title="bbox 574 1700 3398 1771">
     <span class='ocr_line' id='line_1_27' title="bbox 574 1700 3398 1771; baseline 0.004 -18"><span class='ocrx_word' id='word_1_239' title='bbox 574 1714 669 1771; x_wconf 86' lang='lat' dir='ltr'><strong>est,</strong></span> <span class='ocrx_word' id='word_1_240' title='bbox 696 1708 820 1755; x_wconf 88' lang='lat' dir='ltr'><strong>sicut</strong></span> <span class='ocrx_word' id='word_1_241' title='bbox 842 1713 981 1755; x_wconf 78' lang='lat' dir='ltr'><strong>Pater</strong></span> <span class='ocrx_word' id='word_1_242' title='bbox 1001 1700 1067 1771; x_wconf 64' lang='lat' dir='ltr'><strong>ad</strong></span> <span class='ocrx_word' id='word_1_243' title='bbox 1090 1700 1254 1754; x_wconf 78' lang='lat' dir='ltr'><strong>Filium</strong></span> <span class='ocrx_word' id='word_1_244' title='bbox 1271 1700 1564 1771; x_wconf 75' lang='lat' dir='ltr'><strong>dicitur,v_el</strong></span> <span class='ocrx_word' id='word_1_245' title='bbox 1588 1706 1811 1771; x_wconf 78' lang='lat' dir='ltr'><strong>Dominus</strong></span> <span class='ocrx_word' id='word_1_246' title='bbox 1833 1703 1890 1751; x_wconf 91' lang='lat' dir='ltr'><strong>ad</strong></span> <span class='ocrx_word' id='word_1_247' title='bbox 1909 1708 2183 1769; x_wconf 79' lang='lat' dir='ltr'><strong>creaturam</strong></span> <span class='ocrx_word' id='word_1_248' title='bbox 2203 1700 2293 1771; x_wconf 71' lang='lat' dir='ltr'><strong>sipl</strong></span> <span class='ocrx_word' id='word_1_249' title='bbox 2317 1702 2649 1771; x_wconf 72' lang='lat' dir='ltr'><strong>servientem:</strong></span> <span class='ocrx_word' id='word_1_250' title='bbox 2676 1705 2763 1771; x_wconf 79' lang='lat' dir='ltr'><strong>ubi</strong></span> <span class='ocrx_word' id='word_1_251' title='bbox 2783 1707 2824 1771; x_wconf 87' lang='lat' dir='ltr'><strong>_si</strong></span> <span class='ocrx_word' id='word_1_252' title='bbox 2862 1700 3225 1771; x_wconf 75' lang='lat' dir='ltr'><strong>quidrelative,</strong></span> <span class='ocrx_word' id='word_1_253' title='bbox 3250 1714 3296 1761; x_wconf 93' lang='lat' dir='ltr'><strong>id</strong></span> <span class='ocrx_word' id='word_1_254' title='bbox 3322 1700 3398 1764; x_wconf 67' lang='lat' dir='ltr'><strong>est</strong></span> 
     </span>
    </p>
   </div>
   <div class='ocr_carea' id='block_1_26' title="bbox 3512 1716 3864 1780">
    <p class='ocr_par' dir='ltr' id='par_1_26' title="bbox 3512 1716 3864 1780">
     <span class='ocr_line' id='line_1_28' title="bbox 3512 1716 3864 1780; baseline 0.026 -17"><span class='ocrx_word' id='word_1_255' title='bbox 3512 1716 3694 1780; x_wconf 84' lang='lat' dir='ltr'><strong>aliquid</strong></span> <span class='ocrx_word' id='word_1_256' title='bbox 3727 1723 3864 1779; x_wconf 78' lang='lat' dir='ltr'><strong>quod</strong></span> 
     </span>
    </p>
   </div>
   <div class='ocr_carea' id='block_1_27' title="bbox 573 1758 3863 1843">
    <p class='ocr_par' dir='ltr' id='par_1_27' title="bbox 573 1758 3863 1843">
     <span class='ocr_line' id='line_1_29' title="bbox 573 1758 3863 1843; baseline 0.006 -30"><span class='ocrx_word' id='word_1_257' title='bbox 573 1758 797 1841; x_wconf 49' lang='lat' dir='ltr'><strong>ipsam;</strong></span> <span class='ocrx_word' id='word_1_258' title='bbox 823 1775 914 1828; x_wconf 91' lang='lat' dir='ltr'><strong>est,</strong></span> <span class='ocrx_word' id='word_1_259' title='bbox 944 1769 1090 1840; x_wconf 78' lang='lat' dir='ltr'><strong>etiam</strong></span> <span class='ocrx_word' id='word_1_260' title='bbox 1107 1781 1167 1817; x_wconf 80' lang='lat' dir='ltr'><strong>ex</strong></span> <span class='ocrx_word' id='word_1_261' title='bbox 1192 1774 1412 1843; x_wconf 75' lang='lat' dir='ltr'><strong>tempore</strong></span> <span class='ocrx_word' id='word_1_262' title='bbox 1434 1758 1625 1843; x_wconf 79' lang='lat' dir='ltr'><strong>dicitur,</strong></span> <span class='ocrx_word' id='word_1_263' title='bbox 1650 1767 1789 1839; x_wconf 83' lang='lat' dir='ltr'><strong>sicuti</strong></span> <span class='ocrx_word' id='word_1_264' title='bbox 1816 1758 2420 1843; x_wconf 28' lang='lat' dir='ltr'><strong>estapontinflrefuqium</strong></span> <span class='ocrx_word' id='word_1_265' title='bbox 2442 1764 2596 1825; x_wconf 80' lang='lat' dir='ltr'><strong>factus</strong></span> <span class='ocrx_word' id='word_1_266' title='bbox 2612 1778 2663 1815; x_wconf 87' lang='lat' dir='ltr'><strong>es</strong></span> <span class='ocrx_word' id='word_1_267' title='bbox 2684 1765 2855 1831; x_wconf 83' lang='lat' dir='ltr'><strong>nobis;</strong></span> <span class='ocrx_word' id='word_1_268' title='bbox 2878 1758 2997 1822; x_wconf 73' lang='lat' dir='ltr'><strong>hum</strong></span> <span class='ocrx_word' id='word_1_269' title='bbox 3033 1772 3080 1821; x_wconf 89' lang='lat' dir='ltr'><strong>ei</strong></span> <span class='ocrx_word' id='word_1_270' title='bbox 3115 1758 3491 1840; x_wconf 53' lang='lat' dir='ltr'><strong>accidere&quot;tuw</strong></span> <span class='ocrx_word' id='word_1_271' title='bbox 3502 1758 3863 1843; x_wconf 56' lang='lat' dir='ltr'><strong>aiatait&quot;:er</strong></span> 
     </span>
    </p>
   </div>
   <div class='ocr_carea' id='block_1_28' title="bbox 572 1825 2345 1892">
    <p class='ocr_par' dir='ltr' id='par_1_28' title="bbox 572 1825 2345 1892">
     <span class='ocr_line' id='line_1_30' title="bbox 572 1825 2345 1892; baseline -0.003 -15"><span class='ocrx_word' id='word_1_272' title='bbox 572 1825 766 1879; x_wconf 78' lang='lat' dir='ltr'><strong>omnino</strong></span> <span class='ocrx_word' id='word_1_273' title='bbox 785 1825 940 1892; x_wconf 85' lang='lat' dir='ltr'><strong>ipsum</strong></span> <span class='ocrx_word' id='word_1_274' title='bbox 963 1830 1013 1879; x_wconf 91' lang='lat' dir='ltr'><strong>in</strong></span> <span class='ocrx_word' id='word_1_275' title='bbox 1030 1836 1199 1878; x_wconf 89' lang='lat' dir='ltr'><strong>natura</strong></span> <span class='ocrx_word' id='word_1_276' title='bbox 1215 1825 1306 1880; x_wconf 60' lang='lat' dir='ltr'><strong>vel&#39;</strong></span> <span class='ocrx_word' id='word_1_277' title='bbox 1320 1830 1533 1880; x_wconf 79' lang='lat' dir='ltr'><strong>essentia</strong></span> <span class='ocrx_word' id='word_1_278' title='bbox 1555 1825 1643 1879; x_wconf 88' lang='lat' dir='ltr'><strong>sua</strong></span> <span class='ocrx_word' id='word_1_279' title='bbox 1666 1825 2014 1878; x_wconf 83' lang='lat' dir='ltr'><strong>immutabilem</strong></span> <span class='ocrx_word' id='word_1_280' title='bbox 2038 1836 2345 1887; x_wconf 85' lang='lat' dir='ltr'><strong>permanere.</strong></span> 
     </span>
    </p>
   </div>
   <div class='ocr_carea' id='block_1_29' title="bbox 2026 1971 2392 2027">
    <p class='ocr_par' dir='ltr' id='par_1_29' title="bbox 2026 1971 2392 2027">
     <span class='ocr_line' id='line_1_31' title="bbox 2026 1971 2392 2027; baseline -0.003 -4"><span class='ocrx_word' id='word_1_281' title='bbox 2026 1971 2392 2027; x_wconf 50' lang='grc' dir='ltr'><strong>-οθὲωὼᾶο-</strong></span> 
     </span>
    </p>
   </div>
   <div class='ocr_carea' id='block_1_30' title="bbox 639 2094 2148 2167">
    <p class='ocr_par' dir='ltr' id='par_1_30' title="bbox 639 2094 2148 2167">
     <span class='ocr_line' id='line_1_32' title="bbox 639 2094 2148 2167; baseline -0.005 -14"><span class='ocrx_word' id='word_1_282' title='bbox 639 2098 866 2155; x_wconf 86' lang='lat' dir='ltr'><strong>CAPUT</strong></span> <span class='ocrx_word' id='word_1_283' title='bbox 905 2099 1185 2156; x_wconf 80' lang='lat' dir='ltr'><strong>PRIMUM.</strong></span> <span class='ocrx_word' id='word_1_284' title='bbox 1207 2128 1277 2140; x_wconf 92' lang='lat'><strong>—</strong></span> <span class='ocrx_word' id='word_1_285' title='bbox 1306 2100 1357 2154; x_wconf 84' lang='grc'><strong>1.</strong></span> <span class='ocrx_word' id='word_1_286' title='bbox 1385 2099 1519 2165; x_wconf 82' lang='lat' dir='ltr'><strong>Quid</strong></span> <span class='ocrx_word' id='word_1_287' title='bbox 1546 2095 1705 2152; x_wconf 28' lang='lat' dir='ltr'><strong>a‘Deo</strong></span> <span class='ocrx_word' id='word_1_288' title='bbox 1728 2137 1740 2161; x_wconf 90' lang='lat'><strong>,</strong></span> <span class='ocrx_word' id='word_1_289' title='bbox 1768 2095 1888 2167; x_wconf 83' lang='lat' dir='ltr'><strong>quid</strong></span> <span class='ocrx_word' id='word_1_290' title='bbox 1912 2111 1942 2147; x_wconf 88' lang='grc' dir='ltr'><em>α</em></span> <span class='ocrx_word' id='word_1_291' title='bbox 1965 2094 2148 2148; x_wconf 78' lang='lat' dir='ltr'><strong>lectore</strong></span> 
     </span>
    </p>
   </div>
   <div class='ocr_carea' id='block_1_31' title="bbox 568 2184 2154 2260">
    <p class='ocr_par' dir='ltr' id='par_1_31' title="bbox 568 2184 2154 2260">
     <span class='ocr_line' id='line_1_33' title="bbox 568 2184 2154 2260; baseline -0.004 -18"><span class='ocrx_word' id='word_1_292' title='bbox 568 2198 742 2244; x_wconf 80' lang='lat' dir='ltr'><strong>auctor</strong></span> <span class='ocrx_word' id='word_1_293' title='bbox 769 2201 1027 2260; x_wconf 73' lang='lat' dir='ltr'><strong>exposcat.</strong></span> <span class='ocrx_word' id='word_1_294' title='bbox 1067 2189 1135 2244; x_wconf 87' lang='lat' dir='ltr'><strong>In</strong></span> <span class='ocrx_word' id='word_1_295' title='bbox 1166 2189 1274 2245; x_wconf 82' lang='lat' dir='ltr'><strong>Deo</strong></span> <span class='ocrx_word' id='word_1_296' title='bbox 1299 2190 1428 2244; x_wconf 79' lang='lat' dir='ltr'><strong>nihil</strong></span> <span class='ocrx_word' id='word_1_297' title='bbox 1454 2188 1706 2243; x_wconf 78' lang='lat' dir='ltr'><strong>mutabilis</strong></span> <span class='ocrx_word' id='word_1_298' title='bbox 1741 2196 1785 2240; x_wconf 88' lang='lat' dir='ltr'><strong>et</strong></span> <span class='ocrx_word' id='word_1_299' title='bbox 1814 2184 2040 2257; x_wconf 83' lang='lat' dir='ltr'><strong>corporei</strong></span> <span class='ocrx_word' id='word_1_300' title='bbox 2064 2199 2154 2237; x_wconf 86' lang='lat' dir='ltr'><strong>co-</strong></span> 
     </span>
    </p>
   </div>
   <div class='ocr_carea' id='block_1_32' title="bbox 568 2275 2156 2353">
    <p class='ocr_par' dir='ltr' id='par_1_32' title="bbox 568 2275 2156 2353">
     <span class='ocr_line' id='line_1_34' title="bbox 568 2275 2156 2353; baseline -0.003 -20"><span class='ocrx_word' id='word_1_301' title='bbox 568 2280 851 2350; x_wconf 83' lang='lat' dir='ltr'><strong>gitandum.</strong></span> <span class='ocrx_word' id='word_1_302' title='bbox 881 2280 1016 2337; x_wconf 84' lang='lat' dir='ltr'><strong>Hinc</strong></span> <span class='ocrx_word' id='word_1_303' title='bbox 1048 2282 1157 2353; x_wconf 91' lang='lat' dir='ltr'><strong>jam</strong></span> <span class='ocrx_word' id='word_1_304' title='bbox 1188 2281 1471 2337; x_wconf 79' lang='lat' dir='ltr'><strong>exordiens</strong></span> <span class='ocrx_word' id='word_1_305' title='bbox 1499 2296 1563 2335; x_wconf 89' lang='lat' dir='ltr'><strong>ea</strong></span> <span class='ocrx_word' id='word_1_306' title='bbox 1604 2279 1804 2345; x_wconf 90' lang='lat' dir='ltr'><strong>dicere,</strong></span> <span class='ocrx_word' id='word_1_307' title='bbox 1828 2292 1946 2348; x_wconf 67' lang='lat' dir='ltr'><strong>qua:</strong></span> <span class='ocrx_word' id='word_1_308' title='bbox 1971 2275 2073 2331; x_wconf 93' lang='lat' dir='ltr'><strong>dici</strong></span> <span class='ocrx_word' id='word_1_309' title='bbox 2099 2284 2156 2330; x_wconf 91' lang='lat' dir='ltr'><strong>ut</strong></span> 
     </span>
    </p>
   </div>
   <div class='ocr_carea' id='block_1_33' title="bbox 567 2369 2154 2444">
    <p class='ocr_par' dir='ltr' id='par_1_33' title="bbox 567 2369 2154 2444">
     <span class='ocr_line' id='line_1_35' title="bbox 567 2369 2154 2444; baseline -0.001 -17"><span class='ocrx_word' id='word_1_310' title='bbox 567 2374 868 2443; x_wconf 76' lang='lat' dir='ltr'><strong>cogitantur</strong></span> <span class='ocrx_word' id='word_1_311' title='bbox 914 2375 997 2430; x_wconf 88' lang='lat' dir='ltr'><strong>vel</strong></span> <span class='ocrx_word' id='word_1_312' title='bbox 1037 2376 1102 2430; x_wconf 93' lang='lat' dir='ltr'><strong>ab</strong></span> <span class='ocrx_word' id='word_1_313' title='bbox 1138 2375 1356 2430; x_wconf 86' lang='lat' dir='ltr'><strong>homine</strong></span> <span class='ocrx_word' id='word_1_314' title='bbox 1384 2375 1597 2444; x_wconf 89' lang='lat' dir='ltr'><strong>aliquo,</strong></span> <span class='ocrx_word' id='word_1_315' title='bbox 1624 2373 1708 2428; x_wconf 91' lang='lat' dir='ltr'><strong>vel</strong></span> <span class='ocrx_word' id='word_1_316' title='bbox 1750 2380 1900 2427; x_wconf 91' lang='lat' dir='ltr'><strong>certe</strong></span> <span class='ocrx_word' id='word_1_317' title='bbox 1927 2385 1956 2424; x_wconf 88' lang='lat' dir='ltr'><strong>a</strong></span> <span class='ocrx_word' id='word_1_318' title='bbox 1999 2369 2154 2425; x_wconf 88' lang='lat' dir='ltr'><strong>nobis</strong></span> 
     </span>
    </p>
   </div>
   <div class='ocr_carea' id='block_1_34' title="bbox 568 2464 2155 2537">
    <p class='ocr_par' dir='ltr' id='par_1_34' title="bbox 568 2464 2155 2537">
     <span class='ocr_line' id='line_1_36' title="bbox 568 2464 2155 2537; baseline -0.003 -17"><span class='ocrx_word' id='word_1_319' title='bbox 568 2480 673 2521; x_wconf 90' lang='lat' dir='ltr'><strong>non</strong></span> <span class='ocrx_word' id='word_1_320' title='bbox 702 2466 845 2521; x_wconf 91' lang='lat' dir='ltr'><strong>omni</strong></span> <span class='ocrx_word' id='word_1_321' title='bbox 876 2466 1036 2521; x_wconf 90' lang='lat' dir='ltr'><strong>modo</strong></span> <span class='ocrx_word' id='word_1_322' title='bbox 1080 2475 1304 2537; x_wconf 88' lang='lat' dir='ltr'><strong>possunt</strong></span> <span class='ocrx_word' id='word_1_323' title='bbox 1331 2484 1343 2520; x_wconf 88' lang='lat'>:</span> <span class='ocrx_word' id='word_1_324' title='bbox 1376 2466 1618 2537; x_wconf 81' lang='lat' dir='ltr'><strong>quamvis</strong></span> <span class='ocrx_word' id='word_1_325' title='bbox 1639 2474 1693 2519; x_wconf 94' lang='lat' dir='ltr'><strong>et</strong></span> <span class='ocrx_word' id='word_1_326' title='bbox 1714 2464 1827 2534; x_wconf 89' lang='lat' dir='ltr'><strong>ipsa</strong></span> <span class='ocrx_word' id='word_1_327' title='bbox 1857 2472 2037 2517; x_wconf 88' lang='lat' dir='ltr'><strong>nostra</strong></span> <span class='ocrx_word' id='word_1_328' title='bbox 2064 2476 2155 2516; x_wconf 94' lang='lat' dir='ltr'><strong>co-</strong></span> 
     </span>
    </p>
   </div>
   <div class='ocr_carea' id='block_1_35' title="bbox 565 2554 2153 2628">
    <p class='ocr_par' dir='ltr' id='par_1_35' title="bbox 565 2554 2153 2628">
     <span class='ocr_line' id='line_1_37' title="bbox 565 2554 2153 2628; baseline -0.001 -18"><span class='ocrx_word' id='word_1_329' title='bbox 565 2558 781 2627; x_wconf 86' lang='lat' dir='ltr'><strong>gitatio,</strong></span> <span class='ocrx_word' id='word_1_330' title='bbox 809 2573 930 2613; x_wconf 91' lang='lat' dir='ltr'><strong>cum</strong></span> <span class='ocrx_word' id='word_1_331' title='bbox 954 2558 1021 2614; x_wconf 91' lang='lat' dir='ltr'><strong>de</strong></span> <span class='ocrx_word' id='word_1_332' title='bbox 1050 2559 1159 2615; x_wconf 90' lang='lat' dir='ltr'><strong>Deo</strong></span> <span class='ocrx_word' id='word_1_333' title='bbox 1208 2558 1467 2613; x_wconf 85' lang='lat' dir='ltr'><strong>Trinitate</strong></span> <span class='ocrx_word' id='word_1_334' title='bbox 1505 2557 1799 2628; x_wconf 88' lang='lat' dir='ltr'><strong>cogitamus</strong></span> <span class='ocrx_word' id='word_1_335' title='bbox 1828 2556 1870 2622; x_wconf 78' lang='grc' dir='ltr'><strong>ί,</strong></span> <span class='ocrx_word' id='word_1_336' title='bbox 1896 2554 2056 2625; x_wconf 89' lang='lat' dir='ltr'><strong>longe</strong></span> <span class='ocrx_word' id='word_1_337' title='bbox 2094 2568 2153 2608; x_wconf 89' lang='lat' dir='ltr'><strong>se</strong></span> 
     </span>
    </p>
   </div>
   <div class='ocr_carea' id='block_1_36' title="bbox 564 2647 2150 2720">
    <p class='ocr_par' dir='ltr' id='par_1_36' title="bbox 564 2647 2150 2720">
     <span class='ocr_line' id='line_1_38' title="bbox 564 2647 2150 2720; baseline -0.002 -20"><span class='ocrx_word' id='word_1_338' title='bbox 564 2648 639 2703; x_wconf 91' lang='lat' dir='ltr'><strong>illi</strong></span> <span class='ocrx_word' id='word_1_339' title='bbox 661 2647 728 2704; x_wconf 91' lang='lat' dir='ltr'><strong>de</strong></span> <span class='ocrx_word' id='word_1_340' title='bbox 752 2664 856 2719; x_wconf 91' lang='lat' dir='ltr'><strong>quo</strong></span> <span class='ocrx_word' id='word_1_341' title='bbox 882 2650 1097 2720; x_wconf 76' lang='lat' dir='ltr'><strong>cogitat,</strong></span> <span class='ocrx_word' id='word_1_342' title='bbox 1122 2650 1378 2720; x_wconf 88' lang='lat' dir='ltr'><strong>imparem</strong></span> <span class='ocrx_word' id='word_1_343' title='bbox 1401 2648 1614 2713; x_wconf 90' lang='lat' dir='ltr'><strong>sentiat,</strong></span> <span class='ocrx_word' id='word_1_344' title='bbox 1642 2661 1815 2717; x_wconf 91' lang='lat' dir='ltr'><strong>neque</strong></span> <span class='ocrx_word' id='word_1_345' title='bbox 1841 2654 1899 2699; x_wconf 90' lang='lat' dir='ltr'><strong>ut</strong></span> <span class='ocrx_word' id='word_1_346' title='bbox 1926 2653 2010 2700; x_wconf 89' lang='lat' dir='ltr'><strong>est</strong></span> <span class='ocrx_word' id='word_1_347' title='bbox 2027 2659 2150 2699; x_wconf 91' lang='lat' dir='ltr'><strong>eum</strong></span> 
     </span>
    </p>
   </div>
   <div class='ocr_carea' id='block_1_37' title="bbox 564 2738 2151 2812">
    <p class='ocr_par' dir='ltr' id='par_1_37' title="bbox 564 2738 2151 2812">
     <span class='ocr_line' id='line_1_39' title="bbox 564 2738 2151 2812; baseline -0.001 -20"><span class='ocrx_word' id='word_1_348' title='bbox 564 2740 759 2811; x_wconf 87' lang='lat' dir='ltr'><strong>capiat,</strong></span> <span class='ocrx_word' id='word_1_349' title='bbox 784 2740 896 2807; x_wconf 91' lang='lat' dir='ltr'><strong>sed,</strong></span> <span class='ocrx_word' id='word_1_350' title='bbox 926 2749 986 2795; x_wconf 91' lang='lat' dir='ltr'><strong>ut</strong></span> <span class='ocrx_word' id='word_1_351' title='bbox 1023 2742 1279 2812; x_wconf 90' lang='lat' dir='ltr'><strong>scriptum</strong></span> <span class='ocrx_word' id='word_1_352' title='bbox 1318 2749 1434 2805; x_wconf 89' lang='lat' dir='ltr'><strong>est,</strong></span> <span class='ocrx_word' id='word_1_353' title='bbox 1462 2740 1621 2796; x_wconf 89' lang='lat' dir='ltr'><strong>etiam</strong></span> <span class='ocrx_word' id='word_1_354' title='bbox 1650 2755 1681 2794; x_wconf 90' lang='lat' dir='ltr'><strong>a</strong></span> <span class='ocrx_word' id='word_1_355' title='bbox 1728 2738 1889 2793; x_wconf 87' lang='lat' dir='ltr'><strong>tantis</strong></span> <span class='ocrx_word' id='word_1_356' title='bbox 1922 2745 2151 2807; x_wconf 88' lang='lat' dir='ltr'><strong>quantus</strong></span> 
     </span>
    </p>
   </div>
   <div class='ocr_carea' id='block_1_38' title="bbox 566 2828 2151 2904">
    <p class='ocr_par' dir='ltr' id='par_1_38' title="bbox 566 2828 2151 2904">
     <span class='ocr_line' id='line_1_40' title="bbox 566 2828 2151 2904; baseline -0.003 -20"><span class='ocrx_word' id='word_1_357' title='bbox 566 2831 762 2886; x_wconf 88' lang='lat' dir='ltr'><strong>Paulus</strong></span> <span class='ocrx_word' id='word_1_358' title='bbox 805 2832 1079 2901; x_wconf 85' lang='lat' dir='ltr'><strong>apostolus</strong></span> <span class='ocrx_word' id='word_1_359' title='bbox 1123 2833 1210 2889; x_wconf 89' lang='lat' dir='ltr'><strong>hic</strong></span> <span class='ocrx_word' id='word_1_360' title='bbox 1247 2842 1395 2899; x_wconf 90' lang='lat' dir='ltr'><strong>erat,</strong></span> <span class='ocrx_word' id='word_1_361' title='bbox 1428 2849 1516 2904; x_wconf 82' lang='lat' dir='ltr'><strong>per</strong></span> <span class='ocrx_word' id='word_1_362' title='bbox 1558 2830 1815 2903; x_wconf 79' lang='lat' dir='ltr'><strong>speculum</strong></span> <span class='ocrx_word' id='word_1_363' title='bbox 1834 2839 1880 2885; x_wconf 89' lang='lat' dir='ltr'><strong>et</strong></span> <span class='ocrx_word' id='word_1_364' title='bbox 1909 2830 1960 2883; x_wconf 85' lang='lat' dir='ltr'><strong>in</strong></span> <span class='ocrx_word' id='word_1_365' title='bbox 1988 2828 2151 2899; x_wconf 67' lang='lat' dir='ltr'><strong>aenig-</strong></span> 
     </span>
    </p>
   </div>
   <div class='ocr_carea' id='block_1_39' title="bbox 563 2921 2149 2996">
    <p class='ocr_par' dir='ltr' id='par_1_39' title="bbox 563 2921 2149 2996">
     <span class='ocr_line' id='line_1_41' title="bbox 563 2921 2149 2996; baseline 0.001 -22"><span class='ocrx_word' id='word_1_366' title='bbox 563 2931 697 2977; x_wconf 84' lang='lat' dir='ltr'><strong>mate</strong></span> <span class='ocrx_word' id='word_1_367' title='bbox 752 2922 993 2979; x_wconf 86' lang='lat' dir='ltr'><strong>videatur</strong></span> <span class='ocrx_word' id='word_1_368' title='bbox 1020 2924 1063 2996; x_wconf 92' lang='lat' dir='ltr'><strong>(l</strong></span> <span class='ocrx_word' id='word_1_369' title='bbox 1097 2925 1214 2980; x_wconf 83' lang='lat' dir='ltr'><strong>Cor.</strong></span> <span class='ocrx_word' id='word_1_370' title='bbox 1243 2941 1339 2980; x_wconf 83' lang='lat' dir='ltr'><strong>xm</strong></span> <span class='ocrx_word' id='word_1_371' title='bbox 1360 2967 1375 2991; x_wconf 95' lang='lat'><strong>,</strong></span> <span class='ocrx_word' id='word_1_372' title='bbox 1404 2926 1513 2995; x_wconf 72' lang='lat'><strong>19.),</strong></span> <span class='ocrx_word' id='word_1_373' title='bbox 1546 2925 1771 2994; x_wconf 91' lang='lat' dir='ltr'><strong>primum</strong></span> <span class='ocrx_word' id='word_1_374' title='bbox 1804 2923 1871 2976; x_wconf 91' lang='lat' dir='ltr'><strong>ab</strong></span> <span class='ocrx_word' id='word_1_375' title='bbox 1899 2923 2013 2992; x_wconf 91' lang='lat' dir='ltr'><strong>ipso</strong></span> <span class='ocrx_word' id='word_1_376' title='bbox 2042 2921 2149 2976; x_wconf 87' lang='lat' dir='ltr'><strong>Do-</strong></span> 
     </span>
    </p>
   </div>
   <div class='ocr_carea' id='block_1_40' title="bbox 563 3014 2145 3088">
    <p class='ocr_par' dir='ltr' id='par_1_40' title="bbox 563 3014 2145 3088">
     <span class='ocr_line' id='line_1_42' title="bbox 563 3014 2145 3088; baseline 0 -21"><span class='ocrx_word' id='word_1_377' title='bbox 563 3014 707 3069; x_wconf 93' lang='lat' dir='ltr'><strong>mino</strong></span> <span class='ocrx_word' id='word_1_378' title='bbox 737 3015 847 3069; x_wconf 90' lang='lat' dir='ltr'><strong>Deo</strong></span> <span class='ocrx_word' id='word_1_379' title='bbox 872 3025 1054 3072; x_wconf 90' lang='lat' dir='ltr'><strong>nostro</strong></span> <span class='ocrx_word' id='word_1_380' title='bbox 1074 3056 1088 3081; x_wconf 92' lang='lat'><strong>,</strong></span> <span class='ocrx_word' id='word_1_381' title='bbox 1114 3016 1183 3073; x_wconf 90' lang='lat' dir='ltr'><strong>de</strong></span> <span class='ocrx_word' id='word_1_382' title='bbox 1210 3031 1316 3088; x_wconf 90' lang='lat' dir='ltr'><strong>quo</strong></span> <span class='ocrx_word' id='word_1_383' title='bbox 1343 3032 1554 3085; x_wconf 85' lang='lat' dir='ltr'><strong>semper</strong></span> <span class='ocrx_word' id='word_1_384' title='bbox 1596 3016 1828 3086; x_wconf 85' lang='lat' dir='ltr'><strong>cogitare</strong></span> <span class='ocrx_word' id='word_1_385' title='bbox 1855 3014 2111 3070; x_wconf 87' lang='lat' dir='ltr'><strong>debemus</strong></span> <span class='ocrx_word' id='word_1_386' title='bbox 2130 3055 2145 3080; x_wconf 93' lang='lat'><strong>,</strong></span> 
     </span>
    </p>
   </div>
   <div class='ocr_carea' id='block_1_41' title="bbox 560 3106 2147 3179">
    <p class='ocr_par' dir='ltr' id='par_1_41' title="bbox 560 3106 2147 3179">
     <span class='ocr_line' id='line_1_43' title="bbox 560 3106 2147 3179; baseline 0.002 -20"><span class='ocrx_word' id='word_1_387' title='bbox 560 3114 615 3159; x_wconf 94' lang='lat' dir='ltr'><strong>et</strong></span> <span class='ocrx_word' id='word_1_388' title='bbox 642 3106 708 3161; x_wconf 93' lang='lat' dir='ltr'><strong>de</strong></span> <span class='ocrx_word' id='word_1_389' title='bbox 731 3121 837 3175; x_wconf 88' lang='lat' dir='ltr'><strong>quo</strong></span> <span class='ocrx_word' id='word_1_390' title='bbox 862 3107 1020 3177; x_wconf 81' lang='lat' dir='ltr'><strong>digne</strong></span> <span class='ocrx_word' id='word_1_391' title='bbox 1045 3109 1279 3179; x_wconf 87' lang='lat' dir='ltr'><strong>cogitare</strong></span> <span class='ocrx_word' id='word_1_392' title='bbox 1308 3126 1412 3163; x_wconf 88' lang='lat' dir='ltr'><strong>non</strong></span> <span class='ocrx_word' id='word_1_393' title='bbox 1441 3123 1741 3179; x_wconf 86' lang='lat' dir='ltr'><strong>possumus,</strong></span> <span class='ocrx_word' id='word_1_394' title='bbox 1765 3108 1848 3162; x_wconf 89' lang='lat' dir='ltr'><strong>cui</strong></span> <span class='ocrx_word' id='word_1_395' title='bbox 1881 3106 2147 3162; x_wconf 89' lang='lat' dir='ltr'><strong>laudando</strong></span> 
     </span>
    </p>
   </div>
   <div class='ocr_carea' id='block_1_42' title="bbox 562 3196 2144 3271">
    <p class='ocr_par' dir='ltr' id='par_1_42' title="bbox 562 3196 2144 3271">
     <span class='ocr_line' id='line_1_44' title="bbox 562 3196 2144 3271; baseline 0 -20"><span class='ocrx_word' id='word_1_396' title='bbox 562 3196 828 3252; x_wconf 87' lang='lat' dir='ltr'><strong>reddenda</strong></span> <span class='ocrx_word' id='word_1_397' title='bbox 841 3206 921 3253; x_wconf 90' lang='lat' dir='ltr'><strong>est</strong></span> <span class='ocrx_word' id='word_1_398' title='bbox 936 3198 1082 3253; x_wconf 90' lang='lat' dir='ltr'><strong>omni</strong></span> <span class='ocrx_word' id='word_1_399' title='bbox 1100 3208 1336 3269; x_wconf 90' lang='lat' dir='ltr'><strong>tempore</strong></span> <span class='ocrx_word' id='word_1_400' title='bbox 1356 3197 1654 3253; x_wconf 86' lang='lat' dir='ltr'><strong>benedictio</strong></span> <span class='ocrx_word' id='word_1_401' title='bbox 1673 3196 1840 3271; x_wconf 84' lang='lat' dir='ltr'><strong>(Psal.</strong></span> <span class='ocrx_word' id='word_1_402' title='bbox 1857 3212 2046 3259; x_wconf 65' lang='grc' dir='ltr'>χχχιιι,</span> <span class='ocrx_word' id='word_1_403' title='bbox 2068 3197 2144 3266; x_wconf 88' lang='grc'><strong>1),</strong></span> 
     </span>
    </p>
   </div>
   <div class='ocr_carea' id='block_1_43' title="bbox 561 3288 2145 3360">
    <p class='ocr_par' dir='ltr' id='par_1_43' title="bbox 561 3288 2145 3360">
     <span class='ocr_line' id='line_1_45' title="bbox 561 3288 2145 3360; baseline 0.001 -17"><span class='ocrx_word' id='word_1_404' title='bbox 561 3297 616 3343; x_wconf 92' lang='lat' dir='ltr'><strong>et</strong></span> <span class='ocrx_word' id='word_1_405' title='bbox 644 3290 726 3345; x_wconf 93' lang='lat' dir='ltr'><strong>cui</strong></span> <span class='ocrx_word' id='word_1_406' title='bbox 754 3289 1078 3345; x_wconf 90' lang='lat' dir='ltr'><strong>enuntiando</strong></span> <span class='ocrx_word' id='word_1_407' title='bbox 1097 3290 1237 3345; x_wconf 88' lang='lat' dir='ltr'><strong>nulla</strong></span> <span class='ocrx_word' id='word_1_408' title='bbox 1264 3290 1520 3360; x_wconf 89' lang='lat' dir='ltr'><strong>competit</strong></span> <span class='ocrx_word' id='word_1_409' title='bbox 1548 3288 1730 3353; x_wconf 90' lang='lat' dir='ltr'><strong>dictio,</strong></span> <span class='ocrx_word' id='word_1_410' title='bbox 1749 3297 1803 3344; x_wconf 92' lang='lat' dir='ltr'><strong>et</strong></span> <span class='ocrx_word' id='word_1_411' title='bbox 1824 3289 2145 3359; x_wconf 90' lang='lat' dir='ltr'><strong>adjutorium</strong></span> 
     </span>
    </p>
   </div>
   <div class='ocr_carea' id='block_1_44' title="bbox 559 3380 2146 3455">
    <p class='ocr_par' dir='ltr' id='par_1_44' title="bbox 559 3380 2146 3455">
     <span class='ocr_line' id='line_1_46' title="bbox 559 3380 2146 3455; baseline 0.003 -20"><span class='ocrx_word' id='word_1_412' title='bbox 559 3380 628 3436; x_wconf 90' lang='lat' dir='ltr'><strong>ad</strong></span> <span class='ocrx_word' id='word_1_413' title='bbox 650 3381 989 3451; x_wconf 83' lang='lat' dir='ltr'><strong>intelligenda</strong></span> <span class='ocrx_word' id='word_1_414' title='bbox 1015 3393 1174 3454; x_wconf 91' lang='lat' dir='ltr'><strong>atque</strong></span> <span class='ocrx_word' id='word_1_415' title='bbox 1203 3382 1514 3455; x_wconf 73' lang='lat' dir='ltr'><strong>explicanda</strong></span> <span class='ocrx_word' id='word_1_416' title='bbox 1537 3398 1656 3453; x_wconf 69' lang='lat' dir='ltr'><strong>qua:</strong></span> <span class='ocrx_word' id='word_1_417' title='bbox 1682 3382 1901 3438; x_wconf 90' lang='lat' dir='ltr'><strong>intendo</strong></span> <span class='ocrx_word' id='word_1_418' title='bbox 1920 3425 1935 3451; x_wconf 94' lang='lat'><strong>,</strong></span> <span class='ocrx_word' id='word_1_419' title='bbox 1964 3392 2018 3439; x_wconf 87' lang='lat' dir='ltr'><strong>et</strong></span> <span class='ocrx_word' id='word_1_420' title='bbox 2050 3398 2146 3439; x_wconf 89' lang='lat' dir='ltr'><strong>ve-</strong></span> 
     </span>
    </p>
   </div>
   <div class='ocr_carea' id='block_1_45' title="bbox 562 3474 2146 3546">
    <p class='ocr_par' dir='ltr' id='par_1_45' title="bbox 562 3474 2146 3546">
     <span class='ocr_line' id='line_1_47' title="bbox 562 3474 2146 3546; baseline 0.001 -17"><span class='ocrx_word' id='word_1_421' title='bbox 562 3474 701 3529; x_wconf 93' lang='lat' dir='ltr'><strong>niam</strong></span> <span class='ocrx_word' id='word_1_422' title='bbox 726 3490 911 3546; x_wconf 87' lang='lat' dir='ltr'><strong>precor</strong></span> <span class='ocrx_word' id='word_1_423' title='bbox 949 3476 1117 3533; x_wconf 88' lang='lat' dir='ltr'><strong>sicubi</strong></span> <span class='ocrx_word' id='word_1_424' title='bbox 1160 3475 1393 3532; x_wconf 76' lang='lat' dir='ltr'><strong>oﬁ&#39;endo.</strong></span> <span class='ocrx_word' id='word_1_425' title='bbox 1441 3474 1643 3531; x_wconf 85' lang='lat' dir='ltr'><strong>Memor</strong></span> <span class='ocrx_word' id='word_1_426' title='bbox 1681 3489 1797 3530; x_wconf 88' lang='lat' dir='ltr'><strong>sum</strong></span> <span class='ocrx_word' id='word_1_427' title='bbox 1824 3475 1966 3530; x_wconf 91' lang='lat' dir='ltr'><strong>enim</strong></span> <span class='ocrx_word' id='word_1_428' title='bbox 1994 3517 2007 3541; x_wconf 92' lang='lat'><strong>,</strong></span> <span class='ocrx_word' id='word_1_429' title='bbox 2038 3491 2146 3531; x_wconf 90' lang='lat' dir='ltr'><strong>non</strong></span> 
     </span>
    </p>
   </div>
   <div class='ocr_carea' id='block_1_46' title="bbox 559 3567 2147 3636">
    <p class='ocr_par' dir='ltr' id='par_1_46' title="bbox 559 3567 2147 3636">
     <span class='ocr_line' id='line_1_48' title="bbox 559 3567 2147 3636; baseline 0 -13"><span class='ocrx_word' id='word_1_430' title='bbox 559 3569 731 3623; x_wconf 91' lang='lat' dir='ltr'><strong>solum</strong></span> <span class='ocrx_word' id='word_1_431' title='bbox 761 3569 1081 3636; x_wconf 83' lang='lat' dir='ltr'><strong>voluntatis,</strong></span> <span class='ocrx_word' id='word_1_432' title='bbox 1112 3584 1297 3624; x_wconf 90' lang='lat' dir='ltr'><strong>verum</strong></span> <span class='ocrx_word' id='word_1_433' title='bbox 1325 3568 1482 3623; x_wconf 87' lang='lat' dir='ltr'><strong>etiam</strong></span> <span class='ocrx_word' id='word_1_434' title='bbox 1523 3567 1845 3623; x_wconf 88' lang='lat' dir='ltr'><strong>inﬁrmitatis</strong></span> <span class='ocrx_word' id='word_1_435' title='bbox 1878 3582 2033 3622; x_wconf 75' lang='lat' dir='ltr'><strong>mem.</strong></span> <span class='ocrx_word' id='word_1_436' title='bbox 2064 3568 2147 3623; x_wconf 84' lang='lat' dir='ltr'><strong>Ab</strong></span> 
     </span>
    </p>
   </div>
   <div class='ocr_carea' id='block_1_47' title="bbox 561 3658 2144 3730">
    <p class='ocr_par' dir='ltr' id='par_1_47' title="bbox 561 3658 2144 3730">
     <span class='ocr_line' id='line_1_49' title="bbox 561 3658 2144 3730; baseline 0.001 -17"><span class='ocrx_word' id='word_1_437' title='bbox 561 3658 643 3714; x_wconf 89' lang='lat' dir='ltr'><strong>bis</strong></span> <span class='ocrx_word' id='word_1_438' title='bbox 671 3660 831 3715; x_wconf 90' lang='lat' dir='ltr'><strong>etiam</strong></span> <span class='ocrx_word' id='word_1_439' title='bbox 862 3660 950 3730; x_wconf 90' lang='lat' dir='ltr'><strong>qui</strong></span> <span class='ocrx_word' id='word_1_440' title='bbox 980 3660 1076 3716; x_wconf 88' lang='lat' dir='ltr'><strong>ista</strong></span> <span class='ocrx_word' id='word_1_441' title='bbox 1108 3660 1295 3716; x_wconf 89' lang='lat' dir='ltr'><strong>lecturi</strong></span> <span class='ocrx_word' id='word_1_442' title='bbox 1324 3669 1467 3724; x_wconf 89' lang='lat' dir='ltr'><strong>sunt,</strong></span> <span class='ocrx_word' id='word_1_443' title='bbox 1496 3668 1553 3714; x_wconf 91' lang='lat' dir='ltr'><strong>ut</strong></span> <span class='ocrx_word' id='word_1_444' title='bbox 1579 3658 1856 3730; x_wconf 81' lang='lat' dir='ltr'><strong>ignoscant</strong></span> <span class='ocrx_word' id='word_1_445' title='bbox 1884 3666 2024 3727; x_wconf 93' lang='lat' dir='ltr'><strong>pcto,</strong></span> <span class='ocrx_word' id='word_1_446' title='bbox 2056 3658 2144 3714; x_wconf 89' lang='lat' dir='ltr'><strong>ubi</strong></span> 
     </span>
    </p>
   </div>
   <div class='ocr_carea' id='block_1_48' title="bbox 559 3749 2141 3822">
    <p class='ocr_par' dir='ltr' id='par_1_48' title="bbox 559 3749 2141 3822">
     <span class='ocr_line' id='line_1_50' title="bbox 559 3749 2141 3822; baseline -0.002 -16"><span class='ocrx_word' id='word_1_447' title='bbox 559 3766 645 3806; x_wconf 87' lang='lat' dir='ltr'><strong>me</strong></span> <span class='ocrx_word' id='word_1_448' title='bbox 674 3751 842 3822; x_wconf 90' lang='lat' dir='ltr'><strong>magis</strong></span> <span class='ocrx_word' id='word_1_449' title='bbox 868 3752 1099 3809; x_wconf 90' lang='lat' dir='ltr'><strong>voluisse</strong></span> <span class='ocrx_word' id='word_1_450' title='bbox 1125 3767 1281 3822; x_wconf 90' lang='lat' dir='ltr'><strong>quam</strong></span> <span class='ocrx_word' id='word_1_451' title='bbox 1308 3752 1544 3821; x_wconf 91' lang='lat' dir='ltr'><strong>potuisse</strong></span> <span class='ocrx_word' id='word_1_452' title='bbox 1564 3750 1744 3806; x_wconf 89' lang='lat' dir='ltr'><strong>dicere</strong></span> <span class='ocrx_word' id='word_1_453' title='bbox 1772 3749 2101 3805; x_wconf 90' lang='lat' dir='ltr'><strong>adverterint</strong></span> <span class='ocrx_word' id='word_1_454' title='bbox 2125 3793 2141 3819; x_wconf 85' lang='lat'><strong>,</strong></span> 
     </span>
    </p>
   </div>
   <div class='ocr_carea' id='block_1_49' title="bbox 558 3841 2141 3913">
    <p class='ocr_par' dir='ltr' id='par_1_49' title="bbox 558 3841 2141 3913">
     <span class='ocr_line' id='line_1_51' title="bbox 558 3841 2141 3913; baseline -0.001 -15"><span class='ocrx_word' id='word_1_455' title='bbox 558 3843 698 3913; x_wconf 83' lang='lat' dir='ltr'><strong>quod</strong></span> <span class='ocrx_word' id='word_1_456' title='bbox 727 3843 807 3898; x_wconf 93' lang='lat' dir='ltr'><strong>vel</strong></span> <span class='ocrx_word' id='word_1_457' title='bbox 832 3843 929 3913; x_wconf 91' lang='lat' dir='ltr'><strong>ipsi</strong></span> <span class='ocrx_word' id='word_1_458' title='bbox 962 3843 1150 3898; x_wconf 88' lang='lat' dir='ltr'><strong>melius</strong></span> <span class='ocrx_word' id='word_1_459' title='bbox 1180 3843 1501 3913; x_wconf 87' lang='lat' dir='ltr'><strong>intelligunt,</strong></span> <span class='ocrx_word' id='word_1_460' title='bbox 1529 3842 1613 3897; x_wconf 90' lang='lat' dir='ltr'><strong>vel</strong></span> <span class='ocrx_word' id='word_1_461' title='bbox 1637 3851 1856 3912; x_wconf 81' lang='lat' dir='ltr'><strong>propter</strong></span> <span class='ocrx_word' id='word_1_462' title='bbox 1895 3841 1997 3895; x_wconf 91' lang='lat' dir='ltr'><strong>mei</strong></span> <span class='ocrx_word' id='word_1_463' title='bbox 2029 3841 2141 3897; x_wconf 88' lang='lat' dir='ltr'><strong>elo-</strong></span> 
     </span>
    </p>
   </div>
   <div class='ocr_carea' id='block_1_50' title="bbox 557 3931 2141 4004">
    <p class='ocr_par' dir='ltr' id='par_1_50' title="bbox 557 3931 2141 4004">
     <span class='ocr_line' id='line_1_52' title="bbox 557 3931 2141 4004; baseline -0.003 -17"><span class='ocrx_word' id='word_1_464' title='bbox 557 3933 668 4003; x_wconf 91' lang='lat' dir='ltr'><strong>quii</strong></span> <span class='ocrx_word' id='word_1_465' title='bbox 696 3932 1061 3990; x_wconf 90' lang='lat' dir='ltr'><strong>difﬁcultatem</strong></span> <span class='ocrx_word' id='word_1_466' title='bbox 1092 3949 1199 3988; x_wconf 90' lang='lat' dir='ltr'><strong>non</strong></span> <span class='ocrx_word' id='word_1_467' title='bbox 1230 3934 1527 4004; x_wconf 88' lang='lat' dir='ltr'><strong>intelligunt</strong></span> <span class='ocrx_word' id='word_1_468' title='bbox 1555 3951 1568 3987; x_wconf 90' lang='lat'><strong>:</strong></span> <span class='ocrx_word' id='word_1_469' title='bbox 1597 3933 1733 3988; x_wconf 90' lang='lat' dir='ltr'><strong>sicut</strong></span> <span class='ocrx_word' id='word_1_470' title='bbox 1762 3946 1861 4003; x_wconf 88' lang='lat' dir='ltr'><strong>ego</strong></span> <span class='ocrx_word' id='word_1_471' title='bbox 1886 3931 1964 3987; x_wconf 87' lang='lat' dir='ltr'><strong>eis</strong></span> <span class='ocrx_word' id='word_1_472' title='bbox 1990 3931 2141 4003; x_wconf 74' lang='lat' dir='ltr'><strong>ignu-</strong></span> 
     </span>
    </p>
   </div>
   <div class='ocr_carea' id='block_1_51' title="bbox 558 4023 2142 4095">
    <p class='ocr_par' dir='ltr' id='par_1_51' title="bbox 558 4023 2142 4095">
     <span class='ocr_line' id='line_1_53' title="bbox 558 4023 2142 4095; baseline 0.001 -18"><span class='ocrx_word' id='word_1_473' title='bbox 558 4039 670 4087; x_wconf 87' lang='lat' dir='ltr'><strong>sco,</strong></span> <span class='ocrx_word' id='word_1_474' title='bbox 702 4024 787 4080; x_wconf 91' lang='lat' dir='ltr'><strong>ubi</strong></span> <span class='ocrx_word' id='word_1_475' title='bbox 820 4033 1037 4095; x_wconf 90' lang='lat' dir='ltr'><strong>propter</strong></span> <span class='ocrx_word' id='word_1_476' title='bbox 1066 4038 1215 4079; x_wconf 90' lang='lat' dir='ltr'><strong>suam</strong></span> <span class='ocrx_word' id='word_1_477' title='bbox 1242 4023 1541 4079; x_wconf 87' lang='lat' dir='ltr'><strong>tarditatem</strong></span> <span class='ocrx_word' id='word_1_478' title='bbox 1572 4023 1866 4094; x_wconf 84' lang='lat' dir='ltr'><strong>intelligere</strong></span> <span class='ocrx_word' id='word_1_479' title='bbox 1894 4036 1997 4077; x_wconf 91' lang='lat' dir='ltr'><strong>non</strong></span> <span class='ocrx_word' id='word_1_480' title='bbox 2022 4039 2142 4093; x_wconf 86' lang='lat' dir='ltr'><strong>pos-</strong></span> 
     </span>
    </p>
   </div>
   <div class='ocr_carea' id='block_1_52' title="bbox 558 4126 700 4172">
    <p class='ocr_par' dir='ltr' id='par_1_52' title="bbox 558 4126 700 4172">
     <span class='ocr_line' id='line_1_54' title="bbox 558 4126 700 4172; baseline 0.014 -2"><span class='ocrx_word' id='word_1_481' title='bbox 558 4126 700 4172; x_wconf 84' lang='lat' dir='ltr'><strong>sunt.</strong></span> 
     </span>
    </p>
   </div>
   <div class='ocr_carea' id='block_1_53' title="bbox 626 4206 2141 4278">
    <p class='ocr_par' dir='ltr' id='par_1_53' title="bbox 626 4206 2141 4278">
     <span class='ocr_line' id='line_1_55' title="bbox 626 4206 2141 4278; baseline 0.001 -16"><span class='ocrx_word' id='word_1_482' title='bbox 626 4208 679 4262; x_wconf 75' lang='grc'><strong>2.</strong></span> <span class='ocrx_word' id='word_1_483' title='bbox 722 4207 954 4263; x_wconf 83' lang='lat' dir='ltr'><strong>Facilius</strong></span> <span class='ocrx_word' id='word_1_484' title='bbox 981 4216 1157 4263; x_wconf 89' lang='lat' dir='ltr'><strong>autem</strong></span> <span class='ocrx_word' id='word_1_485' title='bbox 1182 4206 1335 4262; x_wconf 88' lang='lat' dir='ltr'><strong>nobis</strong></span> <span class='ocrx_word' id='word_1_486' title='bbox 1361 4207 1589 4263; x_wconf 87' lang='lat' dir='ltr'><strong>invicem</strong></span> <span class='ocrx_word' id='word_1_487' title='bbox 1608 4208 1952 4278; x_wconf 85' lang='lat' dir='ltr'><strong>ignoscimus,</strong></span> <span class='ocrx_word' id='word_1_488' title='bbox 1981 4209 2024 4263; x_wconf 88' lang='lat' dir='ltr'><strong>si</strong></span> <span class='ocrx_word' id='word_1_489' title='bbox 2052 4226 2141 4264; x_wconf 85' lang='lat' dir='ltr'><strong>no-</strong></span> 
     </span>
    </p>
   </div>
   <div class='ocr_carea' id='block_1_54' title="bbox 556 4300 2137 4368">
    <p class='ocr_par' dir='ltr' id='par_1_54' title="bbox 556 4300 2137 4368">
     <span class='ocr_line' id='line_1_56' title="bbox 556 4300 2137 4368; baseline 0.002 -14"><span class='ocrx_word' id='word_1_490' title='bbox 556 4302 809 4368; x_wconf 91' lang='lat' dir='ltr'><strong>verimus,</strong></span> <span class='ocrx_word' id='word_1_491' title='bbox 841 4310 931 4355; x_wconf 91' lang='lat' dir='ltr'><strong>aut</strong></span> <span class='ocrx_word' id='word_1_492' title='bbox 955 4310 1102 4356; x_wconf 89' lang='lat' dir='ltr'><strong>certe</strong></span> <span class='ocrx_word' id='word_1_493' title='bbox 1140 4300 1407 4357; x_wconf 83' lang='lat' dir='ltr'><strong>credendo</strong></span> <span class='ocrx_word' id='word_1_494' title='bbox 1439 4300 1648 4355; x_wconf 89' lang='lat' dir='ltr'><strong>ﬁrmum</strong></span> <span class='ocrx_word' id='word_1_495' title='bbox 1678 4301 2005 4356; x_wconf 88' lang='lat' dir='ltr'><strong>tenuerimus</strong></span> <span class='ocrx_word' id='word_1_496' title='bbox 2029 4344 2043 4367; x_wconf 94' lang='lat'><strong>,</strong></span> <span class='ocrx_word' id='word_1_497' title='bbox 2074 4317 2137 4357; x_wconf 92' lang='lat' dir='ltr'><strong>ea</strong></span> 
     </span>
    </p>
   </div>
   <div class='ocr_carea' id='block_1_55' title="bbox 554 4394 2138 4465">
    <p class='ocr_par' dir='ltr' id='par_1_55' title="bbox 554 4394 2138 4465">
     <span class='ocr_line' id='line_1_57' title="bbox 554 4394 2138 4465; baseline 0.001 -16"><span class='ocrx_word' id='word_1_498' title='bbox 554 4411 673 4465; x_wconf 74' lang='lat' dir='ltr'><strong>qua:</strong></span> <span class='ocrx_word' id='word_1_499' title='bbox 698 4395 765 4451; x_wconf 92' lang='lat' dir='ltr'><strong>de</strong></span> <span class='ocrx_word' id='word_1_500' title='bbox 785 4404 972 4450; x_wconf 90' lang='lat' dir='ltr'><strong>natura</strong></span> <span class='ocrx_word' id='word_1_501' title='bbox 1003 4394 1419 4449; x_wconf 81' lang='lat' dir='ltr'><strong>incommutabili</strong></span> <span class='ocrx_word' id='word_1_502' title='bbox 1461 4402 1515 4449; x_wconf 87' lang='lat' dir='ltr'><strong>et</strong></span> <span class='ocrx_word' id='word_1_503' title='bbox 1554 4394 1801 4450; x_wconf 90' lang='lat' dir='ltr'><strong>invisibili</strong></span> <span class='ocrx_word' id='word_1_504' title='bbox 1826 4409 2138 4465; x_wconf 87' lang='lat' dir='ltr'><strong>summeque</strong></span> 
     </span>
    </p>
   </div>
   <div class='ocr_carea' id='block_1_56' title="bbox 554 4484 2141 4558">
    <p class='ocr_par' dir='ltr' id='par_1_56' title="bbox 554 4484 2141 4558">
     <span class='ocr_line' id='line_1_58' title="bbox 554 4484 2141 4558; baseline 0.003 -21"><span class='ocrx_word' id='word_1_505' title='bbox 554 4486 764 4541; x_wconf 51' lang='lat' dir='ltr'><strong>vivente</strong></span> <span class='ocrx_word' id='word_1_506' title='bbox 792 4501 856 4558; x_wconf 72' lang='lat' dir='ltr'><strong>ac</strong></span> <span class='ocrx_word' id='word_1_507' title='bbox 875 4485 974 4541; x_wconf 87' lang='lat' dir='ltr'><strong>sibi</strong></span> <span class='ocrx_word' id='word_1_508' title='bbox 1000 4484 1295 4540; x_wconf 89' lang='lat' dir='ltr'><strong>sufficiente</strong></span> <span class='ocrx_word' id='word_1_509' title='bbox 1327 4484 1606 4549; x_wconf 88' lang='lat' dir='ltr'><strong>dicuntur,</strong></span> <span class='ocrx_word' id='word_1_510' title='bbox 1634 4501 1738 4540; x_wconf 90' lang='lat' dir='ltr'><strong>non</strong></span> <span class='ocrx_word' id='word_1_511' title='bbox 1766 4502 1831 4541; x_wconf 81' lang='lat' dir='ltr'><strong>ex</strong></span> <span class='ocrx_word' id='word_1_512' title='bbox 1853 4496 2141 4541; x_wconf 86' lang='lat' dir='ltr'><strong>consuetu-</strong></span> 
     </span>
    </p>
   </div>
   <div class='ocr_carea' id='block_1_57' title="bbox 554 4576 2135 4646">
    <p class='ocr_par' dir='ltr' id='par_1_57' title="bbox 554 4576 2135 4646">
     <span class='ocr_line' id='line_1_59' title="bbox 554 4576 2135 4646; baseline 0.001 -15"><span class='ocrx_word' id='word_1_513' title='bbox 554 4577 679 4633; x_wconf 92' lang='lat' dir='ltr'><strong>dine</strong></span> <span class='ocrx_word' id='word_1_514' title='bbox 714 4576 991 4632; x_wconf 88' lang='lat' dir='ltr'><strong>visibilium</strong></span> <span class='ocrx_word' id='word_1_515' title='bbox 1030 4585 1188 4646; x_wconf 90' lang='lat' dir='ltr'><strong>atque</strong></span> <span class='ocrx_word' id='word_1_516' title='bbox 1222 4576 1552 4631; x_wconf 87' lang='lat' dir='ltr'><strong>mutabilium</strong></span> <span class='ocrx_word' id='word_1_517' title='bbox 1601 4585 1657 4631; x_wconf 90' lang='lat' dir='ltr'><strong>et</strong></span> <span class='ocrx_word' id='word_1_518' title='bbox 1698 4577 2000 4632; x_wconf 88' lang='lat' dir='ltr'><strong>mortalium</strong></span> <span class='ocrx_word' id='word_1_519' title='bbox 2051 4578 2135 4632; x_wconf 89' lang='lat' dir='ltr'><strong>vel</strong></span> 
     </span>
    </p>
   </div>
   <div class='ocr_carea' id='block_1_58' title="bbox 553 4670 2131 4740">
    <p class='ocr_par' dir='ltr' id='par_1_58' title="bbox 553 4670 2131 4740">
     <span class='ocr_line' id='line_1_60' title="bbox 553 4670 2131 4740; baseline 0.001 -15"><span class='ocrx_word' id='word_1_520' title='bbox 553 4685 840 4740; x_wconf 81' lang='lat' dir='ltr'><strong>egenarum</strong></span> <span class='ocrx_word' id='word_1_521' title='bbox 862 4685 1038 4724; x_wconf 91' lang='lat' dir='ltr'><strong>rerum</strong></span> <span class='ocrx_word' id='word_1_522' title='bbox 1059 4684 1178 4725; x_wconf 90' lang='lat' dir='ltr'><strong>esse</strong></span> <span class='ocrx_word' id='word_1_523' title='bbox 1204 4670 1490 4725; x_wconf 90' lang='lat' dir='ltr'><strong>metienda.</strong></span> <span class='ocrx_word' id='word_1_524' title='bbox 1514 4670 1618 4726; x_wconf 90' lang='lat' dir='ltr'><strong>Sed</strong></span> <span class='ocrx_word' id='word_1_525' title='bbox 1641 4686 1760 4725; x_wconf 88' lang='lat' dir='ltr'><strong>cum</strong></span> <span class='ocrx_word' id='word_1_526' title='bbox 1784 4671 1836 4726; x_wconf 91' lang='lat' dir='ltr'><strong>in</strong></span> <span class='ocrx_word' id='word_1_527' title='bbox 1865 4672 1948 4727; x_wconf 91' lang='lat' dir='ltr'><strong>bis</strong></span> <span class='ocrx_word' id='word_1_528' title='bbox 1972 4672 2131 4727; x_wconf 83' lang='lat' dir='ltr'><strong>etiam</strong></span> 
     </span>
    </p>
   </div>
   <div class='ocr_carea' id='block_1_59' title="bbox 552 4760 2128 4832">
    <p class='ocr_par' dir='ltr' id='par_1_59' title="bbox 552 4760 2128 4832">
     <span class='ocr_line' id='line_1_61' title="bbox 552 4760 2128 4832; baseline 0.001 -17"><span class='ocrx_word' id='word_1_529' title='bbox 552 4777 670 4831; x_wconf 66' lang='lat' dir='ltr'><strong>quae</strong></span> <span class='ocrx_word' id='word_1_530' title='bbox 702 4761 898 4815; x_wconf 86' lang='lat' dir='ltr'><strong>nostris</strong></span> <span class='ocrx_word' id='word_1_531' title='bbox 923 4761 1288 4830; x_wconf 89' lang='lat' dir='ltr'><strong>corporalibus</strong></span> <span class='ocrx_word' id='word_1_532' title='bbox 1312 4760 1560 4829; x_wconf 85' lang='lat' dir='ltr'><strong>adjacent</strong></span> <span class='ocrx_word' id='word_1_533' title='bbox 1584 4762 1852 4825; x_wconf 86' lang='lat' dir='ltr'><strong>sensibus,</strong></span> <span class='ocrx_word' id='word_1_534' title='bbox 1882 4763 1963 4817; x_wconf 91' lang='lat' dir='ltr'><strong>vel</strong></span> <span class='ocrx_word' id='word_1_535' title='bbox 1985 4761 2128 4832; x_wconf 89' lang='lat' dir='ltr'><strong>quod</strong></span> 
     </span>
    </p>
   </div>
   <div class='ocr_carea' id='block_1_60' title="bbox 551 4851 2133 4923">
    <p class='ocr_par' dir='ltr' id='par_1_60' title="bbox 551 4851 2133 4923">
     <span class='ocr_line' id='line_1_62' title="bbox 551 4851 2133 4923; baseline 0.001 -16"><span class='ocrx_word' id='word_1_536' title='bbox 551 4867 649 4907; x_wconf 93' lang='lat' dir='ltr'><strong>nos</strong></span> <span class='ocrx_word' id='word_1_537' title='bbox 675 4852 776 4922; x_wconf 85' lang='lat' dir='ltr'><strong>ipsi</strong></span> <span class='ocrx_word' id='word_1_538' title='bbox 804 4853 854 4906; x_wconf 89' lang='lat' dir='ltr'><strong>in</strong></span> <span class='ocrx_word' id='word_1_539' title='bbox 882 4852 1137 4907; x_wconf 90' lang='lat' dir='ltr'><strong>interiore</strong></span> <span class='ocrx_word' id='word_1_540' title='bbox 1165 4851 1378 4907; x_wconf 88' lang='lat' dir='ltr'><strong>homine</strong></span> <span class='ocrx_word' id='word_1_541' title='bbox 1407 4867 1613 4919; x_wconf 90' lang='lat' dir='ltr'><strong>sumus,</strong></span> <span class='ocrx_word' id='word_1_542' title='bbox 1644 4852 1863 4907; x_wconf 87' lang='lat' dir='ltr'><strong>scientia</strong></span> <span class='ocrx_word' id='word_1_543' title='bbox 1890 4868 2133 4923; x_wconf 84' lang='lat' dir='ltr'><strong>compre-</strong></span> 
     </span>
    </p>
   </div>
   <div class='ocr_carea' id='block_1_61' title="bbox 2259 2089 3858 2176">
    <p class='ocr_par' dir='ltr' id='par_1_61' title="bbox 2259 2089 3858 2176">
     <span class='ocr_line' id='line_1_63' title="bbox 2259 2089 3858 2176; baseline 0.012 -32"><span class='ocrx_word' id='word_1_544' title='bbox 2259 2099 2312 2145; x_wconf 89' lang='lat' dir='ltr'><strong>et</strong></span> <span class='ocrx_word' id='word_1_545' title='bbox 2342 2089 2517 2146; x_wconf 89' lang='lat' dir='ltr'><strong>videat</strong></span> <span class='ocrx_word' id='word_1_546' title='bbox 2541 2100 2720 2147; x_wconf 86' lang='lat' dir='ltr'><strong>utrum</strong></span> <span class='ocrx_word' id='word_1_547' title='bbox 2750 2092 2823 2149; x_wconf 88' lang='lat' dir='ltr'><strong>ibi</strong></span> <span class='ocrx_word' id='word_1_548' title='bbox 2849 2095 3025 2153; x_wconf 90' lang='lat' dir='ltr'><strong>videat</strong></span> <span class='ocrx_word' id='word_1_549' title='bbox 3050 2096 3155 2153; x_wconf 87' lang='lat' dir='ltr'><strong>ulla</strong></span> <span class='ocrx_word' id='word_1_550' title='bbox 3176 2098 3496 2159; x_wconf 86' lang='lat' dir='ltr'><strong>lineamenta</strong></span> <span class='ocrx_word' id='word_1_551' title='bbox 3519 2104 3858 2176; x_wconf 87' lang='lat' dir='ltr'><strong>formarum,</strong></span> 
     </span>
    </p>
   </div>
   <div class='ocr_carea' id='block_1_62' title="bbox 2257 2184 3856 2267">
    <p class='ocr_par' dir='ltr' id='par_1_62' title="bbox 2257 2184 3856 2267">
     <span class='ocr_line' id='line_1_64' title="bbox 2257 2184 3856 2267; baseline 0.011 -31"><span class='ocrx_word' id='word_1_552' title='bbox 2257 2184 2463 2238; x_wconf 90' lang='lat' dir='ltr'><strong>nitores</strong></span> <span class='ocrx_word' id='word_1_553' title='bbox 2510 2184 2792 2254; x_wconf 89' lang='lat' dir='ltr'><strong>colorum,</strong></span> <span class='ocrx_word' id='word_1_554' title='bbox 2833 2188 3121 2256; x_wconf 75' lang='lat' dir='ltr'><strong>spatiosum</strong></span> <span class='ocrx_word' id='word_1_555' title='bbox 3171 2192 3561 2263; x_wconf 86' lang='lat' dir='ltr'><strong>granditatem,</strong></span> <span class='ocrx_word' id='word_1_556' title='bbox 3610 2200 3856 2267; x_wconf 85' lang='lat' dir='ltr'><strong>partium</strong></span> 
     </span>
    </p>
   </div>
   <div class='ocr_carea' id='block_1_63' title="bbox 2257 2273 3857 2357">
    <p class='ocr_par' dir='ltr' id='par_1_63' title="bbox 2257 2273 3857 2357">
     <span class='ocr_line' id='line_1_65' title="bbox 2257 2273 3857 2357; baseline 0.011 -28"><span class='ocrx_word' id='word_1_557' title='bbox 2257 2273 2586 2343; x_wconf 88' lang='lat' dir='ltr'><strong>distantiam,</strong></span> <span class='ocrx_word' id='word_1_558' title='bbox 2619 2277 2776 2332; x_wconf 90' lang='lat' dir='ltr'><strong>molis</strong></span> <span class='ocrx_word' id='word_1_559' title='bbox 2800 2279 3183 2338; x_wconf 85' lang='lat' dir='ltr'><strong>distensionem</strong></span> <span class='ocrx_word' id='word_1_560' title='bbox 3206 2325 3222 2351; x_wconf 92' lang='lat'><strong>,</strong></span> <span class='ocrx_word' id='word_1_561' title='bbox 3249 2285 3453 2356; x_wconf 87' lang='lat' dir='ltr'><strong>aliquas</strong></span> <span class='ocrx_word' id='word_1_562' title='bbox 3482 2302 3579 2357; x_wconf 90' lang='lat' dir='ltr'><strong>per</strong></span> <span class='ocrx_word' id='word_1_563' title='bbox 3600 2289 3857 2347; x_wconf 82' lang='lat' dir='ltr'><strong>locorum</strong></span> 
     </span>
    </p>
   </div>
   <div class='ocr_carea' id='block_1_64' title="bbox 2256 2364 3859 2443">
    <p class='ocr_par' dir='ltr' id='par_1_64' title="bbox 2256 2364 3859 2443">
     <span class='ocr_line' id='line_1_66' title="bbox 2256 2364 3859 2443; baseline 0.011 -24"><span class='ocrx_word' id='word_1_564' title='bbox 2256 2364 2535 2420; x_wconf 88' lang='lat' dir='ltr'><strong>intervalla</strong></span> <span class='ocrx_word' id='word_1_565' title='bbox 2580 2368 2847 2425; x_wconf 90' lang='lat' dir='ltr'><strong>motiones</strong></span> <span class='ocrx_word' id='word_1_566' title='bbox 2871 2409 2887 2437; x_wconf 90' lang='lat'><strong>,</strong></span> <span class='ocrx_word' id='word_1_567' title='bbox 2915 2371 2998 2426; x_wconf 88' lang='lat' dir='ltr'><strong>vel</strong></span> <span class='ocrx_word' id='word_1_568' title='bbox 3035 2372 3161 2442; x_wconf 90' lang='lat' dir='ltr'><strong>quid</strong></span> <span class='ocrx_word' id='word_1_569' title='bbox 3215 2374 3498 2443; x_wconf 89' lang='lat' dir='ltr'><strong>ejusmodi.</strong></span> <span class='ocrx_word' id='word_1_570' title='bbox 3533 2377 3679 2435; x_wconf 79' lang='lat' dir='ltr'><strong>Nihil</strong></span> <span class='ocrx_word' id='word_1_571' title='bbox 3698 2394 3859 2438; x_wconf 83' lang='lat' dir='ltr'><strong>certe</strong></span> 
     </span>
    </p>
   </div>
   <div class='ocr_carea' id='block_1_65' title="bbox 2256 2455 3854 2534">
    <p class='ocr_par' dir='ltr' id='par_1_65' title="bbox 2256 2455 3854 2534">
     <span class='ocr_line' id='line_1_67' title="bbox 2256 2455 3854 2534; baseline 0.014 -25"><span class='ocrx_word' id='word_1_572' title='bbox 2256 2455 2479 2512; x_wconf 90' lang='lat' dir='ltr'><strong>istorum</strong></span> <span class='ocrx_word' id='word_1_573' title='bbox 2516 2457 2814 2515; x_wconf 88' lang='lat' dir='ltr'><strong>invenimus</strong></span> <span class='ocrx_word' id='word_1_574' title='bbox 2842 2462 2894 2516; x_wconf 91' lang='lat' dir='ltr'><strong>in</strong></span> <span class='ocrx_word' id='word_1_575' title='bbox 2934 2478 3000 2519; x_wconf 92' lang='lat' dir='ltr'><strong>eo</strong></span> <span class='ocrx_word' id='word_1_576' title='bbox 3023 2506 3038 2530; x_wconf 92' lang='lat'><strong>,</strong></span> <span class='ocrx_word' id='word_1_577' title='bbox 3067 2480 3172 2534; x_wconf 90' lang='lat' dir='ltr'><strong>quo</strong></span> <span class='ocrx_word' id='word_1_578' title='bbox 3198 2465 3253 2521; x_wconf 91' lang='lat' dir='ltr'><strong>in</strong></span> <span class='ocrx_word' id='word_1_579' title='bbox 3282 2477 3468 2523; x_wconf 89' lang='lat' dir='ltr'><strong>natura</strong></span> <span class='ocrx_word' id='word_1_580' title='bbox 3497 2481 3678 2527; x_wconf 88' lang='lat' dir='ltr'><strong>nostra</strong></span> <span class='ocrx_word' id='word_1_581' title='bbox 3705 2474 3854 2531; x_wconf 81' lang='lat' dir='ltr'><strong>nihil</strong></span> 
     </span>
    </p>
   </div>
   <div class='ocr_carea' id='block_1_66' title="bbox 2254 2548 3855 2638">
    <p class='ocr_par' dir='ltr' id='par_1_66' title="bbox 2254 2548 3855 2638">
     <span class='ocr_line' id='line_1_68' title="bbox 2254 2548 3855 2638; baseline 0.012 -36"><span class='ocrx_word' id='word_1_582' title='bbox 2254 2548 2442 2605; x_wconf 88' lang='lat' dir='ltr'><strong>melius</strong></span> <span class='ocrx_word' id='word_1_583' title='bbox 2478 2550 2812 2620; x_wconf 88' lang='lat' dir='ltr'><strong>invenimus,</strong></span> <span class='ocrx_word' id='word_1_584' title='bbox 2846 2553 2898 2609; x_wconf 93' lang='lat' dir='ltr'><strong>id</strong></span> <span class='ocrx_word' id='word_1_585' title='bbox 2926 2565 3010 2611; x_wconf 91' lang='lat' dir='ltr'><strong>est</strong></span> <span class='ocrx_word' id='word_1_586' title='bbox 3030 2597 3046 2622; x_wconf 95' lang='lat'><strong>,</strong></span> <span class='ocrx_word' id='word_1_587' title='bbox 3076 2557 3130 2611; x_wconf 91' lang='lat' dir='ltr'><strong>in</strong></span> <span class='ocrx_word' id='word_1_588' title='bbox 3170 2567 3352 2615; x_wconf 88' lang='lat' dir='ltr'><strong>nostro</strong></span> <span class='ocrx_word' id='word_1_589' title='bbox 3391 2561 3669 2619; x_wconf 87' lang='lat' dir='ltr'><strong>intellectu</strong></span> <span class='ocrx_word' id='word_1_590' title='bbox 3694 2608 3707 2628; x_wconf 89' lang='lat'><strong>.</strong></span> <span class='ocrx_word' id='word_1_591' title='bbox 3738 2583 3855 2638; x_wconf 84' lang='lat' dir='ltr'><strong>quo</strong></span> 
     </span>
    </p>
   </div>
   <div class='ocr_carea' id='block_1_67' title="bbox 2253 2642 3852 2725">
    <p class='ocr_par' dir='ltr' id='par_1_67' title="bbox 2253 2642 3852 2725">
     <span class='ocr_line' id='line_1_69' title="bbox 2253 2642 3852 2725; baseline 0.012 -30"><span class='ocrx_word' id='word_1_592' title='bbox 2253 2642 2565 2711; x_wconf 85' lang='lat' dir='ltr'><strong>sapientiam</strong></span> <span class='ocrx_word' id='word_1_593' title='bbox 2605 2644 2846 2714; x_wconf 86' lang='lat' dir='ltr'><strong>capimus</strong></span> <span class='ocrx_word' id='word_1_594' title='bbox 2882 2657 3138 2717; x_wconf 89' lang='lat' dir='ltr'><strong>quantum</strong></span> <span class='ocrx_word' id='word_1_595' title='bbox 3172 2665 3397 2721; x_wconf 84' lang='lat' dir='ltr'><strong>capaces</strong></span> <span class='ocrx_word' id='word_1_596' title='bbox 3444 2669 3648 2710; x_wconf 90' lang='lat' dir='ltr'><strong>sumus.</strong></span> <span class='ocrx_word' id='word_1_597' title='bbox 3690 2656 3852 2725; x_wconf 75' lang='lat' dir='ltr'><strong>Quod</strong></span> 
     </span>
    </p>
   </div>
   <div class='ocr_carea' id='block_1_68' title="bbox 2252 2734 3854 2809">
    <p class='ocr_par' dir='ltr' id='par_1_68' title="bbox 2252 2734 3854 2809">
     <span class='ocr_line' id='line_1_70' title="bbox 2252 2734 3854 2809; baseline 0.013 -25"><span class='ocrx_word' id='word_1_598' title='bbox 2252 2746 2381 2801; x_wconf 88' lang='lat' dir='ltr'><strong>ergo</strong></span> <span class='ocrx_word' id='word_1_599' title='bbox 2402 2747 2508 2787; x_wconf 92' lang='lat' dir='ltr'><strong>non</strong></span> <span class='ocrx_word' id='word_1_600' title='bbox 2536 2734 2834 2791; x_wconf 86' lang='lat' dir='ltr'><strong>invenimus</strong></span> <span class='ocrx_word' id='word_1_601' title='bbox 2856 2737 2910 2791; x_wconf 91' lang='lat' dir='ltr'><strong>in</strong></span> <span class='ocrx_word' id='word_1_602' title='bbox 2940 2739 3161 2795; x_wconf 88' lang='lat' dir='ltr'><strong>meliore</strong></span> <span class='ocrx_word' id='word_1_603' title='bbox 3186 2751 3373 2798; x_wconf 85' lang='lat' dir='ltr'><strong>nostro</strong></span> <span class='ocrx_word' id='word_1_604' title='bbox 3398 2784 3413 2809; x_wconf 92' lang='lat'><strong>,</strong></span> <span class='ocrx_word' id='word_1_605' title='bbox 3450 2760 3557 2799; x_wconf 88' lang='lat' dir='ltr'><strong>non</strong></span> <span class='ocrx_word' id='word_1_606' title='bbox 3580 2746 3854 2806; x_wconf 83' lang='lat' dir='ltr'><strong>debemus</strong></span> 
     </span>
    </p>
   </div>
   <div class='ocr_carea' id='block_1_69' title="bbox 2252 2823 3851 2903">
    <p class='ocr_par' dir='ltr' id='par_1_69' title="bbox 2252 2823 3851 2903">
     <span class='ocr_line' id='line_1_71' title="bbox 2252 2823 3851 2903; baseline 0.013 -26"><span class='ocrx_word' id='word_1_607' title='bbox 2252 2823 2305 2877; x_wconf 90' lang='lat' dir='ltr'><strong>in</strong></span> <span class='ocrx_word' id='word_1_608' title='bbox 2338 2824 2430 2880; x_wconf 88' lang='lat' dir='ltr'><strong>illo</strong></span> <span class='ocrx_word' id='word_1_609' title='bbox 2463 2842 2739 2896; x_wconf 71' lang='lat' dir='ltr'><strong>quazrere,</strong></span> <span class='ocrx_word' id='word_1_610' title='bbox 2778 2829 2920 2900; x_wconf 88' lang='lat' dir='ltr'><strong>quod</strong></span> <span class='ocrx_word' id='word_1_611' title='bbox 2954 2831 3111 2903; x_wconf 83' lang='lat' dir='ltr'><strong>longe</strong></span> <span class='ocrx_word' id='word_1_612' title='bbox 3149 2834 3341 2891; x_wconf 89' lang='lat' dir='ltr'><strong>melius</strong></span> <span class='ocrx_word' id='word_1_613' title='bbox 3366 2846 3451 2891; x_wconf 89' lang='lat' dir='ltr'><strong>est</strong></span> <span class='ocrx_word' id='word_1_614' title='bbox 3485 2839 3710 2895; x_wconf 85' lang='lat' dir='ltr'><strong>meliore</strong></span> <span class='ocrx_word' id='word_1_615' title='bbox 3744 2858 3851 2897; x_wconf 89' lang='lat' dir='ltr'><strong>no-</strong></span> 
     </span>
    </p>
   </div>
   <div class='ocr_carea' id='block_1_70' title="bbox 2252 2919 3853 3001">
    <p class='ocr_par' dir='ltr' id='par_1_70' title="bbox 2252 2919 3853 3001">
     <span class='ocr_line' id='line_1_72' title="bbox 2252 2919 3853 3001; baseline 0.011 -32"><span class='ocrx_word' id='word_1_616' title='bbox 2252 2922 2401 2970; x_wconf 89' lang='lat' dir='ltr'><strong>stro:</strong></span> <span class='ocrx_word' id='word_1_617' title='bbox 2434 2925 2491 2971; x_wconf 92' lang='lat' dir='ltr'><strong>ut</strong></span> <span class='ocrx_word' id='word_1_618' title='bbox 2532 2919 2611 2973; x_wconf 89' lang='lat' dir='ltr'><strong>sic</strong></span> <span class='ocrx_word' id='word_1_619' title='bbox 2650 2920 3010 2991; x_wconf 88' lang='lat' dir='ltr'><strong>intelligamus</strong></span> <span class='ocrx_word' id='word_1_620' title='bbox 3036 2923 3203 2979; x_wconf 88' lang='lat' dir='ltr'><strong>Deum</strong></span> <span class='ocrx_word' id='word_1_621' title='bbox 3225 2967 3240 2993; x_wconf 91' lang='lat'><strong>,</strong></span> <span class='ocrx_word' id='word_1_622' title='bbox 3268 2926 3314 2982; x_wconf 89' lang='lat' dir='ltr'><strong>si</strong></span> <span class='ocrx_word' id='word_1_623' title='bbox 3336 2942 3653 2997; x_wconf 85' lang='lat' dir='ltr'><strong>possumus,</strong></span> <span class='ocrx_word' id='word_1_624' title='bbox 3672 2948 3853 3001; x_wconf 76' lang='lat' dir='ltr'><strong>quan-</strong></span> 
     </span>
    </p>
   </div>
   <div class='ocr_carea' id='block_1_71' title="bbox 2252 3011 3845 3090">
    <p class='ocr_par' dir='ltr' id='par_1_71' title="bbox 2252 3011 3845 3090">
     <span class='ocr_line' id='line_1_73' title="bbox 2252 3011 3845 3090; baseline 0.011 -30"><span class='ocrx_word' id='word_1_625' title='bbox 2252 3015 2364 3061; x_wconf 90' lang='lat' dir='ltr'><strong>tum</strong></span> <span class='ocrx_word' id='word_1_626' title='bbox 2394 3022 2692 3078; x_wconf 87' lang='lat' dir='ltr'><strong>possumus,</strong></span> <span class='ocrx_word' id='word_1_627' title='bbox 2715 3011 2832 3066; x_wconf 89' lang='lat' dir='ltr'><strong>sine</strong></span> <span class='ocrx_word' id='word_1_628' title='bbox 2856 3013 3110 3082; x_wconf 88' lang='lat' dir='ltr'><strong>qualitate</strong></span> <span class='ocrx_word' id='word_1_629' title='bbox 3135 3014 3355 3084; x_wconf 89' lang='lat' dir='ltr'><strong>bonum,</strong></span> <span class='ocrx_word' id='word_1_630' title='bbox 3387 3019 3504 3073; x_wconf 87' lang='lat' dir='ltr'><strong>sine</strong></span> <span class='ocrx_word' id='word_1_631' title='bbox 3537 3024 3845 3090; x_wconf 82' lang='lat' dir='ltr'><strong>quantitate</strong></span> 
     </span>
    </p>
   </div>
   <div class='ocr_carea' id='block_1_72' title="bbox 2250 3102 3849 3183">
    <p class='ocr_par' dir='ltr' id='par_1_72' title="bbox 2250 3102 3849 3183">
     <span class='ocr_line' id='line_1_74' title="bbox 2250 3102 3849 3183; baseline 0.012 -31"><span class='ocrx_word' id='word_1_632' title='bbox 2250 3112 2522 3169; x_wconf 86' lang='lat' dir='ltr'><strong>magnum,</strong></span> <span class='ocrx_word' id='word_1_633' title='bbox 2556 3103 2672 3156; x_wconf 91' lang='lat' dir='ltr'><strong>sine</strong></span> <span class='ocrx_word' id='word_1_634' title='bbox 2700 3102 2985 3173; x_wconf 88' lang='lat' dir='ltr'><strong>indigentia</strong></span> <span class='ocrx_word' id='word_1_635' title='bbox 3011 3114 3307 3163; x_wconf 85' lang='lat' dir='ltr'><strong>creatorem</strong></span> <span class='ocrx_word' id='word_1_636' title='bbox 3328 3149 3344 3175; x_wconf 92' lang='lat'><strong>,</strong></span> <span class='ocrx_word' id='word_1_637' title='bbox 3376 3110 3495 3167; x_wconf 89' lang='lat' dir='ltr'><strong>sine</strong></span> <span class='ocrx_word' id='word_1_638' title='bbox 3522 3112 3627 3167; x_wconf 89' lang='lat' dir='ltr'><strong>situ</strong></span> <span class='ocrx_word' id='word_1_639' title='bbox 3648 3117 3849 3183; x_wconf 77' lang='lat' dir='ltr'><strong>przesi-</strong></span> 
     </span>
    </p>
   </div>
   <div class='ocr_carea' id='block_1_73' title="bbox 2250 3189 3850 3269">
    <p class='ocr_par' dir='ltr' id='par_1_73' title="bbox 2250 3189 3850 3269">
     <span class='ocr_line' id='line_1_75' title="bbox 2250 3189 3850 3269; baseline 0.011 -26"><span class='ocrx_word' id='word_1_640' title='bbox 2250 3189 2462 3246; x_wconf 87' lang='lat' dir='ltr'><strong>dentcm</strong></span> <span class='ocrx_word' id='word_1_641' title='bbox 2499 3192 2538 3256; x_wconf 85' lang='grc'><strong>¹,</strong></span> <span class='ocrx_word' id='word_1_642' title='bbox 2571 3192 2690 3248; x_wconf 87' lang='lat' dir='ltr'><strong>sine</strong></span> <span class='ocrx_word' id='word_1_643' title='bbox 2730 3193 2913 3249; x_wconf 89' lang='lat' dir='ltr'><strong>habitu</strong></span> <span class='ocrx_word' id='word_1_644' title='bbox 2939 3198 3117 3252; x_wconf 89' lang='lat' dir='ltr'><strong>omnia</strong></span> <span class='ocrx_word' id='word_1_645' title='bbox 3144 3199 3503 3257; x_wconf 84' lang='lat' dir='ltr'><strong>continentem</strong></span> <span class='ocrx_word' id='word_1_646' title='bbox 3524 3244 3539 3269; x_wconf 95' lang='lat'><strong>,</strong></span> <span class='ocrx_word' id='word_1_647' title='bbox 3571 3204 3689 3260; x_wconf 85' lang='lat' dir='ltr'><strong>sine</strong></span> <span class='ocrx_word' id='word_1_648' title='bbox 3718 3206 3850 3261; x_wconf 76' lang='lat' dir='ltr'><strong>loco</strong></span> 
     </span>
    </p>
   </div>
   <div class='ocr_carea' id='block_1_74' title="bbox 2250 3282 3847 3360">
    <p class='ocr_par' dir='ltr' id='par_1_74' title="bbox 2250 3282 3847 3360">
     <span class='ocr_line' id='line_1_76' title="bbox 2250 3282 3847 3360; baseline 0.013 -25"><span class='ocrx_word' id='word_1_649' title='bbox 2250 3282 2446 3352; x_wconf 91' lang='lat' dir='ltr'><strong>ubique</strong></span> <span class='ocrx_word' id='word_1_650' title='bbox 2476 3290 2643 3338; x_wconf 91' lang='lat' dir='ltr'><strong>totum</strong></span> <span class='ocrx_word' id='word_1_651' title='bbox 2666 3327 2680 3352; x_wconf 95' lang='lat'><strong>,</strong></span> <span class='ocrx_word' id='word_1_652' title='bbox 2709 3286 2829 3341; x_wconf 90' lang='lat' dir='ltr'><strong>sine</strong></span> <span class='ocrx_word' id='word_1_653' title='bbox 2858 3294 3098 3358; x_wconf 90' lang='lat' dir='ltr'><strong>tempore</strong></span> <span class='ocrx_word' id='word_1_654' title='bbox 3124 3290 3509 3360; x_wconf 87' lang='lat' dir='ltr'><strong>sempiternum</strong></span> <span class='ocrx_word' id='word_1_655' title='bbox 3532 3336 3547 3359; x_wconf 91' lang='lat'><strong>,</strong></span> <span class='ocrx_word' id='word_1_656' title='bbox 3580 3297 3699 3352; x_wconf 87' lang='lat' dir='ltr'><strong>sine</strong></span> <span class='ocrx_word' id='word_1_657' title='bbox 3730 3299 3847 3355; x_wconf 83' lang='lat' dir='ltr'><strong>ulla</strong></span> 
     </span>
    </p>
   </div>
   <div class='ocr_carea' id='block_1_75' title="bbox 2247 3374 3852 3458">
    <p class='ocr_par' dir='ltr' id='par_1_75' title="bbox 2247 3374 3852 3458">
     <span class='ocr_line' id='line_1_77' title="bbox 2247 3374 3852 3458; baseline 0.012 -31"><span class='ocrx_word' id='word_1_658' title='bbox 2247 3374 2331 3428; x_wconf 91' lang='lat' dir='ltr'><strong>sui</strong></span> <span class='ocrx_word' id='word_1_659' title='bbox 2359 3375 2653 3431; x_wconf 85' lang='lat' dir='ltr'><strong>mutatione</strong></span> <span class='ocrx_word' id='word_1_660' title='bbox 2693 3378 2964 3434; x_wconf 86' lang='lat' dir='ltr'><strong>mutabilia</strong></span> <span class='ocrx_word' id='word_1_661' title='bbox 3008 3379 3288 3437; x_wconf 86' lang='lat' dir='ltr'><strong>facientem</strong></span> <span class='ocrx_word' id='word_1_662' title='bbox 3314 3425 3329 3449; x_wconf 97' lang='lat'><strong>,</strong></span> <span class='ocrx_word' id='word_1_663' title='bbox 3362 3384 3601 3456; x_wconf 86' lang='lat' dir='ltr'><strong>nihilque</strong></span> <span class='ocrx_word' id='word_1_664' title='bbox 3633 3393 3852 3458; x_wconf 65' lang='lat' dir='ltr'><strong>patien.</strong></span> 
     </span>
    </p>
   </div>
   <div class='ocr_carea' id='block_1_76' title="bbox 2249 3469 3850 3552">
    <p class='ocr_par' dir='ltr' id='par_1_76' title="bbox 2249 3469 3850 3552">
     <span class='ocr_line' id='line_1_78' title="bbox 2249 3469 3850 3552; baseline 0.011 -31"><span class='ocrx_word' id='word_1_665' title='bbox 2249 3474 2377 3522; x_wconf 87' lang='lat' dir='ltr'><strong>tem.</strong></span> <span class='ocrx_word' id='word_1_666' title='bbox 2405 3469 2653 3539; x_wconf 87' lang='lat' dir='ltr'><strong>Quisquis</strong></span> <span class='ocrx_word' id='word_1_667' title='bbox 2700 3471 2862 3525; x_wconf 89' lang='lat' dir='ltr'><strong>Deum</strong></span> <span class='ocrx_word' id='word_1_668' title='bbox 2895 3472 2967 3526; x_wconf 90' lang='lat' dir='ltr'><strong>ita</strong></span> <span class='ocrx_word' id='word_1_669' title='bbox 3003 3474 3233 3544; x_wconf 83' lang='lat' dir='ltr'><strong>cogitat,</strong></span> <span class='ocrx_word' id='word_1_670' title='bbox 3265 3476 3366 3531; x_wconf 89' lang='lat' dir='ltr'><strong>etsi</strong></span> <span class='ocrx_word' id='word_1_671' title='bbox 3396 3479 3634 3535; x_wconf 83' lang='lat' dir='ltr'><strong>nondum</strong></span> <span class='ocrx_word' id='word_1_672' title='bbox 3662 3491 3850 3552; x_wconf 84' lang='lat' dir='ltr'><strong>potest</strong></span> 
     </span>
    </p>
   </div>
   <div class='ocr_carea' id='block_1_77' title="bbox 2247 3562 3846 3643">
    <p class='ocr_par' dir='ltr' id='par_1_77' title="bbox 2247 3562 3846 3643">
     <span class='ocr_line' id='line_1_79' title="bbox 2247 3562 3846 3643; baseline 0.011 -29"><span class='ocrx_word' id='word_1_673' title='bbox 2247 3562 2392 3616; x_wconf 90' lang='lat' dir='ltr'><strong>omni</strong></span> <span class='ocrx_word' id='word_1_674' title='bbox 2456 3562 2615 3618; x_wconf 92' lang='lat' dir='ltr'><strong>modo</strong></span> <span class='ocrx_word' id='word_1_675' title='bbox 2672 3563 2910 3621; x_wconf 87' lang='lat' dir='ltr'><strong>invenire</strong></span> <span class='ocrx_word' id='word_1_676' title='bbox 2959 3567 3084 3636; x_wconf 88' lang='lat' dir='ltr'><strong>quid</strong></span> <span class='ocrx_word' id='word_1_677' title='bbox 3132 3568 3233 3634; x_wconf 89' lang='lat' dir='ltr'><strong>sit;</strong></span> <span class='ocrx_word' id='word_1_678' title='bbox 3290 3570 3376 3639; x_wconf 90' lang='lat' dir='ltr'><strong>pie</strong></span> <span class='ocrx_word' id='word_1_679' title='bbox 3424 3579 3602 3627; x_wconf 87' lang='lat' dir='ltr'><strong>tamen</strong></span> <span class='ocrx_word' id='word_1_680' title='bbox 3660 3586 3846 3643; x_wconf 86' lang='lat' dir='ltr'><strong>cavet,</strong></span> 
     </span>
    </p>
   </div>
   <div class='ocr_carea' id='block_1_78' title="bbox 2246 3655 3765 3732">
    <p class='ocr_par' dir='ltr' id='par_1_78' title="bbox 2246 3655 3765 3732">
     <span class='ocr_line' id='line_1_80' title="bbox 2246 3655 3765 3732; baseline 0.011 -28"><span class='ocrx_word' id='word_1_681' title='bbox 2246 3661 2498 3722; x_wconf 89' lang='lat' dir='ltr'><strong>quantum</strong></span> <span class='ocrx_word' id='word_1_682' title='bbox 2525 3664 2718 3722; x_wconf 90' lang='lat' dir='ltr'><strong>potest,</strong></span> <span class='ocrx_word' id='word_1_683' title='bbox 2747 3655 2941 3726; x_wconf 89' lang='lat' dir='ltr'><strong>aliquid</strong></span> <span class='ocrx_word' id='word_1_684' title='bbox 2971 3656 3038 3713; x_wconf 90' lang='lat' dir='ltr'><strong>de</strong></span> <span class='ocrx_word' id='word_1_685' title='bbox 3059 3673 3125 3714; x_wconf 90' lang='lat' dir='ltr'><strong>eo</strong></span> <span class='ocrx_word' id='word_1_686' title='bbox 3149 3659 3348 3715; x_wconf 84' lang='lat' dir='ltr'><strong>sentire</strong></span> <span class='ocrx_word' id='word_1_687' title='bbox 3371 3663 3513 3732; x_wconf 91' lang='lat' dir='ltr'><strong>quod</strong></span> <span class='ocrx_word' id='word_1_688' title='bbox 3540 3679 3645 3718; x_wconf 90' lang='lat' dir='ltr'><strong>non</strong></span> <span class='ocrx_word' id='word_1_689' title='bbox 3669 3667 3765 3720; x_wconf 86' lang='lat' dir='ltr'><strong>sit.</strong></span> 
     </span>
    </p>
   </div>
   <div class='ocr_carea' id='block_1_79' title="bbox 2315 3744 3845 3813">
    <p class='ocr_par' dir='ltr' id='par_1_79' title="bbox 2315 3744 3845 3813">
     <span class='ocr_line' id='line_1_81' title="bbox 2315 3744 3845 3813; baseline 0.009 -14"><span class='ocrx_word' id='word_1_690' title='bbox 2315 3744 2541 3801; x_wconf 80' lang='lat' dir='ltr'><strong>CAPUT</strong></span> <span class='ocrx_word' id='word_1_691' title='bbox 2568 3745 2628 3800; x_wconf 92' lang='grc'><strong>11.</strong></span> <span class='ocrx_word' id='word_1_692' title='bbox 2655 3777 2726 3787; x_wconf 90' lang='grc'><strong><em>-</em></strong></span> <span class='ocrx_word' id='word_1_693' title='bbox 2752 3748 2803 3802; x_wconf 82' lang='grc'><strong>5.</strong></span> <span class='ocrx_word' id='word_1_694' title='bbox 2832 3747 2968 3803; x_wconf 81' lang='lat' dir='ltr'><strong>Deus</strong></span> <span class='ocrx_word' id='word_1_695' title='bbox 2996 3751 3107 3804; x_wconf 81' lang='lat' dir='ltr'><strong>sola</strong></span> <span class='ocrx_word' id='word_1_696' title='bbox 3134 3751 3562 3809; x_wconf 82' lang='lat' dir='ltr'><strong>incommutabilis</strong></span> <span class='ocrx_word' id='word_1_697' title='bbox 3589 3759 3845 3813; x_wconf 72' lang='lat' dir='ltr'><strong>essentia.</strong></span> 
     </span>
    </p>
   </div>
   <div class='ocr_carea' id='block_1_80' title="bbox 2245 3834 3851 3911">
    <p class='ocr_par' dir='ltr' id='par_1_80' title="bbox 2245 3834 3851 3911">
     <span class='ocr_line' id='line_1_82' title="bbox 2245 3834 3851 3911; baseline 0.011 -23"><span class='ocrx_word' id='word_1_698' title='bbox 2245 3834 2341 3889; x_wconf 78' lang='lat' dir='ltr'><strong>Est</strong></span> <span class='ocrx_word' id='word_1_699' title='bbox 2398 3846 2571 3891; x_wconf 91' lang='lat' dir='ltr'><strong>tamen</strong></span> <span class='ocrx_word' id='word_1_700' title='bbox 2611 3838 2727 3893; x_wconf 89' lang='lat' dir='ltr'><strong>sine</strong></span> <span class='ocrx_word' id='word_1_701' title='bbox 2771 3838 3099 3896; x_wconf 88' lang='lat' dir='ltr'><strong>dubitatione</strong></span> <span class='ocrx_word' id='word_1_702' title='bbox 3143 3842 3471 3911; x_wconf 89' lang='lat' dir='ltr'><strong>substantia,</strong></span> <span class='ocrx_word' id='word_1_703' title='bbox 3505 3847 3607 3909; x_wconf 88' lang='lat' dir='ltr'><strong>vel,</strong></span> <span class='ocrx_word' id='word_1_704' title='bbox 3639 3849 3684 3903; x_wconf 88' lang='lat' dir='ltr'><strong>si</strong></span> <span class='ocrx_word' id='word_1_705' title='bbox 3722 3865 3851 3906; x_wconf 51' lang='lat' dir='ltr'><strong>mea</strong></span> 
     </span>
    </p>
   </div>
   <div class='ocr_carea' id='block_1_81' title="bbox 2245 3927 3851 4003">
    <p class='ocr_par' dir='ltr' id='par_1_81' title="bbox 2245 3927 3851 4003">
     <span class='ocr_line' id='line_1_83' title="bbox 2245 3927 3851 4003; baseline 0.008 -23"><span class='ocrx_word' id='word_1_706' title='bbox 2245 3928 2345 3980; x_wconf 86' lang='lat' dir='ltr'><strong>lius</strong></span> <span class='ocrx_word' id='word_1_707' title='bbox 2374 3927 2475 3982; x_wconf 87' lang='lat' dir='ltr'><strong>hoc</strong></span> <span class='ocrx_word' id='word_1_708' title='bbox 2502 3929 2819 3999; x_wconf 88' lang='lat' dir='ltr'><strong>appellatur,</strong></span> <span class='ocrx_word' id='word_1_709' title='bbox 2848 3931 3100 3999; x_wconf 89' lang='lat' dir='ltr'><strong>essentia,</strong></span> <span class='ocrx_word' id='word_1_710' title='bbox 3130 3948 3289 4003; x_wconf 90' lang='lat' dir='ltr'><strong>quam</strong></span> <span class='ocrx_word' id='word_1_711' title='bbox 3317 3933 3489 3991; x_wconf 71' lang='lat' dir='ltr'><strong>Grzeci</strong></span> <span class='ocrx_word' id='word_1_712' title='bbox 3529 3941 3687 3992; x_wconf 72' lang='grc' dir='ltr'><strong>οὐσίαν</strong></span> <span class='ocrx_word' id='word_1_713' title='bbox 3741 3956 3851 3992; x_wconf 78' lang='lat' dir='ltr'><strong>vo-</strong></span> 
     </span>
    </p>
   </div>
   <div class='ocr_carea' id='block_1_82' title="bbox 2243 4020 3849 4095">
    <p class='ocr_par' dir='ltr' id='par_1_82' title="bbox 2243 4020 3849 4095">
     <span class='ocr_line' id='line_1_84' title="bbox 2243 4020 3849 4095; baseline 0.007 -22"><span class='ocrx_word' id='word_1_714' title='bbox 2243 4027 2385 4073; x_wconf 84' lang='lat' dir='ltr'><strong>cant.</strong></span> <span class='ocrx_word' id='word_1_715' title='bbox 2427 4020 2575 4075; x_wconf 88' lang='lat' dir='ltr'><strong>Sicut</strong></span> <span class='ocrx_word' id='word_1_716' title='bbox 2611 4021 2777 4075; x_wconf 86' lang='lat' dir='ltr'><strong>enim-</strong></span> <span class='ocrx_word' id='word_1_717' title='bbox 2804 4021 2870 4077; x_wconf 90' lang='lat' dir='ltr'><strong>ab</strong></span> <span class='ocrx_word' id='word_1_718' title='bbox 2899 4036 2966 4077; x_wconf 91' lang='lat' dir='ltr'><strong>eo</strong></span> <span class='ocrx_word' id='word_1_719' title='bbox 3013 4022 3155 4092; x_wconf 88' lang='lat' dir='ltr'><strong>quod</strong></span> <span class='ocrx_word' id='word_1_720' title='bbox 3195 4032 3279 4079; x_wconf 85' lang='lat' dir='ltr'><strong>est</strong></span> <span class='ocrx_word' id='word_1_721' title='bbox 3315 4038 3504 4095; x_wconf 88' lang='lat' dir='ltr'><strong>sapere</strong></span> <span class='ocrx_word' id='word_1_722' title='bbox 3549 4026 3691 4083; x_wconf 90' lang='lat' dir='ltr'><strong>dicta</strong></span> <span class='ocrx_word' id='word_1_723' title='bbox 3750 4042 3849 4085; x_wconf 77' lang='lat' dir='ltr'><strong>est</strong></span> 
     </span>
    </p>
   </div>
   <div class='ocr_carea' id='block_1_83' title="bbox 2243 4112 3850 4187">
    <p class='ocr_par' dir='ltr' id='par_1_83' title="bbox 2243 4112 3850 4187">
     <span class='ocr_line' id='line_1_85' title="bbox 2243 4112 3850 4187; baseline 0.007 -22"><span class='ocrx_word' id='word_1_724' title='bbox 2243 4112 2523 4182; x_wconf 88' lang='lat' dir='ltr'><strong>sapientia,</strong></span> <span class='ocrx_word' id='word_1_725' title='bbox 2553 4120 2609 4169; x_wconf 91' lang='lat' dir='ltr'><strong>et</strong></span> <span class='ocrx_word' id='word_1_726' title='bbox 2635 4113 2703 4167; x_wconf 91' lang='lat' dir='ltr'><strong>ab</strong></span> <span class='ocrx_word' id='word_1_727' title='bbox 2730 4128 2795 4169; x_wconf 93' lang='lat' dir='ltr'><strong>eo</strong></span> <span class='ocrx_word' id='word_1_728' title='bbox 2834 4114 2975 4185; x_wconf 85' lang='lat' dir='ltr'><strong>quod</strong></span> <span class='ocrx_word' id='word_1_729' title='bbox 3003 4126 3084 4170; x_wconf 92' lang='lat' dir='ltr'><strong>est</strong></span> <span class='ocrx_word' id='word_1_730' title='bbox 3111 4116 3252 4173; x_wconf 91' lang='lat' dir='ltr'><strong>seire</strong></span> <span class='ocrx_word' id='word_1_731' title='bbox 3285 4116 3425 4173; x_wconf 92' lang='lat' dir='ltr'><strong>dicta</strong></span> <span class='ocrx_word' id='word_1_732' title='bbox 3452 4129 3534 4175; x_wconf 89' lang='lat' dir='ltr'><strong>est</strong></span> <span class='ocrx_word' id='word_1_733' title='bbox 3567 4122 3850 4187; x_wconf 85' lang='lat' dir='ltr'><strong>scientia;</strong></span> 
     </span>
    </p>
   </div>
   <div class='ocr_carea' id='block_1_84' title="bbox 2243 4203 3855 4283">
    <p class='ocr_par' dir='ltr' id='par_1_84' title="bbox 2243 4203 3855 4283">
     <span class='ocr_line' id='line_1_86' title="bbox 2243 4203 3855 4283; baseline 0.008 -27"><span class='ocrx_word' id='word_1_734' title='bbox 2243 4203 2314 4257; x_wconf 89' lang='lat' dir='ltr'><strong>ita</strong></span> <span class='ocrx_word' id='word_1_735' title='bbox 2353 4203 2420 4257; x_wconf 91' lang='lat' dir='ltr'><strong>ab</strong></span> <span class='ocrx_word' id='word_1_736' title='bbox 2457 4219 2522 4259; x_wconf 90' lang='lat' dir='ltr'><strong>eo</strong></span> <span class='ocrx_word' id='word_1_737' title='bbox 2559 4204 2699 4274; x_wconf 92' lang='lat' dir='ltr'><strong>quod</strong></span> <span class='ocrx_word' id='word_1_738' title='bbox 2739 4214 2821 4260; x_wconf 91' lang='lat' dir='ltr'><strong>est</strong></span> <span class='ocrx_word' id='word_1_739' title='bbox 2856 4221 2976 4261; x_wconf 89' lang='lat' dir='ltr'><strong>esse</strong></span> <span class='ocrx_word' id='word_1_740' title='bbox 3004 4206 3144 4263; x_wconf 87' lang='lat' dir='ltr'><strong>dicta</strong></span> <span class='ocrx_word' id='word_1_741' title='bbox 3188 4217 3272 4264; x_wconf 89' lang='lat' dir='ltr'><strong>est</strong></span> <span class='ocrx_word' id='word_1_742' title='bbox 3293 4212 3547 4266; x_wconf 89' lang='lat' dir='ltr'><strong>essentia.</strong></span> <span class='ocrx_word' id='word_1_743' title='bbox 3598 4212 3666 4266; x_wconf 86' lang='lat' dir='ltr'><strong>Et</strong></span> <span class='ocrx_word' id='word_1_744' title='bbox 3708 4216 3855 4283; x_wconf 86' lang='lat' dir='ltr'><strong>quis</strong></span> 
     </span>
    </p>
   </div>
   <div class='ocr_carea' id='block_1_85' title="bbox 2241 4294 3855 4377">
    <p class='ocr_par' dir='ltr' id='par_1_85' title="bbox 2241 4294 3855 4377">
     <span class='ocr_line' id='line_1_87' title="bbox 2241 4294 3855 4377; baseline 0.008 -30"><span class='ocrx_word' id='word_1_745' title='bbox 2241 4294 2411 4364; x_wconf 84' lang='lat' dir='ltr'><strong>magis</strong></span> <span class='ocrx_word' id='word_1_746' title='bbox 2439 4304 2541 4362; x_wconf 90' lang='lat' dir='ltr'><strong>est,</strong></span> <span class='ocrx_word' id='word_1_747' title='bbox 2570 4311 2726 4364; x_wconf 88' lang='lat' dir='ltr'><strong>quam</strong></span> <span class='ocrx_word' id='word_1_748' title='bbox 2753 4296 2842 4351; x_wconf 92' lang='lat' dir='ltr'><strong>ille</strong></span> <span class='ocrx_word' id='word_1_749' title='bbox 2861 4297 2951 4367; x_wconf 90' lang='lat' dir='ltr'><strong>qui</strong></span> <span class='ocrx_word' id='word_1_750' title='bbox 2978 4297 3118 4353; x_wconf 76' lang='lat' dir='ltr'><strong>dixit</strong></span> <span class='ocrx_word' id='word_1_751' title='bbox 3142 4298 3343 4355; x_wconf 91' lang='lat' dir='ltr'><strong>famulo</strong></span> <span class='ocrx_word' id='word_1_752' title='bbox 3369 4315 3465 4355; x_wconf 87' lang='lat' dir='ltr'><strong>suo</strong></span> <span class='ocrx_word' id='word_1_753' title='bbox 3492 4300 3674 4373; x_wconf 77' lang='lat' dir='ltr'><strong>Moysi,</strong></span> <span class='ocrx_word' id='word_1_754' title='bbox 3713 4306 3855 4377; x_wconf 68' lang='lat' dir='ltr'><strong>Ego</strong></span> 
     </span>
    </p>
   </div>
   <div class='ocr_carea' id='block_1_86' title="bbox 2241 4389 3855 4460">
    <p class='ocr_par' dir='ltr' id='par_1_86' title="bbox 2241 4389 3855 4460">
     <span class='ocr_line' id='line_1_88' title="bbox 2241 4389 3855 4460; baseline 0.007 -19"><span class='ocrx_word' id='word_1_755' title='bbox 2241 4404 2351 4441; x_wconf 81' lang='lat' dir='ltr'><strong>sum</strong></span> <span class='ocrx_word' id='word_1_756' title='bbox 2371 4389 2457 4459; x_wconf 81' lang='lat' dir='ltr'><strong>qui</strong></span> <span class='ocrx_word' id='word_1_757' title='bbox 2476 4406 2585 4442; x_wconf 81' lang='lat' dir='ltr'><strong>sum</strong></span> <span class='ocrx_word' id='word_1_758' title='bbox 2609 4406 2626 4453; x_wconf 90' lang='lat'><strong>;</strong></span> <span class='ocrx_word' id='word_1_759' title='bbox 2656 4401 2711 4445; x_wconf 80' lang='lat' dir='ltr'><strong>et</strong></span> <span class='ocrx_word' id='word_1_760' title='bbox 2736 4430 2752 4455; x_wconf 91' lang='lat'><strong>,</strong></span> <span class='ocrx_word' id='word_1_761' title='bbox 2782 4389 2931 4445; x_wconf 82' lang='lat' dir='ltr'><strong>Dices</strong></span> <span class='ocrx_word' id='word_1_762' title='bbox 2953 4390 3076 4460; x_wconf 68' lang='lat' dir='ltr'><strong>[iliis</strong></span> <span class='ocrx_word' id='word_1_763' title='bbox 3102 4390 3269 4447; x_wconf 81' lang='lat' dir='ltr'><strong>Israel</strong></span> <span class='ocrx_word' id='word_1_764' title='bbox 3300 4409 3319 4447; x_wconf 90' lang='lat'><strong><em>:</em></strong></span> <span class='ocrx_word' id='word_1_765' title='bbox 3352 4394 3449 4459; x_wconf 81' lang='lat' dir='ltr'><strong>Qui</strong></span> <span class='ocrx_word' id='word_1_766' title='bbox 3469 4403 3559 4460; x_wconf 78' lang='lat' dir='ltr'><strong>est,</strong></span> <span class='ocrx_word' id='word_1_767' title='bbox 3582 4396 3726 4449; x_wconf 80' lang='lat' dir='ltr'><strong>misit</strong></span> <span class='ocrx_word' id='word_1_768' title='bbox 3752 4415 3855 4452; x_wconf 81' lang='lat' dir='ltr'><strong>me</strong></span> 
     </span>
    </p>
   </div>
   <div class='ocr_carea' id='block_1_87' title="bbox 2239 4480 3855 4554">
    <p class='ocr_par' dir='ltr' id='par_1_87' title="bbox 2239 4480 3855 4554">
     <span class='ocr_line' id='line_1_89' title="bbox 2239 4480 3855 4554; baseline 0.008 -22"><span class='ocrx_word' id='word_1_769' title='bbox 2239 4480 2307 4533; x_wconf 86' lang='lat' dir='ltr'><strong>ad</strong></span> <span class='ocrx_word' id='word_1_770' title='bbox 2334 4496 2418 4534; x_wconf 85' lang='lat' dir='ltr'><strong>vos</strong></span> <span class='ocrx_word' id='word_1_771' title='bbox 2449 4480 2641 4553; x_wconf 72' lang='lat' dir='ltr'><strong>(Exod.</strong></span> <span class='ocrx_word' id='word_1_772' title='bbox 2672 4498 2751 4546; x_wconf 87' lang='lat' dir='ltr'><strong>ut,</strong></span> <span class='ocrx_word' id='word_1_773' title='bbox 2780 4483 2908 4554; x_wconf 77' lang='lat' dir='ltr'><strong>M)?</strong></span> <span class='ocrx_word' id='word_1_774' title='bbox 2937 4482 3041 4539; x_wconf 86' lang='lat' dir='ltr'><strong>Sed</strong></span> <span class='ocrx_word' id='word_1_775' title='bbox 3071 4484 3191 4538; x_wconf 75' lang='lat' dir='ltr'><strong>alia:</strong></span> <span class='ocrx_word' id='word_1_776' title='bbox 3217 4500 3335 4554; x_wconf 67' lang='lat' dir='ltr'><strong>quae</strong></span> <span class='ocrx_word' id='word_1_777' title='bbox 3360 4485 3613 4541; x_wconf 89' lang='lat' dir='ltr'><strong>dicuntur</strong></span> <span class='ocrx_word' id='word_1_778' title='bbox 3637 4503 3855 4545; x_wconf 71' lang='lat' dir='ltr'><strong>essen-</strong></span> 
     </span>
    </p>
   </div>
   <div class='ocr_carea' id='block_1_88' title="bbox 2240 4574 3846 4649">
    <p class='ocr_par' dir='ltr' id='par_1_88' title="bbox 2240 4574 3846 4649">
     <span class='ocr_line' id='line_1_90' title="bbox 2240 4574 3846 4649; baseline 0.007 -22"><span class='ocrx_word' id='word_1_779' title='bbox 2240 4574 2326 4628; x_wconf 61' lang='lat' dir='ltr'><strong>tia:</strong></span> <span class='ocrx_word' id='word_1_780' title='bbox 2354 4574 2467 4629; x_wconf 88' lang='lat' dir='ltr'><strong>sive</strong></span> <span class='ocrx_word' id='word_1_781' title='bbox 2494 4575 2824 4639; x_wconf 76' lang='lat' dir='ltr'><strong>substantim.</strong></span> <span class='ocrx_word' id='word_1_782' title='bbox 2853 4576 3067 4645; x_wconf 89' lang='lat' dir='ltr'><strong>capiunt</strong></span> <span class='ocrx_word' id='word_1_783' title='bbox 3092 4577 3408 4643; x_wconf 86' lang='lat' dir='ltr'><strong>accidentia,</strong></span> <span class='ocrx_word' id='word_1_784' title='bbox 3430 4579 3623 4649; x_wconf 89' lang='lat' dir='ltr'><strong>quibus</strong></span> <span class='ocrx_word' id='word_1_785' title='bbox 3652 4580 3708 4634; x_wconf 87' lang='lat' dir='ltr'><strong>in</strong></span> <span class='ocrx_word' id='word_1_786' title='bbox 3743 4584 3846 4638; x_wconf 88' lang='lat' dir='ltr'><strong>cis</strong></span> 
     </span>
    </p>
   </div>
   <div class='ocr_carea' id='block_1_89' title="bbox 2239 4666 3853 4738">
    <p class='ocr_par' dir='ltr' id='par_1_89' title="bbox 2239 4666 3853 4738">
     <span class='ocr_line' id='line_1_91' title="bbox 2239 4666 3853 4738; baseline 0.006 -20"><span class='ocrx_word' id='word_1_787' title='bbox 2239 4666 2331 4718; x_wconf 87' lang='lat' dir='ltr'><strong>fiat</strong></span> <span class='ocrx_word' id='word_1_788' title='bbox 2356 4666 2435 4720; x_wconf 90' lang='lat' dir='ltr'><strong>vel</strong></span> <span class='ocrx_word' id='word_1_789' title='bbox 2478 4681 2664 4736; x_wconf 84' lang='lat' dir='ltr'><strong>magna</strong></span> <span class='ocrx_word' id='word_1_790' title='bbox 2699 4667 2781 4723; x_wconf 90' lang='lat' dir='ltr'><strong>vel</strong></span> <span class='ocrx_word' id='word_1_791' title='bbox 2825 4677 3249 4738; x_wconf 88' lang='lat' dir='ltr'><strong>quantacumque</strong></span> <span class='ocrx_word' id='word_1_792' title='bbox 3286 4669 3509 4725; x_wconf 82' lang='lat' dir='ltr'><strong>mutatio</strong></span> <span class='ocrx_word' id='word_1_793' title='bbox 3542 4686 3555 4723; x_wconf 90' lang='lat'>:</span> <span class='ocrx_word' id='word_1_794' title='bbox 3587 4670 3698 4725; x_wconf 87' lang='lat' dir='ltr'><strong>Deo</strong></span> <span class='ocrx_word' id='word_1_795' title='bbox 3731 4688 3853 4727; x_wconf 81' lang='lat' dir='ltr'><strong>au-</strong></span> 
     </span>
    </p>
   </div>
   <div class='ocr_carea' id='block_1_90' title="bbox 2238 4756 3857 4830">
    <p class='ocr_par' dir='ltr' id='par_1_90' title="bbox 2238 4756 3857 4830">
     <span class='ocr_line' id='line_1_92' title="bbox 2238 4756 3857 4830; baseline 0.006 -20"><span class='ocrx_word' id='word_1_796' title='bbox 2238 4764 2343 4811; x_wconf 90' lang='lat' dir='ltr'><strong>tem</strong></span> <span class='ocrx_word' id='word_1_797' title='bbox 2387 4756 2586 4827; x_wconf 87' lang='lat' dir='ltr'><strong>aliquid</strong></span> <span class='ocrx_word' id='word_1_798' title='bbox 2620 4758 2880 4827; x_wconf 86' lang='lat' dir='ltr'><strong>ejusmodi</strong></span> <span class='ocrx_word' id='word_1_799' title='bbox 2922 4759 3166 4815; x_wconf 88' lang='lat' dir='ltr'><strong>accidere</strong></span> <span class='ocrx_word' id='word_1_800' title='bbox 3204 4775 3311 4815; x_wconf 92' lang='lat' dir='ltr'><strong>non</strong></span> <span class='ocrx_word' id='word_1_801' title='bbox 3352 4770 3563 4830; x_wconf 91' lang='lat' dir='ltr'><strong>potest;</strong></span> <span class='ocrx_word' id='word_1_802' title='bbox 3609 4769 3663 4816; x_wconf 92' lang='lat' dir='ltr'><strong>et</strong></span> <span class='ocrx_word' id='word_1_803' title='bbox 3704 4763 3857 4820; x_wconf 82' lang='lat' dir='ltr'><strong>ideo</strong></span> 
     </span>
    </p>
   </div>
   <div class='ocr_carea' id='block_1_91' title="bbox 2236 4849 3853 4924">
    <p class='ocr_par' dir='ltr' id='par_1_91' title="bbox 2236 4849 3853 4924">
     <span class='ocr_line' id='line_1_93' title="bbox 2236 4849 3853 4924; baseline 0.004 -21"><span class='ocrx_word' id='word_1_804' title='bbox 2236 4849 2348 4903; x_wconf 92' lang='lat' dir='ltr'><strong>sola</strong></span> <span class='ocrx_word' id='word_1_805' title='bbox 2376 4857 2457 4903; x_wconf 89' lang='lat' dir='ltr'><strong>est</strong></span> <span class='ocrx_word' id='word_1_806' title='bbox 2500 4849 2951 4905; x_wconf 89' lang='lat' dir='ltr'><strong>incommutabilis</strong></span> <span class='ocrx_word' id='word_1_807' title='bbox 2978 4852 3272 4906; x_wconf 90' lang='lat' dir='ltr'><strong>substantia</strong></span> <span class='ocrx_word' id='word_1_808' title='bbox 3302 4852 3391 4908; x_wconf 89' lang='lat' dir='ltr'><strong>vel</strong></span> <span class='ocrx_word' id='word_1_809' title='bbox 3418 4854 3649 4908; x_wconf 84' lang='lat' dir='ltr'><strong>essentia</strong></span> <span class='ocrx_word' id='word_1_810' title='bbox 3673 4895 3691 4919; x_wconf 91' lang='lat'><strong>,</strong></span> <span class='ocrx_word' id='word_1_811' title='bbox 3740 4858 3853 4924; x_wconf 88' lang='lat' dir='ltr'><strong>qui</strong></span> 
     </span>
    </p>
   </div>
   <div class='ocr_carea' id='block_1_92' title="bbox 2238 4938 3857 5011">
    <p class='ocr_par' dir='ltr' id='par_1_92' title="bbox 2238 4938 3857 5011">
     <span class='ocr_line' id='line_1_94' title="bbox 2238 4938 3857 5011; baseline 0.007 -18"><span class='ocrx_word' id='word_1_812' title='bbox 2238 4938 2376 4993; x_wconf 86' lang='lat' dir='ltr'><strong>Deus</strong></span> <span class='ocrx_word' id='word_1_813' title='bbox 2403 4954 2484 4994; x_wconf 81' lang='lat' dir='ltr'><strong>eSt</strong></span> <span class='ocrx_word' id='word_1_814' title='bbox 2508 4981 2523 5004; x_wconf 88' lang='lat'><strong>,</strong></span> <span class='ocrx_word' id='word_1_815' title='bbox 2571 4940 2655 4995; x_wconf 84' lang='lat' dir='ltr'><strong>cui</strong></span> <span class='ocrx_word' id='word_1_816' title='bbox 2698 4940 2954 5009; x_wconf 86' lang='lat' dir='ltr'><strong>profectio</strong></span> <span class='ocrx_word' id='word_1_817' title='bbox 2993 4942 3163 5011; x_wconf 90' lang='lat' dir='ltr'><strong>ipsum</strong></span> <span class='ocrx_word' id='word_1_818' title='bbox 3201 4958 3357 5011; x_wconf 90' lang='lat' dir='ltr'><strong>esse,</strong></span> <span class='ocrx_word' id='word_1_819' title='bbox 3404 4944 3547 5000; x_wconf 88' lang='lat' dir='ltr'><strong>unde</strong></span> <span class='ocrx_word' id='word_1_820' title='bbox 3586 4951 3857 5004; x_wconf 75' lang='lat' dir='ltr'><strong>essentia</strong></span> 
     </span>
    </p>
   </div>
   <div class='ocr_carea' id='block_1_93' title="bbox 2235 5030 3857 5104">
    <p class='ocr_par' dir='ltr' id='par_1_93' title="bbox 2235 5030 3857 5104">
     <span class='ocr_line' id='line_1_95' title="bbox 2235 5030 3857 5104; baseline 0.007 -22"><span class='ocrx_word' id='word_1_821' title='bbox 2235 5030 2504 5084; x_wconf 87' lang='lat' dir='ltr'><strong>nominata</strong></span> <span class='ocrx_word' id='word_1_822' title='bbox 2543 5038 2654 5096; x_wconf 89' lang='lat' dir='ltr'><strong>est,</strong></span> <span class='ocrx_word' id='word_1_823' title='bbox 2685 5033 2915 5087; x_wconf 81' lang='lat' dir='ltr'><strong>maxime</strong></span> <span class='ocrx_word' id='word_1_824' title='bbox 2953 5048 3016 5088; x_wconf 87' lang='lat' dir='ltr'><strong>ac</strong></span> <span class='ocrx_word' id='word_1_825' title='bbox 3040 5034 3315 5089; x_wconf 89' lang='lat' dir='ltr'><strong>verissime</strong></span> <span class='ocrx_word' id='word_1_826' title='bbox 3340 5038 3616 5104; x_wconf 86' lang='lat' dir='ltr'><strong>competit.</strong></span> <span class='ocrx_word' id='word_1_827' title='bbox 3664 5038 3857 5104; x_wconf 74' lang='lat' dir='ltr'><strong>Quod</strong></span> 
     </span>
    </p>
   </div>
   <div class='ocr_carea' id='block_1_94' title="bbox 2234 5122 3862 5198">
    <p class='ocr_par' dir='ltr' id='par_1_94' title="bbox 2234 5122 3862 5198">
     <span class='ocr_line' id='line_1_96' title="bbox 2234 5122 3862 5198; baseline 0.007 -22"><span class='ocrx_word' id='word_1_828' title='bbox 2234 5122 2375 5176; x_wconf 88' lang='lat' dir='ltr'><strong>enim</strong></span> <span class='ocrx_word' id='word_1_829' title='bbox 2407 5131 2661 5189; x_wconf 90' lang='lat' dir='ltr'><strong>mutatur,</strong></span> <span class='ocrx_word' id='word_1_830' title='bbox 2683 5140 2799 5178; x_wconf 87' lang='lat' dir='ltr'><strong>non</strong></span> <span class='ocrx_word' id='word_1_831' title='bbox 2827 5135 3002 5181; x_wconf 89' lang='lat' dir='ltr'><strong>servat</strong></span> <span class='ocrx_word' id='word_1_832' title='bbox 3028 5126 3198 5196; x_wconf 91' lang='lat' dir='ltr'><strong>ipsum</strong></span> <span class='ocrx_word' id='word_1_833' title='bbox 3225 5141 3375 5193; x_wconf 88' lang='lat' dir='ltr'><strong>esse;</strong></span> <span class='ocrx_word' id='word_1_834' title='bbox 3397 5138 3450 5183; x_wconf 93' lang='lat' dir='ltr'><strong>et</strong></span> <span class='ocrx_word' id='word_1_835' title='bbox 3478 5130 3618 5198; x_wconf 88' lang='lat' dir='ltr'><strong>quod</strong></span> <span class='ocrx_word' id='word_1_836' title='bbox 3648 5146 3862 5189; x_wconf 73' lang='lat' dir='ltr'><strong>muta-</strong></span> 
     </span>
    </p>
   </div>
   <div class='ocr_carea' id='block_1_95' title="bbox 2233 5207 3859 5289">
    <p class='ocr_par' dir='ltr' id='par_1_95' title="bbox 2233 5207 3859 5289">
     <span class='ocr_line' id='line_1_97' title="bbox 2233 5207 3859 5289; baseline 0.008 -21"><span class='ocrx_word' id='word_1_837' title='bbox 2233 5214 2279 5268; x_wconf 88' lang='lat' dir='ltr'><strong>ri</strong></span> <span class='ocrx_word' id='word_1_838' title='bbox 2310 5221 2501 5284; x_wconf 90' lang='lat' dir='ltr'><strong>potest,</strong></span> <span class='ocrx_word' id='word_1_839' title='bbox 2520 5215 2729 5271; x_wconf 89' lang='lat' dir='ltr'><strong>etiamsi</strong></span> <span class='ocrx_word' id='word_1_840' title='bbox 2752 5230 2857 5270; x_wconf 91' lang='lat' dir='ltr'><strong>non</strong></span> <span class='ocrx_word' id='word_1_841' title='bbox 2879 5226 3115 5272; x_wconf 86' lang='lat' dir='ltr'><strong>mutetur</strong></span> <span class='ocrx_word' id='word_1_842' title='bbox 3131 5260 3145 5282; x_wconf 92' lang='lat'><strong>,</strong></span> <span class='ocrx_word' id='word_1_843' title='bbox 3168 5228 3347 5289; x_wconf 88' lang='lat' dir='ltr'><strong>potest</strong></span> <span class='ocrx_word' id='word_1_844' title='bbox 3368 5220 3509 5289; x_wconf 90' lang='lat' dir='ltr'><strong>quod</strong></span> <span class='ocrx_word' id='word_1_845' title='bbox 3526 5207 3699 5275; x_wconf 80' lang='lat' dir='ltr'><strong>fuerat</strong></span> <span class='ocrx_word' id='word_1_846' title='bbox 3724 5242 3859 5281; x_wconf 80' lang='lat' dir='ltr'><strong>non</strong></span> 
     </span>
    </p>
   </div>
   <div class='ocr_carea' id='block_1_96' title="bbox 2235 5305 3862 5378">
    <p class='ocr_par' dir='ltr' id='par_1_96' title="bbox 2235 5305 3862 5378">
     <span class='ocr_line' id='line_1_98' title="bbox 2235 5305 3862 5378; baseline 0.01 -20"><span class='ocrx_word' id='word_1_847' title='bbox 2235 5318 2355 5359; x_wconf 84' lang='lat' dir='ltr'><strong>csse</strong></span> <span class='ocrx_word' id='word_1_848' title='bbox 2390 5322 2402 5357; x_wconf 93' lang='lat'>:</span> <span class='ocrx_word' id='word_1_849' title='bbox 2433 5320 2495 5359; x_wconf 92' lang='lat' dir='ltr'><strong>ac</strong></span> <span class='ocrx_word' id='word_1_850' title='bbox 2524 5321 2619 5375; x_wconf 89' lang='lat' dir='ltr'><strong>per</strong></span> <span class='ocrx_word' id='word_1_851' title='bbox 2659 5305 2762 5360; x_wconf 89' lang='lat' dir='ltr'><strong>hoc</strong></span> <span class='ocrx_word' id='word_1_852' title='bbox 2799 5306 2926 5362; x_wconf 92' lang='lat' dir='ltr'><strong>illud</strong></span> <span class='ocrx_word' id='word_1_853' title='bbox 2955 5308 3128 5363; x_wconf 87' lang='lat' dir='ltr'><strong>solum</strong></span> <span class='ocrx_word' id='word_1_854' title='bbox 3170 5309 3311 5378; x_wconf 91' lang='lat' dir='ltr'><strong>quod</strong></span> <span class='ocrx_word' id='word_1_855' title='bbox 3342 5325 3448 5365; x_wconf 93' lang='lat' dir='ltr'><strong>non</strong></span> <span class='ocrx_word' id='word_1_856' title='bbox 3479 5320 3682 5366; x_wconf 87' lang='lat' dir='ltr'><strong>tantum</strong></span> <span class='ocrx_word' id='word_1_857' title='bbox 3726 5333 3862 5374; x_wconf 83' lang='lat' dir='ltr'><strong>non</strong></span> 
     </span>
    </p>
   </div>
   <div class='ocr_carea' id='block_1_97' title="bbox 2234 5400 3860 5476">
    <p class='ocr_par' dir='ltr' id='par_1_97' title="bbox 2234 5400 3860 5476">
     <span class='ocr_line' id='line_1_99' title="bbox 2234 5400 3860 5476; baseline 0.008 -25"><span class='ocrx_word' id='word_1_858' title='bbox 2234 5406 2468 5451; x_wconf 88' lang='lat' dir='ltr'><strong>mutatur</strong></span> <span class='ocrx_word' id='word_1_859' title='bbox 2491 5440 2505 5464; x_wconf 92' lang='lat'><strong>,</strong></span> <span class='ocrx_word' id='word_1_860' title='bbox 2530 5413 2714 5453; x_wconf 90' lang='lat' dir='ltr'><strong>verum</strong></span> <span class='ocrx_word' id='word_1_861' title='bbox 2760 5400 2921 5455; x_wconf 88' lang='lat' dir='ltr'><strong>etiam</strong></span> <span class='ocrx_word' id='word_1_862' title='bbox 2968 5401 3163 5457; x_wconf 89' lang='lat' dir='ltr'><strong>mutari</strong></span> <span class='ocrx_word' id='word_1_863' title='bbox 3199 5403 3420 5458; x_wconf 90' lang='lat' dir='ltr'><strong>omnino</strong></span> <span class='ocrx_word' id='word_1_864' title='bbox 3457 5420 3564 5459; x_wconf 91' lang='lat' dir='ltr'><strong>non</strong></span> <span class='ocrx_word' id='word_1_865' title='bbox 3606 5418 3818 5475; x_wconf 72' lang='lat' dir='ltr'><strong>potest</strong></span> <span class='ocrx_word' id='word_1_866' title='bbox 3841 5453 3860 5476; x_wconf 88' lang='lat'><strong>,</strong></span> 
     </span>
    </p>
   </div>
   <div class='ocr_carea' id='block_1_98' title="bbox 2231 5488 3767 5563">
    <p class='ocr_par' dir='ltr' id='par_1_98' title="bbox 2231 5488 3767 5563">
     <span class='ocr_line' id='line_1_100' title="bbox 2231 5488 3767 5563; baseline 0.008 -21"><span class='ocrx_word' id='word_1_867' title='bbox 2231 5488 2348 5544; x_wconf 89' lang='lat' dir='ltr'><strong>siue</strong></span> <span class='ocrx_word' id='word_1_868' title='bbox 2375 5490 2624 5558; x_wconf 90' lang='lat' dir='ltr'><strong>scrupulo</strong></span> <span class='ocrx_word' id='word_1_869' title='bbox 2648 5492 2880 5546; x_wconf 91' lang='lat' dir='ltr'><strong>occurrit</strong></span> <span class='ocrx_word' id='word_1_870' title='bbox 2906 5491 3048 5563; x_wconf 91' lang='lat' dir='ltr'><strong>quod</strong></span> <span class='ocrx_word' id='word_1_871' title='bbox 3068 5494 3345 5550; x_wconf 84' lang='lat' dir='ltr'><strong>verissime</strong></span> <span class='ocrx_word' id='word_1_872' title='bbox 3369 5495 3576 5551; x_wconf 83' lang='lat' dir='ltr'><strong>dicatur</strong></span> <span class='ocrx_word' id='word_1_873' title='bbox 3603 5513 3767 5555; x_wconf 79' lang='lat' dir='ltr'><strong>esse.</strong></span> 
     </span>
    </p>
   </div>
   <div class='ocr_carea' id='block_1_99' title="bbox 2302 5580 3866 5658">
    <p class='ocr_par' dir='ltr' id='par_1_99' title="bbox 2302 5580 3866 5658">
     <span class='ocr_line' id='line_1_101' title="bbox 2302 5580 3866 5658; baseline 0.008 -24"><span class='ocrx_word' id='word_1_874' title='bbox 2302 5580 2527 5636; x_wconf 86' lang='lat' dir='ltr'><strong>CAPUT</strong></span> <span class='ocrx_word' id='word_1_875' title='bbox 2554 5581 2639 5636; x_wconf 89' lang='lat' dir='ltr'><strong>lll.</strong></span> <span class='ocrx_word' id='word_1_876' title='bbox 2671 5612 2743 5623; x_wconf 91' lang='lat'><strong>—-</strong></span> <span class='ocrx_word' id='word_1_877' title='bbox 2766 5584 2818 5637; x_wconf 71' lang='grc' dir='ltr'>ι.</span> <span class='ocrx_word' id='word_1_878' title='bbox 2864 5583 3169 5639; x_wconf 80' lang='lat' dir='ltr'><strong>Arianorum</strong></span> <span class='ocrx_word' id='word_1_879' title='bbox 3197 5599 3551 5658; x_wconf 76' lang='lat' dir='ltr'><strong>argumentum</strong></span> <span class='ocrx_word' id='word_1_880' title='bbox 3589 5607 3653 5643; x_wconf 80' lang='lat' dir='ltr'><strong>ea:</strong></span> <span class='ocrx_word' id='word_1_881' title='bbox 3710 5608 3866 5651; x_wconf 64' lang='lat' dir='ltr'><strong>voc:</strong></span> 
     </span>
    </p>
   </div>
   <div class='ocr_carea' id='block_1_100' title="bbox 2231 5673 3862 5748">
    <p class='ocr_par' dir='ltr' id='par_1_100' title="bbox 2231 5673 3862 5748">
     <span class='ocr_line' id='line_1_102' title="bbox 2231 5673 3862 5748; baseline 0.009 -23"><span class='ocrx_word' id='word_1_882' title='bbox 2231 5673 2383 5743; x_wconf 80' lang='lat' dir='ltr'><strong>geniti</strong></span> <span class='ocrx_word' id='word_1_883' title='bbox 2413 5683 2460 5727; x_wconf 87' lang='lat' dir='ltr'><strong>et</strong></span> <span class='ocrx_word' id='word_1_884' title='bbox 2484 5674 2692 5744; x_wconf 84' lang='lat' dir='ltr'><strong>ingeniti</strong></span> <span class='ocrx_word' id='word_1_885' title='bbox 2732 5674 3054 5745; x_wconf 79' lang='lat' dir='ltr'><strong>desumptum</strong></span> <span class='ocrx_word' id='word_1_886' title='bbox 3094 5677 3324 5734; x_wconf 81' lang='lat' dir='ltr'><strong>diluitur.</strong></span> <span class='ocrx_word' id='word_1_887' title='bbox 3352 5679 3731 5748; x_wconf 82' lang='lat' dir='ltr'><strong>Quamobrem</strong></span> <span class='ocrx_word' id='word_1_888' title='bbox 3786 5698 3862 5747; x_wconf 71' lang='lat' dir='ltr'><strong>ut</strong></span> 
     </span>
    </p>
   </div>
   <div class='ocr_carea' id='block_1_101' title="bbox 607 5742 2129 5854">
    <p class='ocr_par' dir='ltr' id='par_1_101' title="bbox 607 5742 2129 5854">
     <span class='ocr_line' id='line_1_103' title="bbox 607 5742 2129 5854; baseline 0.004 -63"><span class='ocrx_word' id='word_1_889' title='bbox 607 5744 624 5774; x_wconf 80' lang='grc' dir='ltr'>ί</span> <span class='ocrx_word' id='word_1_890' title='bbox 652 5746 725 5792; x_wconf 80' lang='lat' dir='ltr'><strong>Er.</strong></span> <span class='ocrx_word' id='word_1_891' title='bbox 761 5742 919 5854; x_wconf 55' lang='lat' dir='ltr'><strong>hlingd.</strong></span> <span class='ocrx_word' id='word_1_892' title='bbox 964 5751 1082 5795; x_wconf 86' lang='lat' dir='ltr'><strong>Ven.</strong></span> <span class='ocrx_word' id='word_1_893' title='bbox 1122 5752 1265 5806; x_wconf 81' lang='lat' dir='ltr'><strong>Lov.,</strong></span> <span class='ocrx_word' id='word_1_894' title='bbox 1308 5758 1417 5797; x_wconf 82' lang='lat' dir='ltr'><strong>cum</strong></span> <span class='ocrx_word' id='word_1_895' title='bbox 1460 5745 1521 5797; x_wconf 85' lang='lat' dir='ltr'><strong>de</strong></span> <span class='ocrx_word' id='word_1_896' title='bbox 1557 5743 1645 5796; x_wconf 75' lang='lat' dir='ltr'><strong>Dei</strong></span> <span class='ocrx_word' id='word_1_897' title='bbox 1694 5744 1918 5797; x_wconf 79' lang='lat' dir='ltr'><strong>&#39;I&#39;riuitutc</strong></span> <span class='ocrx_word' id='word_1_898' title='bbox 1954 5746 2129 5809; x_wconf 79' lang='lat' dir='ltr'><strong>rogita-</strong></span> 
     </span>
     <span class='ocr_line' id='line_1_104' title="bbox 608 5818 1061 5854; baseline 0 0"><span class='ocrx_word' id='word_1_899' title='bbox 608 5818 663 5854; x_wconf 69' lang='grc' dir='ltr'><strong>ιε.</strong></span> <span class='ocrx_word' id='word_1_900' title='bbox 800 5839 817 5853; x_wconf 88' lang='grc'><strong>.</strong></span> <span class='ocrx_word' id='word_1_901' title='bbox 1060 5844 1061 5847; x_wconf 55' lang='grc' dir='ltr'><strong>η</strong></span> 
     </span>
    </p>
   </div>
   <div class='ocr_carea' id='block_1_102' title="bbox 541 5817 1061 5855">
    <p class='ocr_par' dir='ltr' id='par_1_102' title="bbox 541 5817 1061 5855">
     <span class='ocr_line' id='line_1_105' title="bbox 541 5817 1061 5855; baseline -0.015 0"><span class='ocrx_word' id='word_1_902' title='bbox 541 5817 663 5855; x_wconf 77' lang='lat' dir='ltr'><strong>mus.</strong></span> <span class='ocrx_word' id='word_1_903' title='bbox 761 5817 817 5854; x_wconf 77' lang='grc'><strong>111.</strong></span> <span class='ocrx_word' id='word_1_904' title='bbox 1060 5844 1061 5847; x_wconf 46' lang='grc' dir='ltr'><strong>η</strong></span> 
     </span>
    </p>
   </div>
   <div class='ocr_carea' id='block_1_103' title="bbox 551 4942 2129 5011">
    <p class='ocr_par' dir='ltr' id='par_1_103' title="bbox 551 4942 2129 5011">
     <span class='ocr_line' id='line_1_106' title="bbox 551 4942 2129 5011; baseline 0.003 -14"><span class='ocrx_word' id='word_1_905' title='bbox 551 4942 848 4998; x_wconf 89' lang='lat' dir='ltr'><strong>bendendis</strong></span> <span class='ocrx_word' id='word_1_906' title='bbox 888 4942 1188 4997; x_wconf 86' lang='lat' dir='ltr'><strong>laboremus</strong></span> <span class='ocrx_word' id='word_1_907' title='bbox 1213 4984 1228 5011; x_wconf 92' lang='lat'><strong>,</strong></span> <span class='ocrx_word' id='word_1_908' title='bbox 1258 4958 1358 5000; x_wconf 89' lang='lat' dir='ltr'><strong>nec</strong></span> <span class='ocrx_word' id='word_1_909' title='bbox 1382 4943 1707 4998; x_wconf 89' lang='lat' dir='ltr'><strong>sufﬁciamus</strong></span> <span class='ocrx_word' id='word_1_910' title='bbox 1750 4961 1763 4996; x_wconf 89' lang='lat'>:</span> <span class='ocrx_word' id='word_1_911' title='bbox 1806 4960 1910 4999; x_wconf 92' lang='lat' dir='ltr'><strong>non</strong></span> <span class='ocrx_word' id='word_1_912' title='bbox 1955 4954 2129 5002; x_wconf 87' lang='lat' dir='ltr'><strong>tamen</strong></span> 
     </span>
    </p>
   </div>
   <div class='ocr_carea' id='block_1_104' title="bbox 550 5034 2129 5105">
    <p class='ocr_par' dir='ltr' id='par_1_104' title="bbox 550 5034 2129 5105">
     <span class='ocr_line' id='line_1_107' title="bbox 550 5034 2129 5105; baseline 0.003 -16"><span class='ocrx_word' id='word_1_913' title='bbox 550 5034 886 5105; x_wconf 90' lang='lat' dir='ltr'><strong>impudenter</strong></span> <span class='ocrx_word' id='word_1_914' title='bbox 910 5035 963 5089; x_wconf 90' lang='lat' dir='ltr'><strong>in</strong></span> <span class='ocrx_word' id='word_1_915' title='bbox 990 5035 1079 5089; x_wconf 90' lang='lat' dir='ltr'><strong>illa</strong></span> <span class='ocrx_word' id='word_1_916' title='bbox 1104 5050 1223 5105; x_wconf 83' lang='lat' dir='ltr'><strong>quae</strong></span> <span class='ocrx_word' id='word_1_917' title='bbox 1251 5050 1409 5104; x_wconf 88' lang='lat' dir='ltr'><strong>supra</strong></span> <span class='ocrx_word' id='word_1_918' title='bbox 1443 5044 1567 5089; x_wconf 91' lang='lat' dir='ltr'><strong>sunt</strong></span> <span class='ocrx_word' id='word_1_919' title='bbox 1608 5035 1784 5090; x_wconf 88' lang='lat' dir='ltr'><strong>divina</strong></span> <span class='ocrx_word' id='word_1_920' title='bbox 1809 5046 1863 5092; x_wconf 87' lang='lat' dir='ltr'><strong>et</strong></span> <span class='ocrx_word' id='word_1_921' title='bbox 1888 5037 2129 5093; x_wconf 84' lang='lat' dir='ltr'><strong>ineffabi-</strong></span> 
     </span>
    </p>
   </div>
   <div class='ocr_carea' id='block_1_105' title="bbox 547 5125 2127 5197">
    <p class='ocr_par' dir='ltr' id='par_1_105' title="bbox 547 5125 2127 5197">
     <span class='ocr_line' id='line_1_108' title="bbox 547 5125 2127 5197; baseline 0.003 -17"><span class='ocrx_word' id='word_1_922' title='bbox 547 5126 640 5192; x_wconf 84' lang='lat' dir='ltr'><strong>lia&#39;,</strong></span> <span class='ocrx_word' id='word_1_923' title='bbox 666 5127 837 5197; x_wconf 85' lang='lat' dir='ltr'><strong>pietas</strong></span> <span class='ocrx_word' id='word_1_924' title='bbox 867 5125 1037 5181; x_wconf 89' lang='lat' dir='ltr'><strong>ﬁdelis</strong></span> <span class='ocrx_word' id='word_1_925' title='bbox 1065 5126 1330 5191; x_wconf 87' lang='lat' dir='ltr'><strong>ardescit;</strong></span> <span class='ocrx_word' id='word_1_926' title='bbox 1362 5140 1468 5181; x_wconf 93' lang='lat' dir='ltr'><strong>non</strong></span> <span class='ocrx_word' id='word_1_927' title='bbox 1497 5142 1654 5197; x_wconf 93' lang='lat' dir='ltr'><strong>quam</strong></span> <span class='ocrx_word' id='word_1_928' title='bbox 1687 5143 1902 5182; x_wconf 89' lang='lat' dir='ltr'><strong>suarum</strong></span> <span class='ocrx_word' id='word_1_929' title='bbox 1936 5130 2127 5184; x_wconf 88' lang='lat' dir='ltr'><strong>virimn</strong></span> 
     </span>
    </p>
   </div>
   <div class='ocr_carea' id='block_1_106' title="bbox 548 5217 2132 5288">
    <p class='ocr_par' dir='ltr' id='par_1_106' title="bbox 548 5217 2132 5288">
     <span class='ocr_line' id='line_1_109' title="bbox 548 5217 2132 5288; baseline 0.004 -18"><span class='ocrx_word' id='word_1_930' title='bbox 548 5217 695 5271; x_wconf 90' lang='lat' dir='ltr'><strong>inﬁat</strong></span> <span class='ocrx_word' id='word_1_931' title='bbox 724 5217 1025 5287; x_wconf 87' lang='lat' dir='ltr'><strong>arrogantia</strong></span> <span class='ocrx_word' id='word_1_932' title='bbox 1045 5258 1059 5282; x_wconf 91' lang='lat'><strong>,</strong></span> <span class='ocrx_word' id='word_1_933' title='bbox 1088 5217 1181 5271; x_wconf 88' lang='lat' dir='ltr'><strong>sed</strong></span> <span class='ocrx_word' id='word_1_934' title='bbox 1211 5232 1368 5287; x_wconf 90' lang='lat' dir='ltr'><strong>quam</strong></span> <span class='ocrx_word' id='word_1_935' title='bbox 1396 5218 1561 5288; x_wconf 87' lang='lat' dir='ltr'><strong>gratia</strong></span> <span class='ocrx_word' id='word_1_936' title='bbox 1592 5218 1757 5288; x_wconf 90' lang='lat' dir='ltr'><strong>ipsius</strong></span> <span class='ocrx_word' id='word_1_937' title='bbox 1780 5218 2052 5275; x_wconf 83' lang='lat' dir='ltr'><strong>Creatoris</strong></span> <span class='ocrx_word' id='word_1_938' title='bbox 2077 5232 2132 5277; x_wconf 91' lang='lat' dir='ltr'><strong>et</strong></span> 
     </span>
    </p>
   </div>
   <div class='ocr_carea' id='block_1_107' title="bbox 548 5308 2129 5380">
    <p class='ocr_par' dir='ltr' id='par_1_107' title="bbox 548 5308 2129 5380">
     <span class='ocr_line' id='line_1_110' title="bbox 548 5308 2129 5380; baseline 0.001 -16"><span class='ocrx_word' id='word_1_939' title='bbox 548 5308 838 5365; x_wconf 76' lang='lat' dir='ltr'><strong>Salvatoris</strong></span> <span class='ocrx_word' id='word_1_940' title='bbox 885 5308 1194 5364; x_wconf 82' lang='lat' dir='ltr'><strong>inﬂammat.</strong></span> <span class='ocrx_word' id='word_1_941' title='bbox 1236 5309 1369 5365; x_wconf 90' lang='lat' dir='ltr'><strong>Nam</strong></span> <span class='ocrx_word' id='word_1_942' title='bbox 1398 5325 1503 5380; x_wconf 91' lang='lat' dir='ltr'><strong>quo</strong></span> <span class='ocrx_word' id='word_1_943' title='bbox 1529 5310 1802 5365; x_wconf 87' lang='lat' dir='ltr'><strong>intellectu</strong></span> <span class='ocrx_word' id='word_1_944' title='bbox 1846 5312 2008 5366; x_wconf 86' lang='lat' dir='ltr'><strong>Deum</strong></span> <span class='ocrx_word' id='word_1_945' title='bbox 2033 5328 2129 5367; x_wconf 49' lang='lat' dir='ltr'><strong>ea.-</strong></span> 
     </span>
    </p>
   </div>
   <div class='ocr_carea' id='block_1_108' title="bbox 549 5401 2131 5473">
    <p class='ocr_par' dir='ltr' id='par_1_108' title="bbox 549 5401 2131 5473">
     <span class='ocr_line' id='line_1_111' title="bbox 549 5401 2131 5473; baseline 0.004 -19"><span class='ocrx_word' id='word_1_946' title='bbox 549 5401 629 5470; x_wconf 89' lang='lat' dir='ltr'><strong>pit</strong></span> <span class='ocrx_word' id='word_1_947' title='bbox 652 5401 811 5457; x_wconf 90' lang='lat' dir='ltr'><strong>homo</strong></span> <span class='ocrx_word' id='word_1_948' title='bbox 831 5443 844 5467; x_wconf 89' lang='lat'><strong>,</strong></span> <span class='ocrx_word' id='word_1_949' title='bbox 868 5403 957 5472; x_wconf 90' lang='lat' dir='ltr'><strong>qui</strong></span> <span class='ocrx_word' id='word_1_950' title='bbox 982 5403 1151 5473; x_wconf 88' lang='lat' dir='ltr'><strong>ipsum</strong></span> <span class='ocrx_word' id='word_1_951' title='bbox 1188 5402 1513 5457; x_wconf 91' lang='lat' dir='ltr'><strong>intellectum</strong></span> <span class='ocrx_word' id='word_1_952' title='bbox 1553 5418 1706 5458; x_wconf 89' lang='lat' dir='ltr'><strong>suum</strong></span> <span class='ocrx_word' id='word_1_953' title='bbox 1734 5418 1840 5473; x_wconf 94' lang='lat' dir='ltr'><strong>quo</strong></span> <span class='ocrx_word' id='word_1_954' title='bbox 1866 5419 1989 5459; x_wconf 91' lang='lat' dir='ltr'><strong>eum</strong></span> <span class='ocrx_word' id='word_1_955' title='bbox 2018 5407 2131 5461; x_wconf 90' lang='lat' dir='ltr'><strong>vult</strong></span> 
     </span>
    </p>
   </div>
   <div class='ocr_carea' id='block_1_109' title="bbox 548 5493 2128 5567">
    <p class='ocr_par' dir='ltr' id='par_1_109' title="bbox 548 5493 2128 5567">
     <span class='ocr_line' id='line_1_112' title="bbox 548 5493 2128 5567; baseline 0.004 -22"><span class='ocrx_word' id='word_1_956' title='bbox 548 5505 741 5560; x_wconf 90' lang='lat' dir='ltr'><strong>capere</strong></span> <span class='ocrx_word' id='word_1_957' title='bbox 780 5493 1014 5548; x_wconf 89' lang='lat' dir='ltr'><strong>nondum</strong></span> <span class='ocrx_word' id='word_1_958' title='bbox 1052 5494 1237 5564; x_wconf 77' lang='lat' dir='ltr'><strong>capit?</strong></span> <span class='ocrx_word' id='word_1_959' title='bbox 1262 5494 1316 5549; x_wconf 90' lang='lat' dir='ltr'><strong>Si</strong></span> <span class='ocrx_word' id='word_1_960' title='bbox 1343 5504 1520 5551; x_wconf 89' lang='lat' dir='ltr'><strong>autem</strong></span> <span class='ocrx_word' id='word_1_961' title='bbox 1564 5495 1703 5550; x_wconf 87' lang='lat' dir='ltr'><strong>hunc</strong></span> <span class='ocrx_word' id='word_1_962' title='bbox 1726 5497 1833 5565; x_wconf 88' lang='lat' dir='ltr'><strong>jam</strong></span> <span class='ocrx_word' id='word_1_963' title='bbox 1855 5498 2016 5567; x_wconf 86' lang='lat' dir='ltr'><strong>capit,</strong></span> <span class='ocrx_word' id='word_1_964' title='bbox 2044 5509 2128 5553; x_wconf 87' lang='lat' dir='ltr'><strong>at-</strong></span> 
     </span>
    </p>
   </div>
   <div class='ocr_carea' id='block_1_110' title="bbox 547 5582 2125 5658">
    <p class='ocr_par' dir='ltr' id='par_1_110' title="bbox 547 5582 2125 5658">
     <span class='ocr_line' id='line_1_113' title="bbox 547 5582 2125 5658; baseline 0.005 -21"><span class='ocrx_word' id='word_1_965' title='bbox 547 5582 730 5637; x_wconf 88' lang='lat' dir='ltr'><strong>tendat</strong></span> <span class='ocrx_word' id='word_1_966' title='bbox 767 5583 1048 5655; x_wconf 86' lang='lat' dir='ltr'><strong>diligenter</strong></span> <span class='ocrx_word' id='word_1_967' title='bbox 1072 5585 1202 5640; x_wconf 90' lang='lat' dir='ltr'><strong>nihil</strong></span> <span class='ocrx_word' id='word_1_968' title='bbox 1229 5601 1295 5641; x_wconf 93' lang='lat' dir='ltr'><strong>eo</strong></span> <span class='ocrx_word' id='word_1_969' title='bbox 1322 5601 1441 5642; x_wconf 89' lang='lat' dir='ltr'><strong>esse</strong></span> <span class='ocrx_word' id='word_1_970' title='bbox 1470 5586 1522 5641; x_wconf 90' lang='lat' dir='ltr'><strong>in</strong></span> <span class='ocrx_word' id='word_1_971' title='bbox 1550 5602 1643 5642; x_wconf 90' lang='lat' dir='ltr'><strong>sua</strong></span> <span class='ocrx_word' id='word_1_972' title='bbox 1670 5598 1853 5642; x_wconf 90' lang='lat' dir='ltr'><strong>natura</strong></span> <span class='ocrx_word' id='word_1_973' title='bbox 1896 5590 2084 5645; x_wconf 91' lang='lat' dir='ltr'><strong>melius</strong></span> <span class='ocrx_word' id='word_1_974' title='bbox 2109 5632 2125 5658; x_wconf 95' lang='lat'><strong>,</strong></span> 
     </span>
    </p>
   </div>
   <div class='ocr_carea' id='block_1_111' title="bbox 2296 5808 3089 5865">
    <p class='ocr_par' dir='ltr' id='par_1_111' title="bbox 2296 5808 3089 5865">
     <span class='ocr_line' id='line_1_114' title="bbox 2296 5808 3089 5865; baseline 0.01 -12"><span class='ocrx_word' id='word_1_975' title='bbox 2296 5808 2313 5839; x_wconf 77' lang='grc' dir='ltr'>ι</span> <span class='ocrx_word' id='word_1_976' title='bbox 2338 5808 2409 5856; x_wconf 74' lang='lat' dir='ltr'><strong>sic</strong></span> <span class='ocrx_word' id='word_1_977' title='bbox 2428 5816 2529 5857; x_wconf 76' lang='lat' dir='ltr'><strong>\tss.</strong></span> <span class='ocrx_word' id='word_1_978' title='bbox 2560 5815 2609 5858; x_wconf 78' lang='lat' dir='ltr'><strong>At</strong></span> <span class='ocrx_word' id='word_1_979' title='bbox 2635 5809 2767 5865; x_wconf 80' lang='lat' dir='ltr'><strong>editi,</strong></span> <span class='ocrx_word' id='word_1_980' title='bbox 2787 5816 3089 5865; x_wconf 72' lang='lat' dir='ltr'><strong>pra’scntem.</strong></span> 
     </span>
    </p>
   </div>
  </div>
