4076 6462
499 302 590 327 κριὲ

219 393 318 452 913

217 507 319 577 jam
357 501 520 558 etiam
559 499 626 556 de
668 499 734 555 iis
765 512 884 569 qua:
927 510 1025 551 nec
1075 495 1324 552 dicuntur
1374 500 1430 547 ut
1471 488 1791 561 cogitantur,

220 608 316 652 nec
341 591 642 664 cogitantur
681 599 737 645 ut
765 598 921 654 sunt,
953 589 1276 657 respondere
1314 583 1628 654 incipiamus
1675 577 1796 632 fidei

219 693 409 742 nostra
429 682 750 740 adversariis
783 701 796 735 :
828 681 969 736 inter
997 678 1162 733 multa
1189 691 1308 748 qua:
1332 673 1516 730 Ariani
1541 671 1797 727 adversus

219 776 532 833 catholicam
580 774 735 828 tidem
774 772 948 826 solent
971 771 1277 840 disputare,
1309 767 1410 821 hoc
1437 764 1536 822 sibi
1567 763 1817 832 maxime

218 869 615 926 callidissimum
648 865 1128 921 machinamentum
1175 874 1471 932 proponere
1511 855 1793 920 videntur,

218 979 334 1020 cum
353 962 575 1017 dicunt:
605 958 872 1030 Quidquid
893 958 961 1013 de
990 957 1099 1012 Deo
1123 955 1315 1011 dicitur
1339 953 1422 1008 vel
1450 949 1760 1020 intelligitur
1777 989 1793 1014 ,

221 1073 320 1111 non
363 1054 657 1111 secundum
685 1052 934 1107 accidens
955 1093 970 1117 ,
1001 1049 1096 1104 sed
1126 1046 1416 1103 secundum
1447 1041 1795 1099 subSIantiam

219 1147 424 1202 dicitur.
467 1147 801 1216 Quapropter
831 1143 1120 1213 ingenitum
1163 1153 1282 1196 esse
1322 1137 1464 1192 Patri
1503 1133 1795 1190 secundum

220 1240 566 1295 substantiam
611 1247 714 1306 est,
761 1245 816 1292 et
859 1238 1095 1307 genitum
1152 1247 1271 1288 esse
1317 1230 1454 1286 Filio
1502 1227 1794 1284 secundum

220 1334 565 1389 substantiam
595 1339 696 1388 est.
724 1331 997 1385 Diversum
1023 1336 1104 1384 est
1132 1334 1308 1381 autem
1335 1323 1624 1395 ingenitum
1651 1335 1790 1384 esse,

219 1435 272 1482 et
306 1426 545 1497 genitum
575 1438 730 1480 esse:
761 1423 968 1478 diversa
1010 1430 1092 1476 est
1130 1433 1258 1489 ergo
1300 1415 1594 1472 substantia
1625 1413 1796 1468 Patris

218 1529 269 1573 et
309 1515 454 1572 Filii.
492 1515 695 1584 Quibus
739 1512 1163 1585 respondemus:
1202 1509 1256 1564 Si
1305 1505 1560 1579 quidquid
1590 1505 1658 1560 de
1686 1504 1795 1558 Deo

218 1607 445 1673 dicitur,
488 1605 778 1663 secundum
823 1603 1175 1660 substantiam
1213 1601 1438 1665 dicitur;
1484 1613 1612 1668 ergo
1651 1594 1792 1666 quod

216 1702 414 1757 dictum
441 1709 543 1768 est,
573 1698 686 1771 Ego
707 1707 753 1754 et
794 1697 951 1752 Pater
977 1709 1138 1750 unum
1163 1681 1338 1748 sumius
1377 1689 1556 1764 (Joan.
1588 1704 1646 1755 χ,
1678 1687 1791 1756 50),

216 1799 506 1854 secundum
551 1794 907 1851 substantiam
948 1791 1149 1847 dictum
1198 1797 1300 1844 est.
1345 1785 1458 1842 Una
1503 1794 1586 1839 est
1637 1782 1798 1850 igitur

217 1889 508 1946 substantia
554 1887 727 1944 Patris
765 1895 819 1942 et
845 1883 983 1939 Filii.
1027 1883 1134 1937 Aut
1159 1880 1204 1935 si
1233 1879 1332 1933 hoc
1373 1891 1479 1932 non
1501 1873 1793 1930 secundum

215 1981 564 2036 substantiam
598 1978 800 2034 dictum
839 1983 921 2032 est
940 2017 955 2041 ,
992 1972 1187 2028 dicitur
1205 1985 1334 2040 ergo
1363 1966 1562 2038 aliquid
1591 1964 1658 2021 de
1686 1964 1794 2018 Deo

214 2090 316 2129 non
365 2071 658 2130 secundum
702 2067 1090 2131 substantiam;
1123 2073 1178 2120 et
1204 2062 1324 2118 ideo
1348 2060 1457 2130 jatn
1502 2073 1606 2113 non
1645 2055 1794 2126 cogi-

213 2184 330 2222 ntur
359 2165 651 2222 secundum
697 2159 1046 2218 subsmntiam
1089 2155 1385 2225 intelligere
1422 2149 1710 2223 ingenitum
1741 2155 1796 2203 et

212 2263 471 2331 genitum.
522 2257 652 2313 Item
675 2255 875 2311 dictum
901 2260 983 2309 est
1008 2250 1076 2306 de
1104 2248 1258 2313 Filio,
1289 2245 1412 2301 Non
1441 2243 1675 2314 rapinam
1702 2257 1791 2294 ar-

214 2352 424 2406 bitratus
459 2359 534 2406 est
562 2333 667 2404 esse
693 2346 901 2416 aqualis
942 2343 1048 2398 Deo
1082 2339 1340 2413 (Philipp.
1374 2353 1409 2392 tt
1429 2378 1444 2402 ,
1475 2335 1570 2405 6):
1602 2332 1794 2404 quatri-

212 2460 324 2500 mus
356 2441 651 2499 secundum
676 2437 801 2511 quid
827 2435 1064 2508 atqualis.
1097 2433 1153 2489 Si
1189 2431 1333 2488 enim
1360 2444 1466 2484 non
1498 2425 1790 2483 secundum

211 2535 563 2592 substantiam
593 2533 788 2588 dicitur
805 2527 1045 2603 :equalis,
1072 2525 1360 2580 admittunt
1389 2530 1445 2576 ut
1466 2519 1674 2575 dicatur
1697 2515 1795 2570 ali-

211 2627 330 2699 quid
359 2626 429 2683 de
453 2626 564 2682 Deo
582 2666 596 2690 ,
625 2639 732 2680 non
756 2619 1051 2678 secundum
1093 2614 1440 2672 substantiam
1473 2630 1485 2666 :
1513 2609 1796 2666 admittant

211 2733 336 2789 ergo
378 2733 486 2773 non
523 2715 816 2771 secundum
859 2709 1209 2768 substantiam
1253 2705 1356 2761 dici
1397 2702 1689 2773 ingenitum
1742 2709 1796 2754 et

211 2812 473 2881 genitum.
530 2807 681 2876 Quod
727 2805 772 2861 si
818 2811 1098 2875 propterea
1146 2813 1252 2854 non
1308 2795 1626 2858 admittunt,
1673 2791 1795 2862 quia

211 2905 391 2959 omnia
417 2903 485 2958 de
514 2899 927 2957 Deosecundum
958 2893 1308 2952 substantiam
1336 2889 1436 2945 diei
1467 2887 1670 2952 volunt,
1701 2898 1792 2939 se-

210 3001 444 3058 cundum
477 2995 826 3051 substantiam
855 2990 1023 3046 Filius
1042 2987 1265 3059 aequalis
1292 2993 1374 3040 est
1398 2981 1559 3037 Patri.

278 3089 510 3150 CAPUT
541 3088 628 3143 IV.
649 3115 722 3128 --
757 3084 811 3140 5.
860 3081 1107 3138 Accidens
1128 3077 1295 3150 arguit
1329 3089 1524 3144 semper
1575 3071 1798 3139 aliquam

213 3189 281 3242 rei
307 3185 662 3241 mutationem.
703 3178 965 3236 Accidens
1004 3184 1182 3231 autem
1223 3187 1327 3227 non
1357 3169 1494 3224 solet
1522 3166 1626 3223 dici
1650 3208 1667 3232 ,
1695 3164 1797 3220 nisi

214 3278 351 3348 quod
420 3275 599 3345 aliqua
643 3270 934 3327 mutatione
985 3267 1100 3338 ejus
1137 3264 1214 3320 rei
1257 3263 1340 3318 cui
1379 3258 1571 3315 accidit
1624 3254 1797 3311 amitti

215 3379 410 3442 potest.
440 3367 572 3423 Nam
594 3364 695 3421 etsi
724 3361 966 3435 quredam
993 3359 1242 3414 dicuntur
1263 3352 1558 3409 accidentia
1584 3350 1797 3418 insepa-

215 3463 422 3525 rabilia,
474 3473 593 3530 qua:
629 3469 803 3528 graece
846 3451 1182 3523 appellantur
1208 3449 1474 3518 ἀχώριστοι,
1525 3443 1664 3498 sicut
1718 3447 1801 3494 est

215 3554 411 3623 plumae
450 3548 598 3605 corvi
638 3547 787 3603 color
821 3544 1010 3614 niger;
1041 3539 1237 3595 amittit
1276 3552 1397 3593 eum
1441 3545 1616 3590 tamen
1639 3575 1653 3598 ,
1695 3547 1799 3586 non

218 3643 435 3714 quidem
466 3637 719 3710 quamdiu
748 3636 923 3706 pluma
946 3641 1048 3697 est,
1078 3629 1173 3685 sed
1199 3629 1320 3700 quia
1347 3642 1449 3681 non
1484 3640 1697 3694 semper
1721 3631 1804 3676 est

216 3735 420 3804 pluma.
449 3731 784 3800 Quapropter
807 3725 921 3795 ipsa
944 3722 1193 3778 materies
1221 3717 1488 3774 mutabilis
1518 3725 1600 3770 est
1618 3757 1632 3779 ,
1656 3723 1707 3769 et
1738 3730 1802 3768 ex

220 3843 282 3883 eo
306 3824 454 3898 quod
482 3822 679 3879 desinit
715 3834 836 3876 esse
864 3817 992 3873 illud
1022 3814 1217 3869 animal
1249 3813 1331 3867 vel
1361 3810 1449 3866 illa
1475 3810 1648 3879 pluma
1670 3847 1687 3898 ,ν
1719 3815 1796 3860 ιο-

220 3897 441 3990 tumque
481 3913 611 3972 illttd
639 3926 834 3982 corpus
877 3910 930 3964 in
969 3919 1168 3964 terram
1209 3911 1441 3959 mutatur
1465 3909 1520 3957 et
1561 3897 1803 3962 vertitur,

221 4010 416 4066 amittit
443 4008 628 4078 utique
647 4005 806 4060 etiam
837 4003 982 4057 illum
1016 4000 1274 4055 colorem.
1302 3993 1554 4063 Quamvis
1575 3999 1629 4047 et
1663 3992 1805 4046 acci-

221 4101 355 4156 dens
380 4097 527 4171 quod
571 4094 869 4167 separabile
893 4092 1088 4148 dicitur
1111 4132 1126 4158 ,
1155 4105 1258 4144 non
1303 4085 1640 4157 separatione
1665 4126 1679 4151 ,
1712 4081 1807 4138 sed

223 4195 522 4250 mutatione
557 4189 862 4252 amittatur;
896 4186 1050 4242 sicuti
1081 4193 1160 4239 est
1191 4181 1398 4260 capillis
1426 4178 1702 4234 hominum
1728 4177 1809 4232 tti-

221 4287 458 4361 gritudo,
489 4281 741 4354 quoniam
769 4279 894 4334 dum
919 4275 1095 4347 capilli
1116 4281 1242 4330 sunt
1269 4279 1490 4344 possunt
1508 4269 1807 4361 albescere,

223 4360 528 4449 separabile
569 4370 822 4428 accidens
845 4368 1041 4425 dicitur
1070 4384 1082 4422 :
1114 4365 1208 4421 sed
1239 4363 1525 4434 diligenter
1552 4360 1810 4416 intuenti—

222 4470 322 4525 bus
366 4467 502 4523 satis
543 4471 800 4536 apparet,
835 4476 943 4517 non
989 4457 1327 4529 separatione
1371 4453 1522 4526 quasi
1548 4453 1813 4524 emigrare

221 4559 424 4633 aliquid
446 4574 477 4613 a
507 4556 681 4628 capite
707 4555 833 4610 dum
860 4551 1096 4608 canescit
1115 4591 1132 4618 ,
1156 4557 1215 4604 ut
1241 4546 1510 4618 nigritudo
1535 4545 1658 4601 inde
1686 4560 1816 4600 can-

223 4653 358 4709 dore
374 4649 699 4707 succedente
720 4644 960 4702 discedat
983 4652 1038 4700 et
1062 4642 1240 4713 aliquo
1256 4649 1366 4706 eat,
1391 4638 1485 4696 sed
1511 4639 1659 4693 illam
1684 4653 1814 4709 qua-
1836 4710 1841 4715 1

224 4746 434 4799 litatem
476 4739 671 4796 coloris
712 4737 785 4794 ibi
825 4736 957 4792 verti
998 4745 1155 4805 atque
1197 4731 1410 4788 mutari.
1450 4731 1590 4787 Nihil
1636 4731 1816 4800 itaque

222 4832 480 4888 accidens
509 4830 563 4885 in
591 4829 700 4885 Deo
723 4870 738 4894 ,
767 4825 890 4897 quia
913 4825 1042 4880 nihil
1076 4823 1328 4878 mutabile
1368 4831 1462 4878 aut
1498 4819 1812 4876 amissibile.

223 4925 381 4994 Quod
411 4922 460 4977 si
490 4931 542 4977 et
569 4919 699 4975 illud
723 4917 827 4973 dici
856 4915 1104 4971 accidens
1136 4915 1347 4986 placet,
1379 4912 1522 4984 quod
1552 4912 1680 4968 licet
1711 4926 1814 4965 non

224 5018 530 5080 amittatur,
574 5010 830 5066 minuitur
879 5016 1055 5062 tamen
1103 5005 1187 5059 vel
1235 5014 1478 5074 augetur,
1529 5001 1686 5058 sicuti
1734 5011 1818 5056 est

222 5109 428 5162 animm
449 5106 556 5158 vita
581 5121 593 5157 :
618 5117 740 5157 nam
761 5108 817 5156 et
835 5097 1085 5170 quamdiu
1108 5095 1282 5151 anima
1308 5103 1411 5160 est,
1441 5093 1641 5148 tamdiu
1669 5093 1818 5155 vivit,

224 5211 279 5255 ct
329 5198 462 5270 quia
494 5209 706 5265 semper
745 5191 921 5247 anima
960 5196 1078 5255 est,
1104 5201 1316 5256 semper
1356 5185 1524 5248 vivit;
1555 5183 1650 5238 sed
1697 5183 1820 5254 quia

225 5293 410 5363 magis
435 5289 565 5344 vivit
582 5302 704 5342 cum
725 5283 883 5354 sapit,
900 5283 1181 5351 minusque
1204 5292 1323 5332 cum
1344 5274 1557 5344 desipit,
1587 5274 1646 5329 ﬁt
1663 5273 1820 5328 etiam

230 5384 318 5440 hic
365 5381 547 5450 aliqua
593 5376 846 5441 mutatio,
876 5387 982 5429 non
1027 5380 1086 5426 ut
1123 5369 1263 5427 desit
1308 5367 1412 5422 vita
1437 5407 1452 5431 ,
1482 5364 1638 5421 sicuti
1675 5365 1827 5420 deest

228 5473 515 5545 insipienti
560 5467 842 5539 sapientia,
882 5464 976 5521 sed
1026 5471 1079 5518 ut
1109 5461 1285 5516 minus
1305 5459 1375 5514 sit
1403 5477 1416 5512 :
1449 5473 1548 5512 nec
1594 5457 1696 5512 tale
1725 5457 1826 5510 ali-

229 5565 367 5638 quid
409 5565 463 5619 in
495 5563 605 5617 Deo
636 5562 726 5628 tit,
761 5559 883 5629 quia
913 5554 1130 5611 omnino
1157 5549 1601 5608 incommutabilis
1627 5557 1822 5602 manet.

305 5655 544 5712 CAPUT
573 5650 782 5708 V.—6.
799 5650 866 5704 1η
882 5648 988 5702 Deo
1009 5645 1135 5700 nihil
1153 5642 1425 5700 secundum
1445 5640 1678 5695 accidens
1699 5638 1828 5692 dici-

235 5759 341 5813 tur,
362 5747 456 5802 θεά
471 5743 740 5800 secundum
767 5738 1096 5795 substantiam
1113 5744 1201 5788 aut
1217 5733 1492 5788 secundum
1516 5731 1826 5784 relationem.

235 5835 609 5909 Quamobrem
657 5831 788 5888 nihil
829 5830 882 5886 in
923 5844 988 5886 eo
1017 5824 1306 5884 secundum
1335 5822 1582 5879 accidens
1614 5819 1829 5887 dicitur,

1589 373 1789 432 LIBER
1827 369 2142 441 QUINTUS.

3384 365 3484 436 9n

1903 483 2026 554 quia
2057 482 2188 538 nihil
2217 483 2264 540 ei
2294 484 2515 552 accidit;
2547 499 2644 541 nec
2674 493 2850 542 tamen
2889 501 3048 542 omne
3091 487 3231 558 quod
3269 487 3482 558 dicitur,

1903 577 2194 634 secundum
2222 577 2571 634 substantiam
2601 579 2814 635 dicitur.
2847 580 2900 635 In
2932 582 3092 636 rebus
3127 582 3269 636 enim
3295 584 3488 638 creatis

1902 675 2062 737 atque
2103 668 2444 724 mutabilibus
2485 669 2629 740 quod
2673 685 2776 724 nou
2809 671 3100 726 secundum
3137 671 3488 728 substantiam

1901 758 2114 827 dicitur,
2145 768 2312 815 restat
2335 769 2394 815 ut
2425 761 2716 816 secundum
2759 762 3007 817 accidens
3034 762 3279 818 dicatur:
3309 765 3487 818 omnia

1901 852 2042 908 enim
2070 852 2319 908 accidunt
2344 855 2442 917 eis,
2473 870 2592 924 qua:
2615 855 2696 909 vel
2726 856 2895 910 amitti
2927 865 3146 926 possunt
3178 857 3261 913 vel
3294 858 3484 924 minui,

1901 956 1956 1001 et
1981 946 2373 1018 magnitudines
2401 955 2454 1003 et
2483 948 2793 1017 qualitates;
2823 958 2877 1003 et
2912 949 3052 1019 quod
3079 949 3274 1006 dicitur
3297 951 3363 1006 ad
3389 951 3488 1006 ali-

1900 1037 2049 1108 quid,
2080 1037 2218 1094 sicut
2244 1039 2510 1105 amieitite,
2540 1041 2978 1108 propinquitates,
3007 1041 3307 1107 servitutes,
3337 1043 3488 1097 simi-

1902 1129 2152 1186 litudiues
2171 1173 2186 1199 ,
2219 1129 2549 1201 :equalitatcs
2568 1171 2582 1195 ,
2620 1140 2672 1185 et
2701 1132 2748 1185 si
2778 1146 2878 1200 qua
2908 1131 3244 1202 hujusmodi;
3271 1142 3324 1188 et
3353 1134 3487 1189 situs

1901 1232 1954 1278 et
1980 1221 2207 1288 habitus,
2241 1232 2296 1278 et
2327 1223 2438 1278 loca
2469 1232 2523 1278 et
2551 1231 2811 1292 tempora,
2839 1232 2893 1278 et
2915 1238 3074 1293 opera
3100 1233 3257 1295 atque
3279 1218 3485 1294 passio-

1901 1331 2017 1371 nes.
2049 1315 2104 1370 lu
2131 1317 2241 1371 Deo
2267 1326 2445 1370 autem
2488 1316 2619 1369 nihil
2667 1315 2879 1386 quidem
2919 1317 3207 1372 secundum
3238 1318 3486 1373 accidens

1899 1407 2112 1473 dicitur,
2160 1407 2281 1478 quia
2329 1407 2461 1461 nihil
2511 1406 2562 1460 in
2613 1421 2679 1462 eo
2721 1407 2974 1463 mutabile
3020 1418 3130 1475 est;
3163 1424 3263 1465 nec
3307 1419 3485 1465 tamen

1899 1511 2057 1552 omne
2099 1497 2239 1568 quod
2283 1497 2496 1561 dicitur,
2542 1496 2832 1551 secundum
2878 1498 3227 1554 substantiam
3267 1500 3481 1555 dicitur.

1901 1591 2101 1645 Dicitur
2129 1591 2268 1646 enim
2319 1591 2384 1644 ad
2433 1589 2664 1660 aliquid,
2707 1591 2844 1645 sicut
2883 1591 3040 1646 Pater
3078 1592 3142 1647 ad
3171 1593 3402 1658 Filium,
3431 1602 3485 1648 et

1899 1682 2068 1737 Filius
2096 1682 2161 1737 ad
2184 1683 2417 1745 Patrem,
2444 1682 2584 1752 quod
2609 1698 2712 1736 non
2741 1692 2823 1737 est
2851 1683 3098 1738 accidens
3124 1701 3136 1736 :
3166 1685 3288 1755 quia
3314 1695 3367 1740 et
3397 1687 3484 1741 ille

1898 1788 2114 1844 semper
2142 1773 2325 1839 Pater,
2357 1784 2411 1828 et
2441 1774 2529 1828 ille
2555 1789 2769 1844 semper
2797 1775 2994 1840 Filius;
3020 1784 3071 1830 et
3103 1791 3209 1830 non
3238 1776 3309 1830 ita
3336 1792 3482 1832 sem-

1899 1879 1994 1936 per
2031 1866 2181 1937 quasi
2224 1881 2290 1921 ex
2337 1881 2442 1936 quo
2486 1875 2640 1921 natus
2685 1877 2767 1922 est
2798 1865 2995 1932 Filius,
3042 1877 3099 1923 ut
3138 1885 3200 1924 ex
3243 1884 3309 1924 eo
3344 1871 3484 1939 quod

1897 1972 2168 2028 nunquam
2197 1957 2407 2012 desinat
2433 1971 2552 2012 esse
2578 1957 2746 2013 Filius
2764 1999 2777 2021 ,
2811 1958 2969 2014 Pater
2995 1974 3100 2013 non
3128 1960 3337 2015 desinat
3365 1975 3486 2016 esse

1897 2050 2089 2116 Pater;
2117 2049 2211 2104 sed
2239 2065 2304 2106 ex
2334 2064 2398 2106 eo
2427 2049 2565 2120 quod
2609 2064 2822 2120 semper
2853 2059 3008 2104 natus
3041 2061 3123 2106 est
3150 2051 3346 2117 Filius,
3379 2067 3482 2108 nec

1897 2145 2060 2213 cmpit
2082 2158 2314 2214 unquam
2335 2157 2454 2197 esse
2474 2142 2660 2198 Filius.
2685 2143 2835 2210 Quod
2857 2143 2900 2197 si
2928 2144 3210 2214 aliquando
3231 2159 3349 2199 esse
3374 2161 3484 2201 em-

1898 2238 2084 2307 pisset,
2110 2246 2201 2291 aut
2226 2235 2510 2307 aliquando
2541 2251 2658 2291 esse
2684 2236 2953 2291 desineret
2973 2236 3160 2304 Filius,
3189 2238 3482 2293 secundum

1895 2327 2142 2384 accidens
2174 2325 2462 2383 diceretur.
2493 2327 2547 2383 Si
2582 2342 2709 2382 vero
2735 2327 2876 2398 quod
2905 2326 3100 2382 dicitur
3124 2328 3301 2395 Pater,
3330 2328 3394 2383 ad
3421 2343 3482 2384 se

1896 2419 2069 2490 ipsum
2091 2417 2374 2484 diceretur,
2394 2434 2499 2473 non
2520 2418 2585 2473 ad
2604 2418 2796 2474 Filium
2817 2437 2835 2487 ε
2855 2430 2908 2474 et
2925 2418 3065 2490 quod
3085 2419 3277 2475 dicitur
3292 2419 3477 2485 Filius,

1896 2511 1962 2567 ad
2002 2526 2062 2567 se
2101 2510 2274 2581 ipsum
2305 2509 2592 2578 diceretur,
2635 2525 2739 2565 non
2789 2510 2854 2564 ad
2897 2510 3141 2576 Patrem;
3188 2509 3481 2566 secundum

1897 2603 2248 2659 substantiam
2275 2601 2541 2658 diceretur
2561 2611 2616 2656 et
2643 2602 2732 2658 ille
2759 2601 2936 2668 Pater,
2961 2613 3015 2656 et
3041 2603 3127 2657 ille
3148 2601 3317 2658 Filius
3342 2620 3353 2656 :
3387 2603 3485 2658 sed

1897 2694 2020 2764 quia
2047 2704 2098 2748 et
2128 2693 2282 2747 Pater
2314 2708 2417 2746 non
2444 2691 2642 2747 dicitur
2668 2691 2828 2747 Pater
2857 2692 2958 2746 nisi
2987 2708 3050 2748 ex
3081 2707 3145 2748 eo
3166 2693 3306 2763 quod
3329 2703 3411 2748 est
3433 2695 3482 2748 ei

1897 2784 2096 2852 Filius,
2131 2792 2182 2840 et
2210 2784 2375 2839 Filius
2404 2798 2509 2839 non
2541 2783 2734 2839 dicitur
2771 2783 2872 2838 nisi
2917 2799 2987 2839 ex
3035 2799 3102 2839 eo
3139 2785 3280 2854 quod
3322 2785 3484 2841 habet

1899 2879 2111 2935 Patrem
2133 2921 2148 2945 ,
2180 2894 2284 2934 non
2325 2878 2617 2935 secundum
2663 2879 3013 2934 substantiam
3046 2881 3158 2935 lucc
3191 2879 3442 2935 dicuntur
3471 2897 3481 2929 :

1899 2972 2022 3043 quia
2052 2987 2156 3026 non
2185 2973 2405 3043 quisque
2431 2987 2614 3028 eorum
2639 2971 2709 3028 ad
2733 2987 2792 3028 se
2818 2972 3013 3042 ipsum,
3037 2972 3132 3028 sed
3154 2973 3218 3027 ad
3247 2973 3479 3028 invicem

1900 3072 2059 3134 atque
2085 3063 2151 3117 ad
2182 3064 2496 3118 alterutrum
2540 3064 2638 3118 ista
2665 3063 2914 3119 dicuntur
2939 3083 2952 3119 :
2983 3080 3156 3136 neque
3185 3063 3482 3120 secundum

1901 3153 2181 3221 accidens,
2210 3154 2331 3224 quia
2363 3164 2414 3209 et
2455 3153 2596 3224 quod
2625 3153 2818 3209 dicitur
2847 3155 3025 3223 Pater,
3048 3163 3102 3210 et
3129 3154 3269 3225 quod
3296 3154 3488 3209 dicitur

1901 3246 2090 3316 Filius,
2114 3257 2374 3302 aeternum
2407 3255 2569 3318 atque
2601 3248 3034 3303 incommutabile
3060 3255 3141 3302 est
3166 3247 3262 3302 eis.
3285 3245 3488 3314 Quam-

1902 3339 2087 3394 obrem
2118 3339 2361 3410 quamvis
2387 3339 2655 3394 diversum
2693 3339 2761 3394 sit
2801 3338 3009 3393 Patrem
3049 3353 3170 3394 esse
3203 3346 3256 3394 et
3291 3338 3485 3393 Filium

1903 3445 2054 3496 esse,
2087 3445 2192 3484 non
2224 3439 2306 3485 est
2336 3438 2513 3484 tamen
2554 3429 2765 3484 diversa
2810 3429 3104 3484 substantia
3137 3445 3149 3481 :
3181 3428 3303 3498 quia
3338 3427 3442 3482 hoc
3467 3429 3484 3457 ⁸

1905 3538 2010 3578 nou
2043 3522 2334 3577 secundum
2377 3523 2727 3577 substantiam
2757 3522 3021 3586 dicuntur,
3060 3521 3152 3576 sed
3192 3520 3489 3576 secundum

1906 3614 2219 3679 relativum;
2265 3611 2406 3683 quod
2450 3621 2626 3667 tamen
2654 3611 2931 3667 relativum
2963 3627 3066 3666 non
3096 3619 3176 3666 est
3206 3609 3487 3677 accidens,

1907 3704 2028 3775 quia
2061 3718 2165 3757 non
2191 3710 2274 3758 est
2300 3703 2575 3758 mutabile.

1977 3791 2202 3850 CAPUT
2233 3793 2322 3848 Vl.
2344 3824 2416 3834 —-
2435 3795 2488 3848 7.
2523 3793 2754 3848 Occurrit
2784 3794 3130 3849 ltwreticorum
3156 3793 3492 3848 cavillationi-

1910 3886 1999 3940 bus
2025 3886 2076 3939 in
2097 3885 2276 3941 eadem
2301 3900 2419 3938 voce
2454 3886 2607 3955 geniti
2635 3896 2680 3938 et
2717 3885 2944 3955 ingeniti.
2977 3883 3034 3941 Si
3058 3895 3235 3939 autem
3262 3884 3385 3939 huic
3413 3886 3492 3940 sic

1909 3986 2097 4048 putant
2119 3975 2478 4032 resistendum
2502 3991 2620 4031 esse
2645 3977 2900 4043 sermoni,
2929 3976 3070 4048 quod
3092 3979 3251 4032 Pater
3274 3975 3492 4048 quidem

1911 4069 1977 4124 ad
2002 4069 2196 4124 Filium
2227 4068 2420 4124 dicitur
2450 4077 2504 4125 et
2531 4067 2699 4124 Filius
2727 4067 2793 4123 ad
2824 4068 3036 4124 Patrem
3063 4109 3080 4138 ,
3117 4068 3382 4140 ingenitus
3411 4078 3495 4124 ta.

1911 4175 2036 4216 men
2066 4168 2120 4216 et
2142 4161 2350 4231 genitus
2385 4159 2451 4214 ad
2495 4175 2553 4215 se
2584 4160 2728 4230 ipsos
2765 4158 3036 4227 dicuntur,
3079 4173 3184 4213 non
3229 4159 3292 4214 ad
3335 4161 3498 4215 alter-

1913 4261 2089 4306 utrum
2119 4268 2134 4306 :
2167 4266 2274 4306 non
2303 4251 2446 4306 enim
2478 4251 2577 4306 hoe
2598 4260 2680 4306 est
2705 4250 2886 4306 dicere
2908 4249 3221 4322 ingenitum,
3247 4250 3387 4322 quod
3417 4260 3500 4305 est

1914 4343 2128 4399 Patrem
2155 4342 2367 4408 dicere;
2398 4341 2518 4412 quia
2547 4350 2600 4395 et
2622 4341 2667 4396 si
2689 4341 2884 4396 Filium
2909 4356 3012 4396 non
3039 4341 3334 4417 genuisset,
3365 4341 3498 4396 nihil

1917 4434 2222 4506 prohiberet
2249 4449 2371 4490 eum
2402 4433 2580 4488 dicere
2611 4433 2898 4504 ingenitum
2931 4451 2944 4487 :
2976 4443 3032 4491 et
3061 4434 3104 4489 si
3146 4435 3324 4506 gignat
3354 4434 3500 4505 quis-

1918 4541 2020 4596 que
2049 4526 2235 4591 tilium,
2262 4539 2368 4579 non
2395 4540 2461 4580 ex
2485 4539 2550 4580 eo
2578 4524 2692 4595 ipse
2722 4525 2987 4596 ingenitus
3013 4535 3095 4580 est
3116 4567 3130 4592 ,
3177 4525 3300 4596 quia
3337 4525 3504 4596 geniti

1921 4615 2163 4671 homines
2185 4631 2248 4671 ex
2266 4615 2384 4672 aliis
2413 4614 2736 4682 hominibus,
2759 4615 2980 4686 gignunt
3002 4625 3054 4672 et
3087 4615 3188 4686 ipsi
3215 4615 3348 4670 alios
3373 4633 3387 4670 :
3418 4616 3504 4670 in-

1920 4708 2108 4778 quiunt
2147 4721 2314 4777 ergo:
2348 4706 2507 4762 Pater
2542 4705 2607 4760 ad
2638 4705 2830 4761 Filium
2874 4707 3096 4771 dicitur,
3143 4714 3197 4761 et
3235 4705 3399 4760 Filius
3437 4703 3504 4778 ad

1921 4799 2138 4854 Patrem
2164 4841 2177 4866 ,
2208 4799 2471 4870 ingenitus
2496 4807 2672 4853 autem
2702 4798 2767 4853 ad
2797 4814 2856 4854 se
2885 4799 3055 4870 ipsum
3075 4839 3090 4864 ,
3127 4807 3180 4852 et
3205 4797 3414 4868 genitus
3439 4795 3506 4850 ad

1923 4907 1982 4947 se
2009 4893 2180 4962 ipsum
2205 4892 2398 4947 dicitur
2426 4909 2439 4946 :
2466 4901 2520 4947 et
2541 4892 2663 4947 ideo
2689 4892 2733 4947 si
2761 4890 3016 4962 quidquid
3038 4891 3193 4946 ad‘se
3224 4891 3398 4959 ipsum
3420 4888 3506 4943 di:-

1925 4983 2084 5049 citur,
2125 4982 2417 5038 secundum
2465 4983 2816 5038 substantiam
2865 4983 3076 5048 dicitur,
3119 4982 3389 5038 diversum
3423 4991 3510 5036 est

1926 5083 2104 5128 autem
2152 5073 2442 5143 ingenitum
2474 5088 2597 5128 esse
2625 5082 2677 5127 et
2704 5073 2940 5144 genitum
2984 5086 3140 5138 esse;
3177 5071 3383 5127 diversa
3413 5071 3511 5140 igi-

1930 5171 2018 5218 tur
2042 5164 2335 5232 substantia
2361 5174 2478 5219 est:
2510 5165 2609 5219 hoc
2641 5165 2684 5218 si
2725 5165 2941 5229 dicunt,
2983 5179 3085 5218 non
3121 5164 3419 5234 intelligunt
3444 5163 3512 5219 de

1931 5255 2166 5326 ingenito
2209 5255 2421 5326 quidem
2458 5256 2670 5326 aliquid
2699 5271 2759 5311 se
2797 5255 3006 5322 dicere,
3039 5256 3182 5325 quod
3211 5255 3514 5326 diligentius

1923 5345 2360 5416 pertractandum
2385 5346 2483 5409 sit,
2508 5346 2630 5414 quia
2660 5360 2759 5398 nec
2786 5344 2906 5400 ideo
2931 5345 3157 5416 quisque
3197 5355 3350 5417 pater
3391 5347 3512 5416 quia

1935 5437 2220 5508 ingenitus,
2253 5452 2353 5492 nec
2379 5437 2641 5507 ingenitus
2668 5435 2786 5490 ideo
2812 5435 2934 5506 quia
2963 5445 3134 5507 pater,
3158 5448 3213 5492 et
3239 5447 3515 5507 propterea

1937 5546 2043 5584 nou
2075 5529 2142 5585 ad
2171 5529 2392 5599 aliquid;
2424 5527 2518 5583 sed
2539 5527 2605 5582 ad
2631 5543 2690 5583 se
2717 5527 2822 5584 dici
2850 5539 3063 5599 putatur
3099 5530 3362 5600 ingenitus
3387 5548 3400 5583 :
3428 5546 3518 5599 g9-

1937 5623 2107 5678 nitum
2153 5637 2279 5676 vero
2324 5621 2453 5675 mira
2500 5624 2742 5676 emcitate
2784 5637 2887 5675 non
2936 5621 3216 5677 advertunt
3259 5621 3363 5675 dici
3412 5636 3516 5674 non

1938 5729 2116 5784 posse,
2141 5711 2240 5766 nisi
2269 5711 2334 5765 ad
2363 5710 2582 5779 aliquid.
2606 5711 2730 5767 Ideo
2755 5712 2948 5783 quippe
2971 5713 3106 5770 [ilius
3127 5713 3248 5784 quia
3275 5711 3508 5784 genitus,

2011 5828 2028 5857 ι
2052 5824 2186 5887 mliti,
2208 5821 2328 5876 haec.
2359 5828 2410 5872 At
2433 5827 2560 5885 Mss,
2590 5819 2694 5875 hoc.
