4076 6430
580 338 689 397 MS

585 462 640 508 et
677 450 800 523 quia
844 451 983 508 ﬁlius
1031 451 1212 524 utique
1251 452 1480 522 genitus.
1522 451 1673 508 Sicut
1715 465 1893 509 autem
1924 454 2065 509 ﬁlius
2093 450 2159 506 ad

581 554 812 616 patrem,
840 546 918 601 sic
944 545 1154 616 genitus
1182 544 1247 600 ad
1287 546 1584 615 genitorem
1629 545 1887 612 refertur;
1933 554 1987 601 et
2028 546 2164 601 sicut

587 648 737 709 pater
766 638 831 693 ad
858 637 1022 691 ﬁlium
1047 679 1063 703 ,
1093 638 1161 691 ita
1186 638 1393 708 genitor
1419 637 1484 693 ad
1511 640 1773 708 genitum.
1802 638 2030 710 Ideoque
2058 638 2162 693 alia

585 732 734 787 notio
761 740 841 786 est
865 746 966 802 qua
989 731 1306 801 intelligitur
1332 731 1561 802 genitor,
1589 732 1694 786 alia
1725 747 1830 803 qua
1872 731 2157 803 ingenitus.

584 821 719 880 Nam
756 821 997 893 quamvis
1027 822 1092 878 de
1124 822 1281 877 Patre
1323 823 1431 877 Deo
1461 832 1747 894 utrumque
1775 822 2003 889 dicatur,
2032 820 2161 877 illud

586 922 760 969 tamen
788 913 855 968 ad
884 915 1118 984 genitum
1141 954 1156 979 ,
1194 913 1245 968 id
1281 923 1399 980 est,
1444 915 1510 969 ad
1550 914 1741 970 Filium
1768 915 1994 980 dicitur;
2020 912 2163 984 quod

584 1022 682 1062 nec
710 1007 784 1060 illi
812 1015 1013 1075 negant
1037 1022 1049 1059 :
1082 1005 1183 1060 hoc
1210 1013 1389 1061 autem
1410 1005 1549 1076 quod
1573 1005 1839 1076 ingenitus
1861 1005 2071 1069 dicitur,
2095 1003 2163 1059 ad

578 1112 639 1153 se
666 1097 837 1167 ipsum
866 1098 970 1154 dici
1005 1099 1312 1169 perhibent.
1347 1099 1538 1154 Dicunt
1576 1113 1706 1169 ergo
1736 1115 1749 1154 :
1782 1098 1838 1154 Si
1869 1097 2067 1167 aliquid
2096 1095 2162 1152 ad

578 1205 639 1245 se
681 1189 855 1260 ipsum
903 1190 1096 1246 dicitur
1134 1190 1312 1254 Pater,
1344 1190 1485 1260 quod
1515 1190 1582 1245 ad
1623 1205 1681 1246 se
1711 1191 1882 1259 ipsum
1911 1189 2017 1244 (ﬁci
2056 1204 2161 1245 non

578 1288 758 1350 potest
773 1280 961 1346 Filius,
992 1292 1046 1336 et
1074 1280 1337 1352 quidquid:
1357 1280 1425 1336 ad
1452 1296 1509 1335 se
1536 1282 1709 1351 ipsum
1734 1281 1945 1346 dicitur,
1974 1295 2165 1336 secun-

581 1371 711 1426 dum
745 1372 1097 1429 substantiam
1127 1372 1351 1440 dicitur,
1382 1381 1435 1427 et
1464 1372 1530 1426 ad
1562 1388 1629 1431 se
1650 1372 1823 1442 ipsum
1854 1371 2048 1428 dicitur
2075 1370 2160 1426 in-

577 1468 810 1535 genitus,
837 1463 981 1534 quod
1009 1464 1115 1519 dici
1143 1479 1249 1518 non
1277 1473 1453 1533 potest
1479 1464 1684 1527 Filius;
1710 1479 1839 1533 ergo
1862 1462 2160 1519 secundum

579 1554 930 1610 substantiam
958 1555 1152 1611 dicitur
1195 1554 1496 1625 ingenitus,
1529 1554 1669 1624 quod
1700 1554 1869 1609 Filius
1905 1553 2027 1624 quia
2057 1552 2161 1608 diei

579 1661 686 1700 non
714 1654 927 1715 potest,
958 1659 1062 1699 non
1093 1644 1331 1714 ejusdem
1376 1652 1459 1700 est
1495 1644 1825 1699 substantiae.
1852 1643 1944 1697 Cui
1976 1657 2163 1697 versu-

578 1740 667 1794 tiae
698 1738 1052 1809 respondetur
1081 1739 1154 1793 ita
1180 1780 1193 1801 ,
1237 1746 1295 1792 nt
1336 1738 1435 1808 ipsi
1479 1748 1736 1808 cogantur
1762 1736 1939 1791 dicere
1965 1751 2160 1792 secun-

579 1833 705 1887 dum
738 1831 861 1902 quid
892 1832 960 1887 sit
982 1830 1199 1902 aequalis
1226 1831 1370 1887 Patri
1399 1830 1603 1896 Filius;
1643 1840 1820 1886 utrum
1862 1828 2159 1884 secundum

580 1923 635 1977 id
664 1922 804 1994 quod
830 1921 897 1976 ad
926 1938 984 1977 se
1010 1921 1222 1987 dicitur,
1247 1936 1314 1976 an
1342 1921 1636 1977 secundum
1678 1920 1729 1975 id
1772 1919 1915 1991 quod
1954 1919 2021 1974 ad
2060 1920 2161 1975 Pa-

579 2023 717 2070 trem
750 2013 960 2069 dicitur.
982 2011 1099 2068 Non
1126 2012 1267 2068 enim
1295 2013 1587 2068 secundum
1615 2012 1666 2066 id
1697 2011 1837 2082 quod
1859 2011 1926 2066 ad
1946 2011 2160 2066 Patrem

578 2104 792 2171 dicitur,
829 2104 1080 2173 quoniam
1106 2103 1173 2159 ad
1206 2112 1411 2173 patrem
1444 2103 1585 2158 ﬁlius
1613 2102 1826 2167 dicitur,
1858 2102 1945 2157 ille
1974 2110 2155 2156 autem

578 2211 685 2250 non
714 2194 872 2260 ﬁlius,
904 2194 996 2249 sed
1028 2204 1178 2264 pater
1206 2204 1307 2249 est.
1340 2194 1471 2262 Quia
1500 2210 1606 2248 non
1637 2193 1714 2248 sic
1739 2193 1805 2247 ad
1830 2207 1888 2247 se
1909 2192 2159 2247 dicuntur

575 2294 729 2358 pater
754 2294 805 2341 et
833 2284 1005 2352 ﬁlius,
1045 2285 1313 2356 quomodo
1356 2286 1514 2340 amici
1560 2295 1652 2339 aut
1694 2285 1873 2340 vicini.
1919 2285 2157 2339 llelative

575 2378 772 2449 quippe
797 2377 1000 2433 amicus
1027 2377 1221 2433 dicitur
1257 2376 1323 2432 ad
1362 2377 1628 2442 amicum;
1656 2385 1710 2432 ει
1730 2377 1773 2431 si
1800 2376 2074 2446 aequaliter
2099 2390 2157 2430 se

576 2472 838 2541 diligunt,
867 2470 1051 2527 eadem
1092 2471 1148 2526 in
1195 2479 1419 2541 utroque
1442 2469 1673 2525 amicitia
1711 2478 1907 2525 estzet
1935 2469 2157 2525 relative

573 2563 782 2618 vicinus
825 2562 1019 2617 dicitur
1059 2562 1126 2617 ad
1155 2562 1420 2628 vicinum;
1469 2571 1524 2617 et
1565 2562 1689 2632 quia
1739 2562 2015 2632 aequaliter
2053 2562 2156 2617 sibi

577 2654 736 2710 vicini
762 2664 887 2711 sunt
917 2653 1211 2727 (quantum
1237 2654 1380 2709 enim
1425 2655 1526 2708 iste
1568 2653 1679 2719 illi,
1716 2660 1921 2707 tantum
1967 2662 2022 2707 et
2066 2651 2156 2707 ille

572 2745 699 2801 huic
726 2742 1062 2817 vicinatur),
1096 2744 1283 2800 eadem
1332 2744 1384 2799 in
1429 2750 1654 2812 utroque
1705 2742 1970 2798 vicinitas.
2021 2742 2152 2810 Quia

571 2850 706 2891 vero
748 2836 913 2891 Filius
955 2850 1061 2889 non
1108 2834 1175 2890 ad
1202 2833 1393 2891 Filium
1434 2834 1652 2888 relative
1691 2832 1908 2896 dicitur,
1955 2832 2049 2887 sed
2087 2832 2155 2887 ad

573 2927 820 2991 Patrem;
854 2941 957 2981 non
986 2925 1280 2981 secundum
1312 2925 1413 2979 hoc
1442 2925 1583 2995 quod
1607 2925 1674 2979 ad
1707 2925 1915 2979 Patrem
1942 2924 2150 2988 dicitur,

573 3018 797 3089 aequalis
816 3027 897 3074 est
918 3016 1083 3073 Filius
1106 3016 1247 3071 Patri
1270 3034 1282 3069 :
1303 3024 1467 3070 restat
1492 3024 1549 3070 ut
1577 3015 1868 3070 secundum
1901 3015 1951 3069 id
1975 3031 2154 3084 aequa-

572 3108 644 3164 lis
672 3109 759 3176 sit,
788 3107 926 3179 quod
955 3106 1019 3161 ad
1046 3122 1104 3162 se
1131 3105 1343 3161 dicitur.
1368 3105 1633 3175 Quidquid
1670 3115 1849 3160 autem
1886 3105 1951 3159 ad
1985 3121 2043 3160 se
2071 3105 2155 3159 di-

574 3199 735 3264 citur,
763 3197 1053 3268 secundum
1091 3197 1443 3253 substantiam
1486 3197 1679 3253 dicitur
1702 3215 1714 3251 :
1741 3206 1910 3252 restat
1943 3214 2071 3268 ergo
2100 3206 2159 3253 ιιι

572 3291 870 3348 secundum
911 3291 1261 3347 substantiam
1291 3292 1360 3345 sit
1388 3291 1625 3361 aequalis.
1656 3290 1853 3346 Eadem
1886 3301 1967 3347 est
2000 3291 2158 3362 igitur

574 3382 851 3454 utriusque
878 3381 1191 3438 substantia.
1220 3380 1354 3436 Cum
1383 3396 1511 3436 vero
1537 3381 1804 3451 ingenitus
1832 3381 2027 3436 dicitur
2053 3382 2156 3436 Pa-

573 3482 679 3539 ter,
709 3487 817 3528 non
843 3471 967 3543 quid
996 3473 1095 3539 sit,
1131 3472 1225 3527 sed
1256 3472 1380 3544 quid
1411 3489 1516 3527 non
1556 3474 1625 3527 sit
1652 3473 1865 3528 dicitur.
1890 3473 2023 3528 Cum
2062 3488 2158 3529 au-

573 3572 685 3621 tem
716 3564 1001 3620 relativum
1050 3572 1293 3635 negatur,
1327 3579 1435 3618 non
1461 3564 1757 3620 secundum
1801 3564 2157 3620 substantiam

574 3663 829 3726 negatur,
861 3655 985 3727 quia
1016 3654 1194 3730 ipsum
1232 3654 1517 3710 relativum
1564 3670 1670 3711 non
1714 3656 2006 3711 secundum
2030 3657 2157 3714 sub-

574 3746 827 3804 stantiam
857 3745 1073 3801 dicitur.
1126 3756 1129 3757 '

647 3839 875 3897 CAPUT
903 3840 1014 3895 γη.
1032 3871 1103 3882 -
1117 3840 1170 3896 8.
1191 3839 1411 3912 Negalio
1427 3841 1602 3895 addita
1622 3858 1722 3896 non
1744 3850 1904 3897 mutat
1919 3844 2161 3914 prwdica-

576 3940 820 3985 mentum.
844 3930 955 3986 Hoc
982 3932 1238 4001 exemplis
1260 3932 1471 4002 planum
1496 3930 1792 3987 faciendum
1821 3936 2029 4005 esttAc
2050 3935 2160 4005 pri-

575 4036 725 4077 mum
742 4020 1023 4076 videndum
1042 4031 1123 4077 est
1145 4024 1245 4077 hoc
1267 4020 1549 4092 signiﬁcari
1570 4038 1689 4077 cum
1711 4022 1905 4078 dicitur
1925 4026 2157 4095 genitus,

576 4112 721 4184 quod
746 4112 1070 4183 signiﬁcatur
1097 4128 1218 4166 cum
1246 4112 1441 4167 dicitur
1468 4112 1627 4168 ﬁlius.
1657 4113 1782 4170 ideo
1812 4116 1951 4169 enim
1998 4116 2156 4184 ﬁlius,

576 4203 702 4275 quia
722 4202 965 4273 genitus;
990 4210 1043 4257 et
1067 4202 1187 4272 quia
1217 4201 1377 4266 ﬁlius,
1401 4202 1583 4272 utique
1606 4205 1835 4273 genitus.
1858 4206 2008 4274 Quod
2033 4223 2161 4278 ergo

577 4295 774 4351 dicitur
802 4294 1084 4365 ingenitus,
1117 4295 1216 4349 hoc
1239 4294 1554 4362 ostenditur,
1585 4295 1724 4366 quod
1750 4312 1855 4352 non
1883 4299 1953 4353 sit
1982 4298 2156 4354 ﬁlius:

576 4384 677 4443 sed
718 4384 928 4455 genitus
971 4392 1024 4437 et
1070 4383 1332 4454 ingenitus
1377 4385 1656 4440 commode
1702 4387 1981 4453 dicuntur;
2023 4390 2167 4447 ﬁlius

577 4483 760 4531 autem
788 4475 949 4529 latine
976 4475 1187 4539 dicitur,
1234 4475 1329 4530 sed
1371 4476 1566 4531 inﬁlius
1609 4485 1664 4531 ut
1694 4478 1899 4533 dicatur
1927 4497 2033 4536 non
2063 4483 2161 4537 ad-

576 4568 743 4627 mittit
784 4567 1031 4639 loquendi
1072 4567 1421 4623 consuetudo.
1460 4568 1603 4624 Nihil
1646 4578 1819 4626 tamen
1870 4573 2161 4632 intellectui

578 4659 844 4727 demitur,
875 4658 919 4714 si
947 4656 1154 4712 dicatur
1181 4672 1289 4713 non
1322 4658 1491 4725 ﬁlius;
1523 4662 1970 4730 quemadmodum
2001 4667 2159 4723 etiam

575 4750 625 4808 si
656 4749 864 4805 dicatur
890 4764 994 4803 non
1021 4750 1251 4819 genitus,
1284 4765 1379 4819 pro
1407 4766 1471 4805 eo
1493 4751 1633 4820 quod
1657 4753 1849 4808 dicitur
1874 4754 2159 4827 ingenitus,

579 4840 719 4897 nihil
748 4838 895 4895 aliud
921 4840 1132 4895 dicitur.
1165 4839 1256 4895 Sic
1281 4841 1423 4896 enim
1452 4851 1505 4896 et
1532 4842 1736 4899 vicinus
1773 4853 1826 4899 et
1851 4848 2054 4903 amicus
2079 4866 2165 4906 re-

576 4933 742 4991 lative
767 4934 1031 5000 dicuntur,
1062 4949 1161 4989 nec
1190 4942 1367 4989 tamen
1389 4944 1562 5004 potest
1587 4936 1846 4994 invicinus
1882 4939 1985 4995 dici
2026 4958 2161 5011 quo-

578 5024 743 5080 modo
767 5024 959 5079 dicitur
981 5024 1245 5081 inimicus.
1270 5024 1626 5095 Quamobrem
1663 5042 1766 5082 non
1792 5038 1875 5084 est
1910 5030 1964 5084 in
2005 5034 2165 5090 rebus

582 5114 1028 5171 considerandum
1054 5114 1180 5185 quid
1206 5114 1290 5170 vel
1320 5114 1457 5169 sinat
1482 5115 1565 5171 vel
1594 5132 1697 5171 non
1728 5118 1869 5175 sinat
1901 5120 2004 5178 dici
2035 5138 2163 5181 usus

581 5206 848 5262 sermonis
886 5205 1088 5279 nostri,
1132 5204 1226 5261 sed
1255 5205 1373 5276 quis
1407 5220 1584 5262 rerum
1608 5206 1840 5278 ipsarum
1863 5211 2164 5272 intellectus

585 5297 813 5353 eluceat.
845 5296 961 5352 Non
988 5312 1115 5368 ergo
1137 5298 1246 5367 jam
1276 5296 1515 5353 dicamus
1558 5299 1851 5370 ingenitum
1872 5340 1886 5368 ,
1918 5307 2165 5374 quamvis

586 5385 691 5441 dici
722 5387 882 5441 latine
908 5387 1105 5457 possit;
1135 5387 1229 5442 sed
1258 5402 1354 5458 pro
1382 5403 1447 5444 eo
1476 5388 1714 5444 dicamus
1752 5406 1856 5447 non
1884 5396 2122 5464 genitum
2142 5441 2159 5466 ,

584 5477 725 5547 quod
754 5486 952 5532 tantum
976 5477 1132 5534 valet.
1156 5479 1292 5533 Num
1313 5494 1440 5550 ergo
1467 5481 1606 5558 aliud
1632 5482 1856 5540 dicimus
1874 5502 2163 5556 quamnon

587 5568 787 5623 ﬁlium?
814 5568 1064 5640 Negativa
1092 5585 1252 5641 porro
1281 5571 1378 5626 ista
1404 5573 1663 5643 particula
1688 5591 1795 5631 non
1821 5578 1871 5633 id
1897 5579 2081 5647 efﬁcit,
2108 5592 2164 5639 ut

586 5657 729 5728 quod
758 5659 872 5714 sine
898 5658 984 5713 illa
1007 5659 1225 5716 relative
1250 5660 1467 5727 dicitur,
1497 5663 2000 5738 eadempraaposita
2031 5673 2163 5728 sub-

585 5749 902 5806 stantialiter
926 5749 1162 5818 dicatur;
1194 5751 1288 5808 scd
1311 5751 1363 5808 id
1387 5762 1584 5809 tantum
1614 5764 1856 5831 negatur,
1878 5762 2019 5832 quod
2042 5763 2160 5821 sine

1679 342 1767 396 DE
1805 338 2198 401 TRlNl'l‘ATE,
2238 337 2294 393 S.
2338 338 2704 399 AUGUSTINI

3753 355 3862 415 916

2275 449 2363 505 illa
2392 452 2653 523 aiebatur,
2683 455 2820 512 sicut
2863 456 2915 512 in
2963 459 3172 516 caeteris
3218 460 3664 532 praedicantentis.
3701 465 3863 523 Velut

2271 554 2390 597 cum
2417 543 2663 610 dicimus,
2687 546 2857 602 Homo
2875 556 2980 615 est,
3002 549 3349 606 substantiam
3370 553 3730 624 designamus.
3753 556 3859 624 Qui

2270 648 2398 703 ergo
2427 635 2574 704 dicit,
2600 637 2715 693 Non
2744 638 2905 695 homo
2938 650 3021 695 est
3040 682 3065 707 ,.
3083 656 3191 697 non
3224 642 3366 697 aliud
3393 660 3564 714 genus
3587 647 3861 715 praedica-

2270 731 2434 785 menti
2479 734 2754 798 enuntiat,
2795 734 2887 789 sed
2931 744 3134 790 tantum
3173 736 3301 792 illud
3346 747 3523 809 negat.
3554 738 3702 795 Sicut
3730 756 3868 812 ergo

2270 821 2559 877 secundum
2590 824 2939 880 substantiam
2966 826 3053 882 aio
3070 868 3085 891 ,
3115 826 3285 883 Homo
3310 839 3395 884 est
3421 846 3435 882 :
3463 830 3543 885 sic
3564 832 3865 886 secundum

2270 912 2617 970 substantiam
2651 931 2817 987 nego,
2843 933 2963 973 cum
2990 919 3140 985 dico,
3172 919 3288 975 Non
3318 921 3477 976 homo
3503 933 3605 978 est.
3637 923 3709 979 Et
3734 940 3863 981 omn

2270 1004 2543 1071 quaeritur,
2571 1016 2801 1076 quantus
2844 1008 2944 1075 sit;
2976 1018 3031 1064 et
3056 1010 3143 1065 aio
3162 1051 3179 1077 ,
3207 1011 3629 1082 Quadrupedalis
3652 1023 3776 1083 est,
3808 1015 3862 1071 id

2269 1099 2370 1159 est,
2402 1104 2630 1163 quatuor
2657 1096 2877 1167 pedum,
2899 1098 3193 1155 secundum
3219 1100 3572 1171 quantitatem
3597 1104 3685 1158 aio
3713 1120 3729 1157 :
3765 1105 3863 1175 qui

2268 1181 2416 1250 dicit,
2442 1183 2560 1240 Non
2590 1187 3003 1258 quadrupedalis
3032 1200 3114 1245 est
3133 1231 3159 1254 .
3180 1192 3473 1247 secundum
3502 1195 3861 1264 quantitatem

2268 1282 2446 1343 negat.
2478 1274 2749 1332 Candidus
2776 1287 2888 1345 est,
2920 1280 3213 1337 secundum
3243 1282 3552 1352 qualitatem
3581 1284 3668 1340 aio
3692 1303 3707 1339 :
3735 1284 3863 1340 Non

2266 1364 2522 1422 candidus
2543 1381 2643 1435 est,
2669 1371 2961 1426 secundum
2989 1374 3295 1443 qualitatem
3328 1390 3483 1446 nego.
3517 1376 3863 1447 Propinquus

2267 1464 2351 1510 est
2372 1497 2386 1522 ,
2429 1459 2725 1514 secundum
2772 1461 3050 1517 relativum
3078 1464 3164 1517 aio
3192 1482 3205 1516 :
3234 1464 3350 1520 Non
3379 1466 3713 1537 pr0pinquus
3735 1477 3822 1522 est
3838 1508 3872 1533 ,.

2267 1548 2558 1603 secundum
2589 1551 2863 1606 relativum
2891 1568 3045 1624 nego.
3077 1554 3384 1611 Secundum
3411 1557 3570 1613 situm
3595 1559 3705 1626 aio,
3723 1574 3855 1614 eum

2265 1638 2387 1693 dico
2409 1680 2425 1707 ,
2456 1639 2607 1696 Jacet
2632 1659 2648 1696 :
2680 1644 2973 1700 secundum
3005 1647 3166 1701 situm
3205 1662 3341 1717 nego
3359 1688 3377 1714 ,
3406 1663 3527 1705 eum
3552 1648 3707 1717 dico,
3734 1650 3860 1707 Non

2261 1729 2421 1800 jacet.
2440 1732 2741 1789 Secundum
2766 1735 3001 1791 habitum
3024 1740 3129 1806 aio,
3153 1755 3276 1795 cum
3303 1741 3443 1805 dico,
3466 1743 3718 1799 Armatus
3739 1752 3825 1799 est
3841 1763 3871 1800 :.

2265 1823 2554 1878 secundum
2586 1825 2822 1882 habitum
2853 1843 3021 1898 nego,
3038 1845 3157 1884 cum
3187 1831 3328 1896 dico,
3352 1831 3467 1888 Non
3490 1843 3729 1891 armatus
3746 1845 3855 1891 est.

2265 1911 2618 1970 Tantumdem
2662 1925 2839 1972 autem
2872 1918 3013 1974 valet
3039 1919 3084 1975 si
3114 1920 3322 1989 dicam,
3361 1921 3584 1978 luet-mis
3613 1932 3717 1979 est.
3752 1925 3859 1981 Se-

2264 2004 2494 2059 cundum
2517 2014 2723 2078 tempus
2747 2008 2852 2075 aio,
2880 2024 3001 2065 cum
3028 2009 3170 2079 dico,
3193 2011 3485 2071 lleSternus
3506 2022 3589 2069 est
3615 2033 3630 2070 :
3658 2029 3869 2070 secun~

2264 2092 2390 2149 dum
2420 2103 2625 2165 tempus
2651 2113 2786 2168 nego
2805 2140 2821 2166 ,
2849 2114 2970 2155 cum
3000 2100 3121 2156 dico
3141 2144 3156 2169 ,
3193 2101 3307 2158 Non
3339 2103 3622 2162 hesternas
3646 2115 3750 2161 est.
3786 2108 3865 2169 Et

2263 2198 2382 2238 cum
2414 2185 2556 2255 dico,
2587 2186 2771 2244 Romae
2799 2198 2902 2258 εει,
2922 2191 3213 2247 secundum
3234 2193 3407 2250 locum
3430 2196 3551 2250 aio:
3581 2206 3640 2251 ει·
3658 2212 3856 2253 secuti-

2262 2274 2388 2330 dum
2411 2276 2583 2331 locum
2609 2293 2764 2350 nego,
2784 2295 2904 2335 cum
2921 2281 3060 2347 dico,
3078 2282 3195 2338 Non
3223 2283 3405 2339 Romae
3424 2295 3524 2341 est.
3544 2285 3866 2345 Secundum

2262 2367 2313 2422 id
2333 2368 2472 2438 quod
2502 2369 2773 2427 estfacere
2796 2373 2901 2436 aio,
2934 2388 3055 2429 cum
3080 2374 3217 2442 dico,
3247 2375 3453 2431 Caedit:
3483 2378 3527 2434 si
3551 2389 3732 2435 autem
3764 2381 3859 2436 di-

2261 2473 2398 2522 cam,
2420 2460 2536 2516 Non
2554 2462 2731 2531 caedit,
2751 2465 3041 2521 secundum
3068 2466 3121 2521 id
3138 2467 3277 2537 quod
3304 2477 3386 2523 est
3412 2468 3586 2525 facere
3606 2486 3769 2542 nego,
3796 2481 3865 2527 ut.

2261 2552 2535 2608 ostendam
2555 2570 2660 2609 non
2682 2555 2782 2611 ltoc
2801 2556 2993 2612 facere.
3014 2557 3079 2611 Et
3100 2573 3220 2612 cum
3239 2559 3377 2625 dico,
3396 2559 3638 2630 Vapulat,
3658 2578 3859 2618 sermn-

2260 2643 2385 2699 dum
2409 2646 2873 2715 praedicamentum
2901 2650 2985 2703 aio
3002 2650 3141 2720 quod
3162 2652 3269 2720 pati
3289 2661 3508 2706 vocatur
3531 2671 3543 2707 :
3568 2662 3624 2708 et
3648 2670 3851 2709 secuti.

2260 2736 2384 2791 dum
2404 2737 2453 2792 id
2472 2753 2627 2809 nego,
2646 2755 2765 2795 cum
2783 2740 2923 2804 dico,
2939 2755 3044 2796 non
3058 2743 3294 2812 vapulat.
3319 2743 3384 2798 Et
3401 2744 3620 2799 omnino
3643 2746 3865 2801 nullum

2260 2828 2655 2898 praedicamenti
2683 2845 2851 2901 genus
2875 2839 2976 2898 est,
2999 2832 3288 2887 secundum
3315 2833 3455 2904 quod
3476 2834 3677 2905 aliquid
3706 2836 3852 2891 aiere

2259 2921 2504 2975 volumus
2524 2963 2539 2987 ,
2568 2922 2667 2976 nisi
2700 2932 2756 2977 ut
2781 2923 3072 2978 secundum
3102 2924 3333 2995 idipsum
3375 2926 3850 2995 praedicamentum

2260 3026 2454 3080 negare
2479 3012 2878 3082 convincamur,
2922 3015 2966 3070 si
2996 3030 3309 3085 praeponere
3347 3020 3645 3089 negativam
3680 3021 3850 3090 parti-

2260 3105 2432 3159 culam
2462 3106 2808 3162 voluerimus.
2831 3109 2960 3177 Quae
2989 3124 3110 3164 cum
3141 3110 3209 3164 ita
3242 3112 3368 3176 sint,
3398 3114 3442 3166 si
3474 3114 3849 3171 substantiali-

2263 3204 2341 3251 ler
2366 3198 2585 3261 aierem,
2614 3198 2860 3267 dicendo,
2888 3200 3081 3267 Filius;
3114 3202 3531 3261 substantialiter
3561 3222 3839 3280 negarem,

2260 3286 2507 3351 dicendo,
2538 3287 2655 3342 Non
2682 3289 2867 3344 Filius.
2900 3290 3033 3357 Quia
3064 3308 3189 3348 vero
3218 3295 3441 3351 relative
3469 3297 3584 3363 aio,
3615 3313 3739 3353 cum
3761 3300 3846 3354 di-

2260 3392 2345 3443 co,
2377 3378 2542 3434 Filius
2565 3388 2675 3444 est;
2705 3381 2770 3453 ad
2798 3394 3003 3451 patrem
3032 3384 3173 3440 enim
3200 3384 3413 3442 refero:
3444 3389 3665 3446 relative
3687 3407 3845 3462 nego,

2261 3468 2529 3537 si’dieam,
2557 3469 2671 3524 Non
2716 3470 2855 3527 ﬁlius
2880 3482 2997 3540 est;
3028 3474 3093 3531 ad
3131 3486 3403 3545 parentem
3430 3480 3571 3534 enim
3602 3483 3848 3539 eamdem

2261 3560 2595 3631 negationem
2621 3562 2827 3629 refero,
2853 3565 3040 3621 volens
3069 3568 3349 3624 ostendere
3377 3572 3519 3641 quod
3559 3572 3609 3626 ei
3652 3588 3865 3643 parens-

2261 3665 2365 3704 non
2397 3652 2483 3705 sit.
2509 3652 2579 3706 At
2607 3653 2650 3707 si
2678 3663 2933 3725 quantum
2962 3657 3103 3712 valet
3131 3659 3270 3728 quod
3299 3659 3495 3716 dicitur
3522 3662 3687 3729 ﬁlius,
3721 3673 3845 3718 tan—

2262 3742 2497 3797 tumdem
2526 3743 2666 3798 valet
2702 3745 2839 3815 quod
2882 3746 3076 3803 dicitur
3113 3750 3344 3819 genitus,
3387 3751 3526 3807 sicut
3565 3756 3859 3823 praelocuti

2261 3849 2480 3901 sumus;
2538 3836 2862 3892 tantumdem
2928 3854 3056 3909 ergo
3110 3841 3250 3895 valet
3293 3840 3436 3912 quod
3495 3845 3692 3900 dicitur
3740 3864 3847 3903 non

2261 3923 2501 3994 genitus,
2533 3934 2786 3995 quantum
2815 3927 2956 3981 valet
2999 3928 3141 3998 quod
3180 3930 3372 3986 dicitur
3400 3948 3506 3987 non
3537 3934 3701 3992 ﬁlius.
3732 3936 3858 3992 Ite-

2262 4014 2420 4070 lative
2465 4024 2641 4070 autem
2683 4032 2933 4087 negamus
2972 4018 3231 4089 dicendo,
3266 4021 3383 4077 Non
3417 4024 3588 4080 ﬁlius:
3619 4027 3847 4083 relative

2264 4108 2421 4179 igitur
2449 4123 2702 4179 negamus
2730 4109 2974 4174 dicendo,
2995 4111 3107 4166 Non
3136 4115 3364 4183 genitus.
3395 4116 3662 4187 lugenitus
3686 4134 3849 4189 porro

2263 4198 2386 4269 quid
2418 4206 2525 4265 est,
2557 4200 2658 4253 nisi
2685 4217 2788 4254 non
2820 4202 3068 4271 genitus?
3091 4203 3205 4259 Non
3234 4220 3363 4277 ergo
3391 4210 3653 4263 receditnr
3691 4226 3722 4265 a
3751 4228 3844 4266 re-

2264 4289 2422 4344 lativo
2440 4289 2865 4358 praedicatnento,
2886 4308 3004 4348 cum
3025 4295 3288 4365 ingenitus
3305 4297 3513 4353 dicitur.
3528 4298 3674 4354 Sicut
3694 4302 3845 4359 enim

2263 4380 2470 4451 genitus
2501 4396 2605 4433 non
2637 4381 2705 4436 ad
2730 4397 2787 4437 se
2817 4382 2987 4453 ipsum
3017 4384 3231 4453 dicitur,
3264 4387 3358 4443 sed
3400 4390 3538 4459 quod
3583 4406 3646 4446 ex
3691 4393 3849 4462 geni-

2266 4480 2380 4525 tore
2409 4471 2477 4524 sit
2505 4489 2517 4524 :
2546 4471 2615 4525 ita
2647 4487 2765 4528 cum
2796 4473 2987 4529 dicitur
3012 4475 3311 4547 ingenitus,
3346 4495 3451 4534 non
3474 4480 3537 4535 ad
3574 4496 3631 4536 se
3673 4483 3863 4552 ipsum

2267 4563 2476 4629 dicitur,
2510 4564 2603 4619 sed
2630 4565 2769 4635 quod
2798 4582 2861 4621 ex
2892 4567 3130 4637 genitore
3175 4586 3279 4623 non
3327 4571 3396 4625 sit
3439 4573 3761 4630 ostenditur.
3791 4575 3861 4632 lnr

2265 4652 2451 4709 eodem
2482 4662 2656 4711 tamen
2686 4656 3099 4726 praedicamento
3120 4701 3135 4727 ,
3182 4660 3321 4730 quod
3356 4662 3652 4719 Relativum
3682 4682 3853 4721 voca—

2257 4754 2373 4824 tur,
2404 4755 2625 4818 utraque
2654 4747 2968 4819 signiﬁcatio
2994 4752 3217 4807 vertitur
3247 4771 3258 4805 :
3289 4755 3431 4824 quod
3472 4766 3651 4811 autem
3701 4760 3844 4814 rela-

2266 4836 2374 4892 tive
2432 4837 2842 4906 pronuntiatur,
2907 4855 3014 4895 non
3072 4841 3267 4896 indicat
3317 4846 3667 4902 substantiam
3714 4866 3729 4902 :
3780 4850 3863 4903 ita

2268 4927 2509 4997 quamvis
2535 4927 2804 4984 diversum
2834 4929 2904 4985 sit
2931 4932 3139 5001 genitus
3166 4941 3219 4989 et
3246 4935 3509 5005 ingenitus
3528 4978 3543 5001 ,
3575 4953 3683 4992 non
3709 4940 3849 4994 indi-

2268 5031 2353 5076 cat
2380 5019 2642 5076 diversam
2667 5022 3013 5078 substantiam
3036 5026 3187 5096 :quia
3210 5027 3344 5081 sicut
3368 5029 3504 5084 ﬁlius
3525 5030 3591 5084 ad
3614 5042 3859 5102 patrem,

2269 5120 2451 5166 etnon
2485 5110 2624 5165 ﬁlius
2650 5112 2714 5165 ad
2745 5129 2847 5166 non
2890 5124 3094 5184 patrem
3134 5115 3389 5185 refertur;
3437 5120 3507 5172 ita
3548 5122 3855 5191 genitusad

2269 5201 2590 5272 genitorem,
2622 5210 2677 5257 et
2707 5218 2811 5257 non
2849 5205 3057 5275 genitus
3086 5206 3150 5261 ad
3186 5222 3295 5263 non
3321 5210 3615 5280 genitorem
3653 5213 3855 5269 refera-

2272 5304 2356 5349 llﬂ'
2383 5309 2600 5348 necesse
2626 5304 2725 5348 est.

2340 5382 2566 5440 CAPUT
2595 5384 2731 5440 Vlll.
2750 5416 2818 5425 —
2842 5385 2896 5441 9.
2931 5386 3188 5459 Quidquid
3209 5389 3604 5449 substantialiter
3637 5396 3705 5452 de
3742 5396 3857 5452 De:

2271 5476 2471 5542 dicitur,
2496 5476 2558 5531 de
2573 5476 2784 5548 singulis
2807 5480 3033 5548 personis
3057 5479 3380 5551 singulariter
3401 5492 3453 5537 et
3473 5485 3629 5540 simu!
3655 5487 3719 5541 de
3742 5490 3856 5558 ipsa

2270 5566 2518 5621 Trinitate
2540 5568 2741 5621 dicitur.
2769 5567 2836 5622 In
2864 5568 2971 5624 Deo
2996 5587 3097 5624 una
3123 5573 3364 5639 essentia,
3396 5583 3503 5630 tres
3525 5574 3717 5633 ercis
3758 5581 3857 5651 ligo

2272 5667 2526 5729 postases,
2559 5657 2753 5713 Latinis
2778 5666 2876 5714 tres
2903 5676 3149 5731 personis.
3188 5661 3522 5736 Quapropter
3552 5668 3681 5725 illud
3709 5685 3856 5740 prac-

2272 5748 2426 5819 cipue
2442 5756 2736 5817 teneamus,
2756 5750 3009 5823 quidquid
3030 5752 3095 5808 ad
3119 5768 3177 5809 se
3194 5752 3386 5811 dicitur
3406 5760 3857 5829 praestantissima
