4104 6438
337 445 429 503 illa
457 450 512 501 et
534 441 711 500 divina
740 440 1073 508 sublimitas,
1121 440 1540 498 substantialiter
1581 438 1726 505 diei;
1771 434 1913 509 quod

338 549 518 594 autem
551 535 616 590 ad
642 533 838 606 aliquid
857 575 874 601 ,
905 549 1009 588 non
1039 533 1476 600 substantialiter,
1515 531 1609 587 sed
1653 529 1870 586 relative
1897 544 1912 580 :

339 638 647 698 tantamque
681 627 787 681 vim
829 640 948 682 esse
987 625 1224 696 ejusdem
1265 623 1570 680 substantia:
1601 623 1652 676 in
1681 621 1838 676 Patre
1865 627 1920 672 et

341 719 479 778 Filio
503 728 559 774 et
581 717 781 788 Spiritu
807 725 992 772 sancto
1010 757 1028 783 ,
1059 725 1116 771 ut
1141 715 1396 786 quidquid
1423 715 1490 770 de
1514 712 1734 783 singulis
1763 710 1831 765 ad
1859 725 1919 763 se

339 811 486 881 ipsos
515 808 727 875 dicitur,
754 823 860 863 non
883 807 1159 878 pluraliter
1184 807 1234 861 in
1265 821 1491 870 summa,
1522 804 1614 861 scd
1641 801 1919 873 singulari-

342 908 427 955 ter
453 899 758 970 accipiatur.
787 897 1240 965 Quemadmodum
1280 898 1421 951 enim
1450 897 1604 952 Pater
1631 895 1771 950 Deus
1799 901 1915 956 est,

341 1001 398 1050 et
425 993 592 1048 Filius
612 992 752 1048 Deus
771 1000 872 1056 est,
902 999 956 1046 et
979 991 1204 1060 Spiritus
1228 997 1441 1044 sanctus
1466 988 1608 1043 Deus
1635 995 1749 1052 est,
1776 983 1917 1054 quod

342 1084 636 1142 secundum
663 1083 1011 1141 substantiam
1031 1081 1137 1137 dici
1161 1096 1316 1136 nemo
1337 1079 1541 1134 dubitat
1569 1094 1584 1132 :
1616 1093 1718 1133 non
1742 1084 1916 1130 tamen

345 1186 455 1231 tres
477 1174 628 1242 deos,
653 1173 748 1232 sed
776 1189 937 1229 unum
965 1173 1132 1229 Deum
1161 1171 1386 1227 dicimus
1428 1185 1544 1224 eam
1579 1168 1746 1238 ipsam
1783 1181 1919 1236 prae-

343 1267 724 1324 stantissimam
762 1265 1098 1322 Trinitatem.
1136 1264 1212 1320 Ita
1246 1277 1468 1334 magnus
1495 1263 1670 1326 Pater,
1698 1275 1917 1329 magnus

344 1357 532 1426 Filius,
562 1372 786 1429 magnus
807 1356 1034 1426 Spiritus
1052 1364 1302 1410 sanctus:
1335 1369 1439 1408 non
1471 1363 1646 1406 tamen
1674 1360 1782 1405 tres
1804 1365 1921 1403 ma-

343 1451 456 1522 gni,
487 1449 582 1506 sed
609 1463 744 1505 unus
769 1463 1010 1519 magnus.
1037 1447 1154 1504 Non
1179 1446 1320 1501 enim
1345 1444 1412 1499 de
1439 1444 1592 1498 Patre
1614 1442 1749 1504 solo,
1781 1441 1916 1494 sicut

344 1543 422 1600 illi
451 1556 699 1613 perverse
721 1541 990 1606 sentiunt;
1019 1539 1113 1596 sed
1137 1538 1204 1596 de
1228 1539 1384 1595 Patre
1407 1547 1460 1592 et
1480 1535 1615 1592 Filio
1635 1542 1688 1588 et
1715 1532 1916 1605 Spiritu

343 1642 533 1692 Sancto
558 1633 812 1703 scriptum
837 1639 939 1697 est,
967 1629 1048 1684 Tu
1076 1646 1128 1684 es
1157 1629 1294 1716 ρεαδ
1321 1628 1457 1682 solus
1481 1643 1689 1698 magnus
1731 1622 1915 1696 (Psal.

348 1743 542 1793 uxxv,
572 1725 681 1797 10).
712 1725 780 1780 Et
803 1724 976 1780 bonus
1004 1723 1177 1786 Pater,
1201 1722 1371 1777 bonus
1391 1720 1577 1782 Filius,
1610 1719 1779 1773 bonus
1801 1717 1920 1785 Spi-

347 1818 482 1873 ritus
507 1825 723 1873 sanctus
750 1833 763 1870 :
793 1831 892 1871 nec
917 1825 1024 1870 tres
1050 1814 1196 1881 boni,
1223 1813 1316 1868 sed
1345 1827 1482 1868 unus
1506 1821 1589 1867 est
1616 1811 1788 1865 bonus
1807 1851 1822 1876 ,
1855 1809 1920 1864 de

346 1925 454 1980 quo
478 1909 676 1964 dictum
701 1916 803 1975 est,
835 1905 1000 1961 Nemo
1028 1905 1188 1960 bonus
1207 1945 1234 1972 ,.
1251 1904 1348 1958 nisi
1370 1918 1502 1958 unus
1531 1901 1688 1956 Deus.
1716 1901 1920 1956 Etenim

349 2003 606 2058 Dominus
625 2002 800 2066 Jesus,
829 2017 895 2056 ne
923 2001 991 2055 ab
1020 1999 1112 2054 illo
1135 1999 1226 2069 qui
1252 1997 1493 2063 dixerat,
1531 1993 1778 2067 Magister
1801 1995 1924 2048 bone

347 2095 366 2164 (
392 2094 516 2150 Luc.
542 2112 700 2162 xvm,
724 2095 813 2163 l9,
841 2095 966 2164 l8),
990 2102 1239 2164 tanquam
1269 2091 1538 2147 hominem
1561 2087 1885 2158 compellans
1906 2127 1920 2149 ,

354 2185 646 2241 secundum
673 2185 947 2240 hominem
974 2182 1344 2240 tantummodo
1371 2180 1773 2250 intelligeretur,
1802 2177 1924 2235 ideo

350 2294 454 2334 non
493 2279 601 2345 ait,
641 2277 808 2335 Nemo
836 2278 1006 2333 bonus
1029 2317 1044 2342 ,
1081 2275 1183 2331 nisi
1211 2275 1357 2330 solus
1383 2274 1570 2341 Pater;
1603 2270 1728 2337 sed,
1760 2268 1924 2324 Nemo

350 2370 528 2434 bonus,
550 2369 648 2425 nisi
670 2386 800 2424 unus
819 2368 975 2423 Deus.
999 2369 1053 2422 ln
1076 2367 1249 2423 Patris
1266 2366 1407 2422 enim
1433 2364 1668 2430 nomine,
1692 2363 1803 2432 ipse
1827 2376 1925 2430 per

261 2512 264 2514 ν
350 2477 412 2519 se
436 2463 594 2518 Pater
620 2462 988 2533 pronuntiatur
1014 2478 1028 2514 :
1060 2461 1112 2516 in
1139 2460 1232 2514 Dei
1254 2471 1384 2515 vero
1402 2499 1418 2521 ,
1446 2465 1502 2514 et
1537 2456 1651 2526 ipse
1673 2464 1728 2510 et
1755 2454 1924 2510 Filius

349 2563 408 2611 et
431 2554 659 2625 Spiritus
701 2562 914 2610 sanctus
937 2593 954 2619 ,
1001 2552 1122 2623 quia
1147 2550 1380 2607 Trinitas
1423 2563 1558 2605 unus
1596 2547 1755 2603 Deus.
1781 2545 1927 2602 Situs

350 2662 502 2715 vero,
536 2655 592 2702 et
617 2645 828 2701 habitus
846 2685 862 2712 ,
903 2652 959 2700 et
1001 2645 1119 2699 loca
1140 2685 1155 2708 ,
1185 2651 1240 2698 et
1263 2650 1526 2712 tempora,
1553 2655 1662 2694 non
1689 2636 1920 2708 proprie,

350 2741 446 2798 sed
491 2739 743 2796 translate
786 2754 850 2795 ac
893 2752 992 2809 per
1035 2735 1404 2793 similitudines
1441 2733 1689 2789 dicuntur
1716 2731 1766 2786 in
1798 2731 1924 2785 Deo.

351 2834 483 2890 Nam
512 2842 568 2889 et
589 2832 777 2889 sedere
796 2845 956 2902 super
983 2828 1271 2886 Cherubim
1299 2827 1494 2882 dicitur
1525 2823 1706 2896 (Psal.
1739 2837 1919 2887 Lxxu,

349 2926 440 2995 8);
469 2924 612 2996 quod
643 2923 710 2979 ad
735 2923 894 2978 situm
922 2921 1116 2977 dicitur
1143 2938 1158 2974 :
1189 2927 1244 2976 et
1266 2918 1514 2990 abyssum
1559 2925 1810 2986 tanquam
1835 2928 1928 2968 ve-

351 3015 660 3071 stimentum
689 3013 914 3068 amictus
936 3010 1104 3084 (Psal.
1134 3025 1246 3073 cut,
1272 3009 1363 3079 6);
1387 3007 1529 3079 quod
1554 3006 1621 3060 ad
1644 3005 1878 3060 habitum
1909 3021 1924 3058 :

351 3117 426 3173 et,
450 3107 583 3160 Anni
609 3107 682 3159 tui
710 3121 810 3158 non
838 3103 1068 3165 deﬁcient
1095 3100 1264 3174 (Psal.
1288 3116 1360 3166 Cl,
1387 3099 1478 3169 9.8)
1499 3114 1515 3164 ;
1537 3097 1679 3168 quod
1703 3095 1771 3151 ad
1793 3103 1949 3151 tem-1

353 3214 451 3269 pus
469 3216 482 3254 :
497 3205 571 3263 et,
597 3197 660 3252 Si
675 3196 944 3251 ascendere
961 3195 1011 3248 in
1027 3193 1222 3259 coelum,
1245 3201 1297 3245 tu
1311 3191 1380 3246 ibi
1401 3208 1449 3246 es
1471 3189 1645 3260 (Psal.
1665 3202 1925 3254 cxxxvm,

352 3289 445 3358 8);
471 3287 612 3360 quod
635 3287 702 3341 ad
730 3287 924 3342 locum.
951 3283 1104 3352 Quod
1143 3292 1320 3338 autem
1364 3280 1428 3336 ad
1474 3279 1774 3336 faciendum
1803 3279 1927 3333 atti.

354 3389 466 3447 net,
507 3378 748 3435 fortassis
774 3377 842 3433 de
882 3377 997 3432 solo
1038 3376 1148 3430 Deo
1185 3373 1463 3429 verissime
1506 3371 1713 3428 dicatur
1742 3387 1754 3423 :
1782 3369 1950 3447 solus.

353 3471 498 3526 enim
524 3470 664 3524 Dens
690 3467 816 3524 facit
842 3475 896 3522 et
925 3467 1037 3536 ipse
1073 3480 1179 3520 non
1211 3467 1298 3531 lit,
1330 3477 1502 3533 neque
1535 3462 1734 3534 patitur
1761 3477 1929 3531 quan-

357 3573 468 3620 tum
495 3561 558 3616 ad
587 3561 700 3631 ejus
725 3560 1076 3615 substantiam
1109 3558 1336 3627 pertinet
1378 3569 1482 3624 qua
1522 3555 1664 3610 Deus
1691 3561 1792 3609 est.
1824 3553 1930 3606 Ita.

355 3669 460 3722 que
475 3652 810 3723 omnipotens
832 3650 1009 3716 Pater,
1028 3650 1360 3719 mnnipotens
1380 3646 1569 3712 Filius,
1591 3644 1931 3714 omnipotens

358 3743 589 3812 Spiritus
623 3751 838 3798 sanctus
862 3758 875 3794 ε
901 3756 999 3796 nec.
1029 3748 1205 3795 tamen
1236 3749 1346 3794 tres
1373 3737 1768 3806 omnipotentes
1790 3775 1803 3799 ,
1833 3734 1928 3789 sed

358 3850 496 3892 unus
515 3832 860 3904 Omnipotens
877 3875 892 3900 ,
919 3850 982 3887 ea:
1012 3847 1108 3899 quo
1143 3832 1313 3886 omnia
1335 3872 1347 3896 ,
1377 3847 1465 3899 per
1489 3845 1635 3898 quem
1659 3828 1848 3894 omnia,
1879 3827 1933 3880 in

357 3945 455 4000 quo
480 3928 669 3993 omnia;
690 3926 788 3998 ipsi
807 3925 970 3996 gloria
996 3924 1169 3997 (Rom.
1198 3939 1272 3988 ιι,
1292 3921 1406 3994 56).
1426 3920 1694 3991 Quidquid
1713 3935 1839 3988 ergo
1860 3918 1928 3973 ad

358 4036 419 4076 se
440 4020 612 4090 ipsum
638 4018 832 4074 dicitur
857 4018 1015 4081 Deus,
1052 4025 1106 4070 et
1132 4015 1200 4069 de
1227 4012 1450 4084 singulis
1476 4010 1720 4081 personis
1743 4010 1925 4079 singu-

362 4111 544 4166 lariter
567 4111 762 4167 dicitur
781 4113 821 4176 ί,
845 4109 897 4164 id
918 4114 1019 4171 est,
1045 4105 1113 4160 de
1137 4104 1314 4169 Patre,
1348 4110 1402 4158 et
1425 4101 1564 4157 Filio
1582 4141 1599 4165 ,
1638 4109 1692 4155 et
1725 4101 1923 4171 Spiritu

361 4210 568 4268 sancto,
588 4209 642 4256 et
665 4200 820 4257 simul
848 4199 916 4253 de
943 4197 1054 4268 ipsa
1079 4193 1358 4258 Trinitate,
1388 4207 1494 4247 non
1521 4191 1814 4262 pluraliter,
1837 4188 1932 4244 sed

362 4292 704 4363 singulariter
744 4289 958 4344 dicitur.
999 4283 1260 4352 Quoniam
1290 4281 1485 4354 quippe
1512 4295 1618 4335 non
1666 4279 1807 4333 aliud
1852 4286 1936 4332 est

365 4384 476 4438 Deo
499 4396 640 4448 esse,
666 4388 722 4436 et
744 4378 887 4434 aliud
913 4391 1159 4448 magnum
1184 4388 1324 4441 esse,
1347 4371 1440 4428 sed
1468 4371 1572 4427 hoc
1594 4370 1732 4425 idem
1758 4370 1832 4424 illi
1853 4378 1938 4425 est

364 4491 485 4533 esse
519 4473 661 4545 quod
698 4486 944 4544 magnum
969 4484 1090 4526 esse
1119 4485 1132 4522 :
1165 4475 1444 4537 pr0pterea
1487 4464 1626 4518 sicut
1667 4477 1771 4516 non
1803 4461 1936 4516 dici-

365 4585 484 4625 mus
498 4577 607 4625 tres
626 4566 904 4631 essentias,
927 4563 1005 4618 sic
1025 4575 1129 4616 non
1151 4558 1374 4614 dicimus
1396 4566 1506 4611 tres
1527 4553 1934 4624 magnitudines,

365 4660 461 4716 sed
488 4673 646 4715 unam
673 4656 957 4715 essentiam
988 4662 1043 4708 et
1070 4666 1229 4706 unam
1275 4645 1710 4718 magnitudinem.
1742 4644 1939 4698 Essen-

369 4754 494 4807 tiam
537 4751 678 4818 dico,
710 4764 828 4820 qua:
855 4753 989 4804 οὖσια
1021 4759 1194 4816 grzece
1230 4742 1442 4828 dicitur,
1493 4754 1649 4810 quam
1696 4737 1940 4793 usitatius

368 4843 716 4900 substantiam
745 4853 1020 4894 vocamus.

439 4935 529 4990 40'.
570 4932 759 4988 Dicunt
781 4928 994 4999 quidem
1023 4935 1076 4982 et
1113 4926 1187 4980 illi
1219 4921 1574 4995 ltypostasim;
1624 4919 1717 4974 sed
1765 4917 1945 4974 nescio

367 5024 494 5097 quid
523 5022 710 5078 volunt
731 5022 991 5076 interesse
1017 5017 1156 5072 inter
1188 5017 1354 5070 usiam
1379 5022 1434 5069 et
1471 5011 1796 5084 hypostasim
1830 5028 1842 5064 :
1873 5011 1944 5064 ita

371 5129 429 5172 ut
481 5115 720 5188 plerique
767 5112 931 5168 nostri
958 5110 1046 5180 qui
1074 5109 1188 5163 haec
1224 5121 1400 5177 graeco
1446 5113 1671 5160 tractant
1711 5103 1943 5174 eloquio,

369 5211 552 5266 dicere
576 5205 972 5269 consueverint,
1000 5211 1115 5270 μίαν
1132 5204 1310 5264 enotata,
1336 5213 1456 5268 τρεῖς
1483 5202 1778 5263 ὑποστάσεις,
1806 5194 1947 5266 quod

371 5310 455 5355 cst
477 5299 662 5365 latine,
689 5311 848 5353 unam
868 5293 1169 5356 essentiam,
1199 5297 1312 5344 tres
1337 5286 1678 5342 substantias.

440 5389 666 5446 CAPUT
713 5387 806 5442 IX.
847 5415 920 5428 ——
960 5383 1202 5438 Persona:
1247 5388 1347 5434 tres
1384 5394 1484 5432 non
1533 5376 1736 5447 proprie
1779 5376 1946 5428 dictw.

373 5483 477 5541 Sed
502 5482 624 5553 quia
653 5489 832 5537 nostra
857 5475 1104 5549 loquendi
1132 5470 1464 5529 consuetudo
1482 5471 1592 5540 jam
1615 5469 1872 5531 obtinuit,
1897 5475 1953 5522 ut

377 5574 480 5630 hoc
527 5573 850 5644 intelligatur
890 5584 1012 5626 cum
1046 5566 1272 5622 dicimus
1295 5563 1598 5627 essentiam,
1625 5560 1764 5631 quod
1795 5559 1951 5614 intel-

379 5706 460 5819 ὦ
491 5705 658 5757 t’lures
700 5711 805 5755 Mss.
828 5737 843 5764 ,
891 5697 1108 5754 similiter
1163 5696 1357 5753 dicitur.
1409 5692 1626 5746 Nunnulli
1647 5728 1662 5752 ,
1708 5701 1779 5743 ter
1825 5692 1952 5744 dici-

1673 320 1881 381 οιιΒΕιι
1916 316 2229 386 QUINTUS.

3496 327 3600 396 (διε

2024 437 2202 508 ligitur
2267 455 2386 496 cum
2459 443 2682 502 dicimus
2736 449 3083 507 substantiam
3131 472 3142 507 :
3191 470 3295 510 non
3350 457 3604 514 audemus

2023 533 2200 588 dicere
2231 551 2388 590 unam
2412 539 2696 596 essentiam
2741 550 2848 596 tres
2890 544 3246 611 substantias;
3300 549 3393 603 sed
3443 566 3598 606 unam

2024 627 2309 682 essentiam
2353 630 2435 684 vel
2492 632 2873 693 substantiam.
2932 645 3035 690 tres
3085 650 3260 695 autem
3311 657 3597 710 personas;

2025 719 2474 786 quemadmodum
2539 724 2686 778 multi
2763 726 2936 782 Latini
3010 730 3107 784 ista
3195 741 3482 790 tractantes
3550 746 3602 791 et

2025 809 2168 880 digni
2193 813 2506 869 auctoritate
2536 817 2800 885 dixerunt,
2828 835 2948 876 cum
2991 822 3152 876 alium
3187 825 3397 880 modum
3427 829 3598 898 aptio-

2025 918 2138 958 rem
2165 920 2268 959 non
2295 905 2612 975 invenirent,
2636 924 2740 979 quo
2765 914 3100 968 enuntiarent
3120 917 3294 972 verbis
3317 919 3456 988 quod
3487 923 3602 976 sine

2025 993 2202 1050 verbis
2231 994 2614 1066 intelligebant.
2641 999 2844 1056 Revera
2874 1004 3012 1057 enim
3044 1019 3160 1058 cum
3193 1007 3347 1062 Pater
3383 1025 3486 1064 non
3533 1011 3604 1064 sit

2025 1085 2192 1140 Filius
2213 1127 2230 1151 ,
2258 1096 2312 1141 et
2358 1087 2523 1143 Filius
2552 1104 2655 1144 non
2705 1092 2774 1145 sit
2805 1094 2978 1157 Pater,
3007 1105 3060 1149 et
3107 1097 3338 1167 Spiritus
3385 1109 3606 1156 sanctus

2025 1176 2116 1232 ille
2145 1179 2232 1248 qui
2268 1178 2426 1234 etiam
2471 1179 2667 1235 donum
2701 1182 2794 1236 Dei
2824 1194 3058 1249 vocatur,
3105 1204 3201 1242 nec
3226 1189 3381 1244 Pater
3405 1190 3474 1244 sit
3504 1205 3602 1244 nec

2027 1268 2213 1336 Filius,
2259 1281 2368 1325 tres
2412 1272 2591 1341 utique
2638 1282 2778 1326 sunt.
2837 1275 3061 1346 Ideoque
3105 1279 3378 1348 pluraliter
3403 1281 3598 1334 dictum

2026 1368 2125 1424 est,
2149 1359 2260 1429 Ego
2281 1371 2328 1416 et
2355 1361 2508 1416 Pater
2533 1381 2686 1417 mium
2711 1382 2882 1420 smnus
2911 1366 3066 1435 (Joan
3103 1385 3158 1432 x,
3186 1368 3297 1441 50).
3320 1370 3434 1424 Non
3459 1372 3600 1427 enim

2026 1450 2176 1515 dixit,
2206 1451 2382 1508 Unum
2410 1462 2523 1517 est,
2553 1456 2692 1524 quod
2738 1457 3022 1513 Sabelliani
3050 1461 3264 1524 dicunt;
3295 1463 3410 1528 sed,
3443 1479 3600 1516 unum

2026 1557 2215 1596 sumus.
2232 1543 2432 1598 Tamen
2451 1560 2568 1599 eum
2587 1547 2841 1614 qumritur
2866 1549 2991 1618 quid
3014 1560 3142 1616 tres,
3166 1568 3352 1621 magna
3381 1569 3599 1623 prorsus

2028 1633 2200 1703 inopia
2221 1635 2506 1690 humanum
2535 1637 2736 1692 laborat
2757 1639 3046 1709 eloquium.
3071 1643 3271 1696 Dictmn
3299 1651 3382 1697 est
3400 1653 3598 1705 tamen,

2027 1723 2160 1779 Tres
2177 1742 2554 1794 personcemon
2575 1737 2630 1781 ut
2646 1728 2776 1782 illud
2804 1729 3087 1796 diceretur,
3111 1731 3202 1786 sed
3230 1749 3295 1787 ne
3317 1743 3599 1790 taceretur.

2097 1816 2322 1872 CAPUT
2344 1817 2412 1872 X.
2436 1850 2509 1860 —-
2537 1821 2622 1874 il.
2654 1820 2780 1885 Quae
2811 1820 2919 1876 Deo
2959 1823 3185 1877 absolute
3222 1825 3517 1878 conveniunt
3549 1835 3604 1878 ut

2026 1910 2256 1973 essentia,
2288 1910 2350 1964 de
2373 1909 2622 1966 Trinitate
2649 1912 2971 1983 singulariter
3012 1915 3266 1978 dicuntur,
3297 1933 3396 1970 non
3425 1915 3603 1985 plura-

2030 1998 2160 2054 liter.
2203 2001 2354 2058 Sicut
2379 2018 2506 2074 ergo
2533 2019 2636 2058 non
2672 2005 2898 2061 dicimus
2930 2017 3037 2062 tres
3064 2009 3355 2072 essentias;
3399 2011 3468 2064 ita
3496 2025 3599 2064 non

2027 2091 2250 2146 dicimus
2281 2102 2388 2148 tres
2431 2096 2846 2165 magnitudines,
2879 2115 3050 2169 neque
3093 2106 3202 2153 tres
3248 2115 3485 2169 magnos.
3543 2101 3598 2154 In

2028 2182 2187 2238 rebus
2215 2187 2355 2238 enim
2387 2201 2504 2255 qua:
2539 2189 2941 2258 participatione
2983 2191 3357 2260 magnitudinis
3395 2208 3602 2262 magna:

2029 2285 2172 2342 sunt,
2202 2277 2393 2347 quibus
2431 2288 2513 2334 est
2535 2280 2677 2335 aliud
2703 2295 2822 2336 esse
2843 2323 2856 2346 ,
2888 2283 3028 2336 aliud
3058 2297 3273 2352 magnas
3299 2298 3437 2345 esse,
3466 2283 3602 2338 sicut

2027 2382 2216 2436 magna
2245 2369 2456 2436 domus,
2493 2380 2547 2425 et
2580 2387 2800 2443 magnus
2830 2389 3002 2442 mons,
3034 2385 3086 2429 et
3112 2390 3332 2445 magnus
3359 2376 3599 2438 animus;

2029 2459 2082 2514 in
2114 2459 2196 2514 bis
2226 2476 2352 2531 ergo
2379 2461 2538 2517 rebus
2565 2464 2706 2518 aliud
2735 2474 2814 2519 est
2845 2466 3171 2536 magnitudo,
3200 2467 3340 2520 aliud
3370 2466 3509 2536 quod
3535 2466 3602 2520 ab

2028 2564 2093 2607 ea
2119 2553 2479 2621 magnitudine
2510 2569 2754 2624 magnum
2783 2564 2884 2620 est,
2911 2565 2964 2610 et
2992 2544 3207 2624 prorsus
3248 2571 3352 2610 non
3398 2556 3496 2610 hoc
3521 2565 3603 2611 est

2029 2644 2337 2714 magnitudo
2374 2645 2512 2716 quod
2543 2655 2626 2702 est
2651 2662 2838 2716 magna
2866 2647 3076 2702 domus.
3107 2647 3210 2703 Sed
3250 2648 3337 2704 illa
3369 2657 3445 2702 est
3478 2663 3598 2702 vera

2030 2735 2368 2805 magnitudo,
2417 2752 2519 2806 qua
2562 2752 2666 2793 non
2705 2738 2876 2792 solum
2917 2754 3104 2808 magna
3139 2749 3220 2794 est
3257 2738 3443 2793 domus
3483 2754 3601 2807 qua:

2030 2840 2221 2896 magna
2249 2834 2350 2894 est,
2377 2836 2430 2883 et
2458 2843 2558 2898 qua
2581 2843 2798 2898 magnus
2827 2838 2911 2884 est
2936 2845 3088 2884 mons
3112 2829 3349 2899 quisquis
3382 2845 3602 2899 magnus

2033 2925 2147 2983 est;
2185 2917 2278 2973 sed
2311 2919 2469 2972 etiam
2501 2936 2601 2985 qua
2633 2935 2880 2990 magnum
2914 2930 2996 2975 est
3024 2919 3276 2992 quidquid
3318 2919 3458 2973 aliud
3493 2935 3604 2973 ma-

2029 3023 2191 3078 gnum
2221 3007 2416 3062 dicitur
2446 3027 2458 3063 :
2489 3018 2539 3062 ut
2568 3009 2708 3063 aliud
2735 3009 2804 3064 sit
2849 3009 2960 3078 ipsa
3005 3008 3312 3080 magnitudo
3331 3049 3345 3074 ,
3375 3008 3516 3062 aliud
3540 3023 3600 3062 ea

2032 3116 2151 3169 qua:
2181 3101 2248 3155 ab
2275 3101 2363 3154 illa
2404 3116 2594 3172 magna
2622 3101 2888 3156 dicuntur.
2932 3101 3062 3170 Qua:
3095 3101 3398 3171 magnitudo
3424 3100 3602 3169 utique

2033 3193 2275 3263 primitus
2318 3209 2507 3265 magna
2533 3203 2632 3262 est,
2673 3195 2944 3264 multoque
2972 3192 3324 3250 excellentius
3359 3208 3515 3263 quam
3542 3207 3604 3246 ea

2031 3303 2149 3358 qua:
2177 3288 2580 3358 participatione
2604 3287 2719 3358 ejus
2748 3303 2935 3357 magna
2955 3295 3098 3342 sunt.
3128 3287 3265 3341 Deus
3284 3295 3458 3340 autem
3483 3285 3604 3353 quia

2033 3395 2138 3436 non
2165 3397 2226 3436 ea
2267 3380 2630 3451 magnitudine
2675 3395 2895 3450 magnus
2932 3388 3015 3434 est
3051 3394 3167 3448 qum
3208 3393 3313 3431 non
3343 3385 3425 3432 est
3463 3374 3605 3445 quod

2032 3480 2115 3528 est
2138 3473 2267 3540 ipse,
2301 3479 2356 3525 ut
2379 3472 2526 3541 quasi
2557 3472 2816 3540 particeps
2843 3471 2956 3539 ejus
2979 3470 3048 3523 sit
3077 3470 3212 3523 Deus
3238 3483 3356 3523 cum
3384 3482 3607 3537 magnus

2033 3571 2143 3624 est;
2172 3561 2407 3630 alioquin
2452 3561 2537 3614 illa
2574 3562 2676 3615 erit
2717 3561 2885 3627 major
2925 3559 3232 3629 magnitudo
3258 3573 3414 3627 quam
3441 3556 3602 3621 Deus,

2037 3653 2146 3706 Deo
2164 3662 2339 3707 autem
2369 3667 2473 3706 non
2504 3662 2582 3706 est
2608 3651 2803 3720 aliquid
2829 3651 3000 3719 majus
3029 3665 3044 3702 :
3071 3665 3132 3704 ea
3171 3650 3324 3718 igitur
3351 3648 3609 3715 magnitu-‘

2035 3742 2160 3796 dine
2205 3757 2426 3812 magnus
2453 3750 2536 3797 est
2563 3756 2662 3810 qua
2694 3742 2806 3811 ipse
2849 3749 2933 3796 est
2972 3739 3160 3796 eadem
3190 3737 3512 3810 magnitudo.
3542 3737 3607 3792 Et

2036 3833 2156 3888 ideo
2185 3834 2323 3888 sicut
2370 3848 2473 3888 non
2514 3832 2740 3887 dicimus
2772 3839 2879 3885 tres
2925 3831 3202 3892 essentias,
3228 3830 3327 3906 sic
3362 3843 3460 3882 nec
3501 3836 3608 3882 tres

2036 3924 2428 3996 magnitudines
2461 3941 2472 3976 :
2502 3923 2604 3978 hoc
2637 3931 2720 3977 est
2751 3922 2891 3976 enim
2915 3921 3024 3976 Deo
3050 3936 3189 3988 esse,
3219 3919 3359 3989 quod
3386 3927 3468 3973 est
3493 3932 3608 3971 ma-

2035 4033 2198 4090 gnum
2227 4032 2364 4072 esse.
2397 4016 2594 4070 Eadem
2640 4028 2797 4068 causa
2843 4028 2943 4068 nec
2986 4027 3202 4082 magnos
3229 4019 3338 4066 tres
3363 4009 3607 4075 dicimus,

2039 4109 2131 4164 sed
2157 4123 2319 4162 unum
2365 4121 2612 4176 magnum
2639 4122 2652 4157 :
2685 4104 2807 4174 quia
2852 4119 2954 4156 non
2986 4101 3384 4172 participatione
3411 4097 3616 4169 magni-

2041 4198 2238 4252 tudinis
2262 4198 2400 4252 Deus
2430 4209 2650 4264 magnus
2677 4201 2776 4258 est,
2811 4193 2903 4247 sed
2929 4208 2988 4248 se
3030 4193 3146 4260 ipso
3171 4206 3363 4261 magno
3387 4204 3610 4259 magnus

2041 4297 2148 4351 est;
2179 4289 2299 4358 quia
2322 4288 2434 4357 ipse
2465 4301 2557 4341 sua
2582 4297 2664 4340 est
2689 4284 3014 4354 magnitudo.
3039 4283 3150 4337 Hoc
3174 4291 3227 4336 et
3248 4281 3315 4337 de
3355 4281 3610 4346 bonitate,

2041 4385 2185 4440 etde
2205 4383 2520 4447 :cternitate,
2548 4389 2603 4436 et
2644 4379 2711 4435 de
2748 4378 3130 4448 omnipotentia
3160 4376 3253 4431 Dei
3297 4375 3490 4431 dictum
3517 4372 3608 4438 sit,

2043 4476 2394 4544 omnibusque
2418 4473 2636 4527 omnino
2664 4469 3086 4541 prmdicamentis
3114 4483 3229 4538 qua:
3258 4466 3325 4521 de
3353 4466 3462 4521 Deo
3489 4477 3614 4533 pos-

2045 4575 2168 4622 sunt
2219 4565 2566 4636 pronuntiari,
2613 4563 2753 4634 quod
2803 4561 2870 4616 ad
2920 4575 2981 4616 se
3025 4561 3197 4629 ipsum
3248 4557 3460 4622 dicitur,
3508 4569 3614 4609 non

2048 4660 2297 4714 translate
2322 4672 2384 4712 ac
2403 4672 2499 4727 per
2523 4653 2943 4718 similitudinem,
2967 4652 3059 4708 sed
3085 4649 3300 4722 proprie
3330 4667 3341 4701 :
3373 4648 3414 4702 si
3437 4657 3610 4701 tamen

2045 4753 2112 4807 de
2139 4753 2228 4804 illo
2257 4750 2468 4819 pr.0prie
2495 4748 2691 4818 aliquid
2719 4746 2821 4801 diei
2844 4760 2937 4800 ore
2964 4743 3194 4798 hominis
3221 4749 3410 4811 potest.

2117 4840 2340 4896 CAPUT
2371 4837 2463 4894 XI.
2490 4837 2672 4892 -12.
2707 4836 2844 4901 Quid
2877 4836 2930 4888 in
2962 4833 3204 4887 Trinitate
3243 4830 3446 4884 relative
3479 4827 3617 4880 dica-

2049 4945 2148 4988 tur.
2174 4931 2324 5001 Quod
2356 4935 2372 4964 ¹
2401 4939 2577 4986 autem
2600 4928 2813 4999 prolirie
2833 4926 3034 4995 singula
3059 4925 3124 4978 in.
3145 4921 3327 4978 eadem
3361 4919 3618 4974 Trinitate

2050 5025 2316 5090 dicuntur,
2341 5023 2488 5076 nullo
2514 5019 2672 5075 modo
2695 5018 2763 5072 ad
2788 5032 2846 5072 se
2872 5017 3002 5084 ipsa,
3032 5013 3122 5068 sed
3148 5013 3213 5066 ad
3256 5011 3516 5076 invicem,
3531 5019 3622 5062 aut

2051 5118 2116 5172 ad
2156 5125 2451 5172 creaturam
2493 5114 2771 5176 dicuntur;
2801 5118 2860 5166 et-
2897 5097 3018 5163 ideo
3058 5107 3273 5161 relative
3297 5147 3310 5168 ,
3355 5118 3462 5158 non
3497 5102 3621 5155 sub-

2053 5209 2368 5266 stantialiter
2391 5222 2452 5262 ea
2481 5205 2584 5260 dici
2615 5201 2948 5258 manifestum
2995 5207 3093 5253 est.
3142 5196 3288 5252 Sicut
3327 5194 3468 5250 enim
3497 5191 3620 5248 Trio

2054 5302 2194 5356 nitas
2237 5314 2373 5354 unus
2405 5298 2546 5352 Dens
2591 5295 2801 5360 dicitur,
2844 5305 3085 5361 magnus,
3129 5287 3321 5353 bonus,
3370 5293 3634 5344 aeternus,

2055 5393 2413 5462 (nnnipotens,
2447 5389 2691 5455 idemque
2717 5385 2829 5453 ipse
2852 5397 2946 5437 sua
2973 5381 3048 5434 sic
3073 5379 3174 5434 dici
3207 5385 3381 5448 potest
3419 5373 3620 5434 deitas,

2058 5484 2169 5552 ipse
2198 5497 2290 5536 sua
2317 5477 2641 5548 magnitudo,
2690 5473 2803 5544 ipse
2831 5486 2923 5526 sua
2943 5471 3170 5536 bonitas,
3216 5468 3328 5537 ipse
3353 5479 3446 5520 sua
3473 5471 3625 5517 mter-

2059 5551 2215 5639 nitas,
2247 5573 2360 5640 ipse
2379 5583 2474 5623 sua
2497 5563 2876 5636 omnipotentia
2908 5578 2922 5616 :
2952 5578 3056 5618 non
3085 5560 3161 5617 sic
3189 5564 3362 5631 potest
3384 5554 3486 5612 dici
3511 5551 3624 5607 Tri-

2128 5752 2142 5781 ι
2171 5748 2275 5796 Solit
2296 5746 2402 5796 fere
2425 5744 2570 5795 editio
2587 5749 2717 5802 t.ov.,
2739 5751 2867 5799 oua.
