4076 6456
472 466 611 520 nitas
637 463 812 529 Pater,
835 460 937 517 nisi
970 460 1102 516 forte
1137 458 1387 514 translate
1409 455 1473 510 ad
1512 463 1808 510 creaturam
1838 456 2055 521 propter

472 555 811 626 adoptionem
840 554 1086 611 Iiliorum.
1119 549 1271 619 Quod
1299 549 1440 604 enim
1478 547 1733 616 scriptum
1762 552 1867 607 est,
1895 538 2053 604 Audi,

472 646 674 711 Israel;
704 645 955 701 Dominus
999 644 1136 698 Deus
1161 652 1292 704 tuus,
1323 639 1570 695 Dominus
1595 654 1727 691 unus
1757 644 1829 690 est
1856 634 1874 706 (
1900 632 2053 686 Deut.

474 757 550 805 vt.
583 743 673 812 4),
708 755 812 795 non
842 740 1022 809 utique
1045 745 1269 806 excepto
1298 734 1454 801 Filio,
1485 741 1580 788 aut
1604 740 1829 801 excepto
1854 728 2057 799 Spiritu

471 841 661 887 sancto
691 838 901 900 Oportet
928 827 1167 898 intelligi,
1195 841 1353 897 quem
1383 840 1547 879 unum
1572 822 1857 879 Dominum
1887 820 2054 877 Deum

471 930 711 978 nostrum
736 929 878 977 recte
898 919 1120 975 dicimus
1146 917 1304 972 etiam
1328 925 1531 986 patrem
1560 922 1798 968 nostrum
1820 926 1915 983 per
1934 925 2057 979 gra-

472 1013 599 1066 tiam
640 1026 795 1066 suam
822 1026 917 1066 nos
947 1017 1372 1080 regenerantem.
1416 1005 1648 1061 Trinitas
1671 1012 1849 1059 autem
1890 1001 2055 1057 Filius

469 1103 620 1159 nullo
651 1103 808 1160 modo
839 1103 941 1158 dici
971 1110 1163 1172 potest.
1196 1100 1425 1171 Spiritus
1449 1112 1578 1153 vero
1616 1104 1831 1152 sanctus
1858 1108 2052 1149 secun-

470 1196 597 1252 dum
647 1196 699 1251 id
728 1196 868 1267 quod
897 1196 1149 1265 scriptum
1178 1202 1277 1257 est,
1310 1192 1560 1260 Quoniam
1588 1190 1723 1243 Deus
1746 1188 1953 1257 spiritus
1982 1194 2055 1240 est

472 1286 652 1360 (Jama
681 1302 757 1351 tv,
792 1285 879 1357 24)
904 1327 918 1351 ,
951 1294 1127 1356 p0test
1146 1284 1359 1355 quidem
1389 1281 1757 1337 universaliter
1780 1278 1908 1342 dici,
1931 1277 2055 1347 quia

472 1388 532 1434 et
551 1378 711 1434 Pater
738 1377 955 1447 spiritus
982 1387 1035 1432 et
1074 1377 1239 1431 Filius
1268 1375 1506 1444 spiritus,
1556 1381 1611 1427 et
1654 1372 1810 1427 Pater
1837 1376 2056 1424 sanctus

473 1480 526 1525 et
554 1470 719 1525 Filius
749 1477 980 1524 sanctus.
1019 1468 1199 1538 Itaque
1232 1468 1406 1529 Pater,
1440 1475 1493 1520 et
1518 1465 1705 1530 Filius,
1736 1471 1791 1517 et
1827 1460 2055 1531 Spiritus

474 1572 711 1629 sanctus,
737 1562 990 1633 quoniam
1018 1576 1155 1615 unus
1184 1560 1344 1624 Deus,
1385 1567 1440 1612 et
1466 1557 1647 1626 utique
1676 1555 1814 1609 Deus
1840 1561 2056 1607 sanctus

472 1661 576 1720 cst,
605 1662 658 1707 et
684 1653 824 1708 Deus
861 1652 1080 1721 Spiritus
1104 1660 1205 1713 est,
1252 1657 1425 1718 potest
1467 1645 1719 1716 appellari
1746 1643 1976 1698 Trinitas
2001 1648 2057 1697 et

471 1744 699 1815 Spiritus
741 1752 977 1798 sanctus.
1012 1740 1117 1796 Sed
1146 1750 1320 1794 tamen
1352 1739 1439 1793 ille
1480 1737 1707 1806 Spiritus
1733 1742 1948 1789 sanctus
1965 1731 2056 1802 qui

472 1850 580 1890 non
606 1834 859 1899 Trinitas,
889 1832 981 1888 sed
1005 1833 1054 1887 iu
1079 1832 1337 1887 Trinitate
1363 1830 1693 1899 intelligitur,
1736 1828 1789 1881 in
1819 1843 1884 1881 eo
1913 1824 2054 1895 quod

474 1924 690 1995 preprie
716 1924 910 1979 dicitur
936 1922 1164 1993 Spiritus
1191 1930 1427 1988 sanctus,
1457 1919 1678 1975 relative
1698 1918 1910 1983 dicitur,
1933 1930 2052 1970 eum

474 2027 530 2072 et
548 2015 614 2071 ad
643 2016 850 2071 Patrem
877 2024 933 2071 et
956 2015 1020 2069 ad
1049 2015 1240 2069 Filium
1268 2012 1518 2076 refertur,
1543 2012 1661 2082 quia
1684 2009 1913 2081 Spiritus
1928 2024 2054 2062 san-

473 2117 589 2163 etus
611 2120 658 2163 et
690 2108 859 2162 Patris
881 2116 934 2163 et
951 2107 1066 2161 Filii
1092 2106 1319 2177 Spiritus
1337 2114 1439 2161 est.
1467 2104 1571 2160 Sed
1603 2105 1717 2174 ipsa
1740 2103 1928 2157 relatio
1950 2115 2055 2156 non

473 2208 695 2269 apparet
730 2200 782 2254 in
817 2199 918 2255 hoc
946 2200 1190 2265 nomine;
1222 2206 1443 2270 apparet
1487 2209 1663 2252 autem
1703 2212 1823 2251 cum
1865 2194 2056 2249 dicitur

472 2294 671 2348 donum
700 2291 793 2347 Dei
828 2292 962 2363 (Act.
986 2308 1098 2355 VIII,
1125 2291 1218 2362 20)
1250 2309 1262 2344 :
1293 2290 1490 2346 donum
1530 2290 1667 2344 enim
1698 2299 1781 2343 est
1806 2287 1977 2341 Patris
2003 2294 2058 2341 et

473 2384 615 2450 Filii,
642 2386 765 2455 quia
798 2394 852 2440 et
886 2402 919 2439 a
944 2383 1102 2438 Patre
1139 2385 1361 2455 procedit
1394 2384 1412 2454 (
1441 2383 1594 2436 Joan.
1630 2398 1712 2446 xv,
1741 2380 1811 2435 ‘16
1841 2382 1880 2451 ),
1921 2380 2057 2434 sicut

475 2474 740 2531 Dominus
760 2474 922 2540 dicit;
960 2483 1014 2529 et
1040 2474 1179 2544 quod
1209 2474 1498 2544 Apostolus
1538 2472 1633 2536 ait,
1668 2472 1765 2538 Qui
1804 2470 2057 2539 Spiritum

476 2567 666 2622 Christi
712 2584 812 2622 non
851 2554 1025 2635 habet,
1050 2567 1129 2620 hic
1153 2583 1253 2621 non
1288 2576 1359 2620 est
1401 2567 1511 2636 ejus
1538 2564 1712 2637 (Rom.
1740 2579 1855 2629 vut,
1885 2559 1961 2633 9),
1990 2561 2058 2617 de

476 2660 592 2728 ipso
620 2660 800 2730 utique
823 2668 1007 2714 saneto
1027 2658 1227 2728 Spiritu
1252 2658 1345 2712 ait.
1379 2657 1587 2712 Donum
1616 2670 1743 2725 ergo
1761 2653 2053 2716 donatoris,

474 2760 529 2804 et
553 2751 779 2807 donator
806 2750 953 2816 doni,
982 2765 1101 2805 eum
1142 2749 1367 2804 dicimus
1389 2788 1402 2811 ,
1433 2747 1653 2802 relative
1679 2753 1962 2814 utrumque
1990 2742 2057 2798 ad

476 2842 707 2896 invicem
736 2840 977 2895 dicimus.
1003 2840 1144 2910 Ergo
1168 2839 1394 2909 Spiritus
1421 2846 1636 2892 sanctus
1665 2833 1946 2889 ineliabilis
1977 2839 2059 2887 est

474 2930 716 2999 quaedam
745 2930 915 2985 Patris
946 2930 1166 2998 Filiique
1191 2927 1522 2993 communio;
1541 2925 1724 2981 etideo
1742 2925 1966 2978 fortasse
1981 2922 2060 2976 sic

475 3021 795 3090 appellatur,
834 3020 952 3090 quia
968 3019 1109 3074 Patri
1140 3028 1194 3074 et
1213 3018 1345 3072 Filio
1371 3025 1543 3087 potest
1574 3015 1760 3070 eadem
1776 3013 2061 3086 appellatio

475 3112 784 3166 convenire.
820 3110 951 3164 Nam
1007 3109 1109 3164 hoc
1158 3110 1271 3178 ipse
1302 3108 1517 3178 preprie
1557 3107 1781 3171 dicitur,
1814 3104 1953 3175 quod
1982 3104 2059 3159 illi

475 3202 828 3256 communiter
857 3217 869 3253 :
900 3200 1018 3271 quia
1048 3210 1101 3253 et
1131 3200 1289 3253 Pater
1314 3199 1533 3267 spiritus
1558 3206 1612 3252 et
1632 3197 1797 3251 Filius
1822 3195 2055 3265 spiritus,

476 3301 530 3347 ot
557 3292 712 3346 Pater
731 3299 947 3346 sanctus
977 3298 1031 3344 et
1052 3290 1215 3344 Filius
1245 3298 1479 3344 sanctus.
1509 3286 1579 3343 Ut
1606 3301 1733 3356 ergo
1759 3302 1824 3341 ex
1847 3285 2061 3340 nomine

476 3384 618 3454 quod
645 3384 853 3454 utrique
870 3382 1139 3448 convenit,
1172 3381 1450 3450 utriusque
1477 3378 1781 3434 communio
1806 3376 2063 3448 signiﬁce-

476 3488 583 3541 tur,
631 3487 849 3532 vocatur
890 3476 1088 3532 donum
1136 3474 1415 3529 amborum
1461 3471 1689 3542 Spiritus
1728 3478 1964 3525 sanctus.
1994 3469 2064 3523 Et

476 3568 591 3622 lucc
646 3568 878 3623 Trinitas
928 3582 1068 3622 unus
1119 3566 1279 3633 Deus,
1335 3565 1502 3632 solus,
1559 3563 1765 3627 bonus,
1817 3576 2059 3633 magnus,

477 3670 709 3715 :eternus
729 3703 743 3728 ,
769 3660 1108 3731 omnipotens
1138 3676 1155 3713 ε
1188 3660 1301 3730 ipse
1337 3658 1439 3714 sibi
1470 3657 1673 3723 unitas,
1705 3655 1877 3717 deitas
1901 3695 1916 3719 ,
1946 3670 2063 3710 ma-

476 3750 714 3822 gnitudo,
740 3750 968 3815 bonitas,
1002 3758 1292 3816 mternttas,
1321 3747 1728 3819 omnipotentia.

553 3841 779 3897 CAPUT
826 3840 939 3896 XII.
983 3872 1055 3881 —
1106 3841 1190 3895 I5.
1226 3838 1293 3893 In
1319 3839 1537 3892 relutivis
1580 3838 1767 3891 mutuis
1814 3835 2064 3890 interdum

485 3937 656 3993 desunt
684 3933 942 3987 vocabula.
975 3932 1082 3992 Nec
1110 3946 1325 3986 movere
1350 3929 1525 3993 debet,
1555 3928 1805 3999 quoniam
1835 3926 2065 3980 diximus

477 4024 699 4083 relative
725 4023 828 4079 dici
855 4022 1106 4093 Spiritum
1131 4030 1391 4085 sanetum,
1411 4035 1515 4074 non
1539 4020 1707 4087 ipsam
1727 4017 2064 4081 Trinitatem,

374 4101 393 4174 ξ
483 4115 574 4172 sed
623 4128 746 4169 eum
791 4114 880 4184 qui
918 4122 1001 4173 est
1048 4114 1098 4166 in
1130 4112 1409 4175 Trinitate,
1448 4110 1570 4180 quia
1618 4124 1726 4163 non
1772 4109 1820 4163 ei
1858 4107 2067 4161 videtur

486 4205 713 4260 vicissim
740 4203 1067 4273 respondere
1112 4201 1428 4257 vocabulum
1455 4199 1570 4268 ejus
1597 4198 1664 4253 ad
1691 4213 1846 4268 quem
1895 4196 2065 4253 refer-

389 4302 398 4349 ἑ
480 4304 589 4349 tur.
622 4293 738 4349 Non
768 4293 908 4348 enim
929 4335 942 4359 ,
971 4293 1111 4346 sicut
1139 4292 1365 4346 dicimus
1393 4304 1605 4345 servum
1647 4288 1849 4342 domini
1888 4296 1942 4343 et
1972 4288 2068 4342 do-

390 4434 397 4461 ξ
483 4386 686 4441 minum
715 4384 876 4449 servi,
920 4382 1084 4437 ﬁlium
1136 4383 1301 4452 patris
1329 4390 1382 4437 et
1425 4389 1626 4450 patrem
1658 4379 1786 4445 lilii,
1816 4380 2065 4450 quoniam

390 4470 396 4551 ξ
479 4479 582 4533 ista
613 4475 833 4530 relative
866 4473 1140 4539 dicuntur,
1166 4473 1234 4527 ita
1262 4472 1419 4526 etiam
1440 4470 1527 4525 hic
1555 4485 1839 4540 possumus
1867 4470 2064 4525 dicere.

384 4558 395 4623 ί
481 4567 724 4623 Dicimus
764 4565 905 4621 enim
932 4565 1188 4633 Spiritum
1230 4570 1471 4617 sanctum
1498 4562 1690 4626 Patris,
1722 4560 1817 4616 sed
1846 4576 1951 4614 non
1992 4560 2070 4614 vi-

481 4659 665 4715 cissim
693 4657 917 4713 dicimus
962 4656 1173 4711 Patrem
1202 4652 1428 4724 Spiritus
1470 4651 1661 4717 sancti,
1691 4667 1759 4706 ne
1783 4651 1923 4706 ﬁlius
1952 4654 2069 4721 ejus

484 4750 810 4820 intelligatur
839 4746 1067 4818 Spiritus
1110 4754 1341 4801 sanctus.
1385 4744 1517 4798 Item
1560 4741 1791 4811 dicimus.
1815 4741 2068 4811 Spiritum

485 4851 727 4896 sanctum
760 4840 898 4906 Filii,
935 4838 1028 4893 sed
1057 4853 1159 4893 non
1177 4837 1401 4892 dicimus
1416 4835 1607 4890 Filium
1632 4834 1858 4903 Spiritus
1875 4834 2063 4898 sancti,

486 4946 556 4987 ne
602 4941 752 5001 pater
787 4931 906 5002 ejus
934 4929 1259 4999 intelligatur
1283 4927 1510 4997 Spiritus
1538 4934 1773 4981 sanctus.
1804 4924 1861 4978 In
1890 4925 2069 4978 multis

488 5024 629 5080 enim
658 5024 894 5079 relativis
922 5022 1024 5076 hoc
1052 5019 1328 5090 contingit,
1362 5026 1419 5072 ut
1456 5032 1561 5070 non
1591 5015 1890 5070 inveniatur
1911 5028 2068 5068 voca-

490 5117 693 5181 bulum,
723 5130 829 5187 quo
849 5114 949 5169 sibi
980 5114 1211 5168 vicissim
1242 5108 1597 5179 respondeant
1626 5121 1743 5177 quae
1786 5105 1852 5159 ad
1901 5120 1958 5159 se
1989 5120 2073 5159 re-

489 5206 753 5261 feruntur.
780 5203 915 5271 Quid
955 5203 1096 5257 enim
1143 5210 1249 5255 tam
1293 5197 1574 5253 manifeste
1615 5195 1834 5252 relative
1874 5194 2069 5250 dicitur

491 5310 649 5365 quam
680 5294 912 5364 pignus?
934 5291 1015 5346 Ad
1046 5291 1097 5345 id
1122 5292 1315 5361 quippe
1342 5288 1570 5344 refertur
1588 5286 1738 5355 cujus
1760 5293 1845 5340 est
1862 5285 2068 5355 pignus,

491 5394 547 5438 et
574 5399 784 5452 semper
812 5384 998 5453 pignus
1041 5383 1264 5450 alicujus
1311 5381 1386 5435 rei
1426 5380 1614 5449 pignus
1644 5386 1743 5431 est.
1775 5375 1911 5430 Num
1946 5390 2072 5445 ergo

492 5488 614 5527 cum
644 5474 867 5528 dicimus
904 5475 1091 5543 pignus
1120 5473 1291 5528 Patris
1320 5482 1375 5526 et
1402 5469 1519 5525 Filii
1563 5469 1581 5539 (
1609 5469 1651 5523 II
1682 5468 1798 5522 Cor.
1831 5483 1896 5533 v,
1927 5467 1959 5521 5
1983 5508 1995 5531 ,
2027 5476 2074 5520 et

494 5564 683 5636 Ephes.
718 5581 754 5631 I,
783 5566 849 5620 14
871 5568 897 5637 )
916 5607 930 5630 ,
974 5580 1254 5635 possumus
1282 5563 1518 5619 vicissim
1546 5561 1726 5617 dicere
1754 5560 1963 5615 Patrem
1992 5560 2072 5629 pi-

494 5654 676 5725 gnoris
716 5664 807 5710 aut
844 5655 1035 5710 Filium
1082 5654 1350 5725 pignoris?
1392 5654 1462 5707 At
1512 5665 1640 5706 vero
1686 5665 1807 5705 cum
1850 5649 2075 5704 dicimus

497 5749 697 5807 donum
744 5748 917 5807 Patris
941 5756 993 5805 et
1019 5748 1159 5817 Filii,
1193 5762 1296 5803 non
1332 5745 1541 5818 quidem
1580 5743 1757 5799 dicere
1792 5756 2074 5819 possumus

1597 341 1684 397 DE
1724 330 2112 398 TRINITATE,
2155 330 2213 387 S.
2256 332 2625 393 AUGUSTINI

3627 346 3741 404 930

2161 446 2371 504 Patrem
2397 450 2542 519 doni,
2569 459 2661 508 aut
2686 452 2875 512 Filium
2904 456 3061 524 doni;
3093 457 3193 513 sed
3224 466 3283 514 ut
3310 458 3425 516 lucc
3451 460 3552 517 sibi
3578 462 3743 518 vicis-

2159 539 2259 595 sim
2286 544 2662 613 respondeant,
2688 546 2913 604 dicimus
2952 548 3151 605 donum
3193 552 3491 619 donatoris,
3538 562 3592 609 et
3635 555 3741 610 do-

2158 642 2396 688 natorem
2418 634 2543 692 doni
2566 652 2581 689 :
2605 638 2725 707 quia
2756 639 2840 694 hic
2861 641 3029 711 potuit
3056 641 3279 698 inveniri
3307 644 3555 700 usitatum
3578 661 3744 702 voca-

2160 722 2362 791 bulum,
2392 725 2501 782 illic
2526 743 2632 783 non
2664 731 2854 799 potuit.

2228 816 2454 875 CAPUT
2496 819 2634 875 XIII.
2673 852 2745 862 ——
2782 824 2869 878 M.
2917 823 3234 897 Principium
3261 827 3509 897 quomodo
3538 828 3591 881 in
3620 826 3747 882 Trio
3814 817 3826 821 ’

2158 909 2314 965 nitate
2366 912 2571 969 relative
2609 915 2824 972 dicatur.
2876 916 3077 972 Dicitur
3106 933 3233 989 ergo
3284 920 3506 975 relative
3555 921 3741 986 Pater,

2158 998 2405 1071 idemque
2430 1003 2648 1059 relative
2668 1005 2859 1060 dicitur
2888 1006 3225 1078 principium,
3268 1016 3324 1064 et
3366 1010 3411 1064 si
3444 1009 3571 1079 quid
3596 1010 3745 1067 forte

2158 1091 2301 1147 aliud
2329 1110 2343 1147 :
2375 1094 2469 1149 sed
2497 1095 2660 1151 Pater
2685 1097 2753 1152 ad
2781 1097 2974 1153 Filium
3021 1098 3232 1165 dicitur,
3257 1101 3571 1171 principium
3601 1117 3737 1158 vero

2157 1182 2223 1237 ad
2246 1184 2423 1239 omnia
2459 1201 2577 1256 quae
2603 1187 2669 1243 ab
2700 1188 2815 1258 ipso
2835 1198 2976 1244 sunt.
3005 1189 3137 1245 Item
3168 1190 3363 1246 dicitur
3391 1192 3608 1247 relative
3648 1191 3745 1247 Fi-

2157 1274 2280 1341 lius,
2304 1276 2523 1333 relative
2543 1278 2734 1333 dicitur
2759 1290 2813 1335 et
2830 1280 3064 1336 Verbum
3090 1291 3143 1336 et
3168 1282 3374 1354 Imago;
3405 1292 3458 1338 et
3484 1283 3537 1338 in
3558 1284 3742 1338 omni-

2156 1367 2256 1422 bus
2300 1366 2383 1423 bis
2421 1371 2691 1426 vocabulis
2728 1373 2793 1427 ad
2831 1373 3039 1429 Patrem
3082 1375 3349 1430 refertur:
3380 1376 3509 1430 nihil
3557 1386 3739 1431 autem

2158 1457 2346 1513 borum
2392 1460 2547 1515 Pater
2597 1462 2805 1517 dicitur.
2853 1465 2920 1519 Et
2963 1467 3281 1535 principium
3305 1467 3496 1521 dicitur
3521 1467 3689 1522 Filius
3722 1487 3742 1521 :

2157 1563 2276 1603 cum
2320 1553 2460 1605 enim
2497 1554 2765 1609 diceretur
2790 1557 2860 1622 ei,
2900 1556 2973 1609 Tu
2998 1560 3108 1629 quis
3138 1559 3228 1610 es?
3256 1559 3547 1627 respondit,
3572 1558 3742 1612 Prin-

2158 1642 2366 1711 cipium,
2396 1646 2483 1714 qui
2510 1655 2557 1700 et
2582 1645 2757 1717 loquor
2778 1649 3120 1723 vobiguoan.
3154 1666 3264 1716 vnt,
3292 1649 3406 1721 25).
3438 1650 3540 1705 Sed
3575 1666 3741 1704 num-

2157 1733 2282 1803 quid
2314 1732 2482 1789 Patris
2524 1737 2879 1807 principium?
2902 1740 3212 1796 Creatorem
3244 1756 3301 1796 se
3330 1742 3524 1812 quippe
3550 1752 3741 1797 osten-

2157 1821 2285 1879 dere
2309 1825 2495 1889 voluit,
2544 1842 2663 1882 eum
2694 1844 2753 1884 se
2780 1830 2912 1885 dixit
2939 1846 3059 1887 esse
3101 1833 3448 1903 principium;
3497 1835 3641 1888 sicut
3683 1843 3745 1888 et

2158 1914 2316 1971 Pater
2334 1918 2649 1988 principium
2679 1930 2763 1976 est
2795 1934 3073 1991 crcaturm,
3103 1939 3167 1980 eo
3188 1925 3325 1995 quod
3362 1927 3429 1982 ab
3456 1927 3571 1996 ipso
3609 1938 3740 1983 sunt

2157 2008 2353 2063 omnia.
2384 2009 2515 2065 Nam
2541 2020 2597 2067 et
2625 2023 2834 2069 creator
2860 2016 3081 2071 relative
3101 2018 3292 2073 dicitur
3312 2019 3377 2073 ad
3407 2029 3737 2085 creaturam,

2157 2099 2296 2153 sicut
2323 2100 2568 2158 dominus
2595 2104 2663 2159 ad
2690 2120 2922 2162 servum.
2971 2108 3037 2162 Et
3080 2109 3199 2164 ideo
3244 2125 3364 2164 cum
3403 2109 3648 2176 dicimus,
3682 2121 3741 2166 et

2158 2189 2367 2245 Patrem
2410 2192 2745 2264 principium,
2793 2206 2848 2252 et
2893 2199 3081 2254 Filium
3128 2201 3463 2270 principium,
3494 2216 3599 2257 non
3627 2202 3739 2257 duo

2158 2280 2414 2351 principia
2466 2296 2722 2342 creatura:
2751 2288 3008 2355 dicimus;
3039 2293 3239 2361 quia'ct
3268 2293 3439 2348 Pater
3476 2303 3530 2348 et
3569 2294 3739 2349 Filius

2158 2373 2313 2428 simul
2334 2376 2400 2430 ad
2427 2387 2724 2435 creaturam
2766 2397 2928 2436 unum
2956 2383 3272 2453 principium
3299 2395 3399 2451 est,
3432 2386 3567 2440 sicut
3592 2401 3735 2441 unus

2158 2475 2382 2531 creator,
2412 2469 2549 2524 sicut
2578 2486 2714 2526 unus
2766 2472 2923 2527 Deus.
2972 2474 3026 2530 Si
3071 2484 3247 2530 autem
3282 2476 3534 2547 quidquid
3572 2478 3624 2530 in
3676 2492 3740 2532 se

2160 2566 2341 2611 manet
2381 2568 2435 2613 et
2472 2560 2632 2631 gignit
2666 2562 2861 2633 aliquid
2900 2564 2984 2619 vel
3011 2575 3283 2635 operatur,
3313 2567 3627 2637 principium
3653 2577 3746 2622 est

2158 2648 2207 2703 ei
2236 2652 2310 2706 rei
2341 2667 2497 2722 quam
2524 2656 2707 2725 gignit,
2736 2658 2817 2712 vel
2845 2658 2892 2712 ei
2920 2674 3074 2729 quam
3103 2668 3382 2729 operatur;
3416 2676 3516 2714 non
3546 2674 3740 2729 posse»

2158 2755 2278 2796 mus
2303 2758 2498 2813 negare
2526 2746 2683 2801 etiam
2715 2748 2964 2817 Spiritum
2994 2760 3232 2805 sanctum
3274 2761 3417 2807 recte
3445 2751 3550 2806 dici
3591 2751 3749 2821 prin-’

2160 2830 2388 2901 cipium;
2417 2835 2537 2903 quia
2594 2852 2698 2891 non
2738 2853 2859 2893 eum
2915 2854 3225 2909 separamus
3271 2843 3338 2896 ab
3379 2841 3737 2911 appellatione

2160 2928 2413 2982 creatoris
2441 2946 2453 2980 :
2481 2938 2535 2983 et
2572 2931 2824 3001 scriptum
2867 2941 2949 2987 est
2974 2932 3042 2989 de
3084 2933 3175 2988 illo
3198 2933 3340 3003 quod
3379 2942 3649 3003 operetur,
3681 2943 3740 2989 et

2162 3017 2213 3071 in
2241 3034 2301 3074 se
2331 3020 2508 3091 utique
2552 3038 2771 3079 manens
2800 3036 3078 3094 operatur;
3124 3041 3229 3080 non
3266 3026 3407 3080 enim
3443 3026 3496 3080 in
3538 3026 3737 3096 aliquid

2162 3131 2347 3171 corum
2374 3133 2491 3197 qum
2520 3127 2790 3189 operatur,
2821 3120 2933 3190 ipse
2949 3129 3181 3176 mutatur
3196 3130 3248 3176 et
3272 3122 3513 3176 vertitur.
3534 3120 3739 3190 thua:

2162 3216 2434 3276 operatur,
2464 3208 2583 3264 vide
2614 3227 2628 3262 :
2661 3208 2940 3280 Unicuique
2966 3221 3153 3275 autem,
3178 3211 3365 3282 inquit,
3406 3211 3558 3264 datur
3575 3211 3739 3263 mani-

2166 3300 2359 3369 festatio
2397 3300 2623 3370 Spiritus
2658 3302 2727 3354 ad
2771 3303 3056 3356 utilitatem.
3102 3302 3205 3355 Alii
3247 3302 3448 3369 quidem
3479 3302 3631 3355 datur
3654 3317 3743 3370 per

2165 3390 2415 3460 Spiritum
2440 3408 2601 3445 sermo
2626 3394 2886 3463 sapientia:
2903 3411 2922 3459 ;
2947 3395 3037 3447 alii
3055 3411 3216 3448 sermo
3236 3395 3453 3448 scientia:
3465 3394 3742 3449 secundum

2164 3482 2391 3536 eumdem
2416 3482 2705 3553 Spiritum;
2733 3485 2879 3538 alteri
2906 3494 3071 3539 autem
3094 3485 3221 3555 ﬁdes
3241 3486 3293 3539 in
3319 3486 3495 3539 eodem
3516 3486 3743 3555 Spiritu;

2166 3575 2253 3627 alii
2280 3575 2487 3628 donatio
2532 3577 2846 3630 curationum
2882 3577 2938 3630 in
2979 3593 3079 3630 uno
3125 3576 3361 3646 Spiritu;
3386 3576 3476 3629 alii
3517 3577 3743 3647 operatio

2165 3668 2438 3734 virtutum;
2473 3668 2564 3721 alii
2609 3669 2909 3739 praplzetia;
2955 3669 3044 3723 alii
3082 3660 3378 3740 dijudicatio
3430 3669 3744 3740 spirituum;

2166 3758 2254 3811 alii
2279 3775 2460 3829 genera
2481 3759 2788 3828 linguarum.
2816 3760 3001 3814 Omnia
3028 3770 3195 3813 autem
3220 3760 3325 3814 haec
3349 3768 3589 3829 operatur
3612 3775 3751 3813 unus

2167 3860 2315 3917 atque
2337 3851 2468 3904 idem
2510 3851 2756 3924 Spiritus,
2785 3852 3008 3907 dividens
3050 3854 3262 3947 grapria
3290 3854 3559 3921 unicuique
3598 3863 3746 3923 prout

2168 3943 2293 4010 vult,
2326 3944 2511 4013 utique
2553 3944 2689 3998 sicut
2727 3944 2887 3999 Deus.
2933 3945 3061 4011 Quis
3077 3943 3225 4001 enim
3260 3953 3404 4000 tanta
3454 3945 3544 3999 illa
3571 3954 3746 4016 potest

2168 4036 2378 4104 operari
2422 4034 2522 4090 nisi
2572 4034 2755 4089 Deus?
2804 4034 2950 4089 Idem
2996 4046 3161 4091 autem
3208 4035 3345 4091 Deus
3390 4036 3477 4106 qui
3511 4046 3750 4105 operatur

2170 4128 2338 4180 omnia
2363 4128 2415 4180 in
2440 4127 2711 4197 omnibus(
2742 4128 2761 4182 Ι
2787 4127 2901 4182 Cor.
2932 4144 3025 4189 xu,
3058 4128 3183 4183 6-H
3224 4128 3262 4198 ).
3295 4127 3425 4182 Nam
3456 4136 3513 4183 et
3549 4127 3749 4198 sigilla-

2172 4221 2263 4273 tim
2286 4220 2329 4275 si
2359 4220 2748 4289 interrogemur
2775 4219 2841 4274 de
2878 4218 3078 4289 Spiritu
3107 4231 3312 4283 sancto,
3342 4219 3619 4275 verissime
3660 4234 3747 4273 re-

2171 4310 2494 4379 Spnndemus
2511 4308 2650 4379 quod
2677 4309 2817 4363 Deus
2844 4308 2941 4372 sit;
2966 4318 3019 4363 et
3042 4324 3161 4363 cum
3174 4309 3330 4363 Patre
3349 4318 3404 4363 et
3429 4308 3564 4363 Filio
3587 4306 3746 4362 simul

2173 4415 2312 4454 unus
2344 4400 2483 4455 Deus
2504 4409 2602 4453 est.
2635 4399 2811 4454 Unum
2840 4413 2966 4469 ergo
3006 4399 3319 4469 principium
3349 4399 3427 4454 ad
3446 4407 3747 4454 creaturam

2172 4492 2365 4547 dicitur
2390 4490 2551 4553 Deus,
2578 4506 2681 4544 non
2707 4489 2813 4544 duo
2841 4490 2920 4544 vel
2952 4490 3051 4543 tria
3083 4490 3357 4558 principia.

2243 4580 2469 4636 CAPUT
2511 4579 2650 4633 XIV.
2678 4610 2749 4619 —
2779 4581 2866 4635 15.
2907 4577 3063 4633 Pater
3088 4588 3139 4651 et
3169 4578 3335 4633 Filius
3358 4579 3561 4633 unicum
3602 4579 3749 4648 prin-

2173 4673 2360 4742 cipium
2390 4670 2613 4740 Spiritus
2637 4672 2815 4723 sancti.
2848 4670 2928 4724 Ad
2950 4685 3010 4725 se
3033 4679 3206 4724 autem
3240 4670 3463 4724 invicem
3494 4669 3548 4723 in
3572 4669 3749 4723 Trini-

2176 4775 2301 4831 tate,
2345 4765 2390 4820 si
2426 4764 2647 4833 gignens
2688 4763 2753 4828 ad
2796 4763 2851 4816 id
2888 4763 3028 4832 quod
3072 4762 3241 4833 gignit
3281 4762 3595 4832 principium
3645 4770 3748 4826 est,

2174 4860 2331 4914 Pater
2360 4858 2425 4912 ad
2454 4856 2643 4910 Filium
2690 4855 3001 4924 principium
3046 4862 3144 4918 est,
3182 4855 3303 4923 quia
3341 4853 3508 4924 gignit
3551 4868 3675 4907 eum
3706 4855 3747 4905 ¹-.

2177 4950 2360 5005 Utrum
2390 4956 2563 5002 autem
2603 4956 2656 5000 et
2679 4946 2753 4999 ad‘
2770 4945 3020 5015 Spiritum
3053 4956 3293 4998 sanctum
3327 4943 3645 5013 principium
3685 4942 3755 4997 sit

2175 5042 2349 5106 Pater,
2388 5039 2634 5110 quoniam
2676 5037 2871 5092 dictum
2899 5044 3008 5100 est,
3051 5035 3130 5090 De
3164 5034 3322 5088 Patre
3348 5034 3599 5104 procedit,
3647 5048 3750 5087 non

2176 5147 2334 5203 parva
2355 5131 2578 5203 quazstio
2606 5139 2705 5185 est.
2732 5128 2863 5196 Quia
2890 5128 2934 5183 si
2957 5128 3026 5182 ita
3051 5137 3152 5193 est,
3179 5127 3409 5195 noujam
3437 5124 3753 5195 principium

2176 5226 2222 5279 ei
2256 5233 2455 5279 tantum
2481 5222 2557 5277 rei
2584 5222 2685 5277 erit
2710 5236 2865 5291 quam
2900 5219 3064 5290 gignit
3092 5227 3181 5272 aut
3209 5216 3366 5282 facit,
3395 5216 3495 5271 sed
3514 5216 3671 5271 etiam
3702 5214 3753 5268 ei

2175 5331 2332 5387 quam
2373 5315 2480 5369 dat.
2519 5313 2627 5375 ,Ubi
2655 5321 2712 5367 et
2756 5311 2882 5366 illud
2916 5310 3198 5375 elucescit,
3231 5318 3287 5362 ut
3323 5309 3541 5377 potest’
3566 5348 3580 5372 ,
3613 5306 3755 5376 quod

2175 5406 2312 5461 solet
2338 5403 2533 5459 multos
2560 5418 2794 5469 movere,
2821 5417 2914 5457 cur
2938 5415 3041 5455 non
3057 5400 3222 5453 Filius
3248 5399 3316 5452 sit
3340 5398 3499 5452 etiam
3525 5396 3757 5466 Spiritus

2178 5507 2413 5563 sanctus,
2441 5512 2562 5553 cum
2586 5506 2640 5551 et
2669 5497 2779 5567 ipse
2805 5510 2834 5549 a
2856 5496 3010 5550 Patre
3033 5501 3206 5560 exeat,
3230 5492 3365 5548 sicut
3390 5492 3441 5546 in
3464 5489 3754 5561 Evangelia

2241 5687 2261 5717 ι
2285 5692 2335 5732 ιιι
2353 5689 2480 5742 Mss.,
2505 5682 2620 5744 quia
2648 5680 2808 5745 genuit
2828 5691 2952 5730 eum

2241 5745 2422 5808 "mliti,
2446 5751 2618 5808 utpote.
2647 5750 2700 5792 At
2723 5751 2848 5804 Mss,
2872 5745 2922 5791 ut
2941 5745 3107 5803 potest.
3688 5766 3721 5803 δ,
