4076 6474
233 345 322 403 QII
1596 345 1798 406 LIBER
1833 345 2153 416 QUINTUS.

233 461 420 534 tegitur
449 461 628 534 (toan.
651 462 754 529 ἰν,
783 458 897 533 Ξϐ).
930 459 1072 518 Ειιῖίι
1094 462 1256 531 enim,
1287 478 1391 521 non
1415 467 1681 540 quomodo
1707 482 1802 522 na-

231 568 342 617 uis.
372 553 470 610 sed
497 552 764 624 quomodo
803 553 986 621 datus;
1034 563 1089 612 et
1117 555 1236 612 ideo
1268 572 1373 612 non
1411 557 1604 613 dicitur
1632 559 1772 614 illius
1792 599 1806 624 ,

231 643 344 716 quia
365 659 544 716 neque
569 653 724 700 natus
748 654 830 700 est
853 646 988 708 sicut
1013 645 1344 718 Unigenitus,
1369 664 1541 720 neque
1566 651 1732 705 laetus
1754 658 1811 704 ut

230 751 317 805 per
343 735 440 791 Dei
467 736 693 806 gratiam
718 735 772 790 in
796 734 1132 806 adoptionem
1153 746 1482 806 nasceretur,
1511 739 1664 794 sicuti
1686 754 1806 794 nos.

228 825 375 896 Quod
395 826 540 882 enim
569 825 639 881 de
664 827 818 882 Patre
844 835 1028 882 natum
1057 836 1158 893 est,
1189 828 1256 883 ad
1283 829 1492 885 Patrem
1519 829 1691 884 solum
1717 845 1807 885 re-

226 914 391 970 fertur
421 931 546 970 cum
573 915 764 970 dicitur
795 915 955 971 Filius
978 957 994 984 ,
1025 924 1078 972 et
1116 917 1236 974 ideo
1265 917 1431 973 Filius
1454 918 1656 983 Patris,
1700 935 1804 975 non

226 1013 272 1060 et
300 1014 489 1060 noster
515 1006 573 1061 ίε
618 1006 758 1077 quod
800 1016 976 1062 autem
1017 1008 1196 1063 datum
1226 1017 1327 1076 est,
1359 1018 1413 1064 et
1443 1011 1507 1064 ad
1549 1025 1671 1066 eum
1715 1012 1807 1081 qui

225 1096 368 1152 dedit
387 1099 618 1154 refertur
641 1140 656 1166 ,
686 1109 741 1153 et
763 1098 828 1153 ad
853 1114 948 1154 eos
975 1100 1166 1169 quibus
1187 1099 1365 1164 dedit;
1387 1101 1561 1171 itaque
1579 1101 1807 1170 Spiritus

224 1195 462 1257 sanctus,
489 1203 594 1243 non
622 1197 824 1244 tantum
851 1190 1021 1244 Patris
1046 1199 1098 1245 et
1124 1190 1240 1245 Filii
1265 1191 1356 1261 qui
1384 1190 1682 1256 dederunt,
1710 1191 1808 1248 sed

223 1281 382 1336 etiam
423 1289 608 1336 noster
646 1281 838 1337 dicitur
879 1283 1345 1353 quiaccepimus:
1390 1283 1525 1338 sicut
1580 1284 1804 1351 dicitur,

223 1371 432 1427 Domini
476 1373 615 1427 salus
653 1372 742 1443 qui
776 1373 868 1427 dat
909 1373 1133 1428 salutem
1164 1372 1332 1443 (Ρωι.
1360 1390 1416 1432 ιιι
1437 1414 1454 1442 ,
1483 1372 1574 1442 9),
1617 1375 1803 1429 eadem

223 1465 382 1520 etiam
413 1472 596 1519 nostra
631 1464 776 1520 salus
805 1473 888 1520 est
923 1465 1012 1536 qui
1057 1464 1378 1535 accepimus.
1418 1465 1646 1535 Spiritus
1678 1480 1806 1534 ergo

221 1565 271 1613 et
297 1557 399 1614 Dei
441 1567 526 1613 est
552 1557 641 1628 qui
683 1557 860 1624 dedit,
905 1565 959 1613 et
984 1565 1166 1612 noster
1201 1557 1290 1628 qui
1319 1559 1638 1627 accepimus.
1687 1556 1804 1612 Non

221 1648 308 1704 ille
337 1648 561 1719 spiritus
591 1656 771 1703 noster
794 1663 900 1718 quo
924 1662 1108 1704 sumus
1126 1690 1142 1722 ,
1169 1648 1288 1718 quia
1317 1648 1432 1718 ipse
1463 1648 1684 1719 spiritus
1723 1656 1807 1704 est

220 1738 457 1794 hominis
476 1737 565 1808 qui
591 1738 644 1792 in
675 1738 790 1807 ipso
811 1747 925 1792 est:
953 1737 1046 1792 sed
1065 1737 1171 1791 alio
1190 1737 1349 1792 modo
1373 1737 1474 1793 iste
1497 1747 1679 1792 noster
1700 1745 1803 1805 est,

219 1844 324 1900 quo
375 1827 603 1882 dicimus
640 1835 726 1893 et,
779 1827 976 1883 Panem
1026 1837 1252 1883 nostrum
1298 1829 1366 1882 da
1410 1827 1554 1882 nobis
1589 1828 1803 1898 (Matth.

219 1937 267 1975 vr
286 1962 304 1987 ,
340 1919 458 1991 ιι).
487 1919 797 1990 Quanquam
823 1928 879 1976 et
903 1919 1054 1975 illum
1071 1919 1314 1989 spiritum
1345 1920 1432 1989 qui
1463 1918 1694 1975 hominis
1721 1919 1806 1974 di-

218 2016 378 2080 citur,
407 2019 593 2089 utique
632 2014 957 2084 accepimus.
1005 2013 1140 2082 Quid
1173 2015 1305 2068 enim
1350 2014 1532 2079 habes,
1565 2013 1734 2082 inquit
1758 2014 1802 2079 ³,

218 2108 354 2178 quod
382 2124 489 2162 non
530 2106 763 2178 accepisti
800 2105 842 2176 (l
869 2104 985 2159 Cor.
1014 2120 1064 2159 IV
1082 2146 1097 2170 ,
1124 2105 1218 2176 7)?
1246 2104 1350 2160 Sed
1376 2104 1516 2160 aliud
1558 2113 1640 2160 est
1665 2104 1804 2175 quod

217 2200 525 2272 accepimus
579 2208 637 2255 ut
689 2213 964 2264 essemus,
1017 2197 1159 2253 aliud
1199 2198 1341 2269 quod
1392 2199 1690 2268 accepimus
1748 2208 1806 2253 ut

218 2292 386 2346 sancti
417 2305 678 2347 essemus.
702 2289 852 2346 Unde
872 2289 1123 2359 scriptum
1147 2298 1229 2344 est
1251 2298 1306 2345 et
1332 2289 1399 2344 de
1421 2289 1644 2356 Joanne,
1664 2290 1804 2359 quod

218 2381 267 2436 in
297 2382 495 2450 spiritu
520 2391 574 2436 et
602 2381 795 2435 virtute
823 2379 954 2434 Elia:
984 2379 1188 2434 veniret
1209 2379 1361 2450 (Luc.
1389 2395 1440 2444 t,
1475 2378 1562 2448 17)
1585 2398 1600 2434 :
1629 2379 1804 2436 dictus

218 2482 297 2529 cst
329 2473 467 2528 Elia:
508 2473 722 2542 spiritus
742 2513 756 2539 ,
789 2470 984 2525 scilicet
1017 2469 1245 2541 Spiritus
1273 2479 1487 2524 sanctus
1515 2485 1671 2540 quem
1709 2485 1802 2525 ac-

218 2564 359 2634 cepit
385 2563 554 2618 Elias.
586 2563 696 2618 lloe
724 2571 778 2618 et
801 2561 868 2617 de
895 2561 1074 2633 Moyse
1103 2561 1503 2632 intelligendum
1529 2570 1612 2618 est
1633 2603 1648 2626 ,
1679 2577 1800 2618 cum

217 2653 289 2707 ait
335 2653 388 2708 ei
434 2653 708 2718 Dominus,
756 2650 958 2706 Tollam
995 2652 1058 2705 de
1100 2653 1280 2722 spiritu
1320 2660 1425 2719 tuo,
1470 2662 1516 2706 et
1556 2651 1684 2706 dabo
1732 2653 1804 2709 eis

220 2743 409 2819 (Num.
444 2759 532 2812 ιι,
568 2744 656 2816 17)
682 2762 694 2799 :
727 2743 829 2799 hoc
850 2753 951 2810 est,
984 2743 1120 2798 dabo
1147 2744 1248 2799 illis
1278 2742 1347 2798 de
1368 2743 1565 2814 Spiritu
1594 2753 1799 2812 sancto,

217 2854 379 2909 quem
404 2837 517 2908 jam
550 2837 643 2894 tibi
671 2837 812 2892 dedi.
853 2836 908 2892 Si
951 2851 1076 2906 ergo
1119 2845 1170 2890 et
1208 2835 1348 2905 quod
1393 2835 1569 2902 datur,
1602 2837 1800 2905 princi-

219 2929 363 2997 pium
388 2927 550 2982 habet
576 2942 696 2982 cum
717 2943 746 2982 ιι
767 2943 871 2998 quo
891 2927 1066 2991 datur,
1093 2927 1214 2996 quia
1237 2942 1340 2979 non
1366 2926 1577 2981 aliunde
1598 2927 1801 2996 accepit

219 3017 344 3074 illud
377 3018 522 3090 quod
551 3017 618 3072 ab
644 3019 758 3090 ipso
783 3017 1021 3089 procedit
1045 3034 1060 3083 ;
1091 3015 1362 3072 latendum
1391 3027 1473 3072 est
1501 3017 1714 3073 Patrem
1743 3027 1798 3072 et

218 3083 752 3181 Filiuni‘principium
781 3083 898 3166 esse
923 3110 1148 3180 Spit-ltus
1173 3110 1362 3175 sancti,
1396 3126 1500 3164 non
1523 3109 1626 3164 duo
1655 3111 1801 3180 prin-

217 3205 353 3275 cipia
385 3223 398 3258 :
429 3203 523 3260 sed
548 3205 684 3273 sicut
707 3205 863 3259 Pater
881 3212 934 3258 et
957 3203 1125 3259 Filius
1154 3217 1287 3257 unus
1309 3203 1470 3268 Deus,
1491 3212 1544 3258 et
1565 3202 1628 3257 ad
1651 3216 1802 3256 crea-

218 3306 394 3353 turam
438 3297 658 3353 relative
701 3313 836 3352 unus
879 3305 1086 3352 creator
1130 3303 1184 3351 et
1227 3309 1363 3350 unus
1400 3296 1674 3362 Dominus,
1726 3297 1802 3352 sic

217 3391 441 3445 relative
469 3389 534 3444 ad
579 3388 832 3460 Spiritum
873 3397 1112 3444 sanctum
1153 3404 1315 3443 unum
1355 3389 1704 3459 principium;
1736 3389 1801 3443 ad

216 3489 517 3535 creaturam
569 3494 700 3535 vero
743 3479 898 3535 Pater
930 3489 985 3534 et
1019 3479 1185 3534 Filius
1231 3487 1286 3534 et
1323 3479 1549 3549 Spiritus
1587 3489 1802 3536 sanctus

217 3587 385 3628 unum
428 3570 778 3642 principium,
825 3571 962 3626 sicut
999 3584 1136 3626 unus
1163 3577 1370 3625 creator
1408 3578 1461 3624 et
1506 3584 1642 3624 unus
1691 3569 1800 3624 Do-

216 3662 421 3719 minus.

285 3749 516 3808 CAPUT
554 3751 668 3806 XV.
687 3781 757 3791 —
777 3751 862 3807 l6.
887 3751 964 3805 An
994 3750 1216 3822 Spiritus
1235 3760 1438 3806 sanctus
1467 3761 1591 3805 esset
1613 3750 1802 3805 donum

216 3852 262 3899 et
319 3853 593 3915 antequam
643 3842 865 3898 daretur.
911 3841 1145 3898 Ulterius
1199 3842 1220 3873 ³
1272 3851 1448 3897 autem
1507 3841 1798 3913 qurcritur,

214 3944 400 3992 utrum
447 3935 892 4006 quemadmodum
935 3934 1099 3990 Filius
1125 3948 1231 3988 non
1267 3934 1370 3989 hoc
1399 3943 1601 3989 tantum
1642 3933 1803 3990 habet

215 4024 492 4083 nascendo
513 4035 571 4082 ut
590 4025 754 4081 Filius
777 4026 864 4090 sit,
889 4025 983 4081 sed
1008 4025 1225 4080 omnino
1249 4034 1307 4080 ut
1335 4024 1434 4091 sit;
1461 4025 1540 4080 sic
1558 4035 1610 4079 et
1635 4023 1804 4094 Spiri-

216 4126 304 4174 tus
324 4127 546 4174 sanctus
564 4133 630 4173 eo
653 4132 756 4188 quo
776 4117 932 4172 datur
953 4117 1144 4172 habeat
1163 4131 1267 4171 non
1298 4125 1497 4170 tantum
1523 4127 1578 4170 ut
1601 4115 1801 4170 donum

215 4211 309 4278 sit,
338 4209 438 4267 sed
459 4211 676 4265 omnino
703 4219 760 4264 ut
786 4209 888 4264 sit:
921 4218 1099 4264 utrum
1121 4225 1246 4281 ergo
1271 4217 1384 4265 erat
1404 4217 1687 4280 antequam
1708 4209 1804 4265 da-

216 4311 402 4369 retur,
430 4300 525 4357 sed
551 4300 784 4356 nondum
823 4309 937 4356 crat
974 4299 1171 4355 donum
1191 4341 1206 4368 ,
1235 4316 1300 4354 an
1328 4315 1393 4355 eo
1428 4301 1543 4372 ipso
1570 4316 1674 4370 quo
1711 4301 1804 4357 da-

214 4400 375 4447 turus
409 4400 526 4446 erat
553 4406 677 4448 eum
703 4389 844 4446 Deus
866 4432 880 4456 ,
905 4390 1014 4461 jam
1052 4390 1248 4446 donum
1278 4399 1393 4445 erat
1429 4400 1482 4445 et
1519 4401 1800 4462 antequam

211 4481 456 4536 daretur.
481 4479 584 4537 Sed
607 4481 653 4536 si
680 4495 783 4536 non
811 4480 1048 4551 procedit
1071 4479 1172 4535 nisi
1203 4496 1321 4535 cum
1349 4480 1521 4546 datur,
1555 4497 1653 4537 nec
1673 4498 1801 4554 pro-

209 4572 435 4629 cederet
460 4571 639 4642 utique
665 4571 968 4641 priusquam
995 4580 1135 4626 esset
1154 4570 1236 4625 cui
1261 4570 1514 4636 daretur;
1537 4575 1802 4642 quomodo

211 4660 322 4730 iam
354 4673 472 4716 erat
500 4663 611 4732 ipsa
639 4661 932 4716 substantia
953 4703 966 4726 ,
996 4662 1040 4715 si
1067 4675 1170 4715 non
1201 4671 1283 4715 est
1322 4661 1420 4717 nisi
1453 4662 1575 4732 quia
1603 4662 1759 4718 datur
1784 4681 1798 4717 :

189 4752 354 4842 isieut
381 4750 544 4811 Filius
570 4767 675 4810 non
721 4759 922 4807 tantum
969 4761 1026 4804 ut
1063 4751 1132 4806 sit
1174 4749 1356 4817 Filius,
1401 4752 1541 4823 quod
1581 4753 1801 4811 relative

188 4838 430 4912 jdicitur,
446 4840 540 4896 sed
553 4841 768 4897 omnino
786 4851 841 4896 ut
856 4843 924 4896 sit
945 4841 1108 4911 ipsam
1128 4841 1475 4898 substantiam
1494 4843 1514 4874 ⁸
1534 4849 1801 4900 nascendo

189 4917 412 4987 habet?
437 4932 520 4986 An
557 4946 769 5002 semper
795 4931 1028 5003 procedit
1059 4932 1285 5002 Spiritus
1323 4943 1534 4988 sanctus
1553 4976 1568 5002 ,
1597 4944 1650 4990 et
1693 4952 1797 4990 non

207 5038 278 5078 ex
310 5032 554 5094 tempore
572 5065 589 5090 ,
617 5023 711 5079 sed
737 5023 804 5079 ab
829 5023 1123 5079 mternitate
1150 5025 1426 5094 procedit;
1455 5026 1551 5081 sed
1573 5029 1692 5096 quia
1724 5029 1800 5083 sic

201 5114 542 5186 procedebat
569 5123 626 5169 ut
649 5123 790 5170 esset
813 5114 1086 5180 donabile;
1111 5115 1219 5184 jam
1251 5115 1446 5170 donum
1468 5128 1604 5182 erat,
1629 5129 1680 5173 et
1700 5135 1798 5172 an-

203 5216 427 5279 tequam
475 5215 620 5263 esset
655 5207 740 5262 cui
786 5207 1036 5262 daretur?
1085 5207 1250 5262 Aliter
1295 5208 1438 5263 enim
1487 5209 1799 5280 intelligitur

196 5316 334 5356 cum
381 5301 574 5358 dicitur
623 5300 860 5368 donum,
909 5301 1063 5358 aliter
1114 5315 1234 5354 cum
1279 5300 1472 5358 dicitur
1521 5301 1792 5360 donatum.

196 5395 346 5457 Eam
372 5397 570 5455 donum
596 5406 770 5468 potest
797 5411 917 5454 esse
943 5405 999 5453 et
1022 5405 1302 5467 antequam
1326 5396 1514 5465 detur;
1543 5399 1794 5456 donatum

272 5556 389 5601 ιειι.
413 5551 562 5614 Lugd.
577 5559 696 5601 Ven.
724 5558 852 5610 t.ov.,
879 5556 924 5601 et
942 5557 1231 5614 nonnoster.
1249 5612 1257 5614 ᾗ
1274 5560 1287 5572 '
1306 5559 1360 5602 Μ.

268 5617 293 5646 ³
318 5621 396 5662 Fr.
421 5612 568 5675 Lugd.
589 5622 712 5677 yen.
729 5620 860 5673 hom,
885 5613 1039 5675 inquit
1073 5612 1333 5677 apostolus.
1388 5622 1450 5677 7M.

273 5678 422 5724 'am.
457 5673 511 5724 ei
557 5673 723 5738 plures
761 5682 864 5724 Mss.
887 5710 902 5736 ,
938 5673 1155 5725 interius.
1197 5683 1320 5726 Tres
1359 5676 1436 5732 alii
1481 5683 1584 5729 uss.
1607 5711 1622 5735 ,
1668 5683 1790 5728 Inte-

191 5737 544 5862 riTi‘lerique
559 5803 686 5860 Mss,
704 5796 810 5862 ipsa
839 5795 1112 5850 substantia.

3394 369 3507 430 922

1916 477 2092 527 autem
2123 472 2230 528 nisi
2249 475 2428 532 datum
2458 477 2615 535 fuerit
2642 480 2787 536 nullo
2817 472 2974 538 modo
3002 481 3104 540 dici
3135 494 3327 556 potest.

1989 560 2211 620 CAPUT
2251 565 2386 621 XVI.
2411 596 2480 608 ——
2506 570 2590 624 l7.
2635 570 2786 634 Quod
2808 573 2872 627 de
2898 572 3007 628 Deo
3036 591 3099 629 ea:
3125 586 3344 647 tempore
3370 579 3498 634 dici-

1918 663 2018 722 tur,
2060 655 2264 711 relative
2304 655 2506 728 dicitur,
2558 679 2662 718 non
2698 665 3090 722 accidentaliter.
3130 669 3238 725 Nec
3283 680 3502 728 moveat

1916 746 2058 815 quod
2096 746 2326 818 Spiritus
2370 761 2587 809 sanctus
2628 768 2750 810 eum
2798 755 2869 812 sit
2911 767 3211 815 coaeternus
3249 760 3392 817 Patri
3446 771 3500 818 et

1915 837 2072 908 Filio,
2119 840 2313 897 dicitur
2337 851 2514 901 tamen
2553 845 2747 917 aliquid
2774 864 2841 905 ex
2885 857 3162 922 tempore,
3190 853 3353 909 veluti
3396 853 3499 910 hoc

1916 930 2086 1000 ipsum
2116 933 2257 1004 quod
2295 934 2547 992 donatum
2578 938 2827 995 diximus.
2850 940 2982 996 Nam
3009 944 3330 1014 sempiterne
3371 947 3498 1017 Spi-

1915 1024 2048 1079 ritus
2070 1025 2290 1096 donum,
2320 1031 2682 1101 temporaliter
2707 1041 2882 1090 autem
2909 1035 3179 1091 donatum.
3206 1037 3336 1093 Nam
3368 1048 3421 1095 et
3450 1041 3495 1094 si

1914 1115 2160 1173 dominus
2188 1134 2292 1174 non
2320 1119 2530 1189 dicitur,
2553 1123 2655 1178 nisi
2680 1139 2799 1179 eum
2827 1125 3024 1183 habere
3049 1128 3232 1198 incipit
3256 1145 3490 1198 servum,

1914 1207 2071 1262 etiam
2112 1209 2210 1264 ista
2254 1213 2538 1282 appellatio
2585 1215 2801 1270 relativa
2844 1233 2911 1273 ex
2956 1228 3192 1290 tempore
3231 1230 3315 1277 est
3343 1223 3493 1281 Deo:

1913 1313 2019 1353 non
2048 1299 2190 1354 enim
2217 1303 2534 1373 sempiterna
2561 1315 2800 1362 creatura
2831 1318 2941 1374 est,
2980 1311 3130 1382 cujus
3157 1321 3240 1369 est
3267 1314 3354 1368 ille
3386 1315 3492 1368 Do—

1913 1392 2107 1446 minus.
2135 1393 2413 1460 Quomodo
2448 1412 2576 1468 ergo
2614 1398 2969 1456 obtinebimus
2999 1418 3097 1458 nec
3131 1404 3240 1474 ipsa
3267 1405 3490 1460 relativa

1912 1497 2030 1538 esse
2054 1485 2342 1542 accidentia
2360 1528 2376 1552 ,
2405 1488 2653 1557 quoniam
2697 1490 2826 1545 nihil
2853 1491 3043 1548 accidit
3082 1493 3192 1548 Deo
3221 1503 3490 1566 tempora-

1912 1573 2063 1640 liter,
2095 1575 2217 1645 quia
2243 1591 2348 1630 non
2391 1587 2472 1632 est
2507 1579 2772 1634 mutabilis
2797 1622 2812 1646 ,
2841 1581 2976 1636 sicut
3005 1582 3057 1636 in
3084 1583 3304 1640 exordio
3335 1585 3490 1654 hujus

1911 1663 2282 1733 disputationis
2327 1666 2685 1723 tractavimus.
2735 1669 2874 1725 Ecce
2914 1671 3193 1728 Dominum
3234 1689 3490 1731 essenon

1910 1757 2292 1828 sempiternum
2324 1757 2514 1825 habet,
2544 1775 2611 1813 ne
2639 1775 2889 1829 cogamur
2910 1761 3071 1816 etiam
3113 1765 3491 1834 sempiternam

1909 1857 2207 1904 creaturam
2233 1848 2432 1917 dicere,
2455 1852 2575 1920 quia
2601 1851 2689 1907 ille
2710 1853 3033 1922 sempiterne
3054 1869 3158 1909 non
3185 1854 3493 1911 dominare-

1911 1950 2014 2006 tur,
2028 1942 2130 1997 nisi
2149 1943 2308 1998 etiam
2321 1944 2418 1998 ista
2438 1945 2757 2014 sempiterne
2775 1946 3134 2003 famularetur.
3149 1948 3296 2005 Sicut
3314 1959 3490 2005 autem

1909 2047 2013 2086 non
2033 2041 2209 2103 potest
2227 2049 2346 2089 esse
2368 2049 2552 2090 servus
2571 2037 2660 2106 qui
2685 2051 2790 2091 non
2811 2037 2969 2092 habet
2987 2037 3280 2106 dominum,
3299 2042 3375 2094 sic
3391 2056 3492 2096 nec

1908 2123 2155 2180 dominus
2179 2126 2268 2196 qui
2293 2141 2398 2180 non
2430 2125 2586 2182 habet
2613 2143 2844 2183 servum.
2876 2130 2941 2184 Et
2963 2130 3204 2200 quisquis
3228 2132 3492 2187 exstiterit

1909 2216 1996 2285 qui
2022 2223 2276 2271 aeternum
2303 2216 2516 2286 quidem
2547 2217 2710 2272 Deum
2739 2218 2913 2273 solum
2939 2218 3100 2286 dicat,
3130 2228 3366 2290 tempora
3395 2236 3492 2275 au-

1911 2314 2016 2360 tem
2047 2321 2152 2362 non
2179 2321 2300 2363 esse
2327 2316 2524 2363 :eterna
2555 2317 2771 2379 propter
2797 2310 3106 2365 varietatem
3135 2319 3193 2366 et
3217 2312 3488 2368 mutabili-

1909 2405 2105 2464 tatem,
2157 2400 2254 2454 sed
2305 2407 2541 2469 tempora
2594 2410 2767 2454 tamen
2817 2417 2924 2456 non
2974 2403 3026 2456 in
3079 2410 3322 2474 tempore
3369 2418 3490 2460 esse

1905 2488 2134 2559 empisse
2160 2489 2299 2561 (non
2325 2491 2467 2546 enim
2505 2500 2620 2546 erat
2648 2500 2858 2562 tempus
2885 2501 3167 2564 antequam
3197 2495 3490 2564 inciperent

1908 2587 2166 2650 tempora,
2194 2589 2248 2636 et
2267 2580 2387 2637 ideo
2410 2597 2516 2664 nep
2538 2583 2590 2636 in
2614 2591 2852 2653 tempore
2876 2584 3065 2639 accidit
3088 2584 3198 2640 Deo
3219 2595 3276 2641 ut
3303 2585 3486 2641 Domi-

1907 2688 2007 2728 nus
2027 2681 2187 2742 esset,
2213 2673 2330 2744 quia
2358 2673 2591 2745 ipsorum
2613 2685 2912 2745 temporum
2939 2676 3192 2733 Dominus
3214 2688 3344 2744 erat,
3368 2695 3488 2750 qua:

1907 2766 2087 2836 utique
2116 2780 2220 2820 non
2250 2765 2302 2821 in
2331 2775 2570 2837 tempore
2597 2782 2717 2824 esse
2740 2768 3087 2843 ceperunt);
3115 2770 3240 2840 quid
3265 2786 3488 2842 respon-

1905 2855 2050 2911 debit
2095 2856 2164 2912 de
2202 2855 2436 2924 homine,
2477 2859 2566 2928 qui
2613 2858 2667 2913 in
2711 2867 2952 2929 tempore
3000 2860 3167 2916 l‘actus
3203 2870 3304 2930 est,
3335 2861 3488 2931 cujus

1907 2946 2088 3017 utique
2114 2947 2369 3003 Dominus
2411 2963 2514 3003 non
2546 2959 2661 3004 erat
2683 2958 2964 3020 antequam
3002 2959 3142 3006 esset
3170 2952 3257 3007 cui
3297 2953 3487 3008 esset?

1904 3037 2062 3094 Certe
2090 3038 2172 3094 vel
2198 3047 2254 3093 ut
2280 3037 2534 3095 Dominus
2561 3038 2793 3097 hominis
2817 3051 2998 3110 esset,
3025 3059 3090 3098 ex
3129 3053 3369 3113 tempore
3394 3059 3489 3100 ac-

1904 3129 2033 3183 cidit
2059 3129 2170 3185 Deo
2194 3147 2207 3185 :
2237 3139 2292 3186 et
2318 3139 2374 3185 ut
2398 3131 2571 3187 omnis
2598 3132 2796 3188 auferri
2824 3133 3065 3190 videatur
3088 3136 3449 3192 controversia
3471 3179 3486 3202 ,

1905 3230 2050 3275 certe
2072 3228 2127 3276 ut
2153 3229 2272 3276 tuus
2296 3221 2550 3278 Dominus
2573 3232 2738 3290 esset,
2767 3232 2858 3279 aut
2881 3240 3052 3292 meus,
3075 3227 3162 3296 qui
3191 3227 3350 3283 modo
3369 3242 3490 3283 esse

1905 3313 2187 3381 coepimus,
2218 3327 2284 3368 ex
2314 3323 2554 3384 tempore
2578 3314 2771 3370 accidit
2802 3315 2931 3370 Deo.
2959 3316 3063 3370 Aut
3091 3317 3134 3371 si
3163 3327 3217 3372 ct
3239 3318 3338 3374 hoc
3363 3334 3488 3387 pro-

1907 3415 2025 3474 pter
2052 3404 2334 3458 obscuram
2361 3404 2708 3474 quaastionem
2751 3406 2943 3460 anitum
2967 3405 3176 3460 videtur
3201 3407 3485 3472 imertum,

1905 3493 2030 3564 quid
2058 3503 2114 3548 ut
2150 3503 2292 3549 esset
2332 3494 2587 3549 Dominus
2614 3495 2792 3565 populi
2839 3495 3043 3550 Israel?
3071 3495 3200 3562 Quia
3233 3497 3332 3553 etsi
3374 3498 3483 3568 jam

1905 3593 2019 3640 erat
2041 3585 2230 3639 anima:
2254 3593 2439 3640 natura
2461 3626 2476 3652 ,
2507 3601 2664 3656 quam
2694 3585 2782 3640 ille
2810 3587 3033 3656 populus
3059 3585 3318 3652 habebat,
3343 3589 3506 3666 quod.

1903 3676 2062 3731 modo
2080 3691 2184 3731 non
2205 3679 2522 3747 quarrimus;
2547 3686 2722 3733 tamen
2745 3677 2834 3732 ille
2852 3678 3078 3747 populus
3093 3679 3324 3733 nonduin
3344 3688 3481 3746 erat,

1903 3779 1958 3825 et
1982 3770 2195 3841 quando
2220 3785 2338 3826 esse
2363 3771 2525 3841 capit
2562 3779 2800 3840 apparet.
2833 3770 3110 3824 Postremo
3145 3779 3200 3824 ut
3229 3770 3484 3826 Dominus

1903 3870 2044 3918 esset
2064 3860 2220 3931 hujus
2234 3861 2437 3917 arboris
2451 3869 2505 3915 et
2523 3859 2680 3930 hujus
2699 3861 2912 3930 segetis,
2931 3877 2994 3914 ex
3013 3869 3249 3930 tempore
3269 3861 3482 3929 accidit,

1903 3967 2022 4022 quze
2042 3950 2200 4006 modo
2220 3966 2340 4007 esse
2363 3960 2659 4022 coeperunt.
2685 3950 2816 4018 Quia
2841 3951 2940 4006 etsi
2970 3951 3217 4006 materies
3240 3952 3349 4022 ipsa
3373 3951 3482 4022 jam

1903 4051 2035 4108 erat,
2055 4042 2192 4096 aliud
2211 4051 2294 4097 est
2311 4051 2486 4098 tamen
2508 4041 2778 4097 dominum
2793 4057 2913 4098 esse
2929 4044 3184 4110 materiae,
3203 4043 3346 4100 aliud
3363 4058 3483 4101 esse

1903 4134 2175 4190 dominum
2196 4134 2305 4204 jam
2334 4133 2487 4190 facta:
2525 4142 2746 4190 naturae.
2790 4134 2910 4189 Alio
2936 4134 3077 4189 enim
3125 4143 3364 4207 tempore
3400 4147 3484 4193 est

1903 4228 2062 4283 etiam
2079 4227 2239 4284 homo
2253 4227 2499 4284 dominus
2515 4227 2663 4297 ligni,
2681 4235 2734 4282 et
2750 4227 2856 4282 alio
2876 4236 3114 4298 tempore
3133 4225 3380 4286 dominus
3398 4239 3483 4286 est

1903 4335 2062 4388 arca),
2089 4321 2331 4391 quamvis
2355 4335 2422 4376 ex
2447 4319 2563 4390 ipso
2596 4319 2738 4390 ligno
2782 4319 3069 4386 fabricatae,
3114 4319 3256 4389 quod
3299 4321 3480 4391 utique

1904 4428 2010 4468 non
2059 4420 2198 4478 erat,
2241 4426 2360 4468 cum
2399 4411 2525 4482 ligni
2554 4410 2803 4465 dominus
2839 4409 2950 4479 jam
2998 4419 3160 4466 esset.
3201 4410 3480 4478 Quomodo

1903 4505 2062 4574 igitur
2111 4503 2466 4560 obtinebimus
2529 4501 2657 4556 nihil
2713 4501 3002 4557 secundum
3079 4501 3326 4557 accidens
3374 4501 3478 4558 dici

1906 4596 2093 4660 Deum,
2121 4595 2221 4650 nisi
2247 4593 2370 4664 quia
2392 4593 2556 4663 ipsius
2585 4600 2786 4651 natura:
2814 4591 2949 4646 nihil
2987 4592 3180 4647 accidit
3226 4608 3332 4663 quo
3371 4609 3472 4648 mu-

1904 4696 2063 4753 tetur,
2095 4676 2153 4741 ut
2179 4701 2240 4742 ea
2267 4687 2374 4740 sint
2399 4683 2692 4740 accidentia
2718 4683 2962 4752 relativa,
2991 4701 3109 4754 qua:
3152 4700 3272 4740 eum
3301 4685 3476 4754 aliqua

1902 4780 2192 4836 mutatione
2220 4794 2398 4834 rerum
2416 4777 2491 4848 de
2518 4778 2709 4849 quibus
2735 4778 3004 4846 dicuntur,
3033 4777 3296 4834 accidunt.
3327 4777 3478 4833 Sicut

1901 4873 2102 4927 amicus
2148 4871 2364 4926 relative
2436 4869 2656 4936 dicitur;
2720 4885 2891 4940 neque
2928 4869 3071 4924 enim
3109 4883 3228 4922 esse
3265 4867 3474 4937 incipit,

1903 4964 2003 5018 nisi
2033 4979 2153 5018 cum
2180 4975 2360 5018 amare
2384 4962 2606 5033 cmperit
2638 4979 2651 5015 :
2680 4961 2740 5016 ﬁt
2771 4977 2899 5030 ergo
2922 4960 3095 5028 aliqua
3119 4960 3341 5014 mutatio
3379 4974 3476 5015 vo-

1903 5054 2141 5121 luntatis,
2174 5063 2232 5108 ut
2256 5052 2459 5108 amicus
2477 5052 2700 5108 dicatur.
2730 5051 2985 5106 Nummus
3025 5057 3204 5103 autem
3242 5063 3365 5104 cunt
3394 5049 3477 5105 di-

1900 5145 2038 5200 citur
2059 5145 2306 5213 pretium,
2357 5143 2576 5200 relative
2615 5142 2826 5206 dicitur,
2881 5154 2982 5196 nec
3029 5147 3201 5193 tamen
3240 5147 3476 5196 mutatus

1900 5244 2118 5291 estcum
2152 5249 2272 5291 esse
2297 5235 2458 5306 coepit
2496 5234 2720 5304 pretium
2757 5245 2964 5300 :neque
2996 5244 3117 5285 cum
3153 5229 3348 5286 dicitur
3394 5231 3476 5301 pi-

1899 5344 2054 5401 gnus,
2084 5336 2140 5386 et
2157 5331 2201 5385 si
2227 5344 2328 5399 qua
2355 5337 2479 5384 sunt
2499 5325 2711 5382 similia.
2751 5323 2808 5380 Si
2839 5335 2967 5394 ergo
3009 5337 3260 5379 nummus
3297 5331 3478 5393 potest

1899 5423 2041 5478 nulla
2086 5424 2168 5476 sui
2206 5420 2496 5474 mutatione
2548 5416 2703 5474 toties
2748 5416 2854 5471 dici
2886 5415 3126 5478 relative,
3191 5422 3250 5468 ιιι
3303 5427 3477 5482 neque

1898 5528 2019 5568 cum
2047 5512 2231 5581 incipit
2253 5508 2380 5575 diei,
2426 5523 2596 5579 neque
2621 5521 2743 5561 eum
2771 5505 2986 5571 desinit,
3017 5503 3215 5575 aliquid
3262 5519 3316 5558 tu
3361 5502 3477 5573 ejus

1898 5611 2086 5659 natura
2113 5603 2198 5658 vel
2227 5600 2417 5667 forma,
2460 5613 2566 5669 qua
2593 5585 2838 5651 nummus
2859 5603 2961 5662 est,
3007 5593 3315 5652 mutationis
3350 5593 3474 5657 liat;

1897 5705 2096 5767 quanto
2123 5693 2326 5749 facilius
2351 5691 2420 5747 de
2459 5691 2545 5745 illa
2571 5687 2987 5744 incommutabili
3035 5686 3132 5743 Dei
3179 5685 3472 5742 substantia

1897 5789 2156 5902 ventus
2180 5783 2439 5854 accipere,
2489 5790 2544 5840 ιιι
2589 5781 2658 5837 ita
2685 5779 2893 5840 dicatur
2917 5779 3139 5838 relative
3181 5773 3378 5848 aliquid
3411 5772 3476 5827 ad
