4076 6436
2938 246 3019 267 κ...

581 324 693 392 923
1138 356 1146 367 ι
1372 270 1381 285 ⁹
1680 326 1771 383 DE
1807 316 2191 387 TRINI'I‘ATE,

2260 316 2295 373 ἱ.
2334 314 2699 376 AUGUSTI!“
3048 370 3069 381 ,,
3744 311 3870 373 Μ

586 453 911 514 creaturam,
938 452 1003 501 nt
1020 442 1261 516 quamvis
1283 439 1647 512 temporaliter
1667 440 1882 509 incipiat
1897 437 2024 501 dici,
2056 450 2163 489 non
2274 432 2421 487 Dens
2437 431 2577 502 quod
2601 441 2758 489 antea
2788 444 2894 487 non
2908 430 3221 493 dicebatur.
3264 430 3604 489 manilcstum
3646 438 3727 488 est
3770 446 3855 489 reo

588 550 767 613 tamen
805 538 908 611 ipsi
935 535 1246 593 substantiae
1281 534 1377 591 Dei
1420 533 1678 603 accidisse
1724 529 1926 602 aliquid
1965 528 2165 586 intelli-
2273 522 2433 579 lative
2460 524 2609 593 diei:
2639 538 2743 579 non
2770 531 2948 579 tanien
2974 522 3267 578 secundum
3294 523 3541 579 accidens
3571 524 3666 580 Dei
3709 523 3854 596 quod

585 642 763 702 gatur,
790 628 887 687 sed
919 629 995 685 illi
1014 635 1274 684 creaturae
1326 624 1393 681 ad
1448 638 1609 695 quam
1649 621 1883 679 dicitur?
1918 620 2163 686 Domine,
2273 613 2323 668 ei
2348 614 2542 684 aliquid
2563 615 2836 680 acciderit,
2864 614 2959 671 sed
2981 614 3138 685 plane
3154 615 3444 671 secundum
3467 616 3715 673 accidens
3737 619 3858 688 eius

588 715 780 785 inquit,
820 712 1076 787 refugium
1119 715 1285 784 factas
1334 726 1386 766 es
1428 707 1572 773 nobis
1616 705 1788 780 (Psal.
1834 722 2055 770 una,
2085 702 2164 777 l).
2270 704 2340 761 ad
2368 704 2511 776 quod
2554 705 2658 761 dici
2698 705 2898 776 aliquid
2936 706 3078 761 Deus
3104 706 3287 776 incipit
3312 707 3551 763 relative.
3601 707 3668 764 Et
3710 710 3861 778 quod

588 804 871 876 Refugium
900 818 1026 875 ergo
1054 810 1296 859 nostrum
1326 800 1464 857 Deus
1487 800 1707 857 relative
1729 798 1947 868 dicitur,
1981 796 2050 852 ad
2069 808 2169 852 nos
2270 796 2475 852 amicus
2516 795 2609 851 Dei
2632 796 2807 866 justus
2830 810 2950 853 esse
2978 796 3199 866 incipit,
3229 798 3346 868 ipse
3385 806 3659 856 mutatur:
3709 799 3859 856 Deus

588 896 732 952 enim
751 893 1001 961 refertur,
1030 901 1087 950 et
1102 901 1241 957 tunc
1268 890 1528 963 refugium
1572 899 1811 951 nostrum
1840 888 1917 956 ﬁt,
1947 902 2071 945 cum
2098 885 2167 942 ad
2272 894 2451 942 autem
2479 885 2627 942 absit:
2658 895 2725 941 ut
2743 887 3105 957 temporaliter
3130 888 3360 956 aliquem
3400 887 3853 961 diligat"',,qnasi

587 1001 711 1042 eum
733 983 1024 1055 refugimus
1052 999 1065 1039 :
1099 981 1355 1054 numquid
1386 991 1514 1039 tunc
1532 981 1596 1037 ﬁt
1622 979 1821 1052 aliquid
1840 980 1896 1036 in
1923 981 2041 1052 ejus
2070 994 2170 1034 na-
2272 993 2408 1035 nova
2433 977 2717 1035 dilectione
2741 995 2859 1050 quae
2888 979 2941 1035 in
2965 979 3057 1035 illo
3081 987 3206 1035 tmte
3233 982 3668 1051 non~erat,-apud
3692 998 3856 1051 quem

589 1086 727 1139 tum,
756 1074 898 1146 quod
927 1082 1208 1145 antequam
1236 1073 1304 1130 ad
1333 1088 1458 1129 eum
1482 1072 1848 1144 refugeremus
1865 1087 1974 1128 non
2012 1073 2166 1129 erat?
2274 1084 2373 1124 nec
2412 1069 2678 1140 praeterita
2708 1070 3062 1137 transierunt,
3107 1079 3162 1127 et
3185 1069 3369 1127 futura
3380 1071 3491 1142 jam
3532 1072 3663 1128 facta
3705 1083 3853 1129 sunt.

590 1167 645 1223 In
678 1167 832 1223 nobis
865 1182 994 1238 ergo
1059 1166 1116 1221 ﬁt
1165 1165 1339 1243 aliqua
1377 1164 1647 1221 mutatio:
1678 1163 1975 1221 deteriores
2022 1163 2166 1219 enim
2274 1158 2454 1229 Itaque
2480 1174 2668 1217 omnes
2690 1169 2903 1216 sanctos
2926 1174 3052 1217 suos
3071 1170 3197 1216 ante
3214 1161 3397 1216 mundi
3420 1163 3857 1219 constitutionem

589 1258 788 1318 inimus
813 1268 1096 1330 antequam
1119 1258 1186 1314 ad
1225 1274 1348 1315 eum
1376 1257 1760 1330 relugeremus,
1811 1265 1868 1314 et
1904 1256 2167 1313 efﬁcimur
2276 1250 2483 1319 dilexit,
2513 1251 2653 1307 sicut
2670 1251 3064 1321 praedestinavit
3088 1270 3103 1306 :
3125 1252 3220 1309 sed
3246 1268 3367 1309 eum
3394 1263 3780 1311 convertuntur
3804 1266 3861 1311 et

587 1350 657 1407 ad
703 1366 827 1408 eum
870 1349 1180 1422 refugiendo
1221 1350 1471 1406 meliores
1501 1368 1515 1406 :
1549 1350 1601 1404 in
1648 1349 1739 1405 illo
1778 1356 1955 1404 autem
1998 1348 2164 1404 nulla.
2274 1340 2548 1398 inveniunt
2571 1340 2755 1406 illum.
2787 1350 2915 1398 tunc
2942 1342 3173 1413 incipere
3196 1344 3264 1398 ab
3296 1359 3364 1401 eo
3384 1345 3531 1416 diligi
3554 1346 3811 1402 dicuntur
3840 1388 3856 1411 ο

588 1441 679 1497 Sic
702 1449 757 1497 et
781 1449 930 1512 pater
956 1447 1136 1497 noster
1160 1455 1280 1497 esse
1310 1440 1511 1511 incipit.
1539 1455 1662 1497 cum
1686 1456 1780 1511 per
1805 1439 1922 1510 ejus
1939 1440 2165 1510 gratiam
2274 1441 2334 1487 ut
2356 1447 2423 1489 eo
2449 1432 2608 1489 modo
2644 1433 2851 1491 dicatur
2894 1449 3002 1505 quo
3042 1444 3219 1505 potest
3250 1435 3484 1493 humano
3518 1438 3710 1495 sﬁ‘ectu
3736 1443 3861 1510 capi

590 1545 991 1601 regeneramur,
1017 1532 1265 1602 quoniam
1290 1531 1438 1587 dedit
1479 1532 1632 1588 nobis
1662 1539 1976 1602 potestatem
2029 1531 2168 1589 ﬁlios

2274 1525 2417 1595 quod
2442 1526 2655 1581 dicitur.
2684 1526 2773 1583 Sic
2810 1526 2971 1582 etiam
3002 1541 3122 1583 cum
3150 1528 3317 1583 iratus
3353 1530 3507 1586 malis
3533 1531 3759 1598 dicitur,
3806 1534 3864 1587 ei

591 1622 690 1680 Dei
715 1621 828 1678 ﬁeri
855 1621 1056 1695 (Joan.,
1085 1622 1200 1695 l2).
1230 1622 1533 1678 Substantia
1572 1623 1748 1693 itaque
1786 1631 1971 1680 nostra
1996 1632 2169 1679 muta-
2276 1615 2513 1684 Ριειυῖάιιε
2535 1616 2728 1682 bonis;
2758 1616 2838 1673 illi
2866 1625 3156 1684 mutantur.
3183 1633 3288 1674 non
3314 1618 3462 1689 ipse:
3490 1619 3629 1676 sicut
3658 1621 3750 1676 lux
3777 1622 3866 1675 in-

590 1722 679 1769 tur
715 1714 767 1769 in
793 1714 1002 1779 melius,
1052 1729 1173 1770 cum
1204 1713 1295 1769 ﬁlii
1333 1714 1449 1786 ejus
1489 1713 1753 1771 efﬁcimur
1782 1732 1798 1771 :
1826 1715 2055 1772 simulet
2079 1716 2169 1772 ille
2276 1709 2445 1767 ﬁrmis
2465 1710 2637 1766 oculis
2655 1724 2868 1780 aspera,
2889 1710 3059 1767 ﬁrmis
3084 1711 3221 1768 lenis
3242 1720 3358 1779 θείς
3384 1712 3625 1784 ipsorum
3652 1714 3867 1770 εοίιίεεί

592 1812 744 1874 pater
790 1812 974 1860 noster
1009 1818 1131 1861 esse
1177 1803 1383 1874 incipit,
1423 1792 1518 1861 sed
1565 1804 1706 1861 nulla
1753 1808 2170 1863 commutatione
2276 1799 2591 1867 mulatione.
2624 1815 2729 1857 ηοη
2757 1815 2876 1857 sua.

592 1908 705 1951 sua:
725 1895 1053 1954 substantixe.
1083 1895 1235 1965 Quod
1279 1911 1408 1968 ergo
1451 1896 1815 1967 temporaliter
1856 1897 1962 1955 dici
1990 1898 2174 1970 incipit
2339 1907 2357 1939 ⁸
2381 1907 2573 1957 sicnss.
2597 1907 2717 1958 aditi
2738 1914 2921 1969 autem,
2938 1907 3198 1972 aliquando
3211 1908 3400 1975 diligat.

1583 2104 2065 2217 LIBER
2136 2100 2784 2214 SEXTUS.

654 2318 703 2360 tu
725 2324 822 2375 quo
844 2313 1086 2386 proposita
1106 2309 1656 2423 quaestionegguomodo
1686 2308 1844 2360 dictus
1861 2310 1928 2384 sit
1962 2310 2175 2361 Christus
2210 2309 2607 2385 oreoapqstolico,
2636 2311 2724 2384 1ξεὶ
2757 2311 2905 2363 virtus
2926 2320 2985 2388 et.
3000 2314 3087 2365 Dei
3119 2313 3382 2423 augentia,
3406 2315 3495 2378 disi
3511 2322 3673 2366 utatur
3692 2321 3872 2388 utrum

656 2381 731 2423 ter
750 2387 846 2423 non
866 2382 929 2423 sit
948 2386 1059 2423 inse
1077 2380 1331 2423 sementis.
1354 2385 1381 2423 s
1466 2378 1650 2423 tantum
1669 2373 1921 2423 sapientia
1941 2378 2097 2423 Pater.
2128 2386 2191 2422 an
2212 2382 2448 2423 sapientia
2469 2380 2756 2423 sententiam
2780 2383 3009 2423 genuerit
3036 2390 3048 2423 :
3078 2383 3129 2423 et
3195 2376 3304 2423 [lata
3328 2377 3570 2423 paulisper
3591 2377 3864 2423 solutione.

592 2380 731 2439 Pater
744 2373 1059 2436 bon'sitipse
1077 2373 1331 2439 salientia.
1354 2373 1445 2423 sed
1466 2373 1921 2439 ωιιιιιιὲιριθιιιὶεεε
1941 2378 2097 2433 Pater.
2128 2386 2191 2439 aa
2212 2373 2448 2435 sapientia
2469 2374 2756 2439 sapientiam
2780 2378 3009 2439 genuerit
3036 2390 3048 2425 :
3078 2383 3129 2425 et
3159 2373 3304 2425 dilata
3328 2373 3570 2439 paulisper
3591 2377 3864 2439 solutione,

593 2436 819 2506 probatur
843 2430 1000 2506 mutas
1022 2442 1074 2485 et
1084 2430 1343 2506 aequalitas
1530 2441 1588 2506 et
1610 2430 1709 2482 Filii
1726 2430 1792 2506 a_e_
1806 2430 2178 2506 Spiritussancti
2204 2448 2217 2483 :
2243 2430 2294 2485 et
2312 2447 2406 2506 non
2424 2430 2575 2506 Deum
2599 2430 2855 2506 triplicem,
2878 2438 2969 2506 sed
2990 2439 3274 2488 Trinitatem
3300 2430 3437 2490 credi
3466 2430 3716 2503 oportere.
3740 2435 3868 2487 Illud

594 2494 837 2559 postremo
861 2497 964 2548 loco
988 2494 1252 2560 explicatur
1268 2495 1429 2545 Hilarii
1449 2495 1657 2546 dictum:
1686 2511 1709 2542 ι
1725 2494 1981 2547 ιΕιθὲιύωε
2003 2495 2054 2545 in
2076 2502 2231 2557 Patre,
2254 2496 2448 2561 species
2470 2495 2521 2545 in
2541 2494 2772 2560 unagine,
2790 2494 2906 2549 uSus
2930 2500 2980 2549 in
3003 2507 3217 2552 Munere.
3234 2516 3258 2546 ι

2073 2620 2390 2677 GWQ

662 2757 889 2814 CAPUT
927 2757 1207 2815 PRlMUM.
1240 2786 1310 2801 —-
1338 2759 1390 2813 l.
1432 2755 1600 2811 Filius
1639 2755 1916 2811 secundum
1952 2755 2173 2825 Aposto-
2280 2759 2491 2815 Patrem
2514 2775 2621 2816 non
2650 2773 2772 2819 esse
2799 2759 3118 2829 sapientem,
3148 2757 3252 2813 nisi
3281 2756 3524 2813 habendo
3544 2756 3872 2828 sapientiam

595 2847 702 2901 lum
738 2848 893 2902 uirtus
912 2857 960 2902 et
996 2849 1244 2919 sapientia
1290 2846 1383 2902 Dei
1428 2846 1623 2902 Patris.
1671 2844 1808 2899 Hinc
1855 2845 2175 2899 ratiocinatio
2280 2867 2439 2923 quam
2477 2852 2679 2922 genuit,
2718 2864 2825 2907 non
2861 2849 3138 2906 existendo
3177 2862 3271 2919 per
3288 2863 3347 2904 se
3388 2848 3545 2903 Pater
3582 2847 3731 2917 ipsa'
3774 2862 3869 2901 sa-

596 2934 974 2991 Catltolicorum
1016 2948 1192 2992 contra
1229 2937 1419 3008 priores
1479 2936 1716 2992 Arianae.
1774 2935 2054 3006 Difﬁcultas
2106 2952 2174 2989 an
2281 2943 2498 3015 pientia.
2542 2943 2741 2999 Deinde
2794 2944 2839 2999 si
2895 2942 2964 2997 ita
2995 2950 3118 3007 est,
3145 2940 3312 2995 Filius
3337 2954 3547 3009 quoque
3575 2939 3690 3008 ipse
3724 2938 3871 2994 sicut

599 3025 758 3081 Pater
794 3044 895 3083 non
921 3029 983 3082 sit
1008 3029 1118 3097 ipse
1145 3028 1411 3098 sapientia,
1449 3026 1538 3082 sed
1562 3034 1759 3080 tantum
1782 3027 2043 3114 sapientiae
2070 3026 2176 3079 Pa-

2279 3036 2473 3092 dicitur
2494 3036 2633 3091 Deus
2661 3034 2727 3090 de
2755 3035 2884 3099 Deo,
2920 3034 3100 3089 lumen
3132 3033 3199 3088 de
3219 3031 3439 3096 lumine,
3467 3030 3753 3085 videndum
3780 3039 3868 3085 est

596 3127 691 3174 ter.
732 3119 1105 3190 IEqualitatem
1146 3120 1317 3175 Patris
1356 3129 1413 3175 et
1453 3118 1573 3174 Filii
1631 3126 1688 3176 et
1734 3118 1965 3188 Spiritus
2005 3119 2174 3174 sancti
2280 3136 2457 3182 utrum
2500 3126 2669 3197 possit
2709 3124 2968 3196 sapientia
2992 3125 3061 3180 de
3102 3124 3361 3194 sapientia
3390 3122 3513 3187 dici,
3555 3123 3600 3177 si
3640 3136 3748 3177 non
3781 3132 3869 3176 est

599 3219 787 3282 Ρυίεηι
831 3213 1071 3268 nonnum
1110 3227 1175 3267 εἰ
1207 3212 1307 3267 "0c
1349 3210 1595 3281 impediri
1646 3211 1933 3281 quominus
1974 3210 2174 3265 ίιιιειιί·
2281 3219 2423 3274 Deus
2443 3217 2601 3274 Pater
2623 3218 2737 3290 ipsa
2760 3216 3042 3287 sapientia,
3071 3215 3164 3271 sed
3187 3222 3391 3269 tantum
3413 3213 3621 3284 genitor
3648 3212 3869 3282 sapien-

598 3312 769 3374 gatur,
818 3304 939 3374 quia
963 3305 1217 3376 scriptum
1266 3312 1370 3371 est,
1400 3302 1656 3359 Christum
1694 3301 1789 3357 Dei
1837 3303 2071 3357 virtutem
2127 3311 2176 3356 et
2282 3312 2387 3367 tim.
2411 3309 2561 3380 Quod
2589 3311 2634 3365 si
2657 3322 2921 3371 tenemus,
2970 3323 3067 3364 cur
3104 3322 3213 3361 non
3250 3315 3305 3362 et
3331 3303 3707 3375 magnitudinis
3730 3316 3874 3368 sum,

596 3394 695 3451 υθέ
739 3396 1039 3467 "Plenum"
1078 3412 1099 3451 -'
1133 3403 1193 3451 υῑ
1238 3395 1361 3451 ide“
1414 3408 1523 3449 ηοη
1584 3392 1830 3448 Videat“?
1878 3392 2173 3462 mualilas!
2280 3411 2337 3459 et
2387 3401 2672 3467 bonitatis,
2721 3410 2776 3457 et
2820 3398 3167 3461 aeternitatis,
3215 3406 3270 3453 et
3316 3395 3715 3465 omnipotentiae
3755 3409 3876 3450 suzc

600 3486 725 3557 quia
768 3502 873 3541 non
918 3495 1002 3543 est
1040 3485 1199 3542 Pater
1242 3486 1357 3555 ipse
1407 3484 1573 3539 virtus
1625 3492 1681 3539 et
1730 3484 2030 3554 sapientia,
2081 3482 2176 3537 sed

2282 3493 2490 3564 genitor
2531 3492 2622 3559 sit,
2679 3499 2738 3545 ut
2762 3505 2872 3545 non
2892 3490 3005 3559 ipse
3043 3489 3112 3543 sit
3153 3502 3248 3542 sua
3294 3484 3620 3557 magnitudo,
3672 3494 3727 3540 et
3773 3498 3873 3540 sua

598 3577 806 3648 genitor
846 3577 1056 3633 virtutis
1101 3585 1159 3634 et
1205 3576 1500 3649 sapientiae.
1547 3575 1615 3631 Et
1656 3589 1842 3630 revera
1894 3589 2002 3629 non
2063 3588 2181 3628 me-
2282 3586 2513 3652 δοιιίωε,
2542 3593 2707 3640 eis“;
2734 3583 3101 3648 aeternitas,“
3128 3596 3223 3636 sua
3251 3579 3655 3654 omnipotentis,
3685 3576 3783 3633 sed
3807 3592 3876 3633 ea

599 3666 764 3723 dioeri
793 3667 1088 3723 intentione
1112 3667 1279 3737 quaeri
1321 3667 1476 3733 solet,
1505 3664 1772 3737 quomodo
1800 3664 2010 3719 dicatur
2040 3664 2179 3718 Deus

2282 3676 2646 3748 magnitudine
2676 3690 2895 3747 magnus
2922 3674 3175 3743 sitquam
3220 3672 3423 3743 genuit,
3456 3680 3511 3726 et
3533 3685 3596 3725 ea
3628 3669 3876 3725 bonitate

598 3758 810 3814 virtutis
833 3768 887 3814 et
913 3758 1187 3829 sapientiae
1212 3759 1390 3815 Pater.
1422 3759 1511 3812 Ait
1527 3757 1669 3813 enim
1696 3756 2003 3826 Apostolus,
2029 3754 2181 3810 Chri-

2284 3770 2473 3834 bonus,
2507 3777 2561 3823 et
2588 3766 2966 3824 eaazternitate
2987 3773 3241 3830 mternus,
3282 3770 3337 3817 et
3371 3776 3435 3817 ea
3479 3761 3876 3829 omnipotentia

600 3860 737 3905 stum
764 3850 862 3905 Dei
889 3851 1126 3907 virtutem
1152 3861 1202 3906 et
1227 3849 1322 3905 Dei
1357 3850 1656 3920 sapientiam
1684 3848 1730 3921 (I
1757 3847 1875 3904 Cor.
1905 3864 1946 3914 ι,
1975 3846 2085 3920 24).
2116 3848 2183 3902 Ει

2284 3859 2621 3928 omnipotens
2644 3872 2763 3928 quae
2795 3855 2863 3913 de
2888 3854 2980 3910 illo
3006 3863 3127 3909 nata
3153 3862 3256 3918 est,
3302 3852 3441 3906 sicut
3484 3865 3591 3906 non
3614 3850 3728 3919 ipse
3774 3863 3880 3909 sua

599 3942 728 3999 hinc
752 3944 991 4001 nonnulli
1014 3944 1180 4003 nostri
1201 3943 1487 3999 adversum
1519 3943 1746 3997 Arianos
1773 3942 1876 3996 hoc
1904 3940 2064 3995 modo
2091 3954 2181 3992 ra-
2285 3951 2543 4022 sapientia
2569 3958 2653 4007 esi
2673 3952 2717 4017 ι,
2755 3948 2850 4005 sed
2885 3963 2948 4003 ea
2992 3947 3251 4018 sapienua
3288 3943 3499 4015 sapiens
3528 3953 3612 3998 est
3641 3956 3763 4013 qua:
3808 3940 3885 3996 de

600 4032 843 4088 tiocinati
888 4042 1032 4101 sunt,
1074 4048 1168 4090 eos
1212 4033 1467 4089 duntaxat
1493 4032 1583 4103 qui
1607 4033 1759 4102 prius
1807 4048 1864 4087 se
1893 4032 2176 4088 adversum

2286 4042 2380 4097 illo
2403 4049 2525 4096 nata
2553 4040 2671 4096 est?
2696 4038 2829 4095 Nam
2851 4037 2976 4093 illud
2995 4053 3100 4093 non
3126 4044 3209 4091 est
3233 4032 3641 4097 formidandum,
3674 4046 3741 4087 ne
3768 4046 3876 4087 co.

602 4124 923 4180 catholicam
952 4125 1108 4181 ﬁdem
1134 4124 1461 4181 extulerunt.
1496 4123 1628 4179 Nam
1645 4123 1760 4193 ipse
1786 4123 1946 4178 Arius
1978 4123 2178 4179 dixisse
2286 4149 2474 4204 gamur
2512 4131 2707 4187 multos
2747 4129 2886 4186 ﬁlios
2913 4129 3009 4185 Dei
3058 4129 3259 4191 dicere,
3301 4134 3495 4196 praeter
3531 4123 3889 4195 adoptionem

603 4214 791 4283 iertur,
815 4215 874 4271 Si
900 4216 1036 4272 illius
1062 4223 1164 4283 est,
1196 4225 1349 4270 natus
1375 4221 1494 4280 est;
1524 4215 1571 4271 si
1599 4221 1754 4269 natus
1776 4222 1879 4281 est,
1906 4221 2022 4269 erat
2040 4221 2176 4269 tem-

2287 4233 2563 4291 creaturae,
2606 4230 2905 4278 comternos
2941 4220 3107 4286 Patri,
3154 4220 3200 4273 si
3228 4215 3598 4289 magnitudinis
3635 4229 3751 4268 sua:
3781 4230 3892 4285 ge-

604 4321 707 4379 nus
741 4306 955 4379 quando
995 4322 1102 4362 non
1146 4316 1263 4363 erat
1312 4306 1451 4362 ﬁlius
1482 4324 1497 4361 ε
1526 4320 1631 4361 non
1670 4306 1969 4378 intelligens
2012 4306 2172 4362 etiam
2289 4315 2431 4370 nitor
2459 4322 2561 4381 est,
2593 4321 2647 4368 et
2674 4312 2947 4378 bonitatis,
2993 4319 3047 4365 ct
3084 4307 3416 4373 aeternitatis,
3456 4314 3510 4362 et
3534 4304 3897 4373 omnipoten-

604 4408 784 4454 natum
809 4412 929 4454 esse
955 4398 1066 4454 Deo
1108 4399 1486 4467 sempiternum
1507 4412 1648 4464 esse,
1693 4405 1751 4452 ut
1787 4398 1856 4452 sit
1883 4406 2181 4453 coaeternus

2290 4408 2398 4461 tia).
2439 4406 2573 4461 liuic
2594 4406 2736 4460 enim
2767 4403 3049 4459 calumniae
3077 4401 3231 4457 facile
3259 4397 3629 4469 respondetur,
3661 4396 3739 4450 sic
3770 4411 3893 4449 non

606 4489 952 4554 Ριιιτίῗίιίυεν
980 4489 1119 4545 Sim"
1141 4489 1393 4560 εριθηάοτ
1410 4489 1499 4559 (ιυί
1526 4489 1755 4561 εῖεηίιιιτ
1783 4488 1853 4543 ab
1877 4488 1998 4560 ίϐπθ
2026 4498 2185 4558 alque
2290 4496 2451 4562 efﬁci,
2492 4498 2615 4568 quia
2643 4497 2808 4551 multa
2848 4494 3120 4551 nominata
3169 4501 3314 4559 sunt,
3356 4499 3415 4545 ut
3450 4490 3539 4544 ille
3584 4486 3896 4542 multorum

608 4580 941 4649 dimlndilui‘i
992 4594 1205 4636 οοενυε
1232 4589 1315 4636 εει
1366 4580 1462 4647 illi.
1511 4588 1565 4636 ει
1601 4589 1746 4636 θεεθι
1778 4587 2095 4645 comminus.
2139 4578 2187 4634 Si
2292 4590 2520 4645 ﬁliorum
2544 4598 2934 4644 comternorum
2955 4585 3024 4641 sit
3052 4590 3237 4655 pater;
3281 4577 3729 4652 quemadmodum
3766 4590 3892 4631 non

608 4681 754 4729 esset
782 4670 921 4743 ignis
944 4680 1198 4727 mternus.
1225 4670 1379 4727 Unde
1401 4671 1617 4742 quidam
1646 4671 1971 4742 posteriores
2000 4669 2184 4724 Ariani
2290 4681 2517 4737 efﬁcitur
2546 4690 2604 4735 ut
2623 4679 2849 4733 duorum
2879 4677 2967 4742 sit,
3009 4691 3130 4731 cum
3153 4673 3348 4728 dicitur
3373 4671 3618 4727 Christus
3646 4668 3746 4723 Dei
3776 4669 3902 4722 vir-

608 4766 917 4837 Ibieceﬂlm
946 4764 1102 4822 “iam
1131 4764 1472 4832 senleﬂiiam.
1514 4763 1750 4835 fassique
1793 4769 1937 4828 sum.
1983 4777 2091 4817 ῐιοιι
2119 4776 2185 4817 0X
2293 4783 2376 4829 tus
2399 4780 2455 4828 et
2484 4772 2581 4827 Dei
2624 4769 2902 4841 sapientia.
2956 4766 3158 4822 Eadem
3189 4765 3387 4835 quippe
3412 4763 3578 4816 virtus
3626 4774 3749 4830 quae
3798 4774 3901 4814 sa~

608 4869 852 4929 ιυωροτθ
877 4857 1105 4927 cuil)isse
1126 4856 1318 4912 Filium
1342 4855 1457 4911 θεῖ·
1501 4854 1608 4911 sed
1635 4855 1775 4910 inter
1800 4852 2187 4923 ἀίδρυωιίοηθε
2293 4866 2509 4937 picntia,
2538 4871 2591 4918 et
2631 4862 2818 4919 eadem
2861 4860 3122 4932 sapientia
3148 4874 3267 4929 quae
3296 4857 3465 4911 virtus
3498 4863 3581 4909 est
3612 4872 3624 4906 :
3658 4853 3733 4906 ita
3784 4852 3903 4923 igi-

607 4964 740 5021 ‘ll'as
758 4948 1025 5005 habebam
1050 4947 1217 5003 ηοεινί
1241 4947 1524 5002 adversum
1541 4960 1639 5002 ⁸0³
1656 4944 1747 5016 qui
1770 4944 2039 5010 dicebam,
2060 4943 2189 4999 Em
2294 4965 2382 5014 tur
2406 4957 2427 4989 ³
2449 4958 2608 5013 etiam
2643 4955 2709 5011 de
2736 4954 2967 5020 caneris,
3014 4958 3073 5006 ut
3101 4949 3288 5005 eadem
3330 4947 3400 5002 sit
3428 4943 3734 5016 magnitudo
3766 4959 3907 5013 qum

608 5051 818 5111 tempus
846 5038 1057 5111 quando
1086 5052 1193 5094 non
1222 5046 1338 5094 erat
1364 5037 1553 5103 Filius,
1584 5036 1721 5093 hanc
1747 5036 1907 5093 etiam
1947 5035 2189 5092 nonnulli
2293 5049 2481 5115 vinus,
2511 5055 2566 5102 οι
2593 5046 2638 5102 εί
2670 5060 2772 5115 (μω
2803 5044 2927 5108 alia,
2958 5058 3078 5113 qum
3116 5042 3200 5096 vel
3247 5054 3407 5109 supra
3459 5046 3909 5092 commemorata

610 5133 1067 5189 ratiocinationem
1089 5130 1397 5186 inserebant
1427 5147 1441 5184 :
1467 5129 1525 5185 Si
1564 5128 1659 5184 Dei
1708 5128 1879 5185 Filius
1914 5129 2087 5183 virtus
2132 5133 2191 5181 et
2293 5146 2437 5202 δυηι,
2460 5136 2547 5193 vel
2573 5132 2982 5191 commemorari
3003 5131 3177 5187 adhuc
3205 5136 3447 5202 possunt.

610 5227 871 5297 sapientia
902 5225 992 5280 Dei
1021 5233 1124 5292 est.
1159 5238 1259 5279 nec
1294 5237 1526 5293 unquam
1572 5222 1710 5278 Deus
1757 5221 1876 5276 sine
1915 5220 2111 5275 virtute
2134 5228 2191 5275 et
2364 5226 2587 5284 CAPUT
2615 5226 2834 5282 ll.—-'5.
2870 5224 2997 5291 Qua:
3016 5223 3079 5276 de
3102 5221 3261 5275 Patre
3286 5228 3331 5273 et
3358 5218 3493 5272 Filio
3527 5216 3910 5272 εῑηιιιιάῑσιιη-

612 5317 871 5386 sapientia
899 5315 1015 5382 fuit,
1062 5322 1358 5371 coaeternus
1381 5323 1466 5370 est
1504 5314 1615 5370 Deo
1644 5313 1788 5369 Patri
1828 5312 1996 5370 Filius
2018 5329 2032 5367 :
2058 5311 2192 5368 dicit
2296 5332 2397 5388 ων,
2439 5335 2551 5391 qua;
2569 5335 2689 5374 non.
2732 5317 2839 5373 sed
2866 5316 2910 5370 si
2941 5331 3046 5369 non
3076 5313 3272 5368 dicitur
3301 5311 3352 5365 in
3382 5325 3441 5365 se
3468 5308 3583 5377 ipso
3610 5307 3710 5363 nisi
3741 5307 3915 5377 quod

610 5418 790 5463 autem
832 5410 1136 5479 Apostolus,
1177 5406 1432 5464 Christum
1475 5406 1571 5463 Dei
1610 5408 1842 5462 uirtutem
1883 5415 1930 5461 et
1963 5405 2061 5460 Dei
2099 5422 2188 5460 sa-
2295 5411 2363 5467 ad
2391 5410 2581 5465 Filium
2604 5409 2819 5476 dicitur,
2843 5407 2897 5462 id
2920 5415 3021 5470 est,
3048 5413 3223 5475 pater,
3257 5402 3335 5457 vel
3364 5402 3594 5472 genitor,
3629 5398 3712 5453 vel
3736 5400 3915 5469 prin—

612 5504 853 5575 pientiam
876 5518 897 5567 ;
936 5511 993 5559 et
1017 5502 1181 5558 Deum
1201 5500 1483 5571 aliquando
1512 5514 1618 5556 non
1644 5499 1896 5555 habuisse
1937 5499 2189 5554 virtutem
2303 5503 2497 5574 cipium
2526 5501 2674 5574 ejus;
2719 5500 2766 5556 si
2795 5500 2956 5556 etiam
2985 5498 3208 5571 gignens
3232 5495 3281 5552 ei
3306 5493 3448 5566 quod
3476 5492 3546 5550 de
3583 5505 3643 5547 se
3688 5490 3915 5562 gignit,

593 2022 3847 2049 Μ

613 5601 706 5648 aut
724 5592 1056 5665 sapientiam,
1105 5592 1370 5648 dementis
1393 5600 1477 5648 est
1499 5592 1713 5648 diceres
1740 5605 1849 5647 non
1878 5591 2038 5662 igitur
2066 5597 2185 5645 erat

612 5655 825 5756 tempus
851 5655 1061 5756 quando
1089 5700 1193 5739 non
1222 5692 1341 5740 erat
1366 5684 1552 5740 Filius.
1900 5655 1926 5662 ⁷

2365 5661 2383 5694 ι
2406 5658 2571 5713 Plures
2590 5664 2719 5717 Mss,
2740 5655 2863 5719 ipse.
3482 5709 3494 5721 _

2362 5719 2601 5794 usque
2613 5716 2904 5794 Mearm“.
2920 5708 3623 5794 misse
3637 5712 3728 5760 εει

682 5776 740 5830 2.
782 5774 915 5842 Quae
938 5773 1271 5832 ratiocinatio
1301 5775 1371 5832 ad
1395 5775 1451 5834 id
1476 5776 1639 5849 cogit,
1658 5784 1727 5835 ιιι
1751 5774 1991 5835 dicamus
2022 5774 2188 5834 Deum
2361 5786 2384 5817 ³
2404 5773 2545 5840 miti.
2560 5786 2689 5833 Itane
2712 5773 2859 5846 igitur
2881 5775 2904 5829 ?
2923 5773 3219 5841 Castigantur
3239 5788 3304 5825 ex
3326 5781 3431 5825 Mss.
