4076 6432
278 339 384 399 925

271 463 662 530 consequenter
688 455 1003 527 principium
1031 461 1143 522 est;
1181 451 1437 525 quidquid
1460 459 1637 509 autem
1665 452 1683 486 ι
1708 451 1850 507 aliud

272 551 490 618 dicitur,
536 564 659 605 cum
687 547 822 602 Filio
846 547 1064 612 dicitur,
1116 546 1201 601 vel
1250 546 1424 615 potius
1460 545 1511 600 in
1535 543 1692 609 Filio,
1736 544 1854 598 sive

271 655 507 711 magnus
523 656 585 696 ea
612 637 974 711 magnitudine
1021 652 1180 707 quam
1209 637 1413 708 genuit,
1455 638 1569 692 sive
1588 635 1763 705 justus
1790 648 1853 688 ca

266 734 471 806 justitia
506 747 664 804 quam
690 732 891 801 genuit,
941 732 1056 787 sive
1095 730 1271 787 bonus
1316 744 1380 784 ea
1410 728 1645 784 bonitate
1693 741 1852 799 quam

275 825 480 896 genuit,
510 823 624 878 sive
650 831 839 893 potens
865 836 928 877 ea
964 820 1198 891 potentia
1229 820 1313 875 vel
1342 819 1535 875 virtute
1560 832 1720 889 quam
1756 831 1853 887 ge-

270 915 403 981 nuit,
435 916 549 971 sive
574 915 789 985 sapiens
816 928 879 969 ea
919 913 1183 983 sapientia
1212 927 1376 983 quam
1396 910 1581 981 genuit
1610 927 1623 964 :
1653 909 1856 980 magni-

270 1006 397 1061 tudo
423 1013 602 1062 autem
630 1006 741 1075 ipsa
782 1018 890 1059 non
916 1002 1107 1059 dicitur
1132 1002 1311 1068 Pater,
1353 1001 1449 1056 sed
1480 1000 1853 1071 magnitudinis

266 1104 550 1166 generator
577 1112 590 1148 :
622 1092 791 1151 Filius
817 1107 947 1148 vero
964 1092 1103 1148 sicut
1129 1091 1183 1147 in
1208 1107 1268 1147 se
1293 1092 1409 1162 ipso
1432 1089 1627 1145 dicitur
1662 1089 1849 1158 Filius,

269 1170 411 1256 quod
439 1200 547 1242 non
576 1200 698 1240 cum
727 1183 885 1240 Patre
913 1183 1126 1251 dicitur,
1154 1180 1251 1238 sed
1271 1182 1337 1237 ad
1368 1181 1600 1247 Patrem,
1633 1196 1740 1235 non
1776 1180 1853 1235 sic

267 1286 318 1333 ct
342 1277 396 1332 in
425 1291 485 1332 se
506 1276 623 1346 ipso
644 1289 899 1346 magnus,
927 1274 1025 1329 sed
1049 1288 1172 1328 cum
1202 1272 1363 1328 Patre
1398 1270 1552 1341 cujus
1580 1270 1694 1341 ipse
1734 1284 1851 1323 ma-

269 1367 494 1440 gnitudo
519 1376 641 1423 est:
672 1368 751 1424 sic
777 1378 831 1423 et
858 1367 1073 1436 sapiens
1095 1380 1216 1422 cum
1250 1364 1410 1420 Patre
1439 1362 1650 1429 dieitur,
1700 1362 1852 1431 cujus

265 1460 382 1530 ipse
407 1458 667 1528 sapientia
687 1466 802 1523 est;
829 1458 1065 1513 sicutille
1084 1456 1296 1529 sapiens
1321 1469 1439 1510 cum
1459 1452 1614 1520 Filio,
1637 1454 1758 1523 quia
1787 1466 1850 1508 ea

263 1550 525 1622 sapientia
555 1549 772 1620 sapiens
792 1559 1051 1620 estquam
1082 1548 1265 1619 genuit
1297 1563 1312 1603 :
1342 1543 1603 1617 quidquid
1628 1558 1758 1614 ergo
1783 1542 1851 1599 ad

263 1658 325 1699 se
376 1642 655 1709 dicuntur,
700 1655 808 1696 non
845 1641 1038 1696 dicitur
1068 1640 1203 1696 alter
1246 1640 1363 1695 sine
1402 1638 1595 1704 altero,
1648 1635 1701 1691 id
1746 1644 1847 1704 est,

262 1738 520 1811 quidquid
540 1738 787 1792 dicuntur
812 1735 953 1806 quod
979 1734 1331 1791 substantiam
1351 1747 1537 1788 eorum
1583 1728 1844 1794 ostendat,

260 1831 424 1886 ambo
474 1830 630 1885 simul
653 1828 918 1883 dicuntur.
947 1826 1003 1882 Si
1034 1826 1147 1881 lucc
1183 1826 1255 1880 ita
1279 1834 1423 1891 sunt,
1457 1822 1568 1893 jam
1598 1836 1726 1891 ergo
1752 1835 1851 1877 nec

260 1919 405 1975 Deus
430 1928 514 1975 est
541 1918 697 1973 Pater
726 1908 840 1973 sine
870 1916 1025 1983 Filio,
1044 1930 1146 1971 nec
1171 1915 1337 1970 Filius
1365 1914 1506 1969 Deus
1528 1912 1645 1968 sine
1670 1911 1846 1980 Patre,

259 2010 356 2067 sed
375 2010 538 2067 ambo
565 2009 724 2065 simul
749 2009 907 2064 Deus.
928 2006 1145 2078 thuod
1160 2007 1360 2061 dictum
1376 2014 1482 2069 est,
1509 2002 1575 2059 1η
1603 2003 1851 2075 principio

260 2111 369 2155 erat
416 2100 632 2155 Verbum
657 2116 675 2164 ;
702 2099 753 2154 in
776 2099 934 2155 Patre
957 2107 1072 2153 erat
1100 2096 1356 2165 Verbum,
1387 2094 1695 2166 intelligitur
1720 2112 1733 2150 :
1758 2101 1851 2151 aut

258 2193 304 2248 si
335 2193 388 2245 in
410 2190 661 2263 principio
705 2190 781 2244 sic
809 2188 1005 2244 dictum
1049 2197 1151 2252 est,
1192 2203 1255 2243 ac
1292 2187 1339 2242 si
1374 2186 1663 2252 diceretur,
1710 2186 1848 2242 Ante

259 2281 485 2344 omnia;
530 2280 671 2351 quod
699 2280 959 2351 sequitur,
1006 2278 1072 2332 Et
1113 2278 1325 2334 Verbum
1350 2288 1457 2332 erat
1482 2276 1620 2350 apud
1659 2274 1845 2343 Deum,

264 2372 507 2429 Verbum
551 2372 765 2443 quidem
811 2370 959 2428 solus
1009 2370 1176 2426 Filius
1222 2370 1500 2440 accipitur,
1546 2384 1651 2424 non
1692 2368 1848 2424 simul

258 2465 423 2522 Pater
450 2474 505 2521 et
543 2464 729 2530 Filius,
781 2474 1030 2536 tanquam
1076 2462 1234 2519 ambo
1275 2477 1439 2517 unum
1480 2460 1712 2517 Verbum
1748 2458 1849 2531 (sic

258 2556 407 2612 enim
431 2555 666 2611 Verbum
701 2552 970 2625 quomodo
1014 2552 1213 2623 Imago,
1241 2567 1349 2607 non
1384 2561 1562 2606 autem
1607 2549 1765 2605 Pater
1793 2557 1850 2611 et

256 2648 428 2703 Filius
455 2646 614 2703 simul
641 2646 797 2701 ambo
822 2646 1014 2716 imago,
1060 2643 1155 2700 sed
1180 2642 1345 2699 Filius
1364 2643 1510 2698 solus
1530 2642 1704 2712 imago
1734 2641 1834 2696 Pa-

256 2738 382 2806 tris,
409 2736 857 2808 quemadmodum
883 2744 937 2792 ct
963 2734 1166 2792 Filius:
1198 2749 1302 2791 non
1334 2734 1474 2790 enim
1503 2734 1661 2789 ambo
1688 2733 1846 2789 simul

263 2831 476 2899 ﬁlius):
509 2830 648 2901 quod
680 2845 807 2886 vero
836 2828 1155 2899 adjungitur,
1209 2827 1271 2882 Et
1308 2826 1520 2881 Verbum
1559 2834 1667 2881 erat
1706 2826 1847 2897 apud

255 2921 462 2988 Deum;
496 2922 720 2976 multum
751 2930 832 2976 est
859 2920 1017 2976 utsic
1058 2918 1399 2990 intelligatur,
1440 2916 1678 2984 Verbum,
1704 2916 1845 2988 quod

255 3015 407 3070 solus
447 3022 529 3067 est
576 3011 776 3078 Filius,
827 3021 932 3065 erat
980 3012 1117 3081 apud
1144 3010 1329 3078 Deum,
1362 3010 1504 3081 quod
1552 3027 1658 3066 non
1697 3012 1845 3067 solus

258 3111 347 3158 est
409 3101 603 3167 Pater,
644 3102 735 3155 sed
783 3102 937 3156 Pater
983 3112 1034 3157 et
1081 3101 1248 3157 Filius
1306 3102 1467 3157 simul
1515 3101 1677 3157 Deus.
1740 3101 1883 3159 Sed

255 3194 387 3265 quid
410 3194 626 3261 mirum,
669 3193 714 3248 si
744 3193 795 3249 in
825 3193 1030 3249 duabus
1055 3193 1376 3264 quibusdam
1410 3195 1570 3251 rebus
1590 3195 1744 3266 longe
1765 3195 1847 3251 in-

257 3297 341 3344 ter
365 3303 426 3344 se
452 3287 678 3345 diversis
707 3295 883 3358 potest
928 3286 1029 3342 hoc
1066 3286 1210 3341 dici?
1253 3287 1390 3354 Quid
1416 3286 1559 3342 enim
1606 3294 1714 3343 tam
1760 3286 1845 3342 di-

256 3392 494 3446 versum,
526 3394 683 3450 quam
706 3378 916 3433 animus
941 3388 994 3433 et
1020 3378 1256 3448 corpus?
1298 3378 1485 3434 Potest
1513 3388 1689 3433 tamen
1717 3379 1842 3446 dici,

257 3470 489 3525 Animus
512 3478 627 3525 erat
652 3469 789 3539 apud
819 3468 1111 3535 hominem,
1138 3469 1187 3524 id
1215 3477 1319 3535 est,
1348 3471 1399 3523 in
1441 3469 1655 3526 homine
1684 3487 1697 3524 :
1721 3485 1845 3525 cum

261 3561 475 3613 animus
506 3574 609 3612 non
636 3558 705 3613 sit
726 3574 942 3627 corpus,
978 3559 1137 3612 homo
1165 3568 1341 3614 autem
1365 3559 1575 3613 animus
1594 3559 1752 3613 simul
1792 3569 1848 3616 ct

258 3664 454 3719 corpus
482 3648 569 3703 sit.
602 3648 670 3704 Ut
697 3649 855 3704 etiam
878 3648 1017 3719 quod
1044 3656 1435 3717 consequenter
1453 3649 1707 3717 scriptum
1738 3656 1841 3716 est,

264 3740 331 3795 Et
361 3741 504 3796 Deus
546 3751 653 3796 erat
691 3739 906 3795 Verbum
956 3738 1135 3812 (Joan.
1164 3754 1202 3806 I,
1230 3736 1304 3809 l),
1352 3738 1429 3793 sic
1475 3738 1840 3808 intelligatur:

258 3833 495 3890 Verbum
542 3834 681 3904 quod
719 3848 825 3888 non
856 3844 939 3887 est
978 3833 1152 3894 Pater,
1198 3831 1338 3886 Deus
1368 3840 1485 3886 erat
1522 3832 1680 3888 simul
1723 3848 1842 3889 cum

256 3924 438 3982 Patre.
491 3927 637 3980 Itane
678 3941 805 3996 ergo
852 3924 1097 3989 dicimus,
1153 3932 1210 3978 ut
1254 3924 1412 3978 Pater
1437 3924 1507 3978 sit
1552 3933 1839 3993 generator

256 4017 656 4090 magnitudinis,
691 4018 793 4071 hoc
821 4025 900 4072 est
944 4024 1229 4087 generator
1267 4015 1501 4079 virtutis,
1549 4014 1632 4069 vel
1674 4030 1842 4085 gene-

258 4121 407 4166 rator
428 4108 705 4179 sapientia:
727 4123 837 4162 sua:
866 4125 878 4160 :
910 4106 1079 4162 Filius
1103 4114 1280 4161 autem
1301 4104 1628 4175 magnitudo,
1655 4106 1842 4175 virtus,

256 4209 309 4256 et
356 4198 616 4269 sapientia
649 4215 663 4252 :
692 4197 834 4251 Deus
883 4211 1007 4251 vero
1055 4210 1297 4266 magnus,
1347 4195 1707 4265 omnipotens,
1757 4210 1843 4250 sa-

254 4291 435 4359 piens,
480 4290 641 4345 ambo
686 4281 885 4343 simul?
938 4286 1214 4355 Quomodo
1245 4282 1373 4358 ergo
1422 4286 1563 4342 Deus
1596 4287 1663 4342 de
1711 4287 1839 4355 Deo,

256 4382 437 4437 lumen
464 4382 531 4436 de
551 4381 784 4437 lumine?
812 4379 926 4434 Non
940 4379 1083 4435 enim
1109 4380 1265 4435 simul
1287 4380 1444 4435 ambo
1463 4380 1601 4435 Deus
1621 4380 1688 4435 de
1709 4381 1840 4449 Deo,

254 4473 353 4528 sed
382 4474 529 4528 solus
569 4472 734 4528 Filius
767 4471 835 4527 de
888 4472 1018 4538 Deo,
1061 4472 1265 4527 scilicet
1311 4472 1510 4527 Patre:
1545 4488 1643 4527 nec
1685 4473 1843 4528 ambo

252 4564 416 4619 simul
469 4564 647 4619 lumen
683 4563 751 4618 de
790 4563 1018 4632 lumine,
1047 4563 1139 4618 sed
1173 4563 1317 4619 solus
1346 4562 1511 4618 Filius
1548 4563 1613 4619 de
1643 4564 1843 4621 lumine

252 4654 437 4711 Patre.
460 4656 569 4711 Nisi
596 4655 733 4710 forte
760 4654 825 4709 ad
856 4654 1226 4710 insinuandum
1256 4652 1641 4709 etbrevissimc
1671 4654 1841 4709 incul-

250 4746 485 4802 candum
526 4745 668 4817 quod
703 4755 1001 4801 comlernus
1030 4753 1113 4801 est
1148 4743 1287 4799 Patri
1319 4744 1505 4811 Filius,
1544 4745 1611 4799 ita
1641 4744 1841 4801 dictum

250 4850 359 4905 εει,
394 4839 538 4894 Deus
556 4838 624 4894 de
655 4839 786 4905 Deo,
815 4847 867 4893 et
897 4838 1074 4893 lumen
1102 4837 1169 4893 de
1200 4837 1419 4905 lumine,
1442 4848 1495 4894 et
1523 4837 1565 4892 si
1593 4836 1719 4908 quid
1740 4838 1842 4895 hoc

248 4930 418 4986 modo
445 4929 655 4995 dicitur,
685 4944 746 4984 ac
771 4928 814 4984 si
844 4928 1129 4995 diceretur,
1173 4928 1284 4984 lloc
1314 4928 1454 4999 quod
1492 4944 1599 4985 non
1631 4937 1713 4985 est
1754 4928 1841 4983 Fi-

250 5020 357 5075 lius
385 5020 503 5075 sine
527 5019 706 5086 Patre,
725 5018 792 5075 de
822 5017 925 5073 hoc
950 5018 1091 5089 quod
1116 5027 1326 5075 nonest
1354 5020 1509 5074 Pater
1536 5020 1650 5075 sine
1680 5019 1837 5087 Filio,

248 5110 304 5165 id
337 5119 445 5174 εει,
476 5110 577 5165 hoc
605 5110 783 5165 lumen
814 5110 956 5180 quod
983 5110 1161 5163 lumen
1188 5124 1293 5163 non
1320 5109 1537 5164 estsine
1565 5110 1741 5173 Patre,
1774 5110 1839 5165 de

249 5200 359 5257 hoc
388 5201 588 5256 lumine
628 5201 784 5257 Patre
816 5200 956 5270 quod
991 5200 1169 5254 lumen
1214 5215 1321 5254 non
1368 5207 1453 5255 est
1503 5200 1619 5254 sine
1660 5200 1834 5255 Filio:

247 5302 310 5346 nt
340 5307 468 5346 cum
488 5290 701 5357 dicitur,
734 5291 885 5345 Deus
904 5290 1045 5361 quod
1073 5304 1178 5344 non
1208 5299 1288 5344 est
1319 5289 1484 5344 Filius
1510 5290 1627 5344 sine
1653 5291 1835 5358 Patre,

246 5390 304 5435 et
331 5378 405 5435 de
427 5380 535 5434 Deo
563 5380 703 5451 quod
731 5395 835 5435 non
868 5390 950 5435 est
986 5380 1143 5434 Pater
1171 5379 1285 5435 sine
1308 5378 1461 5446 Filio,
1494 5380 1727 5449 perfecte
1757 5382 1841 5436 in-

247 5471 530 5541 telligatur
569 5470 709 5542 quod
736 5486 849 5525 non.
871 5472 1143 5541 praecessit
1169 5472 1376 5543 genitor
1403 5470 1528 5527 illud
1571 5471 1711 5543 quod
1750 5488 1842 5543 ge-

253 5562 405 5616 nuit.
433 5559 583 5628 Quod
613 5560 657 5617 si
683 5560 753 5615 ita
782 5570 882 5617 est.
911 5560 1013 5617 hoc
1041 5561 1213 5617 solum
1254 5560 1321 5617 de
1348 5560 1424 5616 eis
1454 5560 1557 5617 dici
1596 5576 1711 5617 non.
1733 5577 1834 5633 po-

316 5715 337 5746 ι
367 5719 470 5764 me
486 5724 779 5779 revocamus
806 5714 1104 5777 paniculum,
1140 5720 1318 5777 autem,
1350 5728 1459 5779 qua:
1483 5717 1532 5765 in
1555 5721 1672 5765 ante
1696 5714 1843 5766 editis

244 5782 461 5830 temere
480 5783 722 5839 expunet:
743 5775 915 5826 fuerat.

1675 337 1875 396 LIBER
1908 339 2196 398 SEXTUS.

1964 462 2099 520 test,
2129 453 2256 510 illud
2277 453 2345 511 de
2374 455 2485 523 illo,
2515 457 2658 527 quod
2690 456 2847 513 simul
2877 457 3033 514 ambo
3067 472 3175 514 non
3205 466 3352 515 sunt.
3385 459 3536 517 Sicut

1960 546 2194 604 Verbum
2222 548 2291 604 de
2336 549 2497 604 verbo
2544 551 2646 604 dici
2674 565 2779 606 non
2821 561 3015 620 potest,
3062 551 3185 622 quia
3230 566 3336 606 non
3376 554 3537 607 simul

1957 640 2117 695 ambo
2141 641 2384 706 verbum,
2420 640 2514 697 sed
2535 642 2681 697 solus
2724 641 2888 697 Filius
2916 659 2929 697 :
2960 657 3063 699 nec
3102 644 3276 710 imago
3310 643 3376 699 de
3407 644 3536 699 ima-

1956 728 2101 799 gine,
2128 745 2251 799 quia
2277 746 2380 784 non
2410 732 2569 786 simul
2595 732 2754 786 ambo
2785 732 2959 803 imago
2989 750 3002 787 :
3031 748 3130 788 nec
3160 732 3329 789 Filius
3353 733 3423 791 de
3448 734 3543 789 Fi-

1958 819 2052 886 lio,
2083 820 2206 892 quia
2236 837 2345 877 non
2377 823 2535 877 simul
2556 825 2713 879 ambo
2752 824 2913 893 (ilius,
2938 824 3232 881 secundum
3271 825 3415 897 quod
3457 825 3543 881 di-

1955 913 2115 979 citur,
2157 912 2271 987 Ego
2294 923 2339 969 et
2371 914 2529 969 Pater
2549 933 2705 970 unum
2730 932 2905 971 sumus
2933 916 3108 987 (Joan.
3139 934 3198 985 ι,
3227 917 3339 990 50).
3367 915 3540 974 Unum

1955 1020 2130 1060 sumus
2154 1006 2297 1059 enim
2323 1004 2523 1060 dictum
2546 1013 2649 1073 est,
2678 1006 2829 1072 Quod
2860 1007 2970 1071 ille,
3007 1008 3108 1062 hoc
3130 1016 3189 1063 et
3218 1022 3318 1079 ego
3344 1023 3541 1063 secun-

1956 1096 2082 1150 dum
2110 1096 2417 1162 essentiam,
2447 1111 2552 1151 non
2580 1097 2871 1152 secundum
2898 1098 3200 1159 relativum.

2026 1186 2252 1243 CAPUT
2292 1187 2375 1242 Ill.
2410 1218 2484 1229 —
2504 1189 2559 1244 4.
2583 1187 2838 1243 Um’tatem
2878 1190 3106 1244 essentia:
3130 1187 3302 1243 Patris
3321 1199 3367 1242 et
3413 1187 3541 1244 Filii

1955 1277 2128 1331 haberi
2153 1293 2217 1332 ea:
2233 1278 2414 1345 verbis,
2438 1276 2609 1333 Unum
2652 1293 2856 1334 sumus.
2911 1278 3080 1335 Filius
3131 1288 3179 1333 et
3204 1280 3531 1351 ittsapientia

1955 1378 2002 1422 et
2049 1370 2102 1422 in
2143 1370 2336 1423 ceteris
2374 1370 2583 1441 aequalis
2616 1370 2779 1424 Patri.
2840 1372 2905 1426 Et
2950 1372 3130 1427 nescio
3167 1380 3345 1428 utrum
3398 1372 3539 1427 inve-

1955 1459 2132 1514 niatur
2156 1460 2209 1515 in
2236 1458 2527 1529 Scripturis
2554 1460 2774 1525 dictum,
2808 1478 2964 1516 unum
2992 1471 3128 1532 sunt,
3167 1477 3392 1535 quorum
3440 1470 3531 1517 est

1954 1550 2164 1606 diversa
2184 1559 2394 1607 natura.
2426 1550 2483 1607 Si
2500 1560 2675 1607 autem
2700 1553 2873 1621 aliqua
2894 1554 3040 1623 plura
3060 1555 3299 1625 ejusdem
3328 1565 3538 1611 natura:

1952 1642 2077 1707 sint,
2111 1649 2167 1697 et
2190 1641 2404 1697 diversa
2434 1643 2686 1709 sentiant,
2720 1658 2825 1699 non
2864 1652 2990 1699 sunt
3016 1659 3177 1699 unum
3200 1654 3254 1700 et
3282 1654 3534 1715 quantum

1952 1733 2164 1790 diversa
2219 1734 2474 1790 sentiunt.
2552 1735 2684 1789 Nam
2734 1736 2777 1790 si
2847 1751 2959 1805 jam
3025 1752 3187 1791 unum
3239 1746 3420 1794 essent
3468 1754 3537 1793 ex

1952 1841 2021 1883 eo
2045 1826 2188 1897 quod
2219 1826 2465 1883 homines
2490 1836 2661 1894 erant,
2696 1842 2801 1882 non
2830 1828 3055 1895 diceret,
3101 1828 3168 1883 Ut
3210 1830 3310 1883 sint
3349 1846 3531 1897 unum,

1951 1919 2080 1974 sicut
2109 1934 2201 1973 nos
2239 1935 2397 1973 unum
2442 1918 2552 1991 (Id.
2595 1935 2722 1981 xvu,
2750 1920 2862 1990 ll),
2911 1936 3032 1976 cum
3081 1936 3209 1976 suos
3246 1921 3537 1992 discipulos

1953 2007 2096 2075 Patri
2116 2009 2537 2065 commendaret.
2575 2010 2644 2064 At
2673 2026 2801 2065 vero
2829 2012 3026 2068 Paulus
3070 2021 3124 2066 ει
3153 2012 3365 2082 Apollo,
3411 2012 3535 2082 quia

1952 2108 2009 2158 et
2035 2100 2194 2156 ambo
2231 2100 2492 2166 homines,
2538 2108 2593 2155 et
2634 2100 2774 2156 idem
2821 2102 3161 2157 sentiebant:
3188 2102 3290 2171 Qui
3316 2103 3531 2172 plantat,

1951 2193 2144 2264 inquit,
2189 2201 2239 2247 et
2265 2192 2350 2261 qui
2390 2193 2543 2263 rigat,
2590 2209 2746 2247 unum
2776 2203 2892 2248 sunt
2918 2194 2956 2262 (Ι
3002 2193 3119 2248 Cor.
3172 2210 3250 2262 tn,
3282 2193 3362 2265 8).
3401 2193 3533 2253 Cum

1952 2302 2080 2356 ergo
2101 2286 2178 2341 sic
2199 2285 2397 2342 dicitur
2423 2300 2609 2351 unum,
2642 2294 2826 2342 utnon
2854 2285 3081 2342 addatur
3100 2286 3225 2355 quid
3263 2302 3445 2352 unum,
3479 2294 3535 2341 et

1954 2379 2103 2449 plura
2130 2394 2295 2433 unum
2322 2378 2587 2445 dicantur,
2618 2376 2805 2435 eadem
2845 2386 3035 2433 natura
3076 2387 3235 2450 atque
3279 2379 3532 2446 e5sentia,

1954 2484 2061 2531 non
2093 2468 2359 2525 dissidens
2385 2484 2483 2524 nec
2503 2469 2825 2526 dissentians
2853 2468 3202 2541 signiﬁcatur.
3244 2470 3377 2526 Cum
3405 2484 3534 2527 vero

1952 2561 2166 2617 additur
2188 2560 2315 2632 quid
2346 2576 2531 2624 unum,
2568 2570 2743 2631 potest
2769 2560 2965 2632 aliquid
3003 2560 3289 2630 significari
3319 2576 3383 2617 ex
3414 2560 3533 2629 plu.

1954 2652 2105 2708 ribus
2130 2667 2291 2707 unum
2329 2650 2547 2717 factum,
2584 2652 2828 2721 quamvis
2873 2651 3099 2708 diversis
3139 2661 3346 2706 natura.
3386 2651 3535 2708 Sicut

1950 2741 2128 2799 anima
2158 2751 2213 2797 et
2239 2756 2435 2811 corpus
2461 2757 2567 2798 non
2598 2750 2723 2797 sunt
2768 2743 2952 2813 utique
2981 2757 3142 2798 unum
3168 2759 3184 2806 ς
3232 2743 3356 2813 quid
3387 2744 3531 2798 enim

1953 2842 2059 2889 tum
2086 2834 2400 2890 diversum?
2426 2834 2527 2889 nisi
2552 2833 2777 2890 addatur
2813 2843 2906 2889 aut
2932 2834 3359 2903 subintelligatur
3406 2834 3533 2905 quid

1950 2938 2133 2987 unum,
2178 2923 2230 2978 id
2256 2934 2357 2988 est,
2393 2940 2528 2979 unus
2556 2924 2741 2990 homo,
2786 2931 2878 2978 aut
2921 2938 3086 2978 unum
3134 2923 3352 2977 animal.
3406 2922 3535 2983 inde

1950 3015 2240 3085 Apostolus
2272 3032 2286 3067 :
2325 3016 2424 3082 Qui
2452 3016 2675 3069 adimeret
2716 3015 2985 3082 meretrici,
3015 3016 3205 3085 inquit,
3245 3032 3399 3071 unum
3420 3032 3535 3070 cor-

1951 3122 2045 3176 pus
2066 3114 2137 3159 est
2169 3122 2187 3158 :
2213 3120 2318 3161 non
2351 3104 2505 3169 dixit,
2534 3105 2706 3162 Unum
2728 3116 2870 3173 sunt,
2906 3115 3017 3173 aut,
3064 3105 3238 3162 Unum
3266 3114 3347 3162 est
3374 3124 3389 3173 ;
3435 3107 3533 3164 sed

1950 3194 2190 3262 addidit,
2220 3212 2425 3267 corpus,
2472 3205 2720 3266 tanquam
2747 3212 2814 3251 ex
2841 3195 3050 3253 duobus
3075 3196 3299 3253 diversis
3325 3212 3534 3255 mascu-

1950 3289 2059 3347 lino
2081 3297 2137 3345 et
2162 3288 2422 3345 feminino
2452 3304 2615 3347 unum
2642 3303 2841 3360 corpus
2881 3289 3226 3359 adjunctione
3261 3289 3531 3360 composi-

1951 3387 2083 3434 tum.
2110 3378 2198 3443 Et,
2226 3379 2325 3444 Qui
2344 3379 2564 3435 adltwret
2587 3378 2830 3447 Domino,
2856 3378 3043 3450 inquit,
3074 3396 3205 3435 unus
3224 3380 3431 3448 spiritus
3458 3388 3535 3435 est

1950 3468 2061 3538 (1d.
2092 3485 2165 3533 vn,
2198 3470 2281 3533 16,
2323 3470 2410 3539 17)
2442 3485 2588 3525 :non
2642 3469 2793 3534 dixit,
2850 3470 2952 3537 Qui
2996 3469 3237 3525 adhaeret
3280 3469 3532 3537 Domino,

1950 3575 2086 3615 unus
2110 3568 2212 3625 est,
2239 3569 2350 3626 aut,
2380 3574 2545 3617 unum
2577 3569 2741 3624 sunt;
2768 3559 2863 3614 sed
2893 3560 3116 3624 addidit,
3148 3561 3383 3630 spiritus.
3430 3561 3526 3616 Di-

1949 3649 2091 3704 versi
2118 3657 2243 3703 sunt
2281 3648 2424 3703 enim
2453 3657 2663 3714 natura,
2707 3648 2925 3718 spiritus
2970 3649 3203 3705 hominis
3230 3658 3283 3703 et
3312 3650 3531 3718 spiritus

1951 3738 2045 3794 Dei
2077 3739 2132 3804 ¹;
2162 3737 2256 3793 sed
2295 3737 2605 3794 inlmrendu
2635 3739 2693 3793 lit
2738 3753 2874 3794 unus
2926 3738 3147 3808 spiritus
3203 3756 3267 3795 ex
3300 3739 3529 3797 diversis

1949 3827 2178 3896 duobus,
2222 3827 2293 3883 ita
2323 3836 2379 3882 ut
2426 3828 2543 3883 sine
2590 3827 2827 3883 humano
2873 3830 3068 3898 spiritu
3118 3830 3304 3884 beatus
3328 3831 3398 3886 sit
3436 3831 3529 3887 Dei

1949 3920 2169 3990 Spiritus
2190 3929 2352 3989 atque
2380 3919 2667 3990 perfectus,
2705 3921 2893 3975 beatus
2929 3930 3105 3976 autem
3155 3921 3384 3977 hominis
3417 3924 3530 3993 spi-

1953 4010 2091 4066 ritus
2122 4024 2227 4064 non
2274 4009 2377 4065 nisi
2420 4025 2541 4065 cum
2572 4010 2701 4065 Deo.
2747 4010 2857 4066 Nec
2904 4008 3123 4077 frustm,
3175 4012 3529 4080 utcxistimo,

1956 4115 2077 4155 cum
2106 4107 2248 4154 tanta
2282 4099 2333 4153 in
2362 4099 2656 4170 Evangelio
2683 4101 2981 4160 secundum
3005 4101 3264 4157 Joannem
3296 4112 3349 4159 et
3377 4106 3535 4161 toties

1948 4188 2150 4246 diceret
2180 4191 2435 4245 Dominus
2464 4190 2530 4245 de
2552 4191 2665 4260 ipsa
2696 4192 2919 4257 unitate,
2954 4191 3040 4247 vel
3079 4208 3174 4249 sua
3212 4210 3330 4249 cum
3354 4194 3529 4262 Patre,

1948 4282 2031 4338 vel
2057 4291 2237 4337 nostra
2266 4282 2491 4337 invicem
2520 4283 2831 4349 nobiscum;
2880 4299 3139 4356 nusquam
3162 4286 3311 4351 dixit,
3341 4286 3409 4343 Ut
3433 4303 3531 4343 nos

1947 4381 2002 4428 et
2052 4374 2150 4443 ipsi
2198 4390 2393 4428 unum:
2423 4373 2515 4427 sed
2537 4415 2552 4438 ,
2602 4372 2670 4429 Ut
2697 4391 2854 4428 unum
2879 4375 3000 4440 sint,
3036 4378 3164 4430 sicut
3198 4387 3245 4429 et
3266 4393 3354 4431 nos
3376 4394 3532 4431 unum

1946 4482 2118 4519 sumus
2146 4464 2325 4537 (Joan.
2363 4464 2514 4537 xvii).
2549 4466 2706 4522 Pater
2744 4482 2872 4539 ergo
2920 4477 2974 4525 et
3001 4468 3167 4525 Filius
3198 4486 3358 4524 unum
3385 4479 3531 4537 sunt,

1947 4557 2128 4627 utique
2143 4556 2432 4611 secundum
2452 4558 2705 4613 unitatem
2719 4561 3047 4625 substantim,
3060 4571 3113 4616 et
3127 4576 3267 4618 unus
3279 4563 3413 4619 Dens
3428 4571 3530 4629 est,

1947 4658 2001 4704 ει
2023 4664 2156 4705 υηιιε
2182 4664 2426 4720 magnus,
2448 4659 2503 4707 et
2530 4667 2663 4707 unus
2692 4652 2927 4722 sapiens,
2956 4654 3094 4709 sicut
3120 4664 3401 4711 tractatum
3424 4664 3527 4709 est.

2017 4741 2070 4799 5.
2091 4740 2241 4798 Unde
2264 4757 2390 4817 ergo
2419 4742 2593 4814 major
2619 4744 2813 4800 Pater?
2839 4744 2893 4801 Si
2920 4747 3061 4801 enim
3087 4751 3258 4817 major
3278 4788 3292 4813 ,
3326 4746 3528 4817 magni-

1950 4834 2129 4891 tudine
2159 4834 2329 4905 major
2357 4852 2371 4889 :
2402 4849 2523 4891 cum
2552 4844 2727 4893 autem
2765 4838 3073 4909 magnitudo
3100 4838 3264 4893 Filius
3288 4838 3402 4907 ejus
3435 4838 3526 4902 sit,

1948 4942 2049 4983 nec
2089 4926 2180 4981 ille
2206 4927 2385 4997 utique
2410 4926 2580 4998 major
2624 4938 2799 4984 esteo
2825 4929 2911 4998 qui
2943 4944 3001 4982 se
3052 4928 3252 4998 genuit,
3298 4942 3395 4983 nec
3442 4928 3531 4983 ille

1946 5020 2117 5089 major
2137 5028 2218 5075 est
2241 5034 2303 5074 ea
2325 5020 2684 5091 magnitudine
2702 5036 2805 5089 qua
2826 5035 3047 5091 magnus
3066 5028 3149 5075 εει
3170 5037 3184 5074 :
3205 5034 3330 5089 ergo
3351 5034 3533 5091 mqua-

1945 5110 2030 5165 lis.
2062 5109 2193 5163 Nam
2222 5109 2361 5164 unde
2387 5111 2624 5180 aequalis,
2654 5110 2698 5164 si
2722 5124 2826 5164 non
2853 5123 2918 5163 eo
2944 5124 3049 5179 quo
3077 5116 3180 5175 εει,
3207 5109 3293 5163 cui
3318 5123 3424 5163 non
3448 5116 3532 5165 est

1946 5200 2088 5255 aliud
2129 5215 2270 5267 esse,
2296 5211 2350 5257 et
2374 5202 2515 5257 aliud
2557 5217 2805 5271 magnum
2836 5200 2999 5256 esse?
3028 5203 3133 5256 Aut
3160 5202 3204 5256 si
3234 5202 3531 5259 aeternitate

1946 5291 2103 5359 Pater
2133 5292 2302 5361 major
2339 5301 2442 5358 est,
2486 5309 2591 5347 non
2620 5302 2702 5347 est
2730 5293 2946 5364 mqualis
2988 5293 3154 5349 Filius
3197 5309 3532 5364 quacumque

1947 5397 2027 5439 rc.
2057 5380 2209 5438 Unde
2237 5382 2379 5436 enim
2408 5382 2625 5452 aequalis
2644 5382 2670 5434 ?
2696 5383 2751 5438 Si
2789 5380 3149 5454 magnitudine
3176 5384 3395 5450 dixeris,
3425 5400 3531 5439 non

1948 5481 2031 5530 est
2056 5487 2151 5543 par
2176 5471 2503 5542 magnitudo,
2533 5488 2650 5542 quae
2688 5473 2863 5529 minus
2902 5482 3101 5533 aeterna
3127 5482 3241 5540 est,
3271 5483 3431 5545 atque
3460 5473 3532 5530 ita

1948 5576 2162 5629 caetera.
2193 5565 2276 5619 An
2302 5563 2439 5619 forte
2478 5564 2530 5618 in
2560 5564 2754 5620 virtute
2778 5565 2998 5637 aequalis
3038 5574 3138 5634 est,
3171 5567 3225 5621 in
3268 5564 3532 5637 sapientia

1948 5672 2078 5717 vero
2102 5672 2207 5712 non
2235 5664 2321 5712 est
2347 5655 2608 5726 aequalis?
2634 5656 2739 5713 Sed
2765 5658 3035 5729 quomodo
3062 5666 3143 5715 est
3169 5657 3389 5732 :equalis
3417 5654 3529 5712 vir.

2018 5793 2033 5825 ¹
2058 5790 2221 5842 t'lures
2241 5798 2375 5855 mss,
2391 5796 2437 5842 et
2455 5790 2663 5857 Spiritus
2687 5797 2833 5847 Deus.
