4076 6448
525 366 628 425 927

523 491 612 536 tus
639 492 760 550 qua:
790 477 964 532 minus
997 472 1171 544 sapit?
1202 471 1280 524 An
1312 469 1364 523 in
1407 466 1665 536 sapientia
1718 466 1936 535 aequalis
1992 473 2094 531 est,

525 572 580 626 in
637 570 831 624 virtute
874 575 1049 620 autem
1111 578 1216 616 non
1269 567 1352 615 est
1382 557 1641 628 aequalis?
1688 557 1792 611 Sed
1839 557 2106 626 quomodo

524 659 744 730 aequalis
771 665 854 714 est
881 653 1161 726 sapientia,
1189 667 1308 722 quae
1351 651 1527 704 minus
1554 657 1743 718 potens
1771 650 1893 703 est?
1922 649 2109 702 Restat

523 768 652 824 ergo
677 760 737 806 ut
761 751 803 806 si
832 749 884 804 in
913 748 1015 803 ulla
1045 761 1104 800 re
1131 744 1346 814 aequalis
1375 758 1479 797 non
1510 750 1612 805 est,
1645 742 1698 795 in
1729 739 1975 795 omnibus
2003 754 2107 792 non

523 847 593 900 sit
617 842 852 914 aequalis.
882 841 950 894 At
989 837 1262 907 Scriptura
1288 835 1500 900 clamat,
1536 832 1656 886 Non
1699 833 1932 901 rapinam
1971 829 2108 883 arbi-

517 943 685 988 tratus
727 942 799 987 est
843 947 946 985 esse
985 930 1191 999 mqualis
1237 926 1344 980 Deo
1390 925 1646 995 (Philipp.
1679 940 1732 989 ll,
1781 923 1860 992 6).
1891 922 2110 991 Cogitur

525 1041 652 1096 ergo
671 1025 847 1095 quivis
872 1021 1206 1077 adversarius
1233 1019 1493 1082 veritatis,
1538 1017 1626 1086 qui
1659 1015 1816 1069 modo
1849 1016 1864 1046 ¹
1901 1021 2111 1066 tenetur

525 1117 813 1187 apostolica
841 1114 1175 1178 auctoritate,
1224 1113 1276 1166 in
1319 1109 1556 1180 qualibet
1585 1109 1666 1161 vel
1695 1122 1795 1160 una
1828 1122 1886 1160 re
1928 1120 2108 1175 acqua-

527 1208 632 1263 lem
663 1208 770 1262 Deo
795 1206 984 1262 Filium
1012 1204 1271 1260 confiteri.
1306 1203 1475 1273 Eligat
1508 1216 1663 1271 quam
1690 1199 1916 1253 voluerit
1945 1215 1957 1250 ε
1989 1198 2113 1252 hinc

527 1299 577 1354 ei
606 1299 916 1355 ostendetur
938 1299 988 1352 in
1010 1297 1258 1352 omnibus
1287 1309 1406 1350 esse
1433 1291 1713 1364 aequalem,
1738 1305 1854 1360 qua:
1885 1288 1952 1343 de
1979 1287 2110 1343 sub-

527 1392 718 1445 stantia
745 1390 860 1458 ejus
889 1389 1152 1444 dicuntur.

599 1480 822 1535 CAPUT
863 1479 1042 1534 lV.-—
1071 1479 1122 1532 6.
1180 1476 1417 1548 Sequitur
1461 1474 1521 1528 de
1572 1473 1743 1528 eodem
1791 1476 2107 1541 argumento.

531 1573 622 1629 Sic
668 1571 810 1628 enim
863 1573 1086 1626 virtutes
1129 1586 1246 1640 qua:
1308 1577 1430 1623 sunt
1481 1567 1532 1620 in
1600 1566 1777 1620 animo
1835 1563 2106 1627 humano,

533 1665 778 1734 quamvis
823 1663 928 1717 alio
973 1672 1133 1732 atque
1177 1662 1280 1714 alio
1340 1657 1500 1713 modo
1543 1655 1764 1725 singula:
1814 1653 2112 1722 intelligan-

531 1762 656 1820 tur,
709 1752 854 1808 nullo
924 1752 1084 1806 modo
1155 1758 1332 1806 tamen
1375 1756 1686 1818 separantur
1732 1745 1799 1800 ab
1846 1745 2111 1809 invicem,

531 1854 588 1900 ut
612 1845 931 1914 quicumque
960 1843 1154 1897 fuerint
1193 1841 1444 1911 aequales,
1473 1839 1623 1893 verbi
1654 1837 1842 1908 gratia,
1875 1837 1927 1891 in
1959 1837 2110 1890 forti-

530 1934 734 2001 tudine,
767 1934 994 2004 mquales
1024 1934 1129 1988 sint
1155 1942 1208 1987 et
1252 1930 1548 2000 prudentia,
1578 1937 1632 1984 et
1663 1928 2029 1998 temperantia,
2060 1936 2116 1982 et

528 2026 753 2096 justitia.
781 2025 834 2080 Si
857 2025 997 2079 enim
1022 2023 1218 2078 dixeris
1243 2021 1472 2091 aequales
1489 2035 1606 2074 esse
1629 2019 1758 2073 istos
1784 2017 2113 2083 fortitudine,

530 2117 624 2172 sed
654 2117 799 2171 illum
829 2125 1080 2187 priestare
1109 2114 1424 2184 prudentia;
1458 2111 1696 2182 sequitur
1725 2119 1783 2165 ut
1824 2111 1979 2181 hujus
2008 2109 2116 2164 for-

531 2209 700 2263 titudo
729 2210 904 2264 minus
932 2207 1164 2278 prudens
1190 2208 1278 2273 sit,
1320 2221 1383 2261 ac
1421 2221 1514 2275 per
1541 2204 1643 2259 hoc
1673 2219 1773 2260 nec
1811 2203 2116 2259 fortitudine

530 2300 762 2371 aequales
791 2308 933 2365 sunt,
965 2298 1176 2370 quando
1206 2306 1288 2354 est
1327 2297 1468 2352 illius
1498 2295 1752 2350 fortitudo
1782 2295 2112 2365 prudentior.

531 2393 705 2462 Atque
735 2392 806 2447 ita
849 2392 916 2448 de
961 2391 1167 2447 exteris
1210 2389 1492 2444 virtutibus
1539 2388 1801 2453 invenies,
1839 2387 1884 2441 si
1927 2402 2116 2443 omnes

531 2484 721 2541 eadem
745 2484 1164 2540 consideratione
1185 2496 1486 2553 percurras.
1515 2480 1630 2534 Non
1657 2480 1798 2535 enim
1822 2479 1889 2534 de
1914 2479 2116 2535 viribus

531 2577 771 2646 corporis
791 2577 981 2646 agitur,
1009 2575 1101 2630 sed
1122 2575 1188 2630 de
1208 2574 1369 2629 animi
1397 2572 1726 2628 fortitudine.
1756 2572 1966 2639 Quanto
1988 2585 2116 2642 ergo

535 2669 704 2738 magis
736 2668 785 2721 in
817 2668 903 2722 illa
934 2665 1354 2722 incommutabili
1380 2673 1684 2733 mternaque
1711 2663 2003 2717 substantia
2033 2662 2116 2716 in-

534 2758 964 2830 comparabiliter
1008 2757 1330 2828 simpliciore
1359 2771 1516 2825 quam
1547 2763 1630 2811 est
1672 2755 1879 2808 animus
1924 2753 2116 2808 huma-

535 2865 656 2918 nus,
689 2851 802 2904 haec
831 2851 903 2904 ita
947 2863 1004 2903 sc
1033 2848 1268 2903 habent?
1297 2847 1540 2901 llumano
1567 2845 1761 2915 quippe
1803 2843 1981 2898 animo
2010 2857 2116 2896 non

535 2943 638 2997 hoc
661 2951 743 2996 est
771 2956 888 2996 esse
926 2940 1066 3010 quod
1105 2949 1183 2994 est
1217 2939 1405 2994 fortem
1450 2953 1586 3002 esse,
1633 2944 1724 2990 aut
1751 2935 2066 3005 prudentem
2098 2975 2113 3000 ,

535 3035 870 3102 autjustum,
914 3042 1003 3087 aut
1034 3039 1412 3100 temperantem
1445 3047 1458 3082 :
1487 3037 1661 3099 potest
1684 3028 1826 3082 enim
1858 3041 1976 3081 esse
2002 3026 2117 3079 ani-

536 3141 676 3193 mus,
707 3135 760 3180 et
791 3125 983 3179 nullam
1013 3126 1228 3179 istarum
1257 3124 1454 3178 habere
1499 3123 1766 3176 virtutem.
1800 3121 1908 3176 Deo
1937 3128 2115 3175 autem

538 3220 640 3273 hoc
668 3227 749 3272 est
789 3233 908 3272 esse
935 3216 1076 3287 quod
1107 3223 1188 3270 est
1215 3215 1402 3269 fortem
1443 3229 1583 3280 esse,
1615 3221 1706 3267 aut
1726 3212 1926 3282 justum
1955 3226 2074 3266 esse
2097 3253 2114 3281 ,

536 3319 628 3365 aut
666 3309 961 3378 sapientem
987 3322 1127 3375 esse,
1157 3316 1212 3362 et
1242 3306 1289 3362 si
1312 3306 1435 3376 quid
1464 3306 1531 3360 de
1562 3305 1650 3359 illa
1681 3305 1905 3373 simplici
1935 3304 2117 3357 multi-

535 3401 788 3472 plicitate,
815 3401 898 3455 vel
927 3399 1203 3469 multiplici
1241 3397 1578 3466 simplicitate
1607 3395 1826 3462 dixeris,
1859 3410 1964 3465 quo
1989 3397 2118 3449 sub-

535 3493 725 3547 stantia
748 3493 861 3560 ejus
891 3492 1234 3562 signiﬁcetur.
1265 3490 1643 3557 Quamobrem,
1671 3490 1782 3543 sive
1810 3487 1882 3542 ita
1908 3487 2119 3542 dicatur

535 3585 676 3639 Deus
702 3584 767 3638 de
797 3584 923 3651 Deo,
949 3592 1005 3637 ut
1029 3593 1082 3638 et
1101 3583 1319 3652 singulis
1346 3581 1447 3636 hoc
1469 3596 1660 3636 nomen
1684 3580 1985 3646 conveniat,
2011 3594 2117 3633 non

537 3683 714 3728 tamen
741 3684 799 3728 ut
832 3673 989 3728 ambo
1032 3673 1189 3727 simul
1215 3673 1319 3726 duo
1345 3672 1438 3736 dii,
1469 3672 1563 3726 sed
1593 3687 1728 3725 unus
1761 3673 1897 3726 Deus
1926 3671 2012 3724 sit.
2043 3670 2119 3724 Ita

536 3767 678 3819 enim
719 3766 820 3820 sibi
861 3764 1150 3829 cohaerent,
1198 3762 1646 3833 quemadmodum
1693 3771 1745 3816 ct
1774 3763 1825 3815 in
1871 3761 2118 3816 distanti-

536 3859 684 3912 bus’
715 3858 1044 3928 diversisque
1093 3857 1403 3911 substantiis
1463 3856 1576 3909 fieri
1633 3855 1920 3924 Apostolus
1971 3853 2120 3908 testis

537 3961 638 4005 est.
667 3949 798 4003 Nam
843 3959 895 4003 et
921 3949 1066 4002 solus
1095 3948 1348 4002 Dominus
1375 3947 1588 4015 spiritus
1619 3956 1720 4012 est,
1770 3954 1823 4000 et
1849 3945 1994 3999 solus
2022 3944 2121 3998 lio-

538 4041 698 4094 minis
748 4041 961 4109 spiritus
1003 4041 1184 4109 utique
1230 4040 1444 4107 spiritus
1485 4046 1586 4105 est,
1634 4046 1809 4093 tamen
1849 4040 1894 4093 si
1924 4039 2122 4092 luereat

540 4131 764 4186 Domino
800 4147 927 4185 unus
955 4132 1160 4200 spiritus
1203 4140 1274 4183 est
1305 4147 1324 4184 :
1353 4139 1551 4200 quanto
1595 4131 1761 4198 magis
1802 4131 1893 4196 ibi,
1923 4130 2010 4185 ubi
2038 4139 2122 4184 est

537 4223 756 4278 omnino
799 4223 1163 4292 inseparabilis
1190 4231 1346 4292 atque
1391 4231 1586 4276 acterna
1618 4223 1899 4289 connexio,
1930 4239 1997 4276 ne
2024 4223 2120 4277 ab-

539 4317 702 4372 surde
728 4317 831 4371 duci
853 4316 1091 4370 videatur
1116 4315 1265 4385 quasi
1293 4314 1432 4368 filius
1459 4314 1757 4380 amborum,
1781 4330 1901 4369 cum
1930 4315 2124 4369 dicitur

538 4406 706 4460 Filius
736 4406 848 4470 Dei,
878 4406 921 4460 si
954 4405 1003 4458 id
1025 4403 1165 4474 quod
1195 4403 1387 4458 dicitur
1409 4404 1568 4469 Deus,
1596 4419 1702 4458 non
1723 4404 1824 4458 nisi
1851 4404 1916 4459 de
1936 4404 2123 4458 ambo-

538 4498 641 4552 bus
667 4496 859 4550 dicitur
884 4495 1038 4550 simul
1063 4512 1076 4547 :
1105 4495 1216 4549 sive
1241 4494 1492 4565 quidquid
1530 4493 1597 4549 de
1624 4495 1733 4548 Deo
1763 4493 1956 4548 dicitur
1983 4493 2124 4563 quod

540 4586 892 4642 substantiam
922 4585 1038 4654 ejus
1065 4584 1283 4651 indicet,
1313 4601 1419 4640 non
1442 4585 1543 4640 nisi
1570 4585 1638 4640 de
1657 4585 1916 4639 ambobus
1942 4585 2121 4651 simul,

541 4678 648 4731 imo
686 4677 756 4732 du
784 4677 894 4747 ipsa
926 4676 1084 4731 simul
1110 4676 1369 4731 Trinitate
1399 4677 1634 4731 dicitur?
1659 4676 1784 4730 Sive
1828 4690 1957 4746 ergo
1986 4677 2088 4732 hoc
2108 4717 2124 4742 ,

539 4770 653 4824 sive
675 4768 801 4823 illud
830 4769 920 4834 sit,
953 4768 1092 4839 quod
1114 4767 1417 4838 diligentius
1443 4768 1832 4823 discutiendum
1857 4777 1957 4834 est,
1982 4784 2125 4824 nunc

541 4861 681 4916 unde
706 4863 876 4933 agitur
894 4864 1025 4917 satis
1052 4872 1133 4919 est
1153 4863 1353 4928 videre,
1379 4861 1524 4916 nullo
1546 4861 1702 4914 modo
1731 4860 1921 4914 Filium
1951 4876 2130 4930 aequa-

541 4953 646 5007 lem
677 4967 796 5007 esse
823 4953 988 5018 Patri,
1018 4955 1061 5007 si
1093 4954 1144 5006 in
1171 4953 1347 5021 aliquo
1373 4951 1580 5006 scilicet
1604 4951 1742 5020 quod
1775 4952 2033 5020 pertineat
2062 4953 2128 5006 ad

542 5043 940 5111 signiﬁcandam
988 5044 1101 5112 ejus
1131 5043 1480 5097 substantiam
1514 5042 1789 5111 inaequalis
1818 5043 2086 5098 invenitur
2111 5085 2125 5107 ,

543 5137 681 5189 sicut
705 5135 812 5204 jam
854 5135 1202 5189 ostendimus.
1249 5136 1535 5205 Apostolus
1562 5144 1736 5189 autem
1777 5135 1911 5189 dixit
1953 5151 2131 5206 aequa-

543 5227 669 5280 lem.
700 5227 756 5280 In
797 5227 1044 5281 omnibus
1070 5242 1198 5295 ergo
1227 5227 1446 5296 aequalis
1475 5236 1558 5282 cst
1587 5226 1728 5281 Patri
1756 5227 1941 5292 Filius,
1970 5237 2024 5283 et
2049 5237 2132 5284 est

543 5318 700 5370 unius
731 5315 1076 5385 ejusdemque
1105 5317 1436 5370 substantia.
2009 5313 2018 5318 ’

616 5406 843 5462 CAPUT
886 5407 952 5461 V.
979 5437 1046 5446 —
1074 5409 1126 5461 't'.
1179 5408 1404 5479 Spiritus
1448 5415 1649 5461 sanctus
1693 5408 1846 5462 etiam
1895 5406 2041 5460 Patri
2085 5417 2134 5462 et

550 5496 688 5550 Filio
716 5499 923 5569 aequalis
952 5499 1004 5552 in
1036 5500 1286 5552 omnibus.
1340 5498 1674 5568 Quapropter
1698 5499 1857 5553 etiam
1905 5497 2134 5568 Spiritus

547 5595 762 5643 sanctus
805 5589 856 5643 in
901 5587 1086 5643 eadem
1137 5590 1339 5644 unitate
1382 5588 1692 5643 substantia:
1739 5597 1793 5643 et
1835 5588 2136 5659 mqualitate

553 5703 631 5811 ω’
656 5701 790 5762 Fditi,
818 5699 900 5765 qui
921 5699 1082 5765 aliquo
1111 5699 1269 5750 modo.
1305 5707 1358 5750 Αι
1393 5709 1519 5760 Μεε.,
1554 5699 1636 5762 qui
1673 5699 1831 5764 modo,
1858 5701 1902 5752 id
1940 5707 2017 5752 est
2039 5697 2135 5750 sal-

609 5775 672 5809 m.

609 5775 672 5809 m.

615 5825 634 5856 ⁸
655 5824 875 5886 Plerique
900 5833 1026 5886 Mss,
1043 5822 1172 5887 quod
1194 5824 1336 5876 etiam
1364 5823 1411 5874 in
1435 5822 1731 5874 distantibus.

1658 353 1747 410 DE
1787 350 2174 421 TRINITATE,
2214 353 2271 409 S.
2313 345 2682 409 AUGUSTINI

3684 342 3787 401 99.8

2213 464 2475 520 consistit.
2503 463 2627 518 Sive
2651 461 2789 516 enim
2833 459 2900 514 sit
2932 457 3104 512 unitas
3130 455 3426 520 amborum,
3455 454 3568 511 sive
3597 459 3798 512 sancti-

2214 566 2313 622 tas,
2343 556 2454 610 sive
2479 555 2731 616 charitas,
2764 551 2876 606 sive
2923 551 3042 605 ideo
3083 550 3257 603 unitas
3285 550 3407 619 quia
3435 549 3688 613 charitas,
3735 559 3793 606 et

2213 648 2334 703 ideo
2359 647 2589 703 eliaritas
2613 646 2735 716 quia
2757 644 3033 710 sanctitas,
3057 642 3394 697 manifestum
3417 643 3659 714 estquod
3685 659 3795 698 non

2212 740 2401 810 aliquis
2429 737 2652 793 dubrum
2684 746 2762 793 est
2803 751 2908 808 quo
2938 744 3159 806 uterque
3187 736 3544 806 conjungitur,
3574 752 3680 806 quo
3707 752 3802 806 ge-

2213 833 2356 887 nitus
2379 848 2406 886 a
2443 834 2692 903 gignente
2723 831 2990 901 diligatur,
3030 837 3504 899 generatoremque
3533 845 3685 883 suum
3714 829 3798 883 di-

2214 923 2360 993 ligat,
2406 924 2614 992 sintque
2645 937 2748 976 non
2797 922 3220 991 participatione,
3252 920 3345 976 sed
3375 921 3606 975 essentia
3653 936 3749 974 sua
3777 961 3796 987 ,

2214 1030 2386 1084 neque
2414 1014 2556 1069 dono
2596 1013 2884 1084 superioris
2910 1013 3154 1082 alicujus,
3187 1011 3279 1066 sed
3309 1026 3406 1066 suo
3438 1013 3650 1080 proprio
3678 1027 3803 1067 ser-

2213 1116 2398 1161 vantes
2426 1107 2679 1160 unitatem
2725 1105 2942 1174 spiritus
2973 1103 3026 1160 in
3071 1105 3279 1158 vinculo
3306 1104 3449 1173 pacis
3476 1103 3690 1175 (Ep/tes.
3723 1121 3798 1169 tv,

2214 1199 2294 1268 ὅ).
2323 1197 2473 1266 Quod
2500 1197 2690 1251 imitari
2720 1212 2814 1266 per
2841 1197 3087 1267 gratiam,
3118 1205 3172 1251 et
3201 1195 3265 1250 ad
3298 1195 3484 1262 Deum,
3525 1206 3578 1252 et
3601 1197 3666 1250 ad
3700 1213 3804 1253 nos

2215 1294 2360 1364 ipsos
2394 1293 2660 1362 jubemur.
2689 1292 2744 1346 In
2774 1292 2962 1362 quibus
2991 1291 3197 1346 duobus
3224 1292 3504 1361 prmeeptis
3549 1301 3655 1346 tota
3687 1292 3805 1348 Lex

2216 1385 2412 1455 pendet
2436 1394 2489 1440 et
2519 1382 2795 1453 PrOpheta:
2825 1382 3181 1454 (Malth.xxn,
3211 1383 3426 1451 57-40).
3460 1384 3531 1437 Ita
3557 1394 3680 1438 sunt
3712 1385 3804 1438 illa

2217 1476 2338 1539 tria,
2389 1475 2525 1530 Deus
2567 1489 2725 1540 unus,
2769 1473 2936 1540 solus,
2978 1489 3220 1545 magnus,
3267 1475 3499 1543 sapiens,
3541 1485 3758 1530 sanctus
3786 1517 3804 1540 ,

2216 1566 2420 1622 beatus.
2449 1564 2557 1621 Nos
2583 1573 2760 1620 autem
2803 1580 2868 1620 ex
2913 1565 3047 1633 ipso,
3079 1571 3133 1620 et
3160 1581 3254 1635 per
3282 1565 3475 1634 ipsum,
3518 1575 3573 1622 et
3597 1567 3648 1620 in
3682 1567 3809 1636 ipso

2215 1657 2355 1712 beati
2381 1674 2395 1721 ;
2424 1656 2544 1726 quia
2574 1654 2741 1725 ipsius
2769 1670 2990 1710 munere
3031 1655 3169 1710 inter
3211 1670 3307 1711 nos
3339 1672 3525 1720 unum,
3555 1671 3676 1711 eum
3710 1658 3807 1711 illo

2216 1757 2392 1801 autem
2423 1762 2559 1801 unus
2587 1747 2824 1816 spiritus,
2854 1747 2975 1816 quia
3019 1747 3373 1817 agglutinatur
3402 1749 3576 1802 anima
3618 1759 3806 1803 nostra

2219 1849 2335 1910 post
2351 1855 2494 1894 eum.
2515 1841 2580 1894 Et
2598 1840 2748 1895 nobis
2767 1839 2972 1895 haerere
3005 1839 3112 1894 Deo
3135 1840 3331 1898 bonum
3351 1851 3449 1900 est.
3472 1842 3592 1912 quia
3617 1843 3808 1911 perdet

2217 1947 2430 1986 omnem
2471 1931 2558 2003 qui
2587 1931 2877 1986 fornicatur
2905 1931 2971 1986 ab
3013 1931 3090 1998 eof
3117 1931 3284 2004 (Psal.
3320 1949 3515 1998 Lxxvu,
3560 1932 3650 1998 9.8,
3681 1933 3806 2004 ‘27).

2217 2025 2446 2096 Spiritus
2484 2040 2611 2096 ergo
2641 2033 2854 2080 sanctus
2895 2040 3178 2079 commune
3212 2025 3408 2095 aliquid
3445 2034 3526 2078 est
3551 2025 3722 2079 Patris
3748 2034 3809 2080 et

2219 2117 2360 2182 Filii,
2378 2116 2630 2188 quidquid
2649 2116 2771 2172 illud
2789 2127 2889 2172 est.
2907 2117 2976 2170 At
2993 2118 3102 2186 ipsa
3119 2117 3440 2182 communio,
3455 2115 3811 2171 consubstan-

2219 2208 2356 2264 tialis
2389 2217 2443 2264 et
2483 2217 2915 2279 comterna:qu:c
2943 2209 2988 2263 si
3021 2207 3253 2263 amicitia
3277 2207 3654 2263 convenienter
3698 2207 3808 2262 dici

2220 2307 2414 2370 potest,
2433 2298 2669 2364 dicatur;
2695 2299 2788 2354 sed
2806 2299 2980 2369 aptius
2995 2298 3448 2354 diciturcbaritas.
3474 2298 3538 2352 Et
3556 2299 3811 2368 haecque-

2219 2406 2321 2461 que
2343 2390 2658 2456 substantia,
2677 2391 2798 2461 quia
2821 2391 2961 2446 Deus
2982 2391 3295 2456 substantia,
3320 2399 3375 2444 et
3404 2388 3537 2444 Deus
3555 2389 3808 2457 Charitas,

2219 2481 2357 2536 sicut
2393 2482 2647 2549 scriptum
2673 2492 2755 2536 est
2783 2480 2823 2550 (1
2849 2479 3004 2535 Joan.
3035 2497 3106 2547 tv,
3153 2481 3262 2552 16).
3295 2481 3443 2536 Sicut
3470 2489 3646 2536 autem
3676 2481 3811 2536 sub-

2220 2574 2412 2628 stantia
2441 2575 2596 2628 simul
2629 2590 2751 2628 cum
2778 2574 2936 2629 Patre
2963 2583 3017 2629 et
3045 2574 3205 2641 Filio,
3233 2574 3302 2629 ita
3327 2575 3480 2628 simul
3509 2589 3726 2644 magna,
3754 2582 3812 2630 et

2220 2665 2377 2719 simul
2407 2665 2567 2732 bona,
2616 2673 2669 2720 et
2699 2665 2856 2720 simul
2885 2676 3086 2733 sancta,
3117 2675 3170 2720 et
3197 2666 3450 2736 quidquid
3481 2666 3622 2722 aliud
3647 2667 3720 2722 ad
3752 2683 3813 2724 se

2219 2757 2454 2813 dicitur:
2487 2758 2734 2828 quoniam
2776 2775 2880 2814 non
2924 2758 3066 2814 aliud
3115 2767 3198 2814 est
3235 2759 3349 2814 Deo
3393 2774 3528 2823 esse,
3578 2769 3630 2815 et
3660 2761 3810 2815 aliud

2220 2865 2467 2920 magnum
2522 2866 2642 2906 esse
2687 2851 2769 2906 vel
2820 2852 3016 2906 bonum
3073 2865 3226 2918 esse,
3271 2859 3327 2905 et
3380 2861 3605 2914 cmtera,
3667 2853 3812 2908 sicut

2220 2955 2382 3011 supra
2406 2941 2754 2997 ostendimus.
2784 2941 2839 2998 Si
2867 2943 3006 2998 enim
3038 2944 3210 2996 minus
3240 2957 3428 3012 magna
3455 2952 3537 2998 est
3565 2943 3635 2997 ibi
3664 2943 3805 2998 cha-

2180 3083 2192 3096 ,
2221 3033 2350 3089 ritas
2387 3049 2544 3103 quam
2587 3035 2862 3102 sapientia,
2909 3035 3083 3089 minus
3123 3051 3281 3106 quam
3311 3045 3396 3089 est
3435 3035 3669 3106 diligitur
3713 3052 3810 3091 sa-

2221 3127 2416 3196 pientia
2451 3146 2465 3182 :
2509 3127 2726 3196 tequalis
2755 3134 2838 3182 est
2884 3127 3060 3197 igitur,
3096 3137 3153 3180 ut
3195 3136 3392 3197 quanta
3424 3136 3507 3182 est
3542 3129 3810 3197 sapientia

2222 3226 2426 3273 tantum
2451 3217 2698 3287 diligatur
2732 3237 2745 3272 :
2775 3227 2858 3273 est
2884 3229 3058 3272 autem
3087 3218 3344 3286 sapientia
3371 3219 3590 3288 mqualis
3621 3219 3810 3286 Patri,

2221 3308 2359 3362 sicut
2396 3322 2554 3378 supra
2594 3308 2976 3380 disputavimus
3007 3327 3019 3362 :
3053 3309 3274 3378 aequalis
3318 3319 3400 3364 est
3444 3310 3604 3381 igitur
3641 3312 3814 3368 etiam

2221 3398 2448 3468 Spiritus
2478 3408 2730 3465 sanctus;
2763 3409 2834 3454 et-
2861 3401 2904 3454 si
2934 3401 3175 3470 :equalis,
3224 3402 3275 3456 in
3307 3401 3554 3457 omnibus
3581 3405 3810 3475 aqualis

2224 3501 2440 3561 propter
2464 3508 2724 3548 summam
2751 3493 3138 3562 simplicitatem
3169 3510 3287 3564 qua:
3313 3496 3365 3549 in
3395 3495 3480 3550 illa
3509 3495 3813 3550 substantia

2224 3592 2323 3638 est.
2366 3584 2432 3637 Et
2461 3583 2580 3638 ideo
2610 3599 2711 3638 non
2744 3585 2966 3653 amplius
2996 3599 3156 3654 quam
3200 3587 3296 3639 tria
3329 3595 3490 3650 sunt;
3521 3600 3656 3640 unus
3683 3587 3813 3640 dilio

2223 3688 2353 3744 gens
2372 3689 2493 3727 eum
2520 3675 2606 3743 qui
2636 3673 2702 3728 de
2727 3673 2816 3728 illo
2844 3683 2945 3739 est,
2976 3683 3029 3729 et
3055 3690 3190 3729 unus
3217 3673 3440 3744 diligens
3462 3689 3582 3728 eum
3605 3675 3674 3730 de
3700 3691 3815 3742 quo

2225 3775 2326 3830 est,
2354 3773 2407 3820 et
2436 3765 2546 3835 ipsa
2577 3764 2813 3819 dilectio.
2844 3765 2973 3832 Quae
3002 3766 3044 3820 si
3077 3765 3206 3820 nihil
3238 3775 3339 3833 est,
3371 3765 3634 3836 quomodo
3665 3765 3818 3820 Deus

2224 3857 2424 3910 dilectio
2471 3858 2583 3911 est?
2623 3857 2678 3912 Si
2727 3873 2832 3913 non
2879 3866 2962 3913 est
3007 3857 3322 3922 substantia,
3369 3857 3634 3927 quomodo
3666 3858 3818 3913 Deus

2225 3947 2520 4001 substantia
2551 3948 2672 4002 est?

2297 4039 2523 4094 CAPUT
2563 4039 2650 4094 Vl.
2674 4071 2742 4079 —
2762 4039 2814 4095 8.
2852 4038 3115 4104 Quomodo
3141 4039 3274 4094 Deus
3297 4039 3575 4093 substantia
3594 4041 3822 4109 simplex

2225 4141 2273 4186 et
2303 4131 2584 4202 multiplex.
2627 4132 2680 4187 Si
2707 4140 2882 4185 autem
2911 4133 3166 4202 quaeritur
3194 4130 3462 4202 quomodo
3505 4131 3729 4199 simplex
3764 4141 3826 4184 et

2227 4222 2506 4293 multiplex
2554 4224 2623 4277 sit
2673 4223 2760 4277 illa
2806 4222 3136 4288 substantia;
3195 4221 3656 4278 animadvertenda
3725 4234 3822 4277 est

2228 4315 2401 4385 primo
2427 4322 2666 4369 creatura
2687 4328 2848 4383 quare
2866 4315 2933 4368 sit
2954 4309 3254 4383 multiplex,
3283 4313 3428 4367 nullo
3449 4323 3621 4367 autem
3643 4314 3828 4366 modo

2229 4421 2355 4460 vere
2383 4405 2627 4474 simplex.
2662 4405 2728 4462 Et
2753 4405 2897 4474 prius
2931 4421 3124 4474 corpus
3151 4405 3453 4460 universum
3479 4406 3658 4474 utique
3687 4421 3829 4474 paro

2231 4497 2372 4551 tibus
2401 4505 2646 4560 constat;
2671 4497 2742 4550 ita
2773 4505 2828 4550 ut
2857 4497 2925 4551 sit
2955 4496 3027 4551 ibi
3055 4497 3158 4550 alia
3191 4511 3315 4566 pars
3347 4497 3536 4566 major,
3565 4497 3667 4551 alia
3712 4500 3832 4552 mi-

2231 4601 2350 4652 nor,
2379 4595 2432 4641 et
2458 4586 2626 4655 majus
2656 4586 2725 4640 sit
2769 4587 3072 4642 universum
3114 4602 3270 4656 quam
3296 4602 3419 4657 pars
3447 4588 3699 4657 qumlibet
3733 4599 3838 4642 aut

2232 4681 2596 4751 quantalibet:
2621 4679 2752 4735 Nam
2789 4690 2844 4736 et
2867 4681 3058 4735 coelum
3089 4689 3142 4735 et
3167 4689 3307 4736 terra
3337 4690 3514 4752 partes
3544 4691 3667 4736 sunt
3696 4684 3839 4737 uni-

2233 4785 2402 4825 versae
2431 4769 2712 4824 mundanae
2739 4770 2891 4826 molis
2915 4788 2926 4823 :
2952 4780 3004 4824 et
3026 4770 3138 4824 sola
3168 4779 3328 4836 terra,
3351 4781 3402 4826 et
3421 4771 3590 4825 solum
3615 4772 3837 4826 (mlum

2235 4859 2706 4915 innumerabilibus
2749 4861 2988 4930 partibus
3034 4870 3276 4928 constat,
3321 4870 3375 4916 et
3427 4863 3479 4916 in
3535 4862 3693 4916 tertia
3749 4865 3843 4918 sui

2236 4961 2384 5021 parte
2413 4951 2586 5006 minor
2611 4961 2692 5007 est
2717 4967 2873 5022 quam
2902 4952 2955 5006 in
2980 4963 3191 5019 cartera,
3224 4963 3277 5009 et
3303 4954 3356 5009 in
3401 4954 3616 5009 dimidia
3644 4955 3849 5012 minor

2237 5060 2393 5114 quam
2425 5045 2476 5099 in
2518 5051 2660 5110 tota;
2703 5055 2755 5098 et
2790 5053 2955 5098 totum
2986 5046 3166 5100 mundi
3207 5062 3401 5115 corpus
3432 5046 3571 5117 quod
3611 5045 3852 5104 duabus

2240 5138 2551 5207 plerumque
2592 5136 2829 5206 partibus
2856 5137 3108 5206 appellari
3138 5138 3294 5203 solet,
3328 5137 3380 5193 id
3419 5149 3519 5200 est,
3547 5138 3756 5193 coslum
3792 5150 3854 5194 et

2239 5237 2400 5294 terra,
2441 5229 2622 5298 utique
2651 5228 2821 5297 majus
2860 5239 3126 5298 estquam
3154 5229 3324 5284 solum
3355 5231 3547 5285 caelum
3589 5239 3686 5283 aut
3721 5233 3855 5286 sola

2241 5332 2401 5376 terra.
2445 5321 2510 5375 Et
2535 5322 2586 5375 in
2616 5335 2932 5390 unoquoque
2962 5336 3185 5390 corpore
3215 5321 3358 5376 aliud
3386 5331 3466 5376 est
3493 5321 3855 5390 magnitudo,

2241 5411 2382 5466 aliud
2411 5411 2578 5478 color,
2609 5409 2748 5466 aliud
2781 5411 2966 5481 figura.
2991 5411 3171 5466 Potest
3190 5415 3332 5466 enim
3356 5421 3408 5466 et
3433 5411 3696 5464 diminuta
3727 5429 3860 5467 ma-

2242 5501 2515 5572 gnitudine
2539 5516 2754 5556 manere
2783 5501 2922 5556 idem
2962 5503 3109 5556 color
3135 5513 3188 5557 et
3219 5503 3401 5558 eadem
3435 5503 3619 5570 figura,
3656 5511 3726 5555 et
3759 5519 3857 5559 co-

2244 5593 2356 5647 lore
2385 5600 2588 5647 mutato
2614 5607 2835 5648 manere
2858 5594 3043 5648 eadem
3077 5593 3240 5665 figura
3265 5603 3317 5648 et
3343 5593 3529 5647 eadem
3561 5596 3832 5663 magnitu

2245 5685 2336 5751 do,
2364 5693 2420 5740 et
2457 5685 2622 5756 ﬁgura
2657 5685 2845 5740 eadem
2873 5702 2981 5740 non
3020 5696 3270 5741 manente
3297 5695 3404 5740 tam
3433 5699 3692 5754 magnum
3724 5703 3870 5744 esse

2250 5787 2302 5835 ct
2330 5777 2518 5835 eodem
2551 5777 2710 5833 modo
2732 5778 3027 5834 coloratum
3053 5797 3066 5833 ;
3091 5788 3145 5835 et
3171 5793 3521 5850 quaecumque
3540 5777 3641 5834 alia
3676 5781 3871 5840 simul
