4076 6438
303 276 406 334 929

299 389 552 448 dicuntur
588 392 655 448 de
691 407 932 464 corpore,
963 402 1186 465 possunt
1223 403 1279 451 et
1305 395 1458 451 simul
1503 403 1556 450 et
1585 395 1736 466 plura
1773 397 1888 450 sine

298 483 512 539 caeteris
553 486 888 539 commutari.
933 487 1011 541 Ac
1041 501 1126 556 per
1175 487 1278 545 hoc
1305 487 1580 558 multiplex
1606 502 1727 543 esse
1753 501 1890 542 con-

299 575 533 630 vincitur
553 585 746 632 natura
779 565 1042 649 corporis,
1068 580 1292 650 simplex
1333 589 1510 636 autem
1537 580 1683 635 nullo
1707 579 1889 634 modo.

298 665 556 723 Creatura
583 683 794 740 quoque
821 670 1130 738 spiritualis,
1163 672 1299 727 sicut
1319 681 1408 728 est
1433 673 1630 735 anima,
1660 680 1741 726 est
1769 669 1891 740 qui-

297 759 424 815 dem
454 761 508 815 in
535 763 775 833 corporis
801 765 1200 836 comparatione
1234 764 1526 835 simplicior
1553 781 1566 818 :
1599 763 1715 820 sine
1738 778 1888 820 com-

298 851 578 922 paratione
618 862 799 910 autem
841 857 1081 926 corporis
1129 855 1406 927 multiplex
1447 866 1550 919 est,
1583 857 1742 912 etiam
1775 853 1888 926 ipsa

290 957 405 998 non
433 942 681 1015 simplex.
725 944 856 999 Nam
877 945 1008 1002 ideo
1047 940 1340 1017 simplicior
1381 955 1464 1002 est
1492 961 1738 1016 corpore,
1757 947 1888 1018 quia

292 1035 580 1094 non.mole
613 1035 924 1091 dill‘unditnr
951 1053 1047 1108 per
1085 1039 1314 1108 spatium
1339 1037 1469 1102 loci,
1515 1037 1611 1093 sed
1660 1039 1712 1093 in
1754 1051 1894 1092 uno-

297 1140 514 1197 quoque
551 1143 797 1199 corpore,
842 1137 898 1185 et
928 1130 980 1184 in
1011 1138 1123 1186 toto
1162 1139 1271 1186 tota
1314 1139 1417 1193 est.
1458 1139 1516 1186 et
1561 1130 1612 1186 in
1655 1130 1891 1202 qualibet

290 1217 418 1286 ejus
447 1226 600 1287 parte
627 1227 735 1274 tota
761 1229 843 1275 est
867 1237 881 1286 ;
911 1229 965 1276 et
994 1220 1113 1276 ideo
1151 1236 1274 1277 cum
1303 1220 1360 1276 lit
1387 1221 1586 1293 aliquid
1616 1222 1668 1277 in
1701 1222 1888 1293 quavis

289 1307 491 1378 exigua
522 1309 777 1378 particula
805 1311 1046 1381 corporis
1071 1311 1213 1382 quod
1241 1313 1436 1368 sentiat
1470 1313 1668 1381 anima,
1698 1328 1891 1384 quam-

294 1401 378 1455 vis
423 1416 532 1456 non
565 1401 654 1457 (lat
684 1402 735 1457 in
756 1411 878 1458 toto
918 1419 1164 1476 corpore,
1197 1405 1296 1460 illa
1319 1413 1500 1462 tamen
1547 1415 1656 1462 tota
1689 1408 1888 1476 sentit,

297 1494 421 1564 quia
444 1503 609 1550 totam
641 1510 746 1551 non
774 1497 900 1551 latet
929 1514 941 1551 :
974 1497 1068 1553 sed
1096 1505 1273 1553 tamen
1303 1498 1462 1554 etiam
1489 1499 1541 1553 in
1568 1498 1742 1554 anima
1768 1513 1888 1554 cum

292 1585 442 1641 aliud
468 1588 540 1642 sit
561 1587 904 1643 artificiosum
931 1603 1070 1656 esse,
1115 1589 1256 1644 aliud
1288 1591 1534 1654 inertem,
1579 1590 1722 1644 aliud
1762 1605 1890 1645 aeu-

299 1689 432 1745 tum,
482 1680 628 1736 aliud
657 1695 970 1747 memorem,
1017 1681 1160 1737 aliud
1189 1681 1471 1753 cupiditas,
1514 1680 1656 1737 aliud
1688 1682 1848 1737 timor
1873 1723 1887 1748 ,

297 1773 443 1829 aliud
482 1775 689 1844 lmtitia,
732 1775 874 1830 aliud
922 1776 1156 1844 tristitia,
1208 1777 1517 1848 possintque
1561 1785 1615 1831 et
1643 1777 1744 1831 alia
1775 1776 1890 1832 sine

296 1865 438 1934 aliis,
479 1877 535 1922 et
561 1867 662 1922 alia
693 1868 881 1938 magis,
910 1868 1013 1923 alia
1051 1869 1246 1933 minus,
1281 1868 1683 1924 innumerabilia
1709 1876 1765 1924 et
1806 1868 1890 1922 in-

297 1958 700 2014 numerabiliter
730 1959 782 2012 in
812 1959 1004 2015 anima:
1029 1967 1216 2014 natura
1255 1959 1515 2022 inveniri;
1549 1958 1889 2016 manifestum

289 2058 382 2103 est
426 2064 534 2104 non
577 2049 891 2120 simplicem,
933 2051 1028 2106 sed
1070 2051 1412 2122 multiplicem
1457 2066 1578 2106 esse
1622 2060 1888 2108 naturam.

295 2141 440 2196 Nihil
469 2141 614 2197 enim
645 2141 870 2212 simplex
895 2142 1148 2200 mutabile
1175 2150 1258 2199 est
1281 2159 1296 2209 ;
1328 2143 1503 2198 omnis
1530 2151 1707 2200 autem
1735 2157 1889 2199 crea-

299 2245 417 2291 tura
451 2235 745 2290 mutabilis.
1685 2286 1690 2294 ,

341 2327 580 2384 CAPUT
595 2327 682 2383 Vll
693 2327 923 2385 .-—Deus
936 2329 1272 2397 Trinitas,sed
1286 2345 1386 2384 non
1403 2330 1604 2402 triplex.
1615 2330 1751 2386 Deus
1766 2345 1890 2386 vero

292 2421 666 2492 multipliciter
687 2422 902 2494 quidem
924 2421 1122 2478 dicitur
1151 2437 1392 2494 magnus,
1424 2421 1614 2487 bonus,
1651 2423 1886 2494 sapiens,

299 2511 509 2580 beatus,
551 2529 728 2576 verus.
761 2522 813 2568 et
839 2513 1096 2585 quidquid
1124 2514 1266 2569 aliud
1292 2529 1394 2570 non
1423 2514 1639 2585 indigne
1677 2515 1782 2570 dici
1814 2515 1891 2568 vi-

297 2603 456 2660 detur
483 2621 498 2659 :
529 2604 621 2660 sed
646 2604 832 2662 eadem
859 2605 1166 2677 magnitudo
1185 2606 1300 2676 ejus
1324 2615 1426 2673 est,
1448 2621 1566 2677 qua:
1587 2608 1843 2678 sapientia
1869 2623 1884 2674 ;

297 2709 407 2750 non
450 2696 592 2751 enim
635 2696 776 2753 mole
805 2711 1028 2769 magnus
1065 2706 1164 2763 est,
1197 2698 1290 2753 sed
1329 2699 1526 2754 virtute
1558 2715 1572 2753 :
1605 2708 1660 2754 et
1701 2698 1888 2754 eadem

298 2785 510 2840 bonitas
537 2802 656 2857 qua:
685 2787 940 2858 sapientia
967 2798 1022 2844 et
1049 2788 1375 2858 magnitudo,
1408 2797 1462 2844 et
1486 2789 1672 2844 eadem
1695 2791 1890 2846 veritas

297 2891 418 2946 qua:
447 2877 534 2932 illa
563 2877 738 2932 omnia
771 2895 784 2932 :
814 2886 868 2933 et
893 2893 999 2933 non
1027 2887 1109 2934 est
1137 2878 1206 2933 ibi
1237 2878 1379 2934 aliud
1409 2879 1621 2935 beatum
1663 2894 1804 2946 esse,
1837 2889 1890 2936 et

299 2968 442 3024 aliud
471 2985 744 3041 magnum,
769 2978 860 3026 aut
880 2971 1200 3041 sapientem,
1223 2981 1313 3027 aut
1343 2987 1550 3039 verum,
1580 2983 1669 3028 aut
1691 2973 1888 3029 bonum

294 3077 441 3129 esse,
467 3069 562 3116 aut
589 3063 808 3117 omnino
832 3063 1004 3133 ipsum
1037 3077 1180 3120 esse.

370 3153 424 3209 9.
465 3152 576 3208 Nec
595 3154 842 3224 quoniam
874 3153 1109 3209 Trinitas
1134 3162 1237 3222 est,
1272 3153 1392 3210 ideo
1410 3154 1599 3225 triplex
1622 3154 1889 3226 putandus

299 3255 387 3300 est
410 3263 423 3298 :
454 3245 690 3317 alioquin
716 3247 891 3301 minor
909 3246 1012 3301 erit
1035 3245 1192 3302 Pater
1207 3246 1373 3312 solus,
1405 3256 1495 3302 aut
1515 3246 1681 3303 Filius
1704 3248 1850 3304 solus
1870 3290 1887 3316 ,

298 3352 458 3408 quam
486 3337 646 3392 simul
678 3337 835 3394 Pater
861 3345 916 3394 et
940 3325 1126 3394 Filius.
1155 3338 1466 3410 Quanquam
1493 3354 1598 3395 non
1639 3339 1888 3397 invenia-

299 3438 386 3483 tur
411 3426 684 3498 quomodo
707 3427 810 3484 dici
857 3429 1054 3500 possit,
1095 3438 1187 3484 aut
1212 3429 1370 3486 Pater
1395 3430 1571 3496 solus,
1602 3441 1694 3487 aut
1720 3432 1889 3488 Filius

297 3523 477 3587 solus;
505 3536 628 3577 cum
665 3536 880 3592 semper
912 3530 1071 3592 atque
1096 3522 1524 3592 inseparabiliter
1551 3533 1606 3579 et
1647 3524 1737 3580 ille
1766 3539 1886 3580 cum

299 3615 438 3670 Filio
464 3617 557 3680 sit,
583 3623 637 3669 et
672 3615 760 3670 ille
786 3630 905 3670 cum
936 3615 1094 3670 Patre
1120 3631 1135 3668 :
1165 3625 1345 3669 nonut
1377 3615 1535 3670 ambo
1561 3616 1668 3671 sint
1696 3616 1886 3681 Pater,

297 3715 388 3759 aut
406 3705 570 3760 ambo
594 3704 796 3771 Filius;
826 3705 919 3760 sed
950 3705 1072 3776 quia
1098 3718 1310 3774 semper
1339 3705 1392 3760 in
1428 3705 1674 3771 invicem,
1699 3715 1889 3761 neuter

297 3798 466 3851 solus.
494 3795 628 3863 Quia
658 3811 786 3851 vero
819 3796 1046 3852 dicimus
1073 3804 1129 3852 et
1167 3796 1332 3851 Deum
1364 3796 1537 3852 solum
1568 3796 1737 3866 ipsam
1765 3796 1884 3851 'l‘ri-

297 3892 543 3954 nitatem,
570 3889 812 3958 quamvis
835 3902 1049 3958 semper
1077 3889 1283 3943 sitcum
1313 3887 1584 3959 spiritibus
1608 3897 1660 3944 et
1680 3889 1889 3944 anima-

296 3980 396 4035 bus
425 3981 659 4044 sanctis;
691 3979 784 4034 sed
815 3979 985 4034 solum
1011 3979 1236 4034 dicimus
1273 3979 1413 4050 quod
1456 3979 1595 4035 Deus
1622 3987 1733 4047 est,
1763 3979 1885 4050 quia

298 4089 403 4129 non
435 4083 489 4129 et
518 4074 593 4128 illi
618 4089 738 4128 cum
767 4074 856 4127 illo
884 4073 1025 4128 Deus
1053 4079 1212 4128 sunt:
1244 4073 1314 4127 ita
1345 4072 1514 4127 solum
1552 4072 1763 4128 Patrem
1803 4072 1889 4128 di-

296 4167 470 4220 cimus
511 4165 723 4219 Patrem
749 4205 763 4231 ,
793 4180 896 4218 non
927 4164 1048 4234 quia
1077 4171 1354 4233 separatur
1377 4178 1408 4217 a
1451 4162 1606 4232 Filio,
1638 4163 1732 4219 sed
1762 4164 1887 4235 quia

297 4275 403 4313 non
431 4257 590 4312 simul
622 4257 779 4311 ambo
807 4257 964 4311 Pater
996 4265 1139 4311 sunt.

366 4350 598 4406 CAPUT
640 4349 771 4405 Vlll.
795 4381 864 4390 ——
892 4347 988 4404 Dei
1015 4359 1209 4405 natura
1229 4349 1372 4404 nulla
1399 4349 1458 4420 ﬁt
1486 4351 1722 4406 accessio.
1753 4349 1886 4406 Cum

296 4443 477 4514 itaque
505 4451 683 4498 tantus
710 4452 794 4498 est
818 4442 966 4498 solus
994 4442 1175 4510 Pater,
1197 4442 1280 4499 vel
1303 4441 1448 4497 solus
1470 4442 1655 4510 Filius,
1683 4443 1768 4498 vel
1800 4458 1889 4499 so-

297 4534 384 4589 lus
413 4533 648 4604 Spiritus
671 4543 902 4601 sanctus,
928 4544 1156 4605 quantus
1180 4541 1263 4588 est
1283 4532 1441 4588 simul
1467 4533 1624 4588 Pater
1643 4542 1696 4589 et
1719 4533 1887 4589 Filius

292 4636 350 4682 et
377 4627 613 4697 Spiritus
642 4633 858 4681 sanctus
879 4668 893 4692 ,
923 4625 1068 4680 nullo
1096 4623 1256 4680 modo
1281 4623 1472 4694 triplex
1497 4623 1752 4680 dicendus
1778 4633 1882 4680 est.

292 4715 540 4788 Corpora
583 4713 779 4786 quippe
815 4714 1152 4785 adjunetione
1187 4730 1282 4770 sua
1324 4722 1591 4770 crescunt.
1631 4715 1890 4784 Quamvis

292 4812 444 4866 enim
473 4809 561 4880 qui
591 4809 832 4865 adhzeret
856 4809 1004 4863 uxori
1028 4824 1160 4876 sum,
1183 4825 1345 4864 unum
1371 4825 1565 4881 corpus
1591 4813 1692 4877 sit;
1717 4812 1887 4881 majus

291 4911 481 4957 tamen
510 4916 706 4972 corpus
729 4900 808 4968 ﬁt,
836 4916 993 4972 quam
1020 4903 1062 4956 si
1093 4901 1259 4958 solius
1277 4902 1374 4958 viri
1397 4914 1575 4971 esset,
1602 4912 1693 4958 aut
1720 4904 1886 4960 solius

291 4993 504 5047 uxoris.
539 4991 596 5046 In
625 4991 786 5048 rebus
822 4999 999 5046 autem
1025 4992 1404 5062 spiritualibus,
1433 5009 1554 5048 cum
1581 4994 1756 5050 minor
1774 5009 1888 5050 ma-

285 5085 399 5156 jori
429 5083 768 5150 adhaerescit,
801 5084 938 5139 sicut
965 5094 1209 5140 creatura
1234 5086 1496 5154 Creatori,
1519 5087 1608 5143 illa
1631 5087 1688 5142 lit
1717 5087 1888 5159 major

288 5191 462 5249 quam
485 5184 620 5241 erat,
650 5189 755 5230 non
782 5175 890 5230 ille.
917 5174 972 5230 In
1000 5175 1065 5231 iis
1087 5177 1228 5232 enim
1255 5193 1372 5248 qua:
1399 5194 1503 5232 non
1531 5179 1670 5234 mole
1699 5195 1888 5251 magna

289 5277 449 5333 sunt,
483 5266 583 5321 hoc
602 5274 685 5322 est
715 5265 886 5337 majus
908 5281 1028 5322 esse
1051 5267 1191 5338 quod
1219 5277 1300 5322 est
1322 5269 1512 5324 melius
1535 5284 1673 5326 esse.
1702 5271 1888 5326 Melior

288 5371 482 5416 autem
530 5359 590 5414 lit
633 5359 852 5430 spiritus
895 5359 1117 5431 alicujus
1162 5369 1442 5429 creaturae,
1487 5377 1608 5416 eum
1649 5363 1889 5421 adhaeret

288 5452 566 5516 Creatori,
599 5467 756 5522 quam
782 5453 828 5508 si
856 5468 960 5508 non
987 5453 1282 5512 adluereat:
1312 5461 1368 5509 et
1387 5453 1506 5510 ideo
1527 5455 1687 5510 etiam
1717 5456 1888 5526 major

287 5547 423 5615 quia
458 5545 664 5600 melior.
701 5543 801 5611 Qui
827 5559 954 5616 ergo
992 5545 1212 5601 adhaeret
1253 5545 1490 5614 Domino,
1519 5563 1648 5601 unus
1680 5548 1886 5619 spiritus

286 5644 366 5690 est
399 5635 419 5701 (
447 5633 462 5685 Ι
489 5631 607 5687 Cor.
639 5649 712 5700 vt,
741 5634 844 5703 l7)
874 5651 887 5688 :
919 5635 1013 5690 sed
1055 5645 1226 5690 tamen
1269 5637 1520 5692 Dominus
1547 5654 1650 5693 non
1683 5639 1801 5694 ideo
1828 5639 1885 5696 lit

287 5724 493 5795 major,
525 5724 766 5796 quamvis
793 5725 882 5780 ﬁat
911 5726 996 5781 ille
1025 5727 1110 5797 qui
1141 5726 1375 5784 adhaeret
1405 5728 1646 5786 Domino.
1682 5729 1736 5785 In
1766 5731 1881 5802 ipso

1703 279 1901 338 LIBER
1941 278 2222 339 SEXTUS.

1933 2 2337 14 μ--ι-ν-Τ-
2356 12 2382 14 _

3472 299 3577 357 950

1998 394 2154 462 igitur
2179 394 2290 450 Deo
2313 409 2432 449 cum
2475 396 2712 454 adhmret
2737 402 2925 472 teqnali
2954 403 3092 459 Patri
3125 406 3284 464 Filius
3319 414 3537 483 :rqnalis
3557 457 3574 479 ,

1996 494 2088 538 aut
2112 485 2338 557 Spiritus
2354 499 2570 544 sanctus
2595 490 2736 546 Patri
2761 502 2815 547 et
2835 493 2971 548 Filio
2995 499 3233 568 mqualis,
3259 517 3365 556 non
3386 505 3442 558 lit
3465 521 3548 560 ma
3565 532 3580 542 -

1992 573 2080 644 jor
2106 576 2245 631 Deus
2272 593 2430 647 quam
2470 579 2660 649 singuli
2686 597 2905 651 eorum;
2935 586 3059 656 quia
3089 604 3192 643 non
3213 599 3294 646 est
3321 608 3424 662 quo
3453 611 3578 652 cre-

1997 673 2112 720 scat
2149 666 2238 721 illa
2280 669 2552 738 perfectio.
2582 671 2855 728 Perfectus
2893 685 3072 732 autent
3115 679 3230 735 sive
3258 680 3434 752 Pater,
3465 686 3580 742 sive

1997 755 2178 823 Filius,
2207 759 2323 814 sive
2359 759 2587 830 Spiritus
2610 776 2826 820 sanctus
2845 806 2860 832 ,
2882 775 2936 822 et
2961 768 3228 839 perfectus
3255 772 3395 832 Deus
3422 775 3581 832 Pater
3666 829 3668 832 .
3756 817 3761 823 -

1995 855 2052 902 ct
2084 847 2249 906 Filius
2271 860 2326 905 et
2366 851 2593 923 Spiritus
2621 865 2836 913 sanctus
2863 875 2877 912 :
2905 867 2959 938 et
2985 860 3106 916 ideo
3146 862 3376 920 Trinitas
3403 867 3581 938 potius

1996 953 2154 1008 quam
2184 950 2216 995 ιι
2233 942 2400 1011 iplcx.
3269 942 3273 946 ~

2067 1031 2297 1089 CAPUT
2347 1033 2435 1090 IX.
2462 1066 2533 1077 -—
2567 1036 2656 1092 {0.
2693 1039 2774 1094 An
2805 1057 2907 1096 una
2943 1042 3021 1097 vel
3053 1051 3152 1098 tres
3176 1045 3327 1100 simul
3353 1063 3581 1118 personat

1996 1121 2230 1178 dicuntur
2255 1125 2392 1180 solus
2415 1126 2568 1182 Deus.
2599 1129 2666 1184 Et
2685 1132 2933 1202 quoniam
2957 1135 3286 1192 ostendimus
3310 1140 3581 1209 quomodo

1996 1216 2166 1286 possit
2189 1217 2294 1272 dici
2324 1219 2469 1274 solus
2498 1221 2674 1290 Pater,
2714 1224 2836 1294 quia
2864 1241 2969 1281 non
2997 1227 3096 1284 nisi
3125 1223 3239 1299 ipse
3276 1231 3346 1286 ibi
3384 1231 3577 1298 Pater;

1995 1307 2381 1364 consideranda
2402 1321 2484 1366 est
2513 1313 2599 1366 illa
2630 1316 2891 1371 sententia
2920 1334 3021 1389 qua
3051 1319 3261 1387 dicitur,
3293 1321 3456 1378 Deum
3482 1340 3579 1380 ve-
3653 1367 3658 1370 -

1994 1409 2112 1450 rum
2133 1397 2305 1452 solum
2333 1414 2438 1454 non
2465 1415 2586 1457 esse
2605 1402 2814 1460 Patrem
2841 1407 3033 1474 solum,
3055 1409 3149 1465 sed
3175 1410 3387 1467 Patrem
3413 1423 3466 1468 et
3489 1413 3581 1468 Fi-

1994 1488 2123 1544 lium
2149 1500 2207 1546 et
2231 1491 2488 1561 Spiritum
2530 1505 2790 1552 sanctum.
2822 1498 2880 1554 Si
2916 1501 3032 1570 quis
3072 1503 3214 1558 enim
3254 1503 3576 1576 interroget,

1995 1580 2154 1636 Pater
2181 1583 2328 1638 solus
2357 1593 2533 1640 utrum
2560 1589 2628 1642 sit
2660 1589 2801 1644 Deus
2832 1609 2843 1643 :
2875 1594 3144 1661 quomodo
3171 1597 3581 1667 respondebitur

1994 1686 2101 1727 non
2123 1687 2265 1741 esse,
2291 1676 2388 1730 nisi
2413 1676 2549 1733 forte
2577 1678 2645 1733 ita
2677 1679 2913 1738 dicamus
2933 1725 2948 1750 ,
2977 1699 3098 1740 esse
3128 1688 3342 1756 quidem
3365 1689 3578 1746 Patrem

1998 1764 2191 1830 Deum,
2224 1767 2317 1822 sed
2346 1784 2449 1823 non
2488 1784 2608 1825 eum
2638 1787 2757 1827 esse
2798 1773 2968 1829 solum
3013 1775 3212 1844 Deum;
3254 1793 3372 1835 esse
3399 1792 3578 1837 autem

1995 1855 2165 1910 solum
2197 1858 2383 1926 Deum,
2408 1859 2618 1917 Patrem
2645 1871 2700 1918 et
2724 1863 2919 1919 Filium
2947 1875 3000 1920 et
3029 1867 3284 1938 Spiritum
3312 1874 3580 1927 sanctum?

1993 1944 2098 2001 Sed
2129 1948 2254 2018 quid
2302 1951 2508 2020 agimus
2551 1952 2619 2008 de
2661 1953 2754 2008 illo
2798 1957 3099 2014 testimonio
3145 1959 3392 2016 Domini?
3432 1962 3580 2020 Patri

1994 2035 2136 2091 enim
2162 2037 2394 2103 dicebat.
2418 2049 2472 2096 et
2493 2041 2702 2098 Patrem
2728 2045 3089 2103 nominaverat
3115 2049 3180 2104 ad
3209 2066 3365 2121 quem
3398 2052 3582 2124 loque-

1992 2125 2168 2196 batur,
2191 2144 2312 2184 cum
2334 2131 2444 2185 ait:
2478 2131 2602 2187 Hazc
2634 2143 2706 2188 est
2738 2144 2904 2190 autem
2929 2137 3028 2190 vita
3055 2149 3274 2207 «eterna,
3308 2152 3362 2195 ut
3395 2159 3582 2214 cogno—

1992 2229 2135 2273 scant
2159 2229 2207 2274 te
2228 2238 2384 2274 unum
2408 2239 2582 2277 verum
2607 2223 2770 2278 Deum
2799 2225 2974 2298 (Joan.
3011 2245 3143 2295 xm,
3167 2231 3244 2296 3).
3275 2232 3426 2299 Quod
3457 2234 3578 2303 qui-

1992 2308 2116 2365 dem
2153 2313 2334 2367 Ariani
2375 2314 2453 2369 sic
2481 2315 2654 2370 solent
2680 2317 2956 2388 accipere,
2996 2321 3145 2390 quasi
3175 2338 3277 2376 non
3307 2324 3375 2379 sit
3410 2324 3580 2380 Filius

1994 2413 2153 2457 verus
2183 2403 2340 2458 Deus.
2380 2403 2583 2472 Quibus
2607 2408 2838 2462 exclusis
2863 2410 3146 2465 videndum
3177 2421 3259 2467 est
3285 2429 3351 2468 an
3384 2415 3581 2470 intelli-

1993 2507 2121 2562 gere
2149 2508 2422 2565 cogamur,
2453 2511 2572 2552 cum
2616 2499 2814 2554 dictum
2856 2510 2937 2556 est
2962 2502 3138 2569 Patri,
3175 2503 3242 2559 Ut
3275 2517 3580 2577 cognoscant

1995 2593 2043 2638 te
2067 2602 2222 2639 unum
2251 2585 2326 2659 (a)
2358 2604 2528 2643 verum
2550 2587 2752 2654 Deum;
2780 2600 3026 2664 tanquam
3061 2595 3160 2650 hoc
3187 2597 3458 2654 insinuare
3487 2615 3582 2653 vo-

1994 2673 2170 2740 luerit,
2200 2677 2322 2747 quia
2355 2688 2408 2733 et
2436 2681 2582 2736 solus
2611 2681 2772 2736 Pater
2801 2683 2941 2739 Deus
2968 2700 3123 2741 verus
3149 2697 3250 2755 est,
3275 2704 3341 2745 ne
3361 2705 3469 2746 non
3498 2691 3581 2746 itt-

1995 2766 2352 2836 telligeremns
2389 2771 2550 2826 Deum
2572 2813 2588 2841 ,
2620 2773 2718 2828 nisi
2765 2775 2876 2846 ipsa
2921 2777 3019 2833 tria
3059 2779 3252 2846 simul,
3279 2780 3492 2837 Patrem
3524 2791 3580 2838 et

1993 2857 2187 2914 Filium
2227 2869 2282 2916 et
2319 2861 2575 2933 Spiritum
2617 2876 2881 2923 sanctum.
2923 2869 3060 2926 Num
3099 2887 3226 2944 ergo
3268 2890 3332 2930 ex
3366 2875 3578 2932 Domini

1994 2950 2330 3018 testimonio,
2361 2963 2414 3009 et
2452 2955 2662 3012 Patrem
2694 2974 2859 3014 unum
2890 2976 3072 3017 verum
3106 2964 3271 3020 Deum
3313 2965 3574 3035 dicimus,

1994 3049 2050 3095 et
2082 3040 2272 3097 Filium
2307 3060 2468 3100 unum
2499 3063 2683 3102 verum
2713 3048 2878 3106 Deum
2900 3092 2916 3118 ,
2954 3062 3008 3108 et
3047 3053 3304 3124 Spiritum
3334 3066 3576 3114 sanctum

1994 3146 2157 3186 unum
2179 3149 2360 3190 verum
2389 3137 2572 3202 Deum,
2599 3149 2652 3194 et
2671 3140 2827 3196 simul
2853 3141 3062 3199 Patrem
3087 3155 3142 3200 et
3161 3145 3351 3202 Filium
3377 3158 3431 3203 et
3452 3150 3570 3220 Spi-

1993 3225 2154 3280 ritum
2177 3237 2452 3295 sanctum,
2481 3229 2532 3285 id
2560 3242 2640 3287 est
2662 3275 2676 3298 ,
2705 3233 2864 3289 simul
2890 3236 3060 3306 ipsam
3094 3237 3406 3296 Trinitatem
3424 3284 3440 3309 ,
3470 3258 3576 3298 non

1995 3325 2103 3373 tres
2134 3335 2286 3375 veros
2307 3321 2458 3386 deos,
2479 3323 2570 3378 sed
2593 3341 2752 3380 unum
2780 3342 2963 3382 verum
2988 3329 3189 3384 Deum?
3217 3333 3300 3386 An
3326 3334 3575 3403 quoniam

1993 3411 2213 3479 addidit,
2247 3410 2312 3466 Et
2341 3430 2484 3483 quem
2513 3416 2691 3470 misisti
2729 3415 2909 3472 Iesum
2933 3419 3227 3486 Christum;
3254 3423 3576 3479 subaudien-

1991 3499 2118 3554 dum
2147 3509 2260 3568 est,
2291 3519 2444 3556 unum
2470 3521 2641 3559 verum
2677 3506 2878 3574 Deum;
2907 3518 2960 3563 et
2989 3509 3121 3564 ordo
3148 3512 3428 3567 verborum
3456 3524 3538 3569 est
3557 3556 3572 3581 ,

1998 3590 2064 3645 Ut
2090 3601 2137 3646 te
2157 3600 2199 3645 et
2226 3610 2368 3662 quem
2391 3595 2570 3649 misisti
2586 3595 2762 3651 Iesum
2789 3598 3064 3666 Christum,
3087 3614 3389 3672 cognoscant
3416 3621 3574 3659 unum

1991 3698 2161 3736 verum
2192 3682 2392 3739 Deum?
2415 3684 2521 3740 Cur
2553 3702 2682 3759 ergo
2721 3690 2884 3744 tacuit
2921 3689 2989 3746 de
3017 3692 3213 3762 Spiritu
3243 3695 3464 3750 sancto?
3491 3700 3571 3755 An

1991 3772 2242 3841 quoniam
2290 3789 2624 3846 consequens
2675 3787 2757 3832 est
2805 3786 2862 3832 ut
2909 3779 3222 3852 ubicumque
3270 3786 3574 3843 nominatur

1992 3881 2158 3922 unum
2189 3875 2330 3922 tanta
2372 3885 2502 3940 pace
2531 3871 2621 3926 uni
2659 3871 2958 3940 adhaerens,
2987 3883 3044 3929 ιιι
3071 3892 3164 3946 per
3193 3879 3329 3934 hanc
3363 3891 3572 3938 utrum-

1991 3971 2094 4028 que
2119 3973 2280 4012 unum
2312 3961 2400 4026 sit,
2420 3961 2528 4030 jam
2553 3975 2619 4017 ex
2645 3962 2746 4018 hoc
2770 3963 3094 4036 intelligatur
3117 3967 3277 4024 etiam
3309 3971 3418 4041 ipsa
3446 3989 3570 4044 pax,

1991 4049 2232 4118 quamvis
2253 4065 2358 4105 non
2389 4055 2882 4110 commemoretur?
2909 4056 3036 4111 Nam
3075 4069 3127 4112 ct
3157 4059 3248 4115 illo
3284 4061 3400 4117 loco
3426 4067 3572 4134 Apo-

1989 4141 2159 4196 stolus
2184 4141 2394 4199 videtur
2415 4146 2562 4215 quasi
2591 4149 2996 4215 prmtermittere
3023 4147 3276 4220 Spiritum
3308 4165 3572 4222 sanctum,

1991 4241 2044 4287 et
2071 4239 2245 4288 tamen
2266 4235 2427 4290 etiam
2456 4236 2526 4290 ibi
2554 4237 2883 4308 intelligitur,
2909 4239 2996 4294 ubi
3027 4241 3120 4308 ait,
3149 4242 3332 4298 Omnia
3355 4257 3470 4301 sunt
3491 4265 3575 4302 ve—

1989 4333 2126 4389 stra;
2155 4340 2240 4380 vos
2265 4335 2453 4391 autem,
2474 4327 2929 4393 Christi;Christus
2946 4342 3132 4400 autent,
3159 4333 3253 4388 Dei
3277 4336 3315 4407 (1
3347 4334 3460 4391 Cor.
3493 4355 3571 4406 ιιι,

1989 4413 2082 4480 22,
2109 4415 2203 4484 23)
2235 4433 2249 4470 :
2284 4426 2338 4472 et
2377 4417 2598 4485 iterum,
2635 4419 2796 4491 Caput
2832 4424 3091 4491 mulieris,
3130 4425 3238 4490 vir;
3267 4440 3415 4498 caput
3442 4429 3534 4482 viri
3553 4471 3569 4495 ,

1991 4506 2253 4574 Christus;
2288 4519 2440 4581 caput
2473 4521 2638 4566 autem
2672 4512 2879 4582 Christi,
2911 4515 3050 4571 Deus
3077 4520 3094 4587 (
3117 4517 3203 4573 Id.
3239 4536 3313 4587 xt,
3342 4519 3434 4593 5).
3467 4522 3572 4578 Sed

1992 4617 2176 4656 rursus
2201 4603 2243 4656 si
2289 4603 2429 4659 Deus
2463 4621 2568 4660 non
2607 4607 2706 4662 nisi
2737 4609 2912 4663 omnia
2957 4611 3113 4667 simul
3144 4613 3240 4668 tria
3260 4655 3277 4682 ,
3304 4616 3576 4684 quomodo

1992 4706 2151 4766 caput
2175 4695 2367 4753 Christi
2400 4699 2558 4767 Deus,
2585 4699 2634 4756 id
2653 4711 2754 4770 est,
2777 4714 2935 4774 caput
2954 4704 3150 4760 Christi
3173 4706 3421 4773 Trinitas,
3449 4723 3572 4764 cum

1995 4789 2047 4843 in
2079 4789 2336 4847 Trinitate
2363 4792 2431 4847 sit
2457 4792 2698 4850 Christus
2723 4806 2781 4851 ttt
2807 4799 2876 4852 sit
2917 4798 3185 4854 Trinitas?
3211 4802 3291 4853 An
3321 4800 3460 4870 quod
3491 4810 3574 4858 est

1994 4881 2152 4938 Pater
2189 4899 2310 4940 cum
2341 4884 2508 4954 Filio,
2532 4895 2693 4957 caput
2723 4898 2806 4944 est
2832 4890 2882 4945 ei
2914 4889 3056 4960 quod
3077 4899 3158 4945 est
3194 4890 3339 4946 solus
3368 4891 3575 4949 Filius?

1994 4971 2127 5030 Cum
2178 4974 2312 5030 Filio
2359 4976 2502 5032 enim
2550 4977 2708 5034 Pater
2761 4979 2933 5046 Deus,
2982 4981 3126 5034 solus
3175 4990 3356 5037 autem
3403 4983 3573 5039 Filius

1995 5064 2234 5122 Christus
2263 5075 2347 5122 est
2376 5085 2388 5121 :
2420 5068 2648 5125 maxime
2677 5069 2799 5140 quia
2824 5070 2934 5138 jam
2970 5069 3202 5126 Verbum
3225 5087 3352 5128 caro
3374 5072 3571 5131 factum

1993 5158 2245 5228 loquitur,
2286 5159 2578 5215 secundum
2617 5177 2773 5231 quam
2821 5161 3203 5216 lnnnilitatem‘
3257 5163 3372 5233 ejus
3412 5166 3574 5223 etiam

1995 5249 2166 5319 major
2194 5259 2276 5305 est
2301 5250 2474 5317 Pater,
2498 5253 2636 5306 sicut
2663 5251 2810 5317 dicit,
2841 5251 3090 5319 Quoniam
3126 5253 3277 5308 Pater
3305 5257 3468 5327 major
3497 5273 3578 5311 me

1994 5349 2066 5395 est
2087 5339 2267 5412 (Joan.
2299 5358 2405 5408 xiv,
2432 5342 2560 5412 28);
2585 5351 2644 5396 ut
2665 5342 2764 5397 hoc
2785 5343 2956 5414 ipsum
2986 5344 3148 5398 Drum
3170 5359 3307 5410 esse,
3331 5344 3474 5417 quod
3498 5347 3576 5403 illi

1993 5447 2113 5487 cum
2145 5432 2302 5487 Patre
2335 5447 2496 5486 unum
2526 5440 2638 5499 est,
2670 5442 2832 5502 caput
2856 5433 2924 5488 sit
2963 5433 3191 5490 hominis
3232 5435 3571 5506 Mediatoris,

1994 5524 2133 5596 quod
2165 5523 2278 5594 ipse
2309 5522 2454 5578 solus
2478 5531 2562 5578 est
2585 5523 2606 5595 (
2633 5523 2650 5577 ι
2681 5523 2814 5578 Tim.
2844 5541 2902 5592 ιι,
2933 5526 2966 5581 5
2991 5528 3028 5597 ).
3071 5527 3126 5580 Si
3155 5528 3296 5584 enim
3337 5537 3570 5585 mentem

2057 5681 2081 5744 ί,
2109 5686 2174 5729 tta
2197 5677 2420 5742 plerique
2444 5686 2548 5729 MSS.
2572 5687 2629 5731 Αι
2653 5680 2787 5744 editi,
2812 5682 3168 5738 humanitatem.

2062 5741 2139 5807 (τι)
2159 5747 2323 5789 Graece
2351 5746 2446 5800 est,
2469 5753 2654 5792 menon.

3675 2089 3698 2244 δ
