4076 6458
454 362 554 421 951

456 487 601 534 recte
621 474 846 532 dicimus
875 469 1166 546 principale
1190 467 1440 533 hominis,
1472 466 1526 523 id
1544 475 1646 533 est,
1676 476 2035 538 tanquamca-

453 577 549 640 put
578 567 823 624 humanae
861 563 1168 622 substantia:
1189 603 1205 629 ,
1234 575 1354 617 cum
1384 559 1496 631 ipse
1520 558 1682 613 homo
1704 572 1825 613 cum
1856 565 2036 612 mente

459 661 531 716 sit
552 659 747 725 homo;
764 672 871 715 cur
896 671 1001 712 non
1022 654 1188 711 multo
1212 651 1608 723 congruentius,
1634 649 1903 719 multoque
1924 661 2037 701 ma-

455 752 540 825 gis
569 751 801 809 Verbum
824 764 944 805 cum
984 748 1141 803 Patre
1180 745 1321 815 quod
1352 743 1509 799 simul
1550 743 1692 798 Deus
1733 748 1847 805 est,
1876 744 2037 809 caput

454 852 538 899 cst
560 842 790 905 Christi,
825 837 1069 909 quamvis
1095 836 1340 892 Christus
1369 836 1529 890 homo
1563 833 1663 889 nisi
1693 847 1810 888 cum
1858 830 2034 886 Verbo

452 933 597 1005 quod
624 948 749 989 caro
775 931 968 986 factum
998 937 1100 996 est,
1130 927 1350 998 intelligi
1394 941 1497 981 non
1524 922 1729 997 possit?
1764 921 1868 978 Sed
1900 920 2031 987 hoc,

453 1036 509 1079 ut
536 1024 647 1094 jam
672 1022 932 1085 diximus,
960 1013 1231 1089 aliquanto
1251 1015 1555 1087 diligentius
1578 1022 1761 1086 postea
1787 1011 2033 1067 conside-

451 1114 707 1170 rabimus.
739 1111 890 1168 Nunc
914 1120 1090 1165 autent
1120 1109 1393 1180 mqualitas
1429 1105 1705 1162 Trinitatis
1729 1112 1785 1160 et
1814 1118 1916 1158 una
1941 1117 2034 1157 ca-

452 1205 680 1275 dentque
701 1201 998 1257 substantia
1019 1241 1035 1269 ,
1063 1210 1314 1270 quantum
1356 1197 1587 1252 breviter
1611 1194 1878 1265 potuimus
1896 1231 1913 1259 ,
1941 1190 2035 1246 de—

453 1306 744 1351 monstrata
767 1302 867 1359 est,
891 1300 949 1347 ut
967 1307 1180 1363 quoquo
1202 1288 1361 1345 modo
1387 1303 1446 1344 se
1475 1286 1635 1341 habet
1659 1286 1757 1340 ista
1786 1283 2030 1356 quaestio,

451 1406 613 1460 quam
642 1387 1028 1444 discutiendam
1049 1386 1254 1441 acriore
1280 1383 1573 1439 intentione
1598 1376 1920 1444 distulimus,
1944 1376 2036 1431 ni-

453 1481 528 1536 hil
557 1480 810 1550 impediat
849 1478 1135 1548 quominus
1174 1474 1434 1530 fateamur
1460 1485 1721 1528 summam
1761 1468 2033 1541 aequalita-

300 1554 304 1565 ’
364 1570 387 1629 λ
453 1581 559 1628 tem
583 1571 757 1625 Patris
784 1582 837 1624 et
860 1569 984 1623 Filii
1013 1575 1066 1622 et
1089 1566 1317 1636 Spiritus
1344 1563 1534 1618 sancti.

522 1660 749 1717 CAPUT
796 1660 863 1714 Χ.
904 1688 973 1699 -
1008 1658 1094 1712 ll.
1123 1656 1375 1716 Attributa
1409 1671 1502 1724 per
1526 1652 1785 1708 Hilarium
1811 1649 2035 1722 singulis

453 1752 699 1824 personis.
724 1750 943 1805 Trinitas
966 1751 1017 1803 in
1034 1752 1179 1803 rebus
1200 1748 1347 1819 [actis
1373 1754 1779 1817 reprtesentatur.
1809 1744 2034 1813 Quidam

453 1861 577 1901 cum
597 1845 754 1900 vellet
777 1843 1088 1898 brevissime
1116 1841 1445 1911 singularum
1479 1855 1532 1893 tn
1564 1839 1821 1893 Trinitate
1850 1850 2035 1907 persoo

456 1950 645 1990 narum
676 1932 946 1989 insinuare
972 1930 1206 2001 propria,
1237 1929 1541 1993 /Elernitas,
1567 1928 1754 1997 inquit,
1781 1927 1832 1980 in
1854 1924 2033 1991 Patre,

453 2025 642 2095 species
673 2024 725 2078 in
760 2022 1009 2093 Imagine,
1039 2037 1158 2076 usus
1186 2021 1238 2073 in
1269 2018 1499 2073 Munere.
1532 2019 1599 2073 Et
1632 2019 1755 2089 quia
1789 2032 1893 2071 non
1921 2031 2036 2070 me-

454 2113 653 2169 diocris
674 2112 1002 2167 auctoritatis
1025 2110 1078 2164 in
1104 2111 1413 2164 tractatione
1434 2108 1849 2179 Scripturarum,
1876 2115 1931 2162 et
1951 2119 2037 2161 as-

453 2203 686 2257 sertione
716 2201 835 2256 fidei
859 2200 939 2255 vir
963 2200 1199 2263 exstitit;
1233 2199 1463 2254 Hilarius
1501 2199 1643 2253 enim
1676 2199 1775 2251 hoc
1805 2196 1856 2251 in
1881 2195 2035 2251 libris

452 2292 565 2349 suis
590 2293 765 2363 posuit
789 2290 925 2365 (Lib.
952 2290 988 2345 2
1007 2292 1071 2345 de
1096 2290 1393 2361 Trinitatc);
1426 2292 1613 2344 horum
1639 2288 1922 2345 verborum
1940 2328 1953 2352 ,
1983 2286 2035 2343 id

454 2392 569 2450 est,
600 2384 774 2439 Patris
792 2425 807 2449 ,
840 2392 895 2438 et
920 2383 1166 2454 imaginis
1187 2424 1200 2444 ,
1229 2391 1283 2437 et
1310 2381 1573 2446 Muneris,
1602 2380 1913 2435 aeternitatis
1934 2420 1949 2445 ,
1981 2385 2037 2433 et

454 2476 685 2547 speciei,
739 2484 794 2531 et
846 2490 994 2542 usus,
1052 2474 1283 2529 abditam
1326 2482 1591 2527 scrutatus
1638 2471 2032 2540 intelligentiam

460 2577 714 2637 quantum
740 2567 913 2631 valeo,
944 2582 1049 2621 non
1076 2581 1196 2620 eum
1224 2574 1461 2619 secutum
1486 2565 1713 2619 arbitror
1740 2564 1793 2618 in
1820 2561 2034 2617 attenti-

455 2658 577 2713 tatis
602 2656 878 2722 vocabulo,
907 2656 1006 2712 nisi
1033 2655 1175 2726 quod
1214 2655 1367 2711 Pater
1397 2669 1501 2709 non
1544 2652 1702 2708 habet
1728 2654 1936 2709 Patrem
1966 2651 2035 2708 de

454 2762 561 2817 quo
586 2746 675 2814 sit,
707 2746 870 2802 Filius
891 2754 1067 2802 autem
1100 2746 1170 2801 de
1199 2746 1356 2801 Patre
1385 2754 1469 2801 est
1494 2753 1550 2800 ut
1573 2747 1662 2812 sit,
1690 2754 1850 2816 atque
1870 2752 1930 2799 ut
1957 2744 2033 2799 illi

457 2849 757 2891 coaeternus
780 2837 867 2891 sit.
894 2837 1069 2907 Imago
1089 2837 1230 2890 enim
1253 2836 1295 2888 si
1323 2834 1555 2906 perfecte
1584 2833 1769 2905 implet
1793 2834 1921 2889 illud
1943 2849 2034 2888 cu-

451 2925 538 2994 jus
568 2923 741 2996 imago
777 2932 861 2980 est
884 2966 900 2991 ,
928 2925 1039 2994 ipsa
1077 2935 1383 2994 coaequatur
1408 2925 1457 2980 ei
1477 2965 1492 2990 ,
1522 2940 1626 2979 non
1656 2924 1784 2979 illud
1821 2923 2033 2995 imagini

454 3032 585 3071 sum.
612 3016 667 3071 in
694 3032 796 3087 qua
834 3017 1063 3088 imagine
1088 3018 1319 3087 speciem
1348 3017 1660 3085 nominavit,
1691 3016 1875 3083 credo,
1906 3031 2033 3087 pro-

456 3118 576 3179 pter
610 3108 1074 3178 pulchritudinem,
1104 3109 1191 3164 ubi
1213 3109 1324 3178 jam
1365 3117 1448 3165 est
1478 3118 1619 3163 tanta
1647 3108 1990 3180 congruentia
2013 3148 2029 3177 ,

457 3211 512 3255 ct
540 3200 709 3271 prima
735 3201 1029 3271 aequalitas,
1070 3208 1125 3255 ct
1163 3201 1329 3270 prima
1362 3200 1685 3267 similitudo,
1718 3201 1858 3256 nulla
1895 3200 1947 3255 in
1973 3216 2033 3257 re

454 3291 739 3357 dissidens,
767 3299 820 3347 et
846 3291 991 3346 nullo
1017 3290 1177 3346 modo
1205 3290 1476 3360 inaequalis
1496 3331 1510 3353 ,
1538 3301 1592 3345 et
1617 3291 1758 3345 nulla
1789 3305 1853 3345 ex
1884 3300 2032 3361 parte

452 3381 746 3449 dissimilis,
772 3380 862 3436 sed
892 3381 957 3436 ad
985 3380 1269 3437 identidem
1293 3379 1621 3449 respondens
1640 3379 1688 3434 ei
1718 3380 1872 3450 cujus
1898 3380 2032 3435 ima-

451 3488 518 3541 go
540 3482 642 3528 est.
672 3471 771 3528 Ubi
791 3480 873 3527 est
899 3472 1065 3542 prima
1094 3483 1147 3527 et
1168 3486 1374 3526 summa
1391 3470 1519 3538 vita,
1541 3470 1624 3525 cui
1654 3486 1761 3526 nou
1790 3478 1871 3527 est
1890 3471 2028 3526 aliud

452 3562 630 3617 vivere
656 3570 710 3617 et
734 3561 875 3618 aliud
905 3576 1046 3639 esse,
1079 3560 1172 3616 sed
1204 3560 1343 3617 idem
1374 3569 1458 3617 est
1494 3575 1615 3617 esse
1641 3569 1696 3617 et
1721 3560 1899 3617 vivere
1930 3578 1944 3615 :
1977 3570 2031 3617 et

451 3652 652 3723 primus
672 3666 733 3707 ac
751 3667 990 3707 summus
1005 3650 1324 3719 intellectus,
1350 3652 1432 3707 cui
1455 3667 1559 3707 non
1582 3661 1663 3707 est
1686 3652 1827 3707 aliud
1848 3652 2029 3708 vivere

450 3753 505 3798 et
529 3743 671 3799 aliud
699 3744 995 3815 intelligere
1018 3784 1035 3809 ,
1064 3743 1159 3799 sed
1188 3742 1239 3797 id
1276 3742 1418 3815 quod
1455 3754 1538 3800 est
1564 3744 1857 3815 intelligere
1879 3786 1895 3811 ,
1926 3744 2029 3801 hoc

447 3835 647 3901 vivere,
673 3837 771 3892 hoc
796 3852 915 3892 esse
943 3845 1045 3903 est,
1070 3853 1234 3893 unum
1259 3838 1436 3893 omnia
1465 3855 1477 3892 :
1511 3848 1759 3909 tanquam
1790 3837 2025 3894 Verbum

447 3926 757 3997 perfectum,
785 3928 869 3983 cui
890 3942 997 3983 non
1022 3927 1159 3983 desit
1182 3928 1378 3999 aliquid
1398 3970 1413 3996 ,
1442 3938 1497 3985 et
1526 3944 1613 3983 ars
1643 3928 1884 3999 quaedam
1912 3944 2027 3985 om-

447 4016 737 4087 nipotentis
774 4028 933 4089 atque
959 4019 1214 4090 sapientis
1240 4020 1369 4086 Dei,
1407 4020 1563 4089 plena
1590 4020 1828 4075 omnium
1858 4020 2023 4075 ratio-

446 4123 573 4163 num
614 4108 899 4165 viventium
942 4110 1450 4166 incommutabiliqu
1475 4112 1523 4175 ¹;
1553 4120 1607 4166 et
1632 4126 1818 4166 omnes
1858 4126 2020 4166 unum

440 4198 499 4261 in
536 4214 596 4254 ea
622 4240 638 4265 ,
669 4199 810 4254 sicut
852 4201 964 4271 ipsa
994 4217 1155 4256 unum
1182 4201 1250 4257 de
1280 4217 1418 4267 uno,
1448 4216 1569 4256 cum
1596 4216 1702 4273 quo
1732 4218 1913 4257 unum.
1946 4202 2023 4258 lbi

438 4288 591 4349 novit
615 4288 796 4344 omnia
828 4289 966 4345 Deus
995 4306 1114 4359 qum
1144 4288 1268 4345 fecit
1302 4305 1399 4363 per
1434 4291 1635 4361 ipsam,
1659 4300 1712 4346 et
1743 4292 1863 4347 ideo
1899 4307 2019 4347 cum

437 4377 702 4441 decedant
728 4389 782 4434 ct
813 4379 1101 4435 succedant
1139 4390 1374 4451 tempora
1394 4421 1411 4447 ,
1453 4396 1557 4436 non
1585 4380 1795 4437 decedit
1822 4382 2019 4453 aliquid

444 4474 529 4528 vel
558 4472 797 4529 succedit
836 4473 1076 4529 scientiae
1102 4464 1217 4529 Dei.
1243 4473 1357 4529 Non
1383 4474 1523 4529 enim
1556 4474 1672 4530 lucc
1696 4490 1815 4546 quae
1842 4486 2018 4531 creata

502 4562 520 4599 ⁸
556 4560 721 4613 Plures
741 4569 868 4624 Mss,
890 4569 934 4614 et
954 4557 1427 4616 incomnndabiliztm.

1586 352 1675 408 DE
1715 351 2103 419 TlllNlTATE,
2143 351 2200 408 S.
2242 352 2609 413 AUGUSTINI

3619 359 3730 416 9'52

2141 474 2296 533 sunt,
2332 467 2452 523 ideo
2487 469 2726 523 sciuntur
2757 483 2787 522 a
2816 467 2925 524 Deo
2947 511 2961 536 ,
2992 470 3114 539 quia
3158 468 3293 524 facta
3321 478 3443 525 sunt
3476 486 3489 523 :
3518 484 3582 526 ac
3615 486 3726 526 non

2143 557 2319 627 potius
2340 559 2460 615 ideo
2488 559 2625 616 facta
2655 570 2779 616 sunt
2819 562 2903 618 vel
2930 560 3226 628 mutabilia,
3256 562 3378 633 quia
3410 562 3727 618 immutabi-

2138 647 2261 703 liter
2282 649 2349 705 ab
2373 664 2439 705 eo
2457 652 2713 706 sciuntur.
2739 651 2831 708 Ille
2850 652 3007 721 igitur
3031 652 3314 708 inell'abilis
3332 652 3546 722 quidam
3571 668 3731 708 com-

2138 739 2327 809 plexus
2356 742 2525 797 Patris
2546 752 2601 799 et
2628 743 2872 814 imaginis
2897 760 3003 800 non
3031 745 3254 801 estsine
3294 744 3644 814 perfruitionc
3664 745 3683 779 ⁸
3705 787 3723 812 ,

2138 830 2254 886 sine
2279 831 2555 899 charitate,
2587 834 2702 890 sine
2724 835 2937 906 gaudio.
2961 835 3053 890 illa
3075 850 3202 906 ergo
3221 835 3453 903 dilectio,
3478 836 3725 892 delecta-

2138 921 2246 989 tio,
2280 921 2502 979 felicitas
2529 924 2609 979 vel
2641 925 2949 991 beatitudo,
2985 926 3030 980 si
3070 934 3247 981 tamen
3276 926 3449 996 aliqua
3487 926 3724 982 humana

2138 1026 2269 1067 voce
2299 1013 2456 1083 digne
2483 1013 2705 1081 dicitur,
2736 1031 2862 1071 usus
2895 1016 2965 1069 ab
2990 1015 3082 1070 illo
3107 1016 3405 1086 appellatus
3430 1024 3514 1071 est
3538 1017 3725 1072 brevi-

2130 1110 2240 1168 ter,
2263 1111 2317 1160 et
2340 1114 2421 1161 est
2445 1106 2496 1160 in
2522 1106 2779 1162 Trinitate
2813 1106 3043 1177 Spiritus
3067 1116 3302 1170 sanctus,
3336 1123 3441 1162 non
3465 1109 3679 1179 genitus
3704 1148 3721 1173 ,

2138 1196 2233 1250 scd
2261 1198 2534 1267 genitoris,
2562 1200 2834 1270 genitique
2859 1202 3113 1266 suavitas,
3139 1201 3338 1272 ingenti
3367 1201 3611 1272 largitate
3631 1210 3719 1254 at—

2138 1302 2241 1357 que
2269 1288 2507 1345 ubertate
2551 1289 2873 1359 perfundens
2919 1306 3107 1347 omnes
3121 1302 3404 1348 creaturas
3424 1308 3530 1364 pro
3558 1301 3725 1363 captu

2131 1392 2344 1445 carum,
2370 1388 2426 1434 ut
2449 1381 2691 1437 ordinem
2717 1398 2870 1438 suum
2899 1391 3115 1438 teneant
3139 1392 3194 1439 et
3219 1382 3348 1439 locis
3372 1383 3483 1439 suis
3505 1384 3728 1454 acquie-

2136 1479 2306 1525 scatit.

2210 1564 2297 1619 l2.
2343 1564 2464 1620 Haec
2491 1565 2650 1636 igitur
2669 1566 2868 1631 omnia,
2891 1582 3010 1637 qua:
3035 1576 3149 1622 arte
3174 1564 3352 1621 divina
3380 1565 3515 1621 facta
3547 1573 3675 1621 sunt
3699 1608 3721 1634 ,

2138 1663 2192 1710 ct
2222 1658 2477 1712 unitatem
2504 1658 2789 1728 quamdam
2827 1659 2879 1712 in
2920 1673 2980 1714 se
3008 1657 3332 1723 ostendunt,
3363 1665 3418 1714 et
3440 1659 3675 1728 speciem
3703 1701 3722 1725 ,

2136 1756 2191 1804 et
2220 1748 2479 1804 ordinem.
2513 1748 2777 1819 Quidquid
2806 1749 2949 1805 enim
2980 1748 3169 1804 horum
3201 1756 3311 1817 est,
3342 1759 3398 1806 et
3425 1764 3589 1804 unum
3616 1750 3723 1804 alia

2143 1838 2271 1909 quid
2300 1848 2401 1907 est,
2428 1841 2566 1896 sicut
2590 1850 2713 1895 sunt
2744 1849 2945 1896 natura:
2968 1856 3274 1910 corporum,
3294 1849 3349 1895 et
3373 1840 3582 1911 ingenia
3602 1842 3727 1894 ani—

2137 1947 2380 1998 marum;
2408 1943 2462 1988 et
2489 1932 2661 2003 aliqua
2700 1933 2877 2001 specie
2905 1931 3183 1998 formatur,
3224 1933 3362 1987 sicut
3386 1941 3511 1988 sunt
3535 1932 3727 2003 ﬁgura;

2139 2023 2224 2078 vel
2262 2022 2546 2094 qualitates
2583 2038 2867 2094 corporum
2886 2065 2905 2091 ,
2933 2038 2998 2079 ac
3025 2023 3283 2080 doctrina:
3305 2024 3391 2079 vel
3430 2034 3573 2079 artes
3598 2026 3725 2078 ani-

2138 2128 2376 2180 marum;
2400 2123 2455 2169 et
2475 2114 2719 2169 ordinem
2732 2115 2959 2185 aliquem
2982 2114 3111 2185 petit
3134 2124 3224 2169 aut
3249 2121 3415 2180 tenet,
3442 2115 3581 2170 sicut
3595 2122 3728 2170 sunt

2140 2206 2374 2276 pondera
2406 2206 2485 2261 vel
2516 2207 2895 2262 collocationes
2937 2222 3257 2278 corporum,
3304 2216 3464 2278 atque
3507 2222 3726 2263 amores

2139 2306 2232 2352 aut
2253 2296 2632 2353 delectationes
2655 2297 2973 2352 animarum.
2991 2296 3218 2367 Oportet
3239 2297 3398 2367 igitur
3422 2308 3479 2352 ut
3496 2295 3725 2353 Creato-

2136 2402 2274 2456 rem,
2306 2403 2403 2458 per
2430 2404 2492 2444 ca
2517 2403 2636 2459 quae
2668 2387 2804 2443 facta
2844 2396 2989 2455 sunt,
3023 2389 3352 2444 intellectum
3383 2388 3727 2458 conspicien-

2139 2486 2220 2533 tes
2251 2476 2424 2549 (Rom.
2457 2495 2495 2547 ι,
2526 2478 2620 2550 20)
2641 2520 2657 2545 ,
2685 2479 2997 2535 Trinitatem
3034 2478 3428 2549 intelligamus,
3465 2478 3623 2549 cuius
3668 2482 3728 2534 il

2138 2578 2411 2635 creatura,
2452 2569 2719 2640 quomodo
2760 2569 2977 2640 dignum
3006 2578 3124 2638 est,
3153 2580 3373 2641 apparet
3412 2569 3722 2640 vestigium.

2138 2660 2195 2717 In
2214 2662 2302 2716 illa
2326 2662 2468 2716 enim
2490 2660 2745 2716 Triuitate
2764 2675 2970 2716 summa
2988 2660 3139 2731 origo
3163 2671 3246 2716 est
3264 2676 3441 2716 rerum
3458 2661 3724 2725 omnium,

2138 2759 2191 2807 et
2217 2750 2600 2822 perfectissima
2622 2750 2983 2821 pulchritudo,
3007 2762 3059 2806 et
3080 2751 3383 2806 beatissima
3406 2750 3725 2806 delectatio.

2136 2842 2317 2915 Itaque
2344 2845 2431 2899 illa
2461 2843 2581 2912 tria,
2606 2853 2659 2898 et
2684 2843 2751 2899 ad
2775 2860 2836 2900 se
2862 2845 2882 2876 ¹
2904 2843 3128 2899 invicem
3158 2843 3503 2900 determinari
3531 2843 3724 2899 viden-

2140 2945 2244 3004 tur,
2273 2944 2327 2992 et
2355 2936 2407 2990 in
2438 2951 2497 2991 se
2521 2935 2722 2989 inlinita
2753 2943 2895 2991 sunt.
2919 2934 3026 2990 Sed
3049 2934 3134 2989 hic
3160 2934 3213 2990 in
3240 2934 3399 2990 rebus
3423 2934 3722 3005 corporeis,

2139 3042 2245 3081 non
2278 3037 2479 3081 tantum
2520 3036 2603 3083 est
2640 3042 2726 3083 res
2764 3042 2869 3082 una
2894 3034 3149 3098 quantum
3181 3034 3290 3082 tres
3316 3026 3495 3094 simul,
3521 3036 3575 3083 et
3600 3027 3726 3098 plus

2136 3120 2336 3192 aliquid
2376 3130 2501 3177 sunt
2544 3120 2664 3176 dua:
2700 3136 2860 3190 quam
2905 3136 3009 3177 una
3054 3136 3143 3177 res
3178 3139 3192 3176 :
3223 3128 3476 3176 caeterum
3524 3121 3576 3176 in
3628 3120 3725 3176 illa

2137 3228 2343 3269 summa
2369 3213 2628 3271 Trinitate
2657 3222 2862 3269 tantum
2895 3223 2979 3270 cst
3000 3229 3104 3269 una
3130 3225 3384 3285 quantum
3408 3223 3515 3270 trcs
3536 3213 3721 3280 simul,

2139 3322 2236 3362 nec
2266 3308 2383 3378 plus
2408 3307 2604 3379 aliquid
2631 3318 2756 3363 sunt
2776 3308 2895 3364 dum
2933 3324 3091 3380 quam
3119 3324 3243 3365 una.
3267 3309 3333 3364 Et
3360 3308 3411 3363 in
3434 3323 3493 3363 se
3517 3307 3724 3363 inlinita

2136 3409 2277 3455 sunt.
2302 3400 2378 3456 ita
2406 3409 2459 3456 et
2485 3400 2688 3471 singula
2716 3410 2842 3456 sunt
2878 3401 2930 3455 in
2962 3400 3208 3470 singulis,
3236 3408 3290 3455 et
3316 3400 3501 3454 omnia
3529 3398 3582 3453 in
3608 3398 3728 3453 sin-

2134 3493 2292 3565 gulis,
2316 3501 2370 3548 et
2390 3492 2594 3563 singula
2623 3493 2678 3548 in
2707 3492 2976 3560 omnibus,
3003 3501 3058 3548 et
3081 3491 3333 3547 omniain
3360 3491 3607 3547 omnibus
3626 3531 3644 3557 ,
3667 3500 3725 3548 et

2134 3601 2300 3640 unum
2334 3585 2531 3640 omnia.
2559 3584 2657 3653 Qui
2681 3584 2825 3640 videt
2844 3585 2946 3640 hoc
2972 3584 3053 3640 vel
3082 3599 3146 3639 ex
3172 3593 3339 3654 parte,
3363 3584 3443 3639 vel
3470 3598 3564 3654 per
3591 3598 3723 3654 spe-

2133 3678 2310 3733 culum
2327 3685 2383 3732 et
2405 3676 2456 3731 in
2479 3676 2760 3746 aenigmate
2786 3675 2829 3745 (ι
2845 3674 2964 3730 Cor.
2990 3690 3111 3739 xui,
3136 3673 3249 3746 12),
3270 3672 3495 3744 gaudeat
3516 3688 3724 3743 cogno-

2132 3782 2288 3823 scens
2310 3768 2499 3835 Deum,
2522 3775 2576 3822 et
2596 3767 2734 3821 sicut
2763 3767 2936 3822 Deum
2964 3764 3211 3832 honoret,
3240 3774 3295 3820 et
3319 3764 3517 3835 gratias
3550 3774 3674 3834 agat
3702 3782 3719 3818 :

2133 3858 2222 3929 qui
2251 3867 2427 3914 autem
2457 3872 2562 3913 non
2586 3857 2765 3925 videt,
2790 3856 2971 3912 tendat
3004 3870 3099 3927 per
3142 3856 3391 3927 pietatem
3425 3855 3492 3909 ad
3532 3854 3724 3911 viden-

2131 3949 2292 4016 dum;
2319 3965 2424 4005 non
2449 3964 2542 4019 per
2561 3947 2854 4005 caecitatem
2876 3946 2942 4004 ad
2962 3945 3411 4003 calumniantium.
3454 3944 3720 4013 Quoniam

2132 4056 2270 4098 unus
2296 4050 2378 4096 est
2402 4041 2561 4110 Deus,
2594 4039 2688 4095 sed
2716 4049 2892 4095 tamen
2935 4038 3191 4094 Trinitas.
3237 4036 3346 4093 Nec
3381 4036 3601 4093 confuse
3621 4051 3721 4093 ac-
3768 4114 3773 4118 θ

2130 4134 2429 4205 cipiendum
2451 4143 2553 4201 est,
2584 4133 2668 4188 Ea:
2689 4149 2789 4204 qua
2812 4133 3004 4199 omnia,
3031 4148 3121 4204 per
3143 4147 3292 4204 quem
3319 4131 3508 4198 omnia,
3536 4131 3587 4184 in
3603 4147 3721 4201 quo

2130 4229 2298 4283 omnia
2329 4243 2348 4282 :
2369 4243 2466 4283 nec
2487 4227 2589 4283 diis
2619 4227 2820 4291 multis,
2850 4224 2946 4280 sed
2967 4224 3065 4297 ipsi
3082 4224 3247 4297 gloria
3264 4225 3314 4279 in
3336 4225 3521 4280 secula
3545 4238 3717 4279 δατη-

2129 4321 2315 4376 lorum.
2338 4322 2519 4375 Amen.
2553 4317 2730 4390 (Rom.
2752 4332 2827 4385 ιι,
2849 4314 2962 4390 36).

2190 4502 2209 4595 ἒ
2235 4496 2798 4612 διεὲ.ἓερετ1⁴εειὶοπιε;
2819 4497 2921 4558 vel,
2944 4495 3293 4562 perfunctione.

2330 4599 2361 4622 ι’
2382 4596 2498 4612 1.πο

1379 4718 1850 4826 LIBER
1918 4719 2204 4825 SEP
2226 4715 2519 4821 TIM
2530 4712 2702 4821 US
2714 4793 2738 4817 .

498 4911 546 4969 In
569 4918 667 4969 quo
688 4908 950 4969 superioris
972 4900 1081 4954 libri
1105 4907 1325 4968 qumstio,
1352 4917 1463 4968 quae
1498 4904 1641 4969 dilata
1673 4902 1847 4961 fuerat,
1876 4903 2176 4969 explicatur;
2200 4899 2578 4969 quodvidclicet
2600 4906 2889 4969 neusl’atcr
2907 4900 2989 4969 qui
3013 4899 3186 4969 genuit
3205 4897 3371 4969 [filium
3407 4903 3721 4969 vir-tutemet

433 4967 735 5029 sapientiam,
750 4967 854 5017 non
876 4968 1030 5017 solum
1053 4967 1325 5016 sit’virtntis
1344 4967 1395 5016 et
1416 4968 1668 5028 sapientia:
1693 4974 1845 5029 Pater,
1873 4978 1898 5014 s

1986 4967 2136 5015 etiam
2164 4960 2272 5026 ἱρέα
2297 4966 2449 5013 virtus
2473 4970 2523 5031 et
2545 4962 2783 5031 sapientia
2804 4975 2815 5009 :
2838 4960 3067 5031 (similiter
3088 4967 3138 5010 et
3161 4960 3363 5031 Spiritus
3384 4966 3720 5031 sanctus._§\'ec

433 5021 732 5093 lat-ncugtres'
747 5043 857 5093 esse
877 5030 1184 5093 virtutesaut
1206 5036 1309 5077 tres
1331 5021 1609 5093 sapientius,
1635 5028 1723 5093 sed
1748 5040 1890 5075 uuam
1912 5028 2140 5093 virtutem
2166 5021 2216 5074 et
2239 5038 2382 5074 unam
2406 5021 2709 5093 sapientiam,
2728 5023 2853 5071 sicut
2868 5036 3019 5093 unum
3033 5030 3183 5093 Deum
3209 5028 3260 5070 et
3283 5032 3426 5070 unam
3448 5021 3719 5093 essentiaitt

433 5087 718 5155 ostenditur.
743 5091 928 5155 Deinde
952 5091 1183 5153 quaeritur
1205 5085 1444 5151 qumnodo
1467 5089 1653 5155 dicatur
1670 5091 1718 5155 in
1743 5096 1858 5155 Deo,
1884 5101 1910 5136 a
1934 5089 2107 5155 Latinis
2130 5100 2232 5155 una
2250 5087 2497 5155 essentia,
2520 5092 2623 5134 tres
2652 5096 2904 5155 personae;
2928 5096 2956 5132 a
2992 5085 3196 5144 crtecis,
3219 5095 3316 5155 una
3340 5085 3585 5155 essentia,
3610 5088 3722 5155 tres

432 5152 712 5213 substantive
731 5150 809 5200 vel
826 5144 1137 5213 hypos'tases:
1166 5144 1497 5213 et'utrumque
1516 5150 1801 5200 elocutionis
1823 5144 2117 5213 necessitate
2142 5150 2575 5213 dicimmtstratur,
2594 5144 2735 5197 ut'ne
2760 5148 2955 5196 omnino
2989 5154 3267 5197 taceremus
3289 5144 3575 5207 interrogati
3593 5144 3720 5205 quid

431 5217 532 5260 tres
552 5212 665 5275 siut,
690 5226 814 5276 quos
831 5210 934 5262 tres
951 5226 1063 5262 esse
1089 5214 1326 5262 veraciter
1343 5210 1645 5274 confitentur,
1670 5220 1855 5262 Patrem
1873 5212 2078 5273 scilicet,
2098 5219 2151 5261 ct
2174 5210 2360 5269 Filium,
2387 5216 2439 5258 ct
2461 5210 2683 5271 Spirittun
2701 5216 2936 5257 sanctum.

1898 5327 2263 5383 meaemeae

501 5415 725 5474 CAPUT
754 5419 1037 5476 PRIMUM.
1072 5450 1143 5461 —-
1184 5423 1234 5476 l.
1277 5422 1424 5477 Redit
1453 5422 1521 5477 ad
1543 5422 1898 5494 quaestionem,
1940 5439 2007 5477 an

426 5511 658 5577 quwlibet
703 5510 963 5569 Trinitatis
1008 5530 1222 5585 persona
1250 5530 1339 5585 per
1364 5532 1418 5569 se
1443 5516 1508 5569 sit
1530 5514 1799 5585 sapientia.
1842 5515 2007 5582 Quam

427 5601 658 5671 diﬁcile,
686 5620 845 5674 quave
871 5606 1067 5659 ratione
1091 5605 1311 5660 solvatur
1332 5607 1543 5676 quwslio
1574 5607 1849 5678 proposita.
1889 5606 2005 5660 .lam

430 5709 568 5749 nunc
587 5712 888 5766 qumramus
915 5696 1239 5765 diligentius,
1268 5707 1522 5769 quantum
1551 5698 1641 5753 dat
1670 5699 1829 5766 Deus,
1861 5699 2003 5769 quod

423 5787 581 5857 paulo
604 5800 728 5847 ante
755 5790 1090 5848 distulimus:
1117 5790 1303 5848 Utrum
1342 5800 1397 5847 ct
1437 5790 1643 5863 singula
1691 5807 1916 5866 qumque
1948 5792 1998 5847 in

2115 5421 2372 5475 Trinitatc
2424 5434 2651 5490 persona
2695 5419 2863 5489 possit
2904 5426 2957 5473 et
3002 5432 3095 5488 per
3133 5433 3195 5473 sc
3227 5415 3398 5487 ipsam
3438 5430 3541 5470 non
3583 5429 3712 5472 cum

2112 5513 2320 5567 cmtcris
2344 5511 2550 5567 duabus
2577 5510 2680 5566 dici
2709 5512 2869 5578 Deus,
2903 5519 2996 5566 aut
3021 5526 3276 5582 magnus,
3303 5520 3396 5564 aut
3432 5509 3653 5579 sapiens
3691 5552 3709 5575 ,

2114 5616 2205 5660 aut
2235 5620 2417 5670 verus,
2444 5612 2535 5659 aut
2556 5604 2911 5674 omnipotens,
2931 5603 3229 5674 autjustus,
3248 5611 3303 5658 et
3329 5604 3374 5657 si
3401 5602 3525 5674 quid
3553 5602 3707 5658 aliud

2112 5700 2217 5755 dici
2242 5701 2309 5756 de
2330 5701 2439 5755 Deo
2467 5708 2662 5770 potest,
2686 5714 2789 5754 non
2822 5700 3063 5765 relative,
3096 5698 3190 5754 sed
3216 5697 3283 5753 ad
3312 5712 3373 5753 se
3396 5697 3567 5768 ipsum
3590 5713 3605 5761 ;
3631 5712 3705 5752 an

2111 5805 2239 5849 vero
2260 5806 2365 5848 non
2395 5790 2640 5847 dicantur
2667 5791 2788 5858 ista,
2819 5790 2919 5845 nisi
2949 5804 3069 5846 cum
3101 5789 3333 5846 'i‘rinitas
3361 5786 3665 5859 intelligitur
3688 5826 3703 5843 .
