4076 6454
263 322 386 381 εδδ

261 440 387 497 illoc
409 436 556 495 enim
576 435 922 510 quaestionem
942 432 1092 500 facit,
1122 435 1245 506 quia
1274 433 1528 506 scriptum
1557 440 1670 501 est,
1702 431 1849 487 Chri-

264 540 407 588 stum
442 529 539 584 Dei
563 529 811 587 virtutem.
861 536 909 580 et
951 525 1048 580 Dei
1070 525 1365 597 sapientiam
1396 524 1439 598 (Ι
1466 524 1585 579 Cor.
1631 539 1671 591 ι,
1717 521 1810 592 24)
1838 539 1853 576 :

259 632 453 679 astrum
502 621 575 676 ita
609 620 680 676 sit
724 629 873 691 pater
905 618 1179 686 sapientiae
1209 624 1369 686 atque
1400 615 1609 670 virtutis
1634 629 1766 677 suae,
1798 619 1858 667 ut

276 714 373 769 bac
398 710 657 783 sapientia
686 710 898 779 sapiens
927 709 993 763 sit
1019 724 1175 778 quam
1204 707 1387 778 genuit
1411 748 1426 773 ,
1452 715 1508 761 et
1537 705 1635 760 liac
1659 705 1855 760 virtute

274 812 466 874 potens
481 816 639 872 quam
666 800 866 871 genuit;
893 807 945 852 et
964 797 1083 868 quia
1110 811 1321 868 semper
1338 804 1527 867 potens
1548 803 1601 850 et
1622 793 1857 862 sapiens,

272 911 490 965 semper
540 892 725 963 genuit
766 891 1013 945 virtutem
1055 896 1108 944 et
1160 888 1493 958 sapientiam.
1547 885 1859 939 Dixeramus

261 988 417 1042 enim
465 985 510 1040 si
542 986 611 1039 ita
640 992 755 1048 εει,
794 998 889 1036 ειιι·
926 997 1030 1036 non
1074 989 1127 1034 et
1172 976 1547 1049 magnitudinis
1573 990 1683 1029 sua:
1710 984 1860 1043 pater

264 1080 344 1133 sit
371 1093 474 1148 qua
502 1090 723 1148 magnus
749 1085 849 1133 est.
877 1081 930 1128 ει
957 1072 1208 1127 bonitatis
1234 1084 1333 1139 qua
1366 1069 1622 1134 bonus,et
1641 1065 1864 1146 justitize

275 1186 378 1241 qua
424 1169 633 1239 justus,
684 1176 735 1221 et
780 1164 879 1219 alia
909 1164 954 1219 si
984 1178 1086 1233 qua
1126 1160 1284 1217 sunt?
1311 1160 1415 1213 Aut
1454 1158 1500 1213 si
1534 1158 1649 1211 lucc
1678 1155 1859 1211 omnia

268 1260 518 1331 ,pluribus
559 1255 833 1312 vocabulis
864 1255 913 1308 in
943 1253 1126 1308 eadem
1157 1250 1413 1321 sapientia
1442 1257 1499 1304 et
1534 1248 1728 1302 virtute
1774 1247 1857 1300 in-

262 1351 624 1423 telliguntur,
672 1358 729 1403 ut
773 1363 833 1402 ea
879 1347 948 1401 sit
975 1344 1279 1415 magnitudo
1308 1358 1427 1414 qua:
1452 1341 1639 1408 virtus,
1667 1354 1728 1395 ea
1758 1340 1859 1394 bo-

272 1447 419 1501 nitas
465 1459 582 1515 qua:
635 1441 917 1513 sapientia,
969 1448 1023 1493 et
1073 1452 1137 1492 ea
1186 1451 1372 1492 rursus
1424 1433 1683 1505 sapientia
1739 1447 1858 1502 quae

276 1538 447 1591 virtus
467 1577 482 1603 ,
530 1536 667 1589 sicut
700 1534 809 1604 jam
857 1530 1222 1593 tractavimus;
1270 1526 1671 1583 meminerimus
1694 1562 1710 1590 ,
1733 1537 1858 1578 cum

277 1627 477 1699 aliquid
509 1626 701 1681 horum
742 1624 993 1686 nomino,
1037 1622 1116 1676 sic
1162 1617 1529 1690 accipiendum
1557 1630 1696 1681 esse,
1724 1629 1787 1669 ac
1813 1614 1860 1669 si

264 1721 458 1775 omnia
498 1729 932 1773 commemorem.
968 1711 1235 1779 Quaeritur
1261 1724 1389 1779 ergo
1419 1722 1486 1762 an
1515 1706 1671 1761 Pater
1699 1705 1859 1760 etiam

276 1809 519 1879 singulas
540 1807 609 1862 sit
636 1806 869 1876 sapiens,
892 1812 1053 1873 atque
1077 1802 1188 1871 ipsa
1216 1800 1314 1855 sibi
1342 1800 1453 1869 ipse
1480 1796 1760 1867 sapientia,
1791 1811 1859 1849 an

266 1900 349 1955 ita
378 1899 449 1955 sit
471 1897 685 1968 sapiens
706 1893 971 1966 quomodo
998 1892 1199 1946 dicens.
1223 1889 1401 1945 Verbo
1430 1887 1571 1942 enim
1600 1885 1742 1957 quod
1770 1900 1861 1956 ge-

278 1990 398 2046 nuit
423 1989 609 2044 dicens
632 1995 752 2052 est;
783 2000 888 2039 non
915 1983 1079 2039 verbo
1107 1980 1246 2051 quod
1276 1978 1563 2049 profertur,
1585 1985 1640 2033 et
1662 1983 1816 2031 sonat
1839 2016 1855 2042 ,

266 2092 330 2138 et
361 2080 587 2147 transit;
618 2079 715 2135 sed
746 2077 921 2133 Verbo
947 2074 1086 2147 quod
1117 2082 1230 2129 erat
1250 2072 1388 2143 apud
1420 2072 1606 2138 Deum,
1638 2078 1692 2126 ει
1720 2068 1858 2124 Deus

262 2183 397 2232 terat
417 2173 676 2240 Verbum,
706 2179 762 2225 et
788 2168 965 2224 omnia
994 2182 1087 2236 per
1116 2166 1287 2236 ipsum
1333 2165 1470 2218 facta
1515 2170 1640 2217 sunt
1676 2159 1855 2234 (Joan.

268 2281 315 2329 1,
351 2265 403 2330 ι,
437 2263 493 2334 5)
528 2280 543 2318 :
574 2260 749 2315 Verbo
782 2259 969 2329 aequali
1007 2257 1127 2323 sibi,
1173 2270 1280 2325 quo
1323 2268 1536 2323 semper
1571 2261 1729 2322 atque
1774 2252 1857 2305 in-

272 2353 726 2413 eommutabiliter
764 2350 892 2405 dicit
920 2363 980 2404 se
1030 2348 1223 2418 ipsum.
1265 2345 1380 2401 Non
1418 2354 1500 2400 est
1549 2343 1692 2400 enim
1746 2342 1859 2413 ipse

272 2449 498 2506 verbum
520 2488 536 2513 ,
569 2446 707 2500 sicut
743 2458 839 2498 nec
866 2442 1023 2508 ﬁlius,
1050 2456 1149 2496 nec
1178 2440 1368 2509 imago.
1415 2438 1603 2493 Dicens
1639 2447 1816 2492 autem
1842 2454 1855 2491 :

266 2539 516 2611 exceptis
546 2538 651 2592 illis
682 2533 1060 2605 temporalibus
1088 2530 1304 2587 vocibus
1334 2529 1462 2595 Dei,
1494 2544 1612 2599 qtue
1638 2528 1689 2582 in
1712 2542 1860 2583 crea-

276 2641 397 2686 tura
442 2629 615 2694 ﬁunt;
647 2642 768 2682 nam
796 2632 985 2680 sonant
1014 2666 1031 2692 ,
1080 2631 1135 2679 et
1178 2630 1452 2677 transeunt
1481 2638 1496 2675 :
1524 2619 1707 2675 dicens
1732 2634 1860 2689 ergo

267 2725 372 2779 illo
400 2732 669 2778 comterno
699 2718 912 2784 Verbo,
961 2731 1068 2772 non
1116 2713 1356 2785 singulus
1403 2710 1727 2781 intelligitur,
1764 2708 1860 2764 sed

278 2830 400 2870 cum
433 2814 549 2884 ipso
576 2810 788 2877 Verbo,
844 2808 960 2863 sine
1013 2821 1119 2878 quo
1155 2819 1260 2860 non
1298 2811 1382 2860 est
1427 2802 1605 2872 utique
1654 2799 1857 2855 dicens.

278 2907 432 2962 Itane
477 2912 533 2960 et
575 2902 790 2974 sapiens
827 2900 964 2955 sicut
989 2897 1207 2962 dicens,
1240 2904 1297 2951 ut
1339 2895 1411 2950 ita
1457 2894 1528 2949 sit
1553 2892 1807 2962 sapientia
1841 2931 1858 2957 ,

268 2998 417 3052 sicut
447 2993 700 3059 Verbum,
739 3001 794 3048 et
822 2990 925 3046 hoc
952 2988 1021 3044 sit
1044 2987 1278 3044 Verbum
1327 3000 1446 3041 esse
1471 2983 1611 3055 quod
1637 2993 1717 3039 est
1741 2997 1862 3038 esse

270 3086 630 3159 sapientiam;
660 3082 761 3138 hoc
806 3082 966 3137 etiam
1016 3093 1136 3135 esse
1185 3079 1456 3140 virtutem,
1504 3085 1560 3131 ut
1602 3074 1768 3130 virtus
1806 3081 1863 3131 ει

272 3177 542 3249 sapientia
567 3185 622 3233 et
647 3173 880 3230 Verbum
923 3172 1067 3227 idem
1105 3171 1196 3238 sit,
1240 3176 1295 3224 et
1342 3168 1565 3225 relative
1609 3168 1853 3235 dicatur,

278 3271 419 3325 sicut
446 3269 612 3323 Filius
638 3276 693 3323 et
720 3266 892 3336 imago
913 3282 925 3318 :
944 3271 1105 3333 atque
1134 3261 1222 3317 ille
1247 3276 1353 3316 non
1384 3259 1623 3330 singulas
1649 3268 1857 3329 potens,

280 3362 367 3417 vel
398 3360 642 3431 sapiens,
672 3357 767 3413 sed
796 3372 915 3412 cum
951 3356 1064 3427 ipsa
1089 3352 1287 3411 virtute
1315 3362 1370 3409 et
1403 3353 1660 3424 sapientia
1701 3367 1859 3422 quam

279 3452 495 3524 genuit;
527 3451 665 3507 sicut
688 3464 794 3505 non
834 3447 1075 3518 singulus
1122 3445 1324 3513 dicens,
1356 3444 1449 3500 sed
1493 3459 1559 3499 eo
1583 3442 1783 3509 Verbo,
1810 3451 1863 3499 et

283 3558 406 3599 cum
436 3556 505 3598 eo
529 3540 708 3597 Verbo
737 3538 876 3610 quod
907 3538 1120 3609 genuit;
1166 3545 1324 3607 atque
1366 3536 1437 3591 ita
1465 3550 1686 3606 magnus
1712 3549 1773 3590 ea
1809 3542 1866 3589 et

267 3650 407 3691 ccum
447 3648 513 3689 ea
563 3631 929 3703 magnitudine
970 3644 1130 3701 quam
1173 3628 1393 3701 genuit?
1428 3629 1495 3683 Et
1530 3628 1576 3684 si
1613 3643 1718 3684 non
1757 3628 1863 3684 alio

271 3742 541 3798 magnus,
586 3726 692 3781 alio
737 3725 898 3790 Deus,
930 3722 1024 3778 sed
1053 3736 1119 3777 eo
1146 3736 1365 3792 magnus
1392 3735 1499 3791 quo
1528 3721 1701 3787 Deus,
1741 3721 1863 3791 quia

280 3834 389 3874 non
438 3816 583 3873 aliud
637 3816 712 3872 illi
758 3824 842 3872 est
878 3830 1125 3886 magnum
1155 3828 1310 3880 esse,
1340 3812 1482 3868 aliud
1512 3812 1678 3867 Deum
1702 3825 1861 3879 esse;

271 3924 618 3980 consequens
643 3917 727 3964 est
751 3919 811 3963 ut
845 3922 943 3963 nec
970 3909 1109 3963 Deus
1134 3906 1373 3977 singulas
1390 3946 1407 3974 ,
1447 3905 1543 3961 sed
1570 3920 1635 3961 ea
1663 3914 1719 3960 et
1742 3920 1865 3960 cum

280 4018 344 4060 ea
370 4003 569 4059 deitate
596 4017 756 4072 quam
788 4001 990 4071 genuit,
1019 4009 1075 4054 ut
1097 4000 1176 4056 sic
1196 3998 1265 4053 sit
1283 3997 1449 4053 Filius
1469 3996 1638 4053 deitas
1661 3996 1863 4063 Patris,

280 4096 423 4152 sicut
447 4095 705 4167 sapientia
734 4103 789 4149 et
814 4094 979 4149 virtus
1006 4092 1198 4158 Patris,
1229 4099 1283 4147 et
1311 4090 1465 4145 sicuti
1509 4098 1592 4146 est
1628 4088 1863 4145 Verbum

281 4196 339 4242 et
364 4186 540 4257 imago
567 4184 758 4240 Patris.
788 4185 852 4239 Et
880 4184 1000 4254 quia
1028 4198 1135 4238 non
1163 4181 1305 4237 aliud
1331 4181 1403 4236 illi
1434 4190 1517 4236 est
1554 4194 1694 4245 esse,
1720 4178 1865 4235 aliud

289 4277 460 4332 Deum
484 4291 626 4343 esse,
655 4276 726 4331 ita
754 4276 822 4329 sit
845 4276 1004 4330 etiam
1033 4274 1265 4330 essentia
1295 4271 1468 4327 Patris
1495 4271 1678 4338 Filius,
1708 4269 1865 4327 sicuti

280 4376 371 4422 est
398 4366 632 4422 Verbum
662 4376 716 4422 et
742 4354 915 4436 imago
938 4364 1076 4435 ejus.
1108 4364 1185 4419 Ac
1209 4378 1304 4435 per
1331 4362 1435 4419 hoc
1456 4362 1617 4419 etiam
1643 4370 1867 4432 excepto

275 4474 355 4515 eo
379 4458 523 4527 quod
550 4459 707 4514 Pater
731 4466 830 4523 est,
862 4473 969 4512 non
993 4457 1063 4513 sit
1086 4456 1287 4529 aliquid
1320 4457 1497 4521 Pater,
1526 4456 1625 4512 nisi
1642 4456 1764 4526 quia
1783 4463 1867 4513 est

276 4555 334 4610 ei
363 4552 530 4609 Filius
558 4569 573 4607 :
601 4561 662 4607 ut
688 4567 793 4607 nou
822 4561 1023 4606 tantum
1054 4549 1106 4605 id
1133 4550 1274 4621 quod
1301 4549 1494 4605 dicitur
1518 4549 1696 4616 Pater,
1722 4547 1864 4619 quod

274 4642 629 4699 manifestum
669 4650 753 4699 est
790 4658 913 4698 eum
943 4656 1051 4697 non
1094 4641 1161 4696 ad
1194 4656 1257 4697 se
1290 4642 1483 4710 ipsum,
1527 4638 1623 4695 sed
1672 4638 1741 4694 ad
1777 4638 1868 4693 Fi-

276 4735 419 4790 lium
445 4733 665 4790 relative
696 4732 823 4799 dici,
852 4741 909 4787 et
944 4732 1064 4787 ideo
1089 4731 1298 4787 Patrem
1326 4730 1448 4801 quia
1474 4740 1557 4786 est
1582 4730 1632 4785 ei
1660 4728 1861 4795 Filius;

274 4827 386 4884 sed
419 4827 637 4882 omnino
657 4834 714 4882 ut
740 4826 811 4882 sit
836 4825 975 4897 quod
990 4825 1057 4880 ad
1079 4841 1136 4881 se
1158 4826 1331 4896 ipsum
1349 4832 1453 4891 est,
1484 4824 1605 4880 ideo
1649 4824 1720 4880 sit
1742 4824 1864 4894 quia

270 4921 474 4993 genuit
513 4920 798 4977 essentiam
829 4935 999 4973 suam.
1029 4917 1178 4974 Sicut
1204 4918 1345 4973 enim
1366 4932 1589 4989 magnus
1624 4926 1728 4984 est,
1756 4933 1863 4973 non

270 5012 391 5066 ιηἱεὶ
421 5026 485 5067 ea
511 5026 669 5081 quam
716 5010 898 5082 genuit
926 5008 1284 5077 magnitudine
1308 5025 1323 5074 ;
1350 5009 1420 5064 ita
1446 5020 1501 5064 ει
1524 5018 1606 5066 εει
1632 5024 1736 5064 non
1762 5009 1865 5065 nisi

278 5118 351 5158 ea
381 5117 538 5171 quam
567 5102 743 5172 genuit
774 5101 1042 5166 essentia;
1067 5100 1188 5170 quia
1218 5116 1321 5155 non
1353 5108 1436 5156 est
1458 5099 1598 5155 aliud
1620 5101 1695 5155 illi
1720 5115 1862 5166 esse,

278 5191 430 5247 aiiud
478 5207 724 5264 magnum
753 5206 894 5248 esse.
939 5191 1083 5246 Itane
1125 5191 1283 5261 igitur
1313 5200 1460 5260 pater
1498 5198 1581 5246 est
1621 5191 1865 5246 essentiie

280 5301 423 5350 suae,
449 5286 585 5341 sicut
612 5295 763 5356 pater
784 5293 871 5341 est
899 5283 1273 5355 magnitudinis
1296 5298 1426 5349 sum,
1452 5282 1587 5338 sicut
1616 5290 1765 5351 pater
1783 5291 1867 5339 εει

279 5375 499 5431 virtutis
524 5392 586 5433 ae
607 5377 877 5447 sapientia:
901 5375 1051 5431 suae?
1082 5374 1281 5430 Eadem
1310 5372 1505 5443 quippe
1521 5372 1637 5443 ejus
1658 5373 1864 5443 magni-

280 5467 417 5523 tudo
454 5482 573 5540 qnae
602 5468 799 5536 virtus,
840 5476 895 5523 et
936 5466 1123 5524 eadem
1148 5463 1379 5520 essentia
1399 5478 1517 5534 quae
1538 5463 1862 5533 magnitudo.

364 5558 419 5614 2.
450 5558 575 5613 Haec
611 5558 898 5630 disputatio
932 5566 1054 5614 nata
1095 5565 1178 5613 est
1223 5571 1291 5612 ex
1327 5569 1394 5612 eo
1433 5552 1575 5625 quod
1610 5553 1864 5623 scriptum

278 5657 391 5714 est,
441 5647 690 5702 Christum
736 5663 853 5703 esse
892 5646 985 5701 Dei
1029 5647 1258 5701 virtutem
1302 5653 1349 5699 et
1402 5643 1497 5699 Dei
1545 5643 1863 5715 sapientiam.

284 5740 624 5811 Quapropter
662 5740 716 5796 in
749 5754 839 5796 eas
868 5738 1137 5809 angustias
1164 5752 1341 5794 sermo
1378 5745 1707 5805 coarctatur,
1739 5750 1860 5793 cum

1639 313 1844 375 LIBER
1880 308 2233 381 SEPTIMUS.

3435 335 3541 396 934

1966 428 2249 486 inetiabilia
2276 430 2372 489 fari
2388 434 2651 505 cupimus,
2680 445 2738 493 ut
2764 448 2856 495 aut
2879 440 3118 500 dicamus
3140 444 3410 507 Christum
3430 468 3541 510 non

1961 533 2081 617 esse
2108 520 2203 576 Dei
2226 520 2472 617 virtutem
2499 537 2553 581 et
2579 528 2672 584 Dei
2696 532 3008 601 sapientiam
3026 576 3044 601 ,
3070 543 3232 611 atque
3271 540 3343 595 ita
3369 544 3543 617 impn.

1962 611 2151 668 denter
2173 622 2228 669 ει
2256 615 2415 687 impie
2443 620 2753 679 resistamus
2793 626 3052 696 Apostolo
3091 645 3106 684 :
3152 640 3243 687 aut
3269 611 3540 695 Christum

1963 702 2174 799 quidem
2198 705 2291 799 D_ei
2314 708 2560 766 virtutem
2587 720 2641 768 et
2666 715 2758 772 Dei
2786 718 3101 789 sapientiam
3116 737 3237 781 esse
3254 727 3535 799 fateamur,

1964 792 2058 848 sed
2087 794 2202 864 ejus
2231 796 2441 889 Patrem
2458 816 2565 856 non
2592 818 2710 859 esse
2736 816 2939 876 patrem
2963 809 3168 868 virtutis
3186 824 3240 870 et
3268 792 3544 889 sapientiai

1963 900 2093 950 suae,
2112 888 2253 957 quod
2270 906 2375 946 non
2398 893 2572 950 minus
2597 897 2815 967 impium
2839 910 2939 966 εει;
2961 902 3039 961 sic
3065 906 3206 961 enim
3229 925 3327 966 nec
3348 912 3542 971 Christi

1964 977 2066 1029 erit
2094 987 2261 1045 pater,
2304 981 2425 1050 quia
2452 982 2694 1043 Christus
2718 989 2813 1045 Dei
2839 991 3005 1049 virtus
3040 1004 3095 1051 et
3137 997 3233 1054 Dei
3281 1004 3543 1073 sapientia

1964 1074 2047 1119 est
2078 1083 2092 1119 :
2120 1078 2225 1170 aut.
2238 1084 2343 1125 non
2370 1087 2492 1129 esse
2529 1075 2741 1133 Patrem
2764 1080 2959 1138 virtute
2982 1099 3077 1141 sua
3107 1099 3377 1157 potentem
3401 1132 3418 1160 ,
3450 1110 3547 1151 ne-

1962 1170 2069 1225 que
2107 1161 2370 1248 sapientia
2412 1178 2507 1219 sua
2549 1168 2874 1237 sapientem;
2903 1176 3044 1244 quod
3081 1180 3203 1248 quis
3244 1182 3437 1240 audeat
3463 1187 3549 1241 di-

1960 1247 2122 1303 cere?
2148 1259 2240 1304 aut
2263 1251 2402 1345 aliud
2424 1255 2474 1309 in
2492 1257 2651 1315 Patre
2672 1259 2896 1336 intelligi
2918 1281 3058 1331 esse,
3081 1247 3223 1327 aliud
3245 1275 3541 1345 sapientem

1959 1350 2116 1439 esse,
2231 1355 2342 1439 non
2363 1341 2465 1439 lioc
2494 1350 2611 1439 ipso
2640 1350 2710 1406 sit
2748 1368 2854 1423 quo
2894 1358 3109 1429 sapiens
3155 1373 3271 1431 est;
3307 1341 3450 1436 quod
3475 1370 3546 1427 de

1961 1430 2139 1532 anima
2174 1430 2397 1504 intelligi
2442 1438 2611 1505 solet,
2646 1458 2765 1511 qua:
2805 1446 2937 1503 alias
2974 1450 3265 1523 insipiens,
3292 1430 3426 1516 alias
3452 1477 3545 1518 sa-

1964 1527 2116 1624 piens
2140 1531 2242 1591 est,
2260 1527 2413 1624 velut
2438 1540 2626 1587 natura
2654 1537 2943 1606 mutabilis,
2969 1552 3027 1598 et
3053 1560 3157 1601 non
3184 1563 3390 1608 summe
3417 1570 3547 1624 per-

1966 1610 2205 1713 iecteque
2229 1615 2453 1687 simplex
2479 1639 2494 1677 :
2524 1631 2617 1678 aut
2640 1624 2850 1684 Patrem
2880 1647 2985 1687 non
3023 1650 3142 1691 esse
3167 1639 3366 1710 aliquid
3391 1610 3456 1699 ad
3483 1660 3545 1702 se

1966 1718 2171 1773 ipsum,
2213 1716 2269 1763 et
2304 1724 2411 1765 non
2456 1714 2627 1769 solum
2669 1718 2811 1787 quod
2859 1720 3019 1779 Pater
3055 1737 3158 1791 est,
3200 1731 3294 1785 sed
3325 1736 3547 1791 omnino

1963 1795 2114 1897 quod-
2153 1806 2270 1866 est,
2318 1801 2383 1856 ad
2419 1803 2620 1897 ‘Filium
2666 1810 2887 1867 relative
2932 1814 3057 1870 dici.
3095 1817 3372 1886 Quomodo
3415 1841 3549 1897 ergo

1964 1883 2203 1984 ejusdem
2233 1892 2482 1948 essentia:
2524 1895 2691 1954 Filius
2718 1902 2869 1970 cujus
2894 1904 3073 1973 Pater,
3117 1883 3553 1984 quandoquidem

1964 1974 2032 2029 ad
2052 1990 2111 2032 se
2140 1976 2336 2049 ipsum,
2369 1999 2467 2039 nec
2496 1990 2729 2045 essentia
2764 2002 2864 2059 est,
2900 2010 3001 2051 nec
3038 1974 3257 2056 omnino
3288 1974 3370 2059 εει
3393 2007 3460 2061 ad
3485 2024 3548 2064 se

1964 2068 2161 2140 ipsum,
2184 2072 2279 2127 scd
2293 2076 2451 2132 etiam
2467 2094 2589 2135 esse
2607 2082 2674 2137 ad
2696 2083 2887 2141 Filium
2911 2088 2981 2142 illi
3000 2091 3118 2146 est?
3133 2097 3203 2148 At
3219 2096 3360 2151 enim
3380 2100 3549 2155 multo

1964 2164 2133 2232 magis
2164 2165 2320 2220 unius
2350 2168 2693 2244 ejusdemque
2722 2180 2968 2235 essentize
2988 2221 3003 2245 ,
3033 2185 3153 2254 quia
3184 2202 3285 2242 una
3325 2191 3512 2247 eadem
3532 2221 3547 2234 -

1965 2266 2070 2344 que
2090 2257 2319 2310 essentia
2347 2257 2507 2315 Pater
2526 2272 2581 2317 et
2600 2263 2788 2332 Filius;
2815 2271 3243 2344 quandoquidem
3270 2278 3411 2334 Patri
3434 2296 3551 2338 non:

1964 2341 2033 2398 ad
2074 2345 2346 2448 seJipsum
2375 2359 2457 2448 est
2486 2351 2661 2422 ipsum
2688 2371 2844 2428 esse,
2891 2362 2985 2418 sed
3011 2341 3078 2418 ad
3106 2365 3321 2435 Filium,
3345 2384 3504 2441 quam
3522 2374 3544 2406 ί

1966 2443 2252 2531 essentiam
2282 2443 2494 2510 genuit,
2520 2455 2575 2499 et
2600 2462 2702 2516 qua
2740 2454 2975 2508 essentia
3024 2464 3107 2511 est
3158 2460 3412 2531 qtl'dquid
3441 2474 3546 2519 est.

1966 2526 2162 2584 Neuter
2183 2546 2312 2601 ergo
2336 2533 2404 2587 ad
2433 2549 2493 2591 se
2523 2546 2624 2601 est,
2648 2549 2702 2594 ει
2727 2549 2949 2613 uterque
2976 2545 3044 2601 ad
3072 2526 3549 2612 invicem-relative

1967 2619 2160 2715 dicitur
2192 2640 2206 2678 :
2234 2638 2302 2679 an
2331 2625 2490 2682 Pater
2516 2630 2661 2686 solus
2678 2648 2782 2688 non
2804 2636 2975 2690 solum
2990 2640 3130 2708 quod
3153 2641 3313 2698 Pater
3326 2643 3544 2715 dicitur,

1967 2711 2060 2766 sed
2088 2714 2304 2771 omnino
2330 2717 2585 2788 quidquid
2627 2721 2822 2778 dicitur
2849 2726 3067 2784 relative
3094 2730 3159 2785 ad
3188 2731 3379 2789 Filium
3409 2711 3549 2791 dici-1

1972 2811 2088 2895 tur;
2122 2806 2211 2861 ille
2236 2816 2412 2864 autem
2434 2810 2628 2867 dicitur
2655 2823 2709 2868 et
2736 2816 2801 2870 ad
2834 2818 2934 2872 se?
2958 2827 3013 2874 et
3030 2820 3073 2875 si
3097 2821 3165 2875 ita
3189 2831 3291 2889 est,
3318 2825 3444 2895 quid
3466 2827 3551 2883 di-

1969 2894 2107 2948 citur
2142 2897 2209 2951 ad
2259 2914 2320 2954 se
2349 2900 2414 2954 ’ἲ
2452 2917 2519 2957 an
2563 2903 2675 2974 ipsa
2703 2909 2972 2964 essentia?
2998 2912 3091 2967 sed
3120 2912 3291 2969 Patris
3316 2894 3547 2974 essentia

1969 2987 2247 3053 estFilius,
2267 2992 2403 3048 sicut
2419 2993 2593 3052 Patris
2608 2999 2772 3054 virtus
2788 3008 2842 3055 et
2860 3002 3136 3072 sapientia,
3155 3007 3291 3061 sicut
3314 3008 3548 3066 Verbum

1969 3075 2142 3133 Patris
2168 3089 2221 3135 et
2250 3081 2423 3153 imago
2454 3083 2629 3142 Patris
2666 3105 2680 3141 :
2707 3100 2798 3144 aut
2825 3092 2872 3145 si
2896 3096 3128 3150 essentia
3153 3096 3349 3153 dicitur
3375 3099 3442 3155 ad
3486 3116 3553 3157 se

1968 3166 2170 3237 Filius,
2202 3170 2361 3229 Pater
2402 3185 2581 3232 autem
2621 3194 2727 3236 non
2767 3190 2852 3236 est
2890 3186 3144 3254 essentia,
3194 3189 3287 3245 sed
3333 3192 3545 3260 genitor

1969 3264 2236 3329 essentiie,
2278 3280 2383 3320 non
2420 3276 2503 3322 est
2527 3279 2703 3325 autem
2733 3272 2800 3328 ad
2829 3287 2889 3330 se
2936 3276 3137 3347 ipsum,
3187 3280 3281 3335 sed
3304 3280 3403 3338 bac
3432 3284 3546 3353 ipsa

1970 3355 2201 3409 essentia
2241 3371 2397 3426 quam
2440 3360 2659 3429 genuit,
2698 3363 2837 3420 sicut
2878 3365 2979 3423 hac
3019 3370 3131 3438 ipsa
3186 3374 3550 3444 magnitudine

1970 3457 2194 3512 magnus
2229 3460 2387 3516 quam
2429 3450 2641 3519 genuit;
2671 3469 2801 3525 ergo
2837 3465 2895 3512 et
2920 3460 3227 3530 magnitudo
3253 3463 3446 3521 dicitur
3478 3466 3548 3523 ad

1968 3548 2028 3590 se
2054 3534 2243 3605 Filius,
2273 3553 2404 3611 ergo
2433 3548 2489 3597 et
2515 3544 2703 3611 virtus,
2731 3558 2784 3603 et
2811 3550 3067 3619 sapientia
3087 3592 3103 3620 ,
3134 3563 3188 3608 et
3214 3554 3469 3623 Verbum,
3492 3570 3548 3615 et

1968 3628 2165 3700 imago.
2196 3629 2334 3699 Quid
2361 3641 2542 3691 autem
2564 3636 2867 3705 absurdius,
2898 3657 3059 3712 quam
3085 3644 3366 3715 imaginem
3393 3648 3461 3703 ad
3487 3664 3549 3706 se

1968 3720 2113 3778 dici?
2150 3724 2257 3801 Aut
2278 3726 2325 3780 si
2347 3742 2454 3782 non
2480 3728 2708 3799 idipsum
2732 3740 2814 3788 est
2838 3731 3013 3805 imago
3035 3746 3089 3791 et
3122 3736 3372 3806 Verbum,
3404 3742 3548 3812 quod

1969 3824 2052 3871 est
2076 3815 2243 3872 virtus
2261 3825 2317 3874 et
2339 3820 2620 3891 sapientia,
2649 3824 2743 3879 sed
2763 3825 2851 3882 illa
2875 3826 3095 3883 relative
3118 3827 3368 3885 dicuntur
3385 3872 3401 3898 ,
3433 3832 3551 3891 haec

1969 3916 2147 3964 autem
2175 3910 2242 3965 ad
2270 3924 2351 3979 se,
2395 3927 2502 3970 non
2527 3913 2595 3969 ad
2623 3916 2793 3982 aliud;
2827 3917 3011 3988 incipit
3052 3935 3157 3975 non
3196 3935 3256 3976 ea
3287 3923 3548 3992 sapientia

1969 4013 2126 4070 quam
2157 4003 2361 4072 genuit,
2389 4005 2602 4077 sapiens
2625 4021 2744 4063 esse
2769 4007 2947 4077 Pater,
2964 4011 3085 4080 quia
3114 4026 3218 4066 non
3244 4021 3415 4082 potest
3436 4016 3551 4085 ipso

1970 4090 2037 4146 ad
2068 4107 2184 4147 eam
2219 4096 2439 4153 relative
2457 4098 2584 4165 dici,
2609 4108 2665 4155 et
2693 4099 2780 4154 illa
2807 4100 2873 4154 ad
2898 4116 3019 4156 eum
3040 4103 3264 4160 relative
3290 4121 3394 4161 non
3419 4107 3548 4167 dici.

1970 4181 2159 4239 Omnia
2189 4188 2333 4241 enim
2360 4203 2479 4259 quae
2509 4190 2728 4246 relative
2770 4192 3050 4259 dicuntur,
3102 4193 3169 4249 ad
3212 4196 3434 4251 invicem
3468 4198 3552 4258 div

1970 4290 2181 4334 cuntur.
2214 4279 2401 4337 Restat
2423 4282 2598 4354 itaque
2618 4293 2675 4339 ut
2700 4285 2859 4340 etiam
2886 4286 3114 4341 essentia
3145 4285 3309 4344 Filius
3329 4288 3552 4345 relativo

1970 4372 2176 4428 dicatur
2198 4373 2266 4429 ad
2290 4374 2523 4430 Patrem.
2549 4376 2623 4429 Ex
2656 4391 2762 4447 quo
2790 4376 3068 4432 coniicitur
3100 4377 3552 4448 inopinatissimus

1970 4480 2190 4528 sensus,
2240 4474 2300 4519 ut
2329 4467 2444 4537 ipsa
2478 4468 2709 4522 essentia
2742 4480 2848 4523 nou
2890 4468 2963 4524 sit
2987 4470 3252 4535 essentia;
3287 4468 3371 4524 vel
3401 4477 3551 4531 certe

1974 4571 2096 4612 cum
2121 4557 2317 4612 dicitur
2339 4560 2590 4626 essentia,
2619 4574 2726 4615 non
2753 4561 3004 4627 essentia,
3036 4561 3129 4617 sed
3154 4562 3436 4618 relativum
3464 4563 3553 4619 in-

1972 4650 2195 4705 dicetur.
2223 4650 2502 4719 Quomodo
2526 4667 2646 4706 cum
2676 4652 2871 4707 dicitur
2894 4652 3162 4721 dominus,
3186 4668 3290 4709 non
3316 4655 3549 4712 essentia

1971 4742 2255 4811 indicatur,
2283 4743 2377 4799 sed
2405 4744 2685 4800 relativum
2715 4745 2856 4816 quod
2896 4745 2918 4777 ³
2946 4746 3170 4802 refertur
3205 4746 3271 4801 ad
3300 4762 3548 4813 servum;

1970 4850 2091 4891 cum
2120 4844 2296 4890 autem
2338 4832 2500 4890 homo
2534 4836 2758 4904 dicitur,
2786 4837 2868 4892 vel
2897 4835 3095 4907 aliquid
3135 4836 3238 4892 tale
3260 4876 3274 4902 ,
3306 4837 3446 4906 quod
3480 4836 3549 4891 ad

1970 4943 2048 4995 se,
2070 4943 2173 4984 non
2191 4928 2256 4983 ad
2281 4927 2422 4984 aliud
2440 4928 2653 4995 dicitur,
2670 4937 2794 4985 tunc
2824 4920 3085 4984 indicatur
3102 4928 3351 4983 essentia.
3377 4927 3555 4984 llomo

1970 5037 2100 5093 ergo
2134 5038 2255 5078 cum
2285 5022 2529 5079 dominus
2566 5022 2759 5078 dicitur
2779 5065 2795 5090 ,
2841 5021 2954 5091 ipse
2996 5020 3157 5075 homo
3186 5022 3416 5075 essentia
3444 5029 3546 5083 est,

1971 5115 2217 5170 dominus
2244 5128 2371 5171 vero
2404 5114 2624 5169 relative
2650 5113 2845 5168 dicitur
2874 5128 2890 5169 :
2923 5114 3083 5167 homo
3111 5110 3252 5166 enim
3283 5109 3349 5165 ad
3376 5126 3433 5165 se
3464 5111 3548 5165 di-

1969 5208 2124 5271 citur,
2157 5204 2404 5262 dominus
2429 5205 2494 5261 ad
2519 5219 2762 5271 servum;
2792 5202 2895 5259 hoc
2930 5212 3105 5257 autem
3132 5200 3273 5257 unde
3300 5202 3508 5272 agimus
3531 5244 3547 5266 ,

1970 5297 2015 5351 si
2040 5297 2269 5352 essentia
2297 5299 2407 5368 ipsa
2435 5297 2657 5353 relative
2682 5294 2893 5362 dicitur,
2924 5292 3155 5349 essentia
3185 5291 3299 5363 ipsa
3328 5306 3434 5346 non
3465 5298 3551 5347 est

2037 5502 2052 5531 ¹
2080 5505 2327 5562 minussi,
2351 5511 2509 5562 quem.
2698 5558 2709 5562 _
2801 5556 2822 5562 _
3034 5560 3041 5562 ξ
3152 5559 3162 5562 _
3287 5554 3299 5562 .
3323 5555 3333 5562 .
3390 5553 3421 5562 ..
3454 5549 3467 5560 .

2036 5563 2055 5592 ²
2078 5561 2193 5624 editi
2208 5595 2223 5619 ,
2244 5553 2324 5624 (ια’
2353 5553 2545 5624 {mtrem
2566 5564 2612 5609 et
2643 5558 2710 5609 ad
2731 5571 2781 5608 se
2798 5556 2824 5609 .7
2856 5563 2968 5624 ets:
3006 5560 3073 5607 ita
3094 5559 3192 5624 est,
3215 5554 3333 5618 quid
3367 5553 3547 5624 dicitur

1971 5621 2170 5696 inn-lilio
2200 5616 2264 5671 aa
2287 5619 2381 5671 se?
2411 5628 2464 5669 At
2489 5627 2592 5669 Mss.
2619 5628 2787 5669 carent
2821 5620 3010 5681 verbis,
3046 5616 3112 5669 ad
3150 5616 3373 5679 Patrem,
3396 5622 3476 5675 et,
3497 5616 3551 5665 in

1970 5685 2234 5806 nl'wELditi,
2271 5756 2383 5808 quo.
2402 5748 2460 5793 At
2492 5749 2618 5803 Mss,
2641 5741 2785 5804 quod.
