  <div class='ocr_page' id='page_1' title='image "/cluster/home/n/w/nwhite01/storage/ocr_20150623/42/hvd.32044015471493/473.png"; bbox 0 0 4076 6440; ppageno 0'>
   <div class='ocr_carea' id='block_1_1' title="bbox 530 345 635 403">
    <p class='ocr_par' dir='ltr' id='par_1_1' title="bbox 530 345 635 403">
     <span class='ocr_line' id='line_1_1' title="bbox 530 345 635 403; baseline 0.019 -2"><span class='ocrx_word' id='word_1_1' title='bbox 530 345 635 403; x_wconf 77' lang='lat'><strong>935</strong></span> 
     </span>
    </p>
   </div>
   <div class='ocr_carea' id='block_1_2' title="bbox 530 448 2105 523">
    <p class='ocr_par' dir='ltr' id='par_1_2' title="bbox 530 448 2105 523">
     <span class='ocr_line' id='line_1_2' title="bbox 530 448 2105 523; baseline -0.01 -9"><span class='ocrx_word' id='word_1_2' title='bbox 530 455 780 514; x_wconf 79' lang='lat' dir='ltr'><strong>essentia.</strong></span> <span class='ocrx_word' id='word_1_3' title='bbox 814 455 926 511; x_wconf 90' lang='lat' dir='ltr'><strong>llue</strong></span> <span class='ocrx_word' id='word_1_4' title='bbox 954 452 1179 519; x_wconf 88' lang='lat' dir='ltr'><strong>accedit,</strong></span> <span class='ocrx_word' id='word_1_5' title='bbox 1211 449 1331 523; x_wconf 93' lang='lat' dir='ltr'><strong>quia</strong></span> <span class='ocrx_word' id='word_1_6' title='bbox 1358 449 1532 505; x_wconf 90' lang='lat' dir='ltr'><strong>omnis</strong></span> <span class='ocrx_word' id='word_1_7' title='bbox 1557 449 1785 505; x_wconf 91' lang='lat' dir='ltr'><strong>essentia</strong></span> <span class='ocrx_word' id='word_1_8' title='bbox 1816 464 1932 519; x_wconf 75' lang='lat' dir='ltr'><strong>qua:</strong></span> <span class='ocrx_word' id='word_1_9' title='bbox 1964 448 2105 502; x_wconf 85' lang='lat' dir='ltr'><strong>rela-</strong></span> 
     </span>
    </p>
   </div>
   <div class='ocr_carea' id='block_1_3' title="bbox 530 539 2109 613">
    <p class='ocr_par' dir='ltr' id='par_1_3' title="bbox 530 539 2109 613">
     <span class='ocr_line' id='line_1_3' title="bbox 530 539 2109 613; baseline -0.008 -9"><span class='ocrx_word' id='word_1_10' title='bbox 530 551 638 606; x_wconf 77' lang='lat' dir='ltr'><strong>tive</strong></span> <span class='ocrx_word' id='word_1_11' title='bbox 665 546 857 603; x_wconf 85' lang='lat' dir='ltr'><strong>dicitur</strong></span> <span class='ocrx_word' id='word_1_12' title='bbox 876 588 891 613; x_wconf 93' lang='lat'><strong>,</strong></span> <span class='ocrx_word' id='word_1_13' title='bbox 919 555 1003 601; x_wconf 91' lang='lat' dir='ltr'><strong>est</strong></span> <span class='ocrx_word' id='word_1_14' title='bbox 1029 544 1187 601; x_wconf 86' lang='lat' dir='ltr'><strong>etiam</strong></span> <span class='ocrx_word' id='word_1_15' title='bbox 1209 542 1405 612; x_wconf 84' lang='lat' dir='ltr'><strong>aliquid</strong></span> <span class='ocrx_word' id='word_1_16' title='bbox 1428 549 1651 611; x_wconf 79' lang='lat' dir='ltr'><strong>excepto</strong></span> <span class='ocrx_word' id='word_1_17' title='bbox 1679 540 1899 595; x_wconf 81' lang='lat' dir='ltr'><strong>relativo</strong></span> <span class='ocrx_word' id='word_1_18' title='bbox 1928 555 1941 592; x_wconf 92' lang='lat'>:</span> <span class='ocrx_word' id='word_1_19' title='bbox 1972 539 2109 593; x_wconf 87' lang='lat' dir='ltr'><strong>sicut</strong></span> 
     </span>
    </p>
   </div>
   <div class='ocr_carea' id='block_1_4' title="bbox 530 631 2103 702">
    <p class='ocr_par' dir='ltr' id='par_1_4' title="bbox 530 631 2103 702">
     <span class='ocr_line' id='line_1_4' title="bbox 530 631 2103 702; baseline -0.008 -7"><span class='ocrx_word' id='word_1_20' title='bbox 530 640 692 695; x_wconf 87' lang='lat' dir='ltr'><strong>homo</strong></span> <span class='ocrx_word' id='word_1_21' title='bbox 717 637 983 702; x_wconf 89' lang='lat' dir='ltr'><strong>dominus,</strong></span> <span class='ocrx_word' id='word_1_22' title='bbox 1010 646 1065 690; x_wconf 88' lang='lat' dir='ltr'><strong>et</strong></span> <span class='ocrx_word' id='word_1_23' title='bbox 1090 635 1249 689; x_wconf 89' lang='lat' dir='ltr'><strong>homo</strong></span> <span class='ocrx_word' id='word_1_24' title='bbox 1274 647 1481 699; x_wconf 87' lang='lat' dir='ltr'><strong>servus,</strong></span> <span class='ocrx_word' id='word_1_25' title='bbox 1513 641 1566 687; x_wconf 91' lang='lat' dir='ltr'><strong>et</strong></span> <span class='ocrx_word' id='word_1_26' title='bbox 1592 648 1757 701; x_wconf 82' lang='lat' dir='ltr'><strong>equus</strong></span> <span class='ocrx_word' id='word_1_27' title='bbox 1784 631 2103 702; x_wconf 92' lang='lat' dir='ltr'><strong>iumentum,</strong></span> 
     </span>
    </p>
   </div>
   <div class='ocr_carea' id='block_1_5' title="bbox 527 722 2106 794">
    <p class='ocr_par' dir='ltr' id='par_1_5' title="bbox 527 722 2106 794">
     <span class='ocr_line' id='line_1_5' title="bbox 527 722 2106 794; baseline -0.007 -7"><span class='ocrx_word' id='word_1_28' title='bbox 527 740 582 788; x_wconf 90' lang='lat' dir='ltr'><strong>et</strong></span> <span class='ocrx_word' id='word_1_29' title='bbox 607 742 856 786; x_wconf 86' lang='lat' dir='ltr'><strong>nummus</strong></span> <span class='ocrx_word' id='word_1_30' title='bbox 883 728 1038 783; x_wconf 87' lang='lat' dir='ltr'><strong>arrha</strong></span> <span class='ocrx_word' id='word_1_31' title='bbox 1060 766 1075 793; x_wconf 93' lang='lat'><strong>,</strong></span> <span class='ocrx_word' id='word_1_32' title='bbox 1107 725 1269 781; x_wconf 89' lang='lat' dir='ltr'><strong>homo</strong></span> <span class='ocrx_word' id='word_1_33' title='bbox 1304 733 1359 779; x_wconf 90' lang='lat' dir='ltr'><strong>et</strong></span> <span class='ocrx_word' id='word_1_34' title='bbox 1391 738 1557 794; x_wconf 86' lang='lat' dir='ltr'><strong>equus</strong></span> <span class='ocrx_word' id='word_1_35' title='bbox 1597 733 1652 779; x_wconf 91' lang='lat' dir='ltr'><strong>et</strong></span> <span class='ocrx_word' id='word_1_36' title='bbox 1680 737 1927 778; x_wconf 91' lang='lat' dir='ltr'><strong>nummus</strong></span> <span class='ocrx_word' id='word_1_37' title='bbox 1953 722 2019 776; x_wconf 91' lang='lat' dir='ltr'><strong>ad</strong></span> <span class='ocrx_word' id='word_1_38' title='bbox 2047 735 2106 777; x_wconf 90' lang='lat' dir='ltr'><strong>se</strong></span> 
     </span>
    </p>
   </div>
   <div class='ocr_carea' id='block_1_6' title="bbox 529 814 2104 888">
    <p class='ocr_par' dir='ltr' id='par_1_6' title="bbox 529 814 2104 888">
     <span class='ocr_line' id='line_1_6' title="bbox 529 814 2104 888; baseline -0.005 -11"><span class='ocrx_word' id='word_1_39' title='bbox 529 821 797 888; x_wconf 90' lang='lat' dir='ltr'><strong>dicuntur,</strong></span> <span class='ocrx_word' id='word_1_40' title='bbox 846 828 899 874; x_wconf 73' lang='lat' dir='ltr'><strong>et</strong></span> <span class='ocrx_word' id='word_1_41' title='bbox 940 817 1249 873; x_wconf 68' lang='lat' dir='ltr'><strong>substantia:</strong></span> <span class='ocrx_word' id='word_1_42' title='bbox 1291 824 1414 873; x_wconf 86' lang='lat' dir='ltr'><strong>sunt</strong></span> <span class='ocrx_word' id='word_1_43' title='bbox 1441 816 1522 872; x_wconf 85' lang='lat' dir='ltr'><strong>vel</strong></span> <span class='ocrx_word' id='word_1_44' title='bbox 1550 816 1825 880; x_wconf 75' lang='lat' dir='ltr'><strong>essentiae;</strong></span> <span class='ocrx_word' id='word_1_45' title='bbox 1858 814 2104 869; x_wconf 90' lang='lat' dir='ltr'><strong>dominus</strong></span> 
     </span>
    </p>
   </div>
   <div class='ocr_carea' id='block_1_7' title="bbox 527 905 2103 977">
    <p class='ocr_par' dir='ltr' id='par_1_7' title="bbox 527 905 2103 977">
     <span class='ocr_line' id='line_1_7' title="bbox 527 905 2103 977; baseline -0.004 -12"><span class='ocrx_word' id='word_1_46' title='bbox 527 926 657 965; x_wconf 90' lang='lat' dir='ltr'><strong>vero</strong></span> <span class='ocrx_word' id='word_1_47' title='bbox 685 919 738 965; x_wconf 94' lang='lat' dir='ltr'><strong>et</strong></span> <span class='ocrx_word' id='word_1_48' title='bbox 775 922 965 965; x_wconf 88' lang='lat' dir='ltr'><strong>servus</strong></span> <span class='ocrx_word' id='word_1_49' title='bbox 1002 915 1059 962; x_wconf 88' lang='lat' dir='ltr'><strong>et</strong></span> <span class='ocrx_word' id='word_1_50' title='bbox 1087 907 1385 977; x_wconf 86' lang='lat' dir='ltr'><strong>iumentum</strong></span> <span class='ocrx_word' id='word_1_51' title='bbox 1411 916 1463 962; x_wconf 93' lang='lat' dir='ltr'><strong>et</strong></span> <span class='ocrx_word' id='word_1_52' title='bbox 1489 906 1666 973; x_wconf 86' lang='lat' dir='ltr'><strong>arrha,</strong></span> <span class='ocrx_word' id='word_1_53' title='bbox 1698 906 1762 961; x_wconf 86' lang='lat' dir='ltr'><strong>ad</strong></span> <span class='ocrx_word' id='word_1_54' title='bbox 1790 905 1985 975; x_wconf 88' lang='lat' dir='ltr'><strong>aliquid</strong></span> <span class='ocrx_word' id='word_1_55' title='bbox 2016 919 2103 959; x_wconf 89' lang='lat' dir='ltr'><strong>re-</strong></span> 
     </span>
    </p>
   </div>
   <div class='ocr_carea' id='block_1_8' title="bbox 528 995 2103 1065">
    <p class='ocr_par' dir='ltr' id='par_1_8' title="bbox 528 995 2103 1065">
     <span class='ocr_line' id='line_1_8' title="bbox 528 995 2103 1065; baseline -0.006 -9"><span class='ocrx_word' id='word_1_56' title='bbox 528 1002 686 1057; x_wconf 82' lang='lat' dir='ltr'><strong>lative</strong></span> <span class='ocrx_word' id='word_1_57' title='bbox 714 1000 978 1055; x_wconf 90' lang='lat' dir='ltr'><strong>dicuntur.</strong></span> <span class='ocrx_word' id='word_1_58' title='bbox 1007 998 1115 1054; x_wconf 86' lang='lat' dir='ltr'><strong>Sed</strong></span> <span class='ocrx_word' id='word_1_59' title='bbox 1142 998 1187 1053; x_wconf 88' lang='lat' dir='ltr'><strong>si</strong></span> <span class='ocrx_word' id='word_1_60' title='bbox 1214 1012 1318 1052; x_wconf 90' lang='lat' dir='ltr'><strong>non</strong></span> <span class='ocrx_word' id='word_1_61' title='bbox 1344 1005 1489 1053; x_wconf 88' lang='lat' dir='ltr'><strong>esset</strong></span> <span class='ocrx_word' id='word_1_62' title='bbox 1513 996 1696 1063; x_wconf 89' lang='lat' dir='ltr'><strong>homo,</strong></span> <span class='ocrx_word' id='word_1_63' title='bbox 1735 996 1787 1051; x_wconf 87' lang='lat' dir='ltr'><strong>id</strong></span> <span class='ocrx_word' id='word_1_64' title='bbox 1818 1004 1899 1051; x_wconf 86' lang='lat' dir='ltr'><strong>est</strong></span> <span class='ocrx_word' id='word_1_65' title='bbox 1928 995 2103 1065; x_wconf 83' lang='lat' dir='ltr'><strong>aliqua</strong></span> 
     </span>
    </p>
   </div>
   <div class='ocr_carea' id='block_1_9' title="bbox 526 1086 2101 1160">
    <p class='ocr_par' dir='ltr' id='par_1_9' title="bbox 526 1086 2101 1160">
     <span class='ocr_line' id='line_1_9' title="bbox 526 1086 2101 1160; baseline -0.005 -13"><span class='ocrx_word' id='word_1_66' title='bbox 526 1091 840 1158; x_wconf 84' lang='lat' dir='ltr'><strong>substantia,</strong></span> <span class='ocrx_word' id='word_1_67' title='bbox 871 1104 979 1145; x_wconf 92' lang='lat' dir='ltr'><strong>non</strong></span> <span class='ocrx_word' id='word_1_68' title='bbox 1008 1096 1149 1144; x_wconf 89' lang='lat' dir='ltr'><strong>esset</strong></span> <span class='ocrx_word' id='word_1_69' title='bbox 1177 1089 1266 1160; x_wconf 91' lang='lat' dir='ltr'><strong>qui</strong></span> <span class='ocrx_word' id='word_1_70' title='bbox 1296 1088 1515 1144; x_wconf 84' lang='lat' dir='ltr'><strong>relative</strong></span> <span class='ocrx_word' id='word_1_71' title='bbox 1538 1086 1785 1142; x_wconf 91' lang='lat' dir='ltr'><strong>dominus</strong></span> <span class='ocrx_word' id='word_1_72' title='bbox 1807 1086 2101 1141; x_wconf 84' lang='lat' dir='ltr'><strong>diceretur:</strong></span> 
     </span>
    </p>
   </div>
   <div class='ocr_carea' id='block_1_10' title="bbox 526 1178 2103 1251">
    <p class='ocr_par' dir='ltr' id='par_1_10' title="bbox 526 1178 2103 1251">
     <span class='ocr_line' id='line_1_10' title="bbox 526 1178 2103 1251; baseline -0.004 -13"><span class='ocrx_word' id='word_1_73' title='bbox 526 1193 581 1238; x_wconf 89' lang='lat' dir='ltr'><strong>et</strong></span> <span class='ocrx_word' id='word_1_74' title='bbox 625 1182 670 1237; x_wconf 89' lang='lat' dir='ltr'><strong>si</strong></span> <span class='ocrx_word' id='word_1_75' title='bbox 718 1198 822 1236; x_wconf 83' lang='lat' dir='ltr'><strong>non</strong></span> <span class='ocrx_word' id='word_1_76' title='bbox 867 1190 1009 1237; x_wconf 88' lang='lat' dir='ltr'><strong>esset</strong></span> <span class='ocrx_word' id='word_1_77' title='bbox 1042 1195 1213 1251; x_wconf 88' lang='lat' dir='ltr'><strong>equus</strong></span> <span class='ocrx_word' id='word_1_78' title='bbox 1258 1178 1496 1249; x_wconf 68' lang='lat' dir='ltr'><strong>qumdam</strong></span> <span class='ocrx_word' id='word_1_79' title='bbox 1527 1178 1754 1233; x_wconf 89' lang='lat' dir='ltr'><strong>essentia</strong></span> <span class='ocrx_word' id='word_1_80' title='bbox 1777 1218 1791 1242; x_wconf 93' lang='lat'><strong>,</strong></span> <span class='ocrx_word' id='word_1_81' title='bbox 1822 1191 1931 1231; x_wconf 90' lang='lat' dir='ltr'><strong>non</strong></span> <span class='ocrx_word' id='word_1_82' title='bbox 1962 1184 2103 1231; x_wconf 88' lang='lat' dir='ltr'><strong>esset</strong></span> 
     </span>
    </p>
   </div>
   <div class='ocr_carea' id='block_1_11' title="bbox 526 1269 2105 1343">
    <p class='ocr_par' dir='ltr' id='par_1_11' title="bbox 526 1269 2105 1343">
     <span class='ocr_line' id='line_1_11' title="bbox 526 1269 2105 1343; baseline -0.005 -14"><span class='ocrx_word' id='word_1_83' title='bbox 526 1274 669 1343; x_wconf 87' lang='lat' dir='ltr'><strong>quod</strong></span> <span class='ocrx_word' id='word_1_84' title='bbox 721 1274 1019 1343; x_wconf 90' lang='lat' dir='ltr'><strong>iumentum</strong></span> <span class='ocrx_word' id='word_1_85' title='bbox 1066 1271 1283 1326; x_wconf 84' lang='lat' dir='ltr'><strong>relative</strong></span> <span class='ocrx_word' id='word_1_86' title='bbox 1320 1269 1585 1325; x_wconf 88' lang='lat' dir='ltr'><strong>diceretur</strong></span> <span class='ocrx_word' id='word_1_87' title='bbox 1617 1287 1629 1323; x_wconf 92' lang='lat'><strong>:</strong></span> <span class='ocrx_word' id='word_1_88' title='bbox 1662 1269 1732 1323; x_wconf 91' lang='lat' dir='ltr'><strong>ita</strong></span> <span class='ocrx_word' id='word_1_89' title='bbox 1770 1269 1814 1323; x_wconf 90' lang='lat' dir='ltr'><strong>si</strong></span> <span class='ocrx_word' id='word_1_90' title='bbox 1855 1280 2105 1322; x_wconf 89' lang='lat' dir='ltr'><strong>nummus</strong></span> 
     </span>
    </p>
   </div>
   <div class='ocr_carea' id='block_1_12' title="bbox 528 1358 2103 1435">
    <p class='ocr_par' dir='ltr' id='par_1_12' title="bbox 528 1358 2103 1435">
     <span class='ocr_line' id='line_1_12' title="bbox 528 1358 2103 1435; baseline -0.005 -15"><span class='ocrx_word' id='word_1_91' title='bbox 528 1380 633 1420; x_wconf 92' lang='lat' dir='ltr'><strong>non</strong></span> <span class='ocrx_word' id='word_1_92' title='bbox 662 1374 803 1420; x_wconf 89' lang='lat' dir='ltr'><strong>esset</strong></span> <span class='ocrx_word' id='word_1_93' title='bbox 822 1364 996 1435; x_wconf 85' lang='lat' dir='ltr'><strong>aliqua</strong></span> <span class='ocrx_word' id='word_1_94' title='bbox 1023 1362 1337 1429; x_wconf 88' lang='lat' dir='ltr'><strong>substantia,</strong></span> <span class='ocrx_word' id='word_1_95' title='bbox 1369 1376 1467 1416; x_wconf 90' lang='lat' dir='ltr'><strong>nec</strong></span> <span class='ocrx_word' id='word_1_96' title='bbox 1488 1360 1646 1415; x_wconf 90' lang='lat' dir='ltr'><strong>arrha</strong></span> <span class='ocrx_word' id='word_1_97' title='bbox 1677 1367 1855 1430; x_wconf 77' lang='lat' dir='ltr'><strong>posset</strong></span> <span class='ocrx_word' id='word_1_98' title='bbox 1880 1358 2103 1413; x_wconf 89' lang='lat' dir='ltr'><strong>relative</strong></span> 
     </span>
    </p>
   </div>
   <div class='ocr_carea' id='block_1_13' title="bbox 527 1450 2103 1525">
    <p class='ocr_par' dir='ltr' id='par_1_13' title="bbox 527 1450 2103 1525">
     <span class='ocr_line' id='line_1_13' title="bbox 527 1450 2103 1525; baseline -0.003 -14"><span class='ocrx_word' id='word_1_99' title='bbox 527 1456 653 1512; x_wconf 88' lang='lat' dir='ltr'><strong>dici.</strong></span> <span class='ocrx_word' id='word_1_100' title='bbox 697 1456 1027 1525; x_wconf 84' lang='lat' dir='ltr'><strong>Quapropter</strong></span> <span class='ocrx_word' id='word_1_101' title='bbox 1065 1453 1109 1509; x_wconf 94' lang='lat' dir='ltr'><strong>si</strong></span> <span class='ocrx_word' id='word_1_102' title='bbox 1155 1461 1209 1509; x_wconf 92' lang='lat' dir='ltr'><strong>et</strong></span> <span class='ocrx_word' id='word_1_103' title='bbox 1245 1453 1403 1508; x_wconf 91' lang='lat' dir='ltr'><strong>Pater</strong></span> <span class='ocrx_word' id='word_1_104' title='bbox 1446 1467 1550 1507; x_wconf 91' lang='lat' dir='ltr'><strong>non</strong></span> <span class='ocrx_word' id='word_1_105' title='bbox 1605 1462 1687 1507; x_wconf 91' lang='lat' dir='ltr'><strong>est</strong></span> <span class='ocrx_word' id='word_1_106' title='bbox 1727 1451 1923 1522; x_wconf 87' lang='lat' dir='ltr'><strong>aliquid</strong></span> <span class='ocrx_word' id='word_1_107' title='bbox 1952 1450 2017 1505; x_wconf 91' lang='lat' dir='ltr'><strong>ad</strong></span> <span class='ocrx_word' id='word_1_108' title='bbox 2044 1464 2103 1506; x_wconf 90' lang='lat' dir='ltr'><strong>se</strong></span> 
     </span>
    </p>
   </div>
   <div class='ocr_carea' id='block_1_14' title="bbox 528 1538 2103 1616">
    <p class='ocr_par' dir='ltr' id='par_1_14' title="bbox 528 1538 2103 1616">
     <span class='ocr_line' id='line_1_14' title="bbox 528 1538 2103 1616; baseline -0.005 -16"><span class='ocrx_word' id='word_1_109' title='bbox 528 1548 722 1616; x_wconf 89' lang='lat' dir='ltr'><strong>ipsum,</strong></span> <span class='ocrx_word' id='word_1_110' title='bbox 763 1561 870 1600; x_wconf 89' lang='lat' dir='ltr'><strong>non</strong></span> <span class='ocrx_word' id='word_1_111' title='bbox 917 1553 1000 1599; x_wconf 93' lang='lat' dir='ltr'><strong>est</strong></span> <span class='ocrx_word' id='word_1_112' title='bbox 1041 1543 1257 1598; x_wconf 90' lang='lat' dir='ltr'><strong>omnino</strong></span> <span class='ocrx_word' id='word_1_113' title='bbox 1286 1542 1376 1612; x_wconf 92' lang='lat' dir='ltr'><strong>qui</strong></span> <span class='ocrx_word' id='word_1_114' title='bbox 1414 1541 1633 1596; x_wconf 85' lang='lat' dir='ltr'><strong>relative</strong></span> <span class='ocrx_word' id='word_1_115' title='bbox 1662 1540 1867 1595; x_wconf 86' lang='lat' dir='ltr'><strong>dicatur</strong></span> <span class='ocrx_word' id='word_1_116' title='bbox 1908 1540 1972 1594; x_wconf 91' lang='lat' dir='ltr'><strong>ad</strong></span> <span class='ocrx_word' id='word_1_117' title='bbox 2003 1538 2103 1593; x_wconf 83' lang='lat' dir='ltr'><strong>ali-</strong></span> 
     </span>
    </p>
   </div>
   <div class='ocr_carea' id='block_1_15' title="bbox 528 1630 2103 1708">
    <p class='ocr_par' dir='ltr' id='par_1_15' title="bbox 528 1630 2103 1708">
     <span class='ocr_line' id='line_1_15' title="bbox 528 1630 2103 1708; baseline -0.005 -16"><span class='ocrx_word' id='word_1_118' title='bbox 528 1636 676 1708; x_wconf 89' lang='lat' dir='ltr'><strong>quid.</strong></span> <span class='ocrx_word' id='word_1_119' title='bbox 706 1635 819 1691; x_wconf 87' lang='lat' dir='ltr'><strong>Non</strong></span> <span class='ocrx_word' id='word_1_120' title='bbox 863 1636 1004 1690; x_wconf 86' lang='lat' dir='ltr'><strong>enim</strong></span> <span class='ocrx_word' id='word_1_121' title='bbox 1031 1676 1045 1701; x_wconf 95' lang='lat'><strong>,</strong></span> <span class='ocrx_word' id='word_1_122' title='bbox 1078 1635 1214 1689; x_wconf 91' lang='lat' dir='ltr'><strong>sicut</strong></span> <span class='ocrx_word' id='word_1_123' title='bbox 1241 1632 1306 1687; x_wconf 90' lang='lat' dir='ltr'><strong>ad</strong></span> <span class='ocrx_word' id='word_1_124' title='bbox 1333 1632 1526 1702; x_wconf 89' lang='lat' dir='ltr'><strong>aliquid</strong></span> <span class='ocrx_word' id='word_1_125' title='bbox 1558 1631 1851 1687; x_wconf 90' lang='lat' dir='ltr'><strong>coloratum</strong></span> <span class='ocrx_word' id='word_1_126' title='bbox 1878 1630 2103 1685; x_wconf 81' lang='lat' dir='ltr'><strong>refertur</strong></span> 
     </span>
    </p>
   </div>
   <div class='ocr_carea' id='block_1_16' title="bbox 528 1718 2101 1797">
    <p class='ocr_par' dir='ltr' id='par_1_16' title="bbox 528 1718 2101 1797">
     <span class='ocr_line' id='line_1_16' title="bbox 528 1718 2101 1797; baseline -0.006 -15"><span class='ocrx_word' id='word_1_127' title='bbox 528 1730 677 1782; x_wconf 90' lang='lat' dir='ltr'><strong>color</strong></span> <span class='ocrx_word' id='word_1_128' title='bbox 704 1727 839 1797; x_wconf 90' lang='lat' dir='ltr'><strong>eius,</strong></span> <span class='ocrx_word' id='word_1_129' title='bbox 871 1741 969 1781; x_wconf 92' lang='lat' dir='ltr'><strong>nec</strong></span> <span class='ocrx_word' id='word_1_130' title='bbox 997 1725 1213 1779; x_wconf 86' lang='lat' dir='ltr'><strong>omnino</strong></span> <span class='ocrx_word' id='word_1_131' title='bbox 1239 1724 1303 1778; x_wconf 89' lang='lat' dir='ltr'><strong>ad</strong></span> <span class='ocrx_word' id='word_1_132' title='bbox 1330 1737 1392 1777; x_wconf 91' lang='lat' dir='ltr'><strong>se</strong></span> <span class='ocrx_word' id='word_1_133' title='bbox 1419 1722 1612 1777; x_wconf 90' lang='lat' dir='ltr'><strong>dicitur</strong></span> <span class='ocrx_word' id='word_1_134' title='bbox 1639 1720 1804 1787; x_wconf 88' lang='lat' dir='ltr'><strong>color,</strong></span> <span class='ocrx_word' id='word_1_135' title='bbox 1837 1718 1930 1775; x_wconf 90' lang='lat' dir='ltr'><strong>sed</strong></span> <span class='ocrx_word' id='word_1_136' title='bbox 1957 1734 2101 1773; x_wconf 90' lang='lat' dir='ltr'><strong>sem-</strong></span> 
     </span>
    </p>
   </div>
   <div class='ocr_carea' id='block_1_17' title="bbox 530 1811 2099 1888">
    <p class='ocr_par' dir='ltr' id='par_1_17' title="bbox 530 1811 2099 1888">
     <span class='ocr_line' id='line_1_17' title="bbox 530 1811 2099 1888; baseline -0.006 -15"><span class='ocrx_word' id='word_1_137' title='bbox 530 1834 626 1888; x_wconf 90' lang='lat' dir='ltr'><strong>per</strong></span> <span class='ocrx_word' id='word_1_138' title='bbox 650 1818 871 1887; x_wconf 89' lang='lat' dir='ltr'><strong>alicuius</strong></span> <span class='ocrx_word' id='word_1_139' title='bbox 898 1816 1117 1871; x_wconf 87' lang='lat' dir='ltr'><strong>colorati</strong></span> <span class='ocrx_word' id='word_1_140' title='bbox 1139 1824 1254 1881; x_wconf 91' lang='lat' dir='ltr'><strong>est;</strong></span> <span class='ocrx_word' id='word_1_141' title='bbox 1288 1812 1417 1868; x_wconf 90' lang='lat' dir='ltr'><strong>illud</strong></span> <span class='ocrx_word' id='word_1_142' title='bbox 1446 1820 1619 1867; x_wconf 91' lang='lat' dir='ltr'><strong>autem</strong></span> <span class='ocrx_word' id='word_1_143' title='bbox 1648 1811 1797 1881; x_wconf 92' lang='lat' dir='ltr'><strong>cuius</strong></span> <span class='ocrx_word' id='word_1_144' title='bbox 1825 1811 1973 1866; x_wconf 91' lang='lat' dir='ltr'><strong>color</strong></span> <span class='ocrx_word' id='word_1_145' title='bbox 1998 1820 2099 1877; x_wconf 90' lang='lat' dir='ltr'><strong>est,</strong></span> 
     </span>
    </p>
   </div>
   <div class='ocr_carea' id='block_1_18' title="bbox 529 1901 2101 1977">
    <p class='ocr_par' dir='ltr' id='par_1_18' title="bbox 529 1901 2101 1977">
     <span class='ocr_line' id='line_1_18' title="bbox 529 1901 2101 1977; baseline -0.005 -15"><span class='ocrx_word' id='word_1_146' title='bbox 529 1908 690 1963; x_wconf 89' lang='lat' dir='ltr'><strong>etiam</strong></span> <span class='ocrx_word' id='word_1_147' title='bbox 711 1907 756 1962; x_wconf 85' lang='lat' dir='ltr'><strong>si</strong></span> <span class='ocrx_word' id='word_1_148' title='bbox 794 1922 861 1962; x_wconf 93' lang='lat' dir='ltr'><strong>eo</strong></span> <span class='ocrx_word' id='word_1_149' title='bbox 898 1906 1036 1977; x_wconf 90' lang='lat' dir='ltr'><strong>quod</strong></span> <span class='ocrx_word' id='word_1_150' title='bbox 1064 1905 1359 1960; x_wconf 89' lang='lat' dir='ltr'><strong>coloratum</strong></span> <span class='ocrx_word' id='word_1_151' title='bbox 1392 1903 1604 1968; x_wconf 90' lang='lat' dir='ltr'><strong>dicitur,</strong></span> <span class='ocrx_word' id='word_1_152' title='bbox 1636 1901 1702 1956; x_wconf 91' lang='lat' dir='ltr'><strong>ad</strong></span> <span class='ocrx_word' id='word_1_153' title='bbox 1741 1902 1975 1957; x_wconf 83' lang='lat' dir='ltr'><strong>colorem</strong></span> <span class='ocrx_word' id='word_1_154' title='bbox 2016 1916 2101 1955; x_wconf 92' lang='lat' dir='ltr'><strong>re-</strong></span> 
     </span>
    </p>
   </div>
   <div class='ocr_carea' id='block_1_19' title="bbox 529 1990 2099 2066">
    <p class='ocr_par' dir='ltr' id='par_1_19' title="bbox 529 1990 2099 2066">
     <span class='ocr_line' id='line_1_19' title="bbox 529 1990 2099 2066; baseline -0.007 -12"><span class='ocrx_word' id='word_1_155' title='bbox 529 1999 719 2065; x_wconf 80' lang='lat' dir='ltr'><strong>fertur,</strong></span> <span class='ocrx_word' id='word_1_156' title='bbox 751 2007 924 2052; x_wconf 88' lang='lat' dir='ltr'><strong>tamen</strong></span> <span class='ocrx_word' id='word_1_157' title='bbox 956 1997 1007 2051; x_wconf 91' lang='lat' dir='ltr'><strong>id</strong></span> <span class='ocrx_word' id='word_1_158' title='bbox 1033 1995 1173 2066; x_wconf 85' lang='lat' dir='ltr'><strong>quod</strong></span> <span class='ocrx_word' id='word_1_159' title='bbox 1202 2009 1396 2063; x_wconf 90' lang='lat' dir='ltr'><strong>corpus</strong></span> <span class='ocrx_word' id='word_1_160' title='bbox 1425 1993 1617 2048; x_wconf 88' lang='lat' dir='ltr'><strong>dicitur</strong></span> <span class='ocrx_word' id='word_1_161' title='bbox 1637 2034 1651 2059; x_wconf 96' lang='lat'><strong>,</strong></span> <span class='ocrx_word' id='word_1_162' title='bbox 1681 1992 1745 2045; x_wconf 88' lang='lat' dir='ltr'><strong>ad</strong></span> <span class='ocrx_word' id='word_1_163' title='bbox 1774 2006 1831 2045; x_wconf 93' lang='lat' dir='ltr'><strong>se</strong></span> <span class='ocrx_word' id='word_1_164' title='bbox 1860 1990 2053 2045; x_wconf 89' lang='lat' dir='ltr'><strong>dicitur</strong></span> <span class='ocrx_word' id='word_1_165' title='bbox 2087 2007 2099 2043; x_wconf 88' lang='lat'><strong>:</strong></span> 
     </span>
    </p>
   </div>
   <div class='ocr_carea' id='block_1_20' title="bbox 530 2079 2101 2156">
    <p class='ocr_par' dir='ltr' id='par_1_20' title="bbox 530 2079 2101 2156">
     <span class='ocr_line' id='line_1_20' title="bbox 530 2079 2101 2156; baseline -0.007 -12"><span class='ocrx_word' id='word_1_166' title='bbox 530 2088 643 2144; x_wconf 92' lang='lat' dir='ltr'><strong>ullo</strong></span> <span class='ocrx_word' id='word_1_167' title='bbox 669 2087 828 2143; x_wconf 89' lang='lat' dir='ltr'><strong>modo</strong></span> <span class='ocrx_word' id='word_1_168' title='bbox 854 2088 925 2141; x_wconf 91' lang='lat' dir='ltr'><strong>ita</strong></span> <span class='ocrx_word' id='word_1_169' title='bbox 952 2085 1238 2156; x_wconf 87' lang='lat' dir='ltr'><strong>putandum</strong></span> <span class='ocrx_word' id='word_1_170' title='bbox 1268 2092 1351 2139; x_wconf 88' lang='lat' dir='ltr'><strong>est</strong></span> <span class='ocrx_word' id='word_1_171' title='bbox 1375 2083 1585 2137; x_wconf 86' lang='lat' dir='ltr'><strong>Patrem</strong></span> <span class='ocrx_word' id='word_1_172' title='bbox 1618 2096 1721 2135; x_wconf 91' lang='lat' dir='ltr'><strong>non</strong></span> <span class='ocrx_word' id='word_1_173' title='bbox 1762 2081 1865 2135; x_wconf 87' lang='lat' dir='ltr'><strong>diei</strong></span> <span class='ocrx_word' id='word_1_174' title='bbox 1906 2079 2101 2150; x_wconf 91' lang='lat' dir='ltr'><strong>aliquid</strong></span> 
     </span>
    </p>
   </div>
   <div class='ocr_carea' id='block_1_21' title="bbox 531 2169 2100 2247">
    <p class='ocr_par' dir='ltr' id='par_1_21' title="bbox 531 2169 2100 2247">
     <span class='ocr_line' id='line_1_21' title="bbox 531 2169 2100 2247; baseline -0.006 -14"><span class='ocrx_word' id='word_1_175' title='bbox 531 2177 598 2233; x_wconf 90' lang='lat' dir='ltr'><strong>ad</strong></span> <span class='ocrx_word' id='word_1_176' title='bbox 642 2193 702 2233; x_wconf 91' lang='lat' dir='ltr'><strong>se</strong></span> <span class='ocrx_word' id='word_1_177' title='bbox 749 2178 919 2247; x_wconf 90' lang='lat' dir='ltr'><strong>ipsum</strong></span> <span class='ocrx_word' id='word_1_178' title='bbox 945 2216 960 2243; x_wconf 93' lang='lat'><strong>,</strong></span> <span class='ocrx_word' id='word_1_179' title='bbox 1003 2175 1100 2231; x_wconf 92' lang='lat' dir='ltr'><strong>sed</strong></span> <span class='ocrx_word' id='word_1_180' title='bbox 1138 2172 1389 2245; x_wconf 88' lang='lat' dir='ltr'><strong>quidquid</strong></span> <span class='ocrx_word' id='word_1_181' title='bbox 1416 2172 1609 2227; x_wconf 92' lang='lat' dir='ltr'><strong>dicitur</strong></span> <span class='ocrx_word' id='word_1_182' title='bbox 1638 2170 1703 2225; x_wconf 89' lang='lat' dir='ltr'><strong>ad</strong></span> <span class='ocrx_word' id='word_1_183' title='bbox 1735 2170 1923 2224; x_wconf 90' lang='lat' dir='ltr'><strong>Filium</strong></span> <span class='ocrx_word' id='word_1_184' title='bbox 1951 2169 2054 2224; x_wconf 90' lang='lat' dir='ltr'><strong>diei</strong></span> <span class='ocrx_word' id='word_1_185' title='bbox 2086 2186 2100 2235; x_wconf 92' lang='lat'><strong>;</strong></span> 
     </span>
    </p>
   </div>
   <div class='ocr_carea' id='block_1_22' title="bbox 530 2260 2104 2333">
    <p class='ocr_par' dir='ltr' id='par_1_22' title="bbox 530 2260 2104 2333">
     <span class='ocr_line' id='line_1_22' title="bbox 530 2260 2104 2333; baseline -0.008 -7"><span class='ocrx_word' id='word_1_186' title='bbox 530 2269 776 2326; x_wconf 90' lang='lat' dir='ltr'><strong>eumdem</strong></span> <span class='ocrx_word' id='word_1_187' title='bbox 803 2283 928 2323; x_wconf 90' lang='lat' dir='ltr'><strong>vero</strong></span> <span class='ocrx_word' id='word_1_188' title='bbox 958 2266 1146 2322; x_wconf 84' lang='lat' dir='ltr'><strong>Filium</strong></span> <span class='ocrx_word' id='word_1_189' title='bbox 1186 2276 1240 2321; x_wconf 92' lang='lat' dir='ltr'><strong>et</strong></span> <span class='ocrx_word' id='word_1_190' title='bbox 1273 2264 1339 2319; x_wconf 89' lang='lat' dir='ltr'><strong>ad</strong></span> <span class='ocrx_word' id='word_1_191' title='bbox 1385 2278 1443 2319; x_wconf 91' lang='lat' dir='ltr'><strong>se</strong></span> <span class='ocrx_word' id='word_1_192' title='bbox 1478 2265 1648 2333; x_wconf 93' lang='lat' dir='ltr'><strong>ipsum</strong></span> <span class='ocrx_word' id='word_1_193' title='bbox 1676 2263 1801 2325; x_wconf 89' lang='lat' dir='ltr'><strong>dici,</strong></span> <span class='ocrx_word' id='word_1_194' title='bbox 1829 2270 1883 2317; x_wconf 87' lang='lat' dir='ltr'><strong>et</strong></span> <span class='ocrx_word' id='word_1_195' title='bbox 1904 2260 1970 2315; x_wconf 92' lang='lat' dir='ltr'><strong>ad</strong></span> <span class='ocrx_word' id='word_1_196' title='bbox 2003 2261 2104 2315; x_wconf 88' lang='lat' dir='ltr'><strong>Pa-</strong></span> 
     </span>
    </p>
   </div>
   <div class='ocr_carea' id='block_1_23' title="bbox 532 2354 2101 2427">
    <p class='ocr_par' dir='ltr' id='par_1_23' title="bbox 532 2354 2101 2427">
     <span class='ocr_line' id='line_1_23' title="bbox 532 2354 2101 2427; baseline -0.007 -12"><span class='ocrx_word' id='word_1_197' title='bbox 532 2371 687 2425; x_wconf 87' lang='lat' dir='ltr'><strong>trem,</strong></span> <span class='ocrx_word' id='word_1_198' title='bbox 708 2374 828 2415; x_wconf 89' lang='lat' dir='ltr'><strong>cum</strong></span> <span class='ocrx_word' id='word_1_199' title='bbox 854 2358 1044 2414; x_wconf 89' lang='lat' dir='ltr'><strong>dicitur</strong></span> <span class='ocrx_word' id='word_1_200' title='bbox 1072 2355 1375 2427; x_wconf 77' lang='lat' dir='ltr'><strong>magnitudo</strong></span> <span class='ocrx_word' id='word_1_201' title='bbox 1403 2354 1867 2425; x_wconf 77' lang='lat' dir='ltr'><strong>magua‘etvirtus</strong></span> <span class='ocrx_word' id='word_1_202' title='bbox 1892 2359 2101 2422; x_wconf 91' lang='lat' dir='ltr'><strong>potens,</strong></span> 
     </span>
    </p>
   </div>
   <div class='ocr_carea' id='block_1_24' title="bbox 534 2441 2105 2521">
    <p class='ocr_par' dir='ltr' id='par_1_24' title="bbox 534 2441 2105 2521">
     <span class='ocr_line' id='line_1_24' title="bbox 534 2441 2105 2521; baseline -0.008 -15"><span class='ocrx_word' id='word_1_203' title='bbox 534 2452 716 2521; x_wconf 88' lang='lat' dir='ltr'><strong>utique</strong></span> <span class='ocrx_word' id='word_1_204' title='bbox 739 2449 808 2504; x_wconf 87' lang='lat' dir='ltr'><strong>ad</strong></span> <span class='ocrx_word' id='word_1_205' title='bbox 832 2464 891 2504; x_wconf 89' lang='lat' dir='ltr'><strong>se</strong></span> <span class='ocrx_word' id='word_1_206' title='bbox 916 2450 1109 2518; x_wconf 89' lang='lat' dir='ltr'><strong>ipsum,</strong></span> <span class='ocrx_word' id='word_1_207' title='bbox 1138 2455 1191 2502; x_wconf 93' lang='lat' dir='ltr'><strong>ct</strong></span> <span class='ocrx_word' id='word_1_208' title='bbox 1220 2443 1524 2515; x_wconf 80' lang='lat' dir='ltr'><strong>magnitudo</strong></span> <span class='ocrx_word' id='word_1_209' title='bbox 1553 2454 1710 2515; x_wconf 91' lang='lat' dir='ltr'><strong>atque</strong></span> <span class='ocrx_word' id='word_1_210' title='bbox 1736 2443 1900 2497; x_wconf 91' lang='lat' dir='ltr'><strong>virtus</strong></span> <span class='ocrx_word' id='word_1_211' title='bbox 1928 2441 2105 2512; x_wconf 83' lang='lat' dir='ltr'><strong>magni</strong></span> 
     </span>
    </p>
   </div>
   <div class='ocr_carea' id='block_1_25' title="bbox 533 2537 2101 2612">
    <p class='ocr_par' dir='ltr' id='par_1_25' title="bbox 533 2537 2101 2612">
     <span class='ocr_line' id='line_1_25' title="bbox 533 2537 2101 2612; baseline -0.007 -16"><span class='ocrx_word' id='word_1_212' title='bbox 533 2551 587 2597; x_wconf 90' lang='lat' dir='ltr'><strong>et</strong></span> <span class='ocrx_word' id='word_1_213' title='bbox 611 2540 844 2612; x_wconf 86' lang='lat' dir='ltr'><strong>potentis</strong></span> <span class='ocrx_word' id='word_1_214' title='bbox 876 2539 1067 2605; x_wconf 86' lang='lat' dir='ltr'><strong>Patris,</strong></span> <span class='ocrx_word' id='word_1_215' title='bbox 1118 2552 1219 2607; x_wconf 89' lang='lat' dir='ltr'><strong>qua</strong></span> <span class='ocrx_word' id='word_1_216' title='bbox 1260 2537 1417 2591; x_wconf 88' lang='lat' dir='ltr'><strong>Pater</strong></span> <span class='ocrx_word' id='word_1_217' title='bbox 1460 2550 1679 2606; x_wconf 89' lang='lat' dir='ltr'><strong>magnus</strong></span> <span class='ocrx_word' id='word_1_218' title='bbox 1705 2542 1757 2589; x_wconf 86' lang='lat' dir='ltr'><strong>et</strong></span> <span class='ocrx_word' id='word_1_219' title='bbox 1788 2543 1974 2603; x_wconf 90' lang='lat' dir='ltr'><strong>potens</strong></span> <span class='ocrx_word' id='word_1_220' title='bbox 2000 2542 2101 2586; x_wconf 91' lang='lat' dir='ltr'><strong>est.</strong></span> 
     </span>
    </p>
   </div>
   <div class='ocr_carea' id='block_1_26' title="bbox 531 2625 2107 2702">
    <p class='ocr_par' dir='ltr' id='par_1_26' title="bbox 531 2625 2107 2702">
     <span class='ocr_line' id='line_1_26' title="bbox 531 2625 2107 2702; baseline -0.006 -15"><span class='ocrx_word' id='word_1_221' title='bbox 531 2632 648 2695; x_wconf 81' lang='lat' dir='ltr'><strong>Non</strong></span> <span class='ocrx_word' id='word_1_222' title='bbox 678 2646 803 2702; x_wconf 90' lang='lat' dir='ltr'><strong>ergo</strong></span> <span class='ocrx_word' id='word_1_223' title='bbox 830 2631 921 2698; x_wconf 90' lang='lat' dir='ltr'><strong>ita,</strong></span> <span class='ocrx_word' id='word_1_224' title='bbox 951 2628 1044 2685; x_wconf 88' lang='lat' dir='ltr'><strong>sed</strong></span> <span class='ocrx_word' id='word_1_225' title='bbox 1072 2636 1352 2696; x_wconf 76' lang='lat' dir='ltr'><strong>utrumque</strong></span> <span class='ocrx_word' id='word_1_226' title='bbox 1384 2625 1674 2680; x_wconf 91' lang='lat' dir='ltr'><strong>substantia</strong></span> <span class='ocrx_word' id='word_1_227' title='bbox 1700 2665 1714 2689; x_wconf 92' lang='lat'><strong>,</strong></span> <span class='ocrx_word' id='word_1_228' title='bbox 1744 2633 1798 2679; x_wconf 94' lang='lat' dir='ltr'><strong>et</strong></span> <span class='ocrx_word' id='word_1_229' title='bbox 1824 2632 2107 2693; x_wconf 88' lang='lat' dir='ltr'><strong>utrumque</strong></span> 
     </span>
    </p>
   </div>
   <div class='ocr_carea' id='block_1_27' title="bbox 533 2713 2103 2778">
    <p class='ocr_par' dir='ltr' id='par_1_27' title="bbox 533 2713 2103 2778">
     <span class='ocr_line' id='line_1_27' title="bbox 533 2713 2103 2778; baseline -0.007 -1"><span class='ocrx_word' id='word_1_230' title='bbox 533 2737 638 2777; x_wconf 88' lang='lat' dir='ltr'><strong>una</strong></span> <span class='ocrx_word' id='word_1_231' title='bbox 668 2720 981 2776; x_wconf 88' lang='lat' dir='ltr'><strong>substantia.</strong></span> <span class='ocrx_word' id='word_1_232' title='bbox 1025 2718 1174 2775; x_wconf 91' lang='lat' dir='ltr'><strong>Sicut</strong></span> <span class='ocrx_word' id='word_1_233' title='bbox 1214 2728 1393 2772; x_wconf 85' lang='lat' dir='ltr'><strong>autem</strong></span> <span class='ocrx_word' id='word_1_234' title='bbox 1434 2716 1723 2771; x_wconf 89' lang='lat' dir='ltr'><strong>absurdum</strong></span> <span class='ocrx_word' id='word_1_235' title='bbox 1769 2722 1851 2770; x_wconf 86' lang='lat' dir='ltr'><strong>est</strong></span> <span class='ocrx_word' id='word_1_236' title='bbox 1884 2713 2065 2769; x_wconf 89' lang='lat' dir='ltr'><strong>dicere</strong></span> <span class='ocrx_word' id='word_1_237' title='bbox 2089 2755 2103 2778; x_wconf 91' lang='lat'><strong>,</strong></span> 
     </span>
    </p>
   </div>
   <div class='ocr_carea' id='block_1_28' title="bbox 533 2805 2104 2876">
    <p class='ocr_par' dir='ltr' id='par_1_28' title="bbox 533 2805 2104 2876">
     <span class='ocr_line' id='line_1_28' title="bbox 533 2805 2104 2876; baseline -0.008 -5"><span class='ocrx_word' id='word_1_238' title='bbox 533 2814 815 2871; x_wconf 88' lang='lat' dir='ltr'><strong>candidum</strong></span> <span class='ocrx_word' id='word_1_239' title='bbox 852 2828 957 2867; x_wconf 91' lang='lat' dir='ltr'><strong>non</strong></span> <span class='ocrx_word' id='word_1_240' title='bbox 988 2825 1111 2867; x_wconf 88' lang='lat' dir='ltr'><strong>esse</strong></span> <span class='ocrx_word' id='word_1_241' title='bbox 1143 2810 1462 2876; x_wconf 87' lang='lat' dir='ltr'><strong>candorem;</strong></span> <span class='ocrx_word' id='word_1_242' title='bbox 1497 2809 1573 2864; x_wconf 89' lang='lat' dir='ltr'><strong>sic</strong></span> <span class='ocrx_word' id='word_1_243' title='bbox 1603 2807 1889 2863; x_wconf 91' lang='lat' dir='ltr'><strong>absurdum</strong></span> <span class='ocrx_word' id='word_1_244' title='bbox 1917 2816 1999 2861; x_wconf 91' lang='lat' dir='ltr'><strong>est</strong></span> <span class='ocrx_word' id='word_1_245' title='bbox 2020 2805 2104 2860; x_wconf 86' lang='lat' dir='ltr'><strong>di-</strong></span> 
     </span>
    </p>
   </div>
   <div class='ocr_carea' id='block_1_29' title="bbox 533 2898 2169 2975">
    <p class='ocr_par' dir='ltr' id='par_1_29' title="bbox 533 2898 2169 2975">
     <span class='ocr_line' id='line_1_29' title="bbox 533 2898 2169 2975; baseline -0.009 -11"><span class='ocrx_word' id='word_1_246' title='bbox 533 2921 685 2972; x_wconf 86' lang='lat' dir='ltr'><strong>cere,</strong></span> <span class='ocrx_word' id='word_1_247' title='bbox 713 2905 1003 2975; x_wconf 90' lang='lat' dir='ltr'><strong>sapientem</strong></span> <span class='ocrx_word' id='word_1_248' title='bbox 1028 2917 1134 2957; x_wconf 89' lang='lat' dir='ltr'><strong>non</strong></span> <span class='ocrx_word' id='word_1_249' title='bbox 1153 2917 1273 2958; x_wconf 91' lang='lat' dir='ltr'><strong>esse</strong></span> <span class='ocrx_word' id='word_1_250' title='bbox 1293 2901 1603 2971; x_wconf 90' lang='lat' dir='ltr'><strong>sapientiam</strong></span> <span class='ocrx_word' id='word_1_251' title='bbox 1634 2917 1646 2953; x_wconf 93' lang='lat'><strong>:</strong></span> <span class='ocrx_word' id='word_1_252' title='bbox 1670 2909 1723 2955; x_wconf 92' lang='lat' dir='ltr'><strong>et</strong></span> <span class='ocrx_word' id='word_1_253' title='bbox 1748 2900 1885 2953; x_wconf 91' lang='lat' dir='ltr'><strong>sicut</strong></span> <span class='ocrx_word' id='word_1_254' title='bbox 1909 2898 2109 2953; x_wconf 90' lang='lat' dir='ltr'><strong>candor</strong></span> <span class='ocrx_word' id='word_1_255' title='bbox 2166 2916 2169 2919; x_wconf 54' lang='grc' dir='ltr'><em>ν</em></span> 
     </span>
    </p>
   </div>
   <div class='ocr_carea' id='block_1_30' title="bbox 534 2989 2107 3065">
    <p class='ocr_par' dir='ltr' id='par_1_30' title="bbox 534 2989 2107 3065">
     <span class='ocr_line' id='line_1_30' title="bbox 534 2989 2107 3065; baseline -0.004 -14"><span class='ocrx_word' id='word_1_256' title='bbox 534 2996 604 3051; x_wconf 89' lang='lat' dir='ltr'><strong>ad</strong></span> <span class='ocrx_word' id='word_1_257' title='bbox 633 3010 691 3051; x_wconf 91' lang='lat' dir='ltr'><strong>se</strong></span> <span class='ocrx_word' id='word_1_258' title='bbox 718 2996 891 3065; x_wconf 90' lang='lat' dir='ltr'><strong>ipsum</strong></span> <span class='ocrx_word' id='word_1_259' title='bbox 917 2993 1175 3049; x_wconf 87' lang='lat' dir='ltr'><strong>candidus</strong></span> <span class='ocrx_word' id='word_1_260' title='bbox 1200 2992 1393 3047; x_wconf 88' lang='lat' dir='ltr'><strong>dicitur</strong></span> <span class='ocrx_word' id='word_1_261' title='bbox 1411 3033 1427 3058; x_wconf 95' lang='lat'><strong>,</strong></span> <span class='ocrx_word' id='word_1_262' title='bbox 1460 2992 1531 3045; x_wconf 93' lang='lat' dir='ltr'><strong>ita</strong></span> <span class='ocrx_word' id='word_1_263' title='bbox 1559 2999 1614 3045; x_wconf 90' lang='lat' dir='ltr'><strong>et</strong></span> <span class='ocrx_word' id='word_1_264' title='bbox 1642 2990 1898 3060; x_wconf 88' lang='lat' dir='ltr'><strong>sapientia</strong></span> <span class='ocrx_word' id='word_1_265' title='bbox 1944 2989 2009 3043; x_wconf 93' lang='lat' dir='ltr'><strong>ad</strong></span> <span class='ocrx_word' id='word_1_266' title='bbox 2049 3003 2107 3044; x_wconf 90' lang='lat' dir='ltr'><strong>se</strong></span> 
     </span>
    </p>
   </div>
   <div class='ocr_carea' id='block_1_31' title="bbox 534 3080 2108 3158">
    <p class='ocr_par' dir='ltr' id='par_1_31' title="bbox 534 3080 2108 3158">
     <span class='ocr_line' id='line_1_31' title="bbox 534 3080 2108 3158; baseline -0.004 -17"><span class='ocrx_word' id='word_1_267' title='bbox 534 3088 703 3158; x_wconf 85' lang='lat' dir='ltr'><strong>ipsam</strong></span> <span class='ocrx_word' id='word_1_268' title='bbox 732 3086 925 3142; x_wconf 89' lang='lat' dir='ltr'><strong>dicitur</strong></span> <span class='ocrx_word' id='word_1_269' title='bbox 964 3085 1193 3155; x_wconf 89' lang='lat' dir='ltr'><strong>sapiens.</strong></span> <span class='ocrx_word' id='word_1_270' title='bbox 1239 3083 1345 3139; x_wconf 89' lang='lat' dir='ltr'><strong>Sed</strong></span> <span class='ocrx_word' id='word_1_271' title='bbox 1382 3082 1581 3139; x_wconf 89' lang='lat' dir='ltr'><strong>candor</strong></span> <span class='ocrx_word' id='word_1_272' title='bbox 1608 3080 1849 3152; x_wconf 89' lang='lat' dir='ltr'><strong>corporis</strong></span> <span class='ocrx_word' id='word_1_273' title='bbox 1877 3096 1983 3136; x_wconf 88' lang='lat' dir='ltr'><strong>non</strong></span> <span class='ocrx_word' id='word_1_274' title='bbox 2026 3090 2108 3136; x_wconf 91' lang='lat' dir='ltr'><strong>est</strong></span> 
     </span>
    </p>
   </div>
   <div class='ocr_carea' id='block_1_32' title="bbox 533 3172 2106 3249">
    <p class='ocr_par' dir='ltr' id='par_1_32' title="bbox 533 3172 2106 3249">
     <span class='ocr_line' id='line_1_32' title="bbox 533 3172 2106 3249; baseline -0.006 -14"><span class='ocrx_word' id='word_1_275' title='bbox 533 3179 799 3243; x_wconf 87' lang='lat' dir='ltr'><strong>essentia;</strong></span> <span class='ocrx_word' id='word_1_276' title='bbox 830 3178 1079 3249; x_wconf 90' lang='lat' dir='ltr'><strong>quoniam</strong></span> <span class='ocrx_word' id='word_1_277' title='bbox 1106 3178 1279 3246; x_wconf 91' lang='lat' dir='ltr'><strong>ipsum</strong></span> <span class='ocrx_word' id='word_1_278' title='bbox 1319 3190 1510 3245; x_wconf 89' lang='lat' dir='ltr'><strong>corpus</strong></span> <span class='ocrx_word' id='word_1_279' title='bbox 1532 3173 1758 3229; x_wconf 90' lang='lat' dir='ltr'><strong>essentia</strong></span> <span class='ocrx_word' id='word_1_280' title='bbox 1790 3181 1892 3238; x_wconf 91' lang='lat' dir='ltr'><strong>est,</strong></span> <span class='ocrx_word' id='word_1_281' title='bbox 1929 3180 1984 3228; x_wconf 92' lang='lat' dir='ltr'><strong>et</strong></span> <span class='ocrx_word' id='word_1_282' title='bbox 2018 3172 2106 3227; x_wconf 89' lang='lat' dir='ltr'><strong>illa</strong></span> 
     </span>
    </p>
   </div>
   <div class='ocr_carea' id='block_1_33' title="bbox 533 3263 2105 3342">
    <p class='ocr_par' dir='ltr' id='par_1_33' title="bbox 533 3263 2105 3342">
     <span class='ocr_line' id='line_1_33' title="bbox 533 3263 2105 3342; baseline -0.006 -15"><span class='ocrx_word' id='word_1_283' title='bbox 533 3274 650 3342; x_wconf 91' lang='lat' dir='ltr'><strong>eius</strong></span> <span class='ocrx_word' id='word_1_284' title='bbox 673 3270 897 3341; x_wconf 89' lang='lat' dir='ltr'><strong>qualitas</strong></span> <span class='ocrx_word' id='word_1_285' title='bbox 923 3287 936 3323; x_wconf 93' lang='lat'>:</span> <span class='ocrx_word' id='word_1_286' title='bbox 964 3268 1104 3324; x_wconf 92' lang='lat' dir='ltr'><strong>unde</strong></span> <span class='ocrx_word' id='word_1_287' title='bbox 1128 3276 1182 3324; x_wconf 94' lang='lat' dir='ltr'><strong>et</strong></span> <span class='ocrx_word' id='word_1_288' title='bbox 1207 3267 1274 3323; x_wconf 91' lang='lat' dir='ltr'><strong>ab</strong></span> <span class='ocrx_word' id='word_1_289' title='bbox 1300 3282 1363 3322; x_wconf 90' lang='lat' dir='ltr'><strong>ea</strong></span> <span class='ocrx_word' id='word_1_290' title='bbox 1383 3266 1575 3321; x_wconf 89' lang='lat' dir='ltr'><strong>dicitur</strong></span> <span class='ocrx_word' id='word_1_291' title='bbox 1594 3263 1872 3319; x_wconf 90' lang='lat' dir='ltr'><strong>candidum</strong></span> <span class='ocrx_word' id='word_1_292' title='bbox 1891 3278 2105 3334; x_wconf 88' lang='lat' dir='ltr'><strong>corpus,</strong></span> 
     </span>
    </p>
   </div>
   <div class='ocr_carea' id='block_1_34' title="bbox 534 3356 2105 3430">
    <p class='ocr_par' dir='ltr' id='par_1_34' title="bbox 534 3356 2105 3430">
     <span class='ocr_line' id='line_1_34' title="bbox 534 3356 2105 3430; baseline -0.005 -11"><span class='ocrx_word' id='word_1_293' title='bbox 534 3364 618 3419; x_wconf 90' lang='lat' dir='ltr'><strong>cui</strong></span> <span class='ocrx_word' id='word_1_294' title='bbox 648 3377 753 3417; x_wconf 91' lang='lat' dir='ltr'><strong>non</strong></span> <span class='ocrx_word' id='word_1_295' title='bbox 774 3361 877 3417; x_wconf 84' lang='lat' dir='ltr'><strong>hoc</strong></span> <span class='ocrx_word' id='word_1_296' title='bbox 901 3370 984 3416; x_wconf 92' lang='lat' dir='ltr'><strong>est</strong></span> <span class='ocrx_word' id='word_1_297' title='bbox 1004 3375 1123 3416; x_wconf 91' lang='lat' dir='ltr'><strong>esse</strong></span> <span class='ocrx_word' id='word_1_298' title='bbox 1146 3359 1287 3430; x_wconf 89' lang='lat' dir='ltr'><strong>quod</strong></span> <span class='ocrx_word' id='word_1_299' title='bbox 1308 3358 1591 3415; x_wconf 90' lang='lat' dir='ltr'><strong>candidum</strong></span> <span class='ocrx_word' id='word_1_300' title='bbox 1616 3372 1756 3413; x_wconf 91' lang='lat' dir='ltr'><strong>esse.</strong></span> <span class='ocrx_word' id='word_1_301' title='bbox 1784 3356 1937 3411; x_wconf 85' lang='lat' dir='ltr'><strong>Aliud</strong></span> <span class='ocrx_word' id='word_1_302' title='bbox 1965 3358 2105 3411; x_wconf 91' lang='lat' dir='ltr'><strong>enim</strong></span> 
     </span>
    </p>
   </div>
   <div class='ocr_carea' id='block_1_35' title="bbox 536 3448 2105 3521">
    <p class='ocr_par' dir='ltr' id='par_1_35' title="bbox 536 3448 2105 3521">
     <span class='ocr_line' id='line_1_35' title="bbox 536 3448 2105 3521; baseline -0.004 -13"><span class='ocrx_word' id='word_1_303' title='bbox 536 3454 608 3510; x_wconf 89' lang='lat' dir='ltr'><strong>ibi</strong></span> <span class='ocrx_word' id='word_1_304' title='bbox 634 3453 822 3521; x_wconf 88' lang='lat' dir='ltr'><strong>forma,</strong></span> <span class='ocrx_word' id='word_1_305' title='bbox 846 3462 901 3509; x_wconf 91' lang='lat' dir='ltr'><strong>et</strong></span> <span class='ocrx_word' id='word_1_306' title='bbox 923 3452 1063 3507; x_wconf 88' lang='lat' dir='ltr'><strong>aliud</strong></span> <span class='ocrx_word' id='word_1_307' title='bbox 1087 3452 1266 3518; x_wconf 90' lang='lat' dir='ltr'><strong>color;</strong></span> <span class='ocrx_word' id='word_1_308' title='bbox 1295 3459 1349 3506; x_wconf 91' lang='lat' dir='ltr'><strong>et</strong></span> <span class='ocrx_word' id='word_1_309' title='bbox 1365 3460 1643 3519; x_wconf 85' lang='lat' dir='ltr'><strong>utrumque</strong></span> <span class='ocrx_word' id='word_1_310' title='bbox 1672 3463 1779 3504; x_wconf 92' lang='lat' dir='ltr'><strong>non</strong></span> <span class='ocrx_word' id='word_1_311' title='bbox 1807 3448 1860 3503; x_wconf 93' lang='lat' dir='ltr'><strong>in</strong></span> <span class='ocrx_word' id='word_1_312' title='bbox 1885 3463 1944 3503; x_wconf 91' lang='lat' dir='ltr'><strong>se</strong></span> <span class='ocrx_word' id='word_1_313' title='bbox 1968 3448 2105 3518; x_wconf 91' lang='lat' dir='ltr'><strong>ipso,</strong></span> 
     </span>
    </p>
   </div>
   <div class='ocr_carea' id='block_1_36' title="bbox 534 3538 2110 3613">
    <p class='ocr_par' dir='ltr' id='par_1_36' title="bbox 534 3538 2110 3613">
     <span class='ocr_line' id='line_1_36' title="bbox 534 3538 2110 3613; baseline -0.007 -12"><span class='ocrx_word' id='word_1_314' title='bbox 534 3544 628 3601; x_wconf 87' lang='lat' dir='ltr'><strong>sed</strong></span> <span class='ocrx_word' id='word_1_315' title='bbox 655 3545 706 3599; x_wconf 90' lang='lat' dir='ltr'><strong>in</strong></span> <span class='ocrx_word' id='word_1_316' title='bbox 734 3545 909 3613; x_wconf 88' lang='lat' dir='ltr'><strong>aliqua</strong></span> <span class='ocrx_word' id='word_1_317' title='bbox 938 3544 1097 3611; x_wconf 87' lang='lat' dir='ltr'><strong>mole,</strong></span> <span class='ocrx_word' id='word_1_318' title='bbox 1130 3558 1249 3613; x_wconf 74' lang='lat' dir='ltr'><strong>qua:</strong></span> <span class='ocrx_word' id='word_1_319' title='bbox 1275 3540 1446 3596; x_wconf 90' lang='lat' dir='ltr'><strong>moles</strong></span> <span class='ocrx_word' id='word_1_320' title='bbox 1474 3554 1573 3595; x_wconf 92' lang='lat' dir='ltr'><strong>nec</strong></span> <span class='ocrx_word' id='word_1_321' title='bbox 1606 3539 1771 3594; x_wconf 88' lang='lat' dir='ltr'><strong>forma</strong></span> <span class='ocrx_word' id='word_1_322' title='bbox 1792 3580 1806 3603; x_wconf 95' lang='lat'><strong>,</strong></span> <span class='ocrx_word' id='word_1_323' title='bbox 1839 3553 1938 3593; x_wconf 91' lang='lat' dir='ltr'><strong>nec</strong></span> <span class='ocrx_word' id='word_1_324' title='bbox 1964 3538 2110 3591; x_wconf 90' lang='lat' dir='ltr'><strong>color</strong></span> 
     </span>
    </p>
   </div>
   <div class='ocr_carea' id='block_1_37' title="bbox 534 3631 2109 3703">
    <p class='ocr_par' dir='ltr' id='par_1_37' title="bbox 534 3631 2109 3703">
     <span class='ocr_line' id='line_1_37' title="bbox 534 3631 2109 3703; baseline -0.007 -11"><span class='ocrx_word' id='word_1_325' title='bbox 534 3647 649 3703; x_wconf 86' lang='lat' dir='ltr'><strong>est,</strong></span> <span class='ocrx_word' id='word_1_326' title='bbox 684 3636 780 3692; x_wconf 90' lang='lat' dir='ltr'><strong>sed</strong></span> <span class='ocrx_word' id='word_1_327' title='bbox 821 3634 1047 3690; x_wconf 88' lang='lat' dir='ltr'><strong>formata</strong></span> <span class='ocrx_word' id='word_1_328' title='bbox 1090 3644 1144 3691; x_wconf 89' lang='lat' dir='ltr'><strong>et</strong></span> <span class='ocrx_word' id='word_1_329' title='bbox 1178 3633 1435 3689; x_wconf 88' lang='lat' dir='ltr'><strong>colorata.</strong></span> <span class='ocrx_word' id='word_1_330' title='bbox 1467 3631 1734 3701; x_wconf 87' lang='lat' dir='ltr'><strong>Sapientia</strong></span> <span class='ocrx_word' id='word_1_331' title='bbox 1778 3644 1901 3685; x_wconf 90' lang='lat' dir='ltr'><strong>vera</strong></span> <span class='ocrx_word' id='word_1_332' title='bbox 1935 3636 1991 3683; x_wconf 92' lang='lat' dir='ltr'><strong>et</strong></span> <span class='ocrx_word' id='word_1_333' title='bbox 2018 3642 2109 3682; x_wconf 90' lang='lat' dir='ltr'><strong>sa-</strong></span> 
     </span>
    </p>
   </div>
   <div class='ocr_carea' id='block_1_38' title="bbox 537 3722 2108 3798">
    <p class='ocr_par' dir='ltr' id='par_1_38' title="bbox 537 3722 2108 3798">
     <span class='ocr_line' id='line_1_38' title="bbox 537 3722 2108 3798; baseline -0.005 -17"><span class='ocrx_word' id='word_1_334' title='bbox 537 3729 689 3798; x_wconf 85' lang='lat' dir='ltr'><strong>piens</strong></span> <span class='ocrx_word' id='word_1_335' title='bbox 715 3736 815 3796; x_wconf 89' lang='lat' dir='ltr'><strong>est,</strong></span> <span class='ocrx_word' id='word_1_336' title='bbox 846 3736 899 3783; x_wconf 91' lang='lat' dir='ltr'><strong>et</strong></span> <span class='ocrx_word' id='word_1_337' title='bbox 924 3742 983 3781; x_wconf 91' lang='lat' dir='ltr'><strong>se</strong></span> <span class='ocrx_word' id='word_1_338' title='bbox 1005 3726 1115 3796; x_wconf 91' lang='lat' dir='ltr'><strong>ipsa</strong></span> <span class='ocrx_word' id='word_1_339' title='bbox 1137 3725 1349 3794; x_wconf 86' lang='lat' dir='ltr'><strong>sapiens</strong></span> <span class='ocrx_word' id='word_1_340' title='bbox 1364 3731 1464 3778; x_wconf 90' lang='lat' dir='ltr'><strong>est.</strong></span> <span class='ocrx_word' id='word_1_341' title='bbox 1484 3723 1548 3777; x_wconf 84' lang='lat' dir='ltr'><strong>Et</strong></span> <span class='ocrx_word' id='word_1_342' title='bbox 1566 3722 1814 3792; x_wconf 87' lang='lat' dir='ltr'><strong>quoniam</strong></span> <span class='ocrx_word' id='word_1_343' title='bbox 1836 3734 2108 3791; x_wconf 69' lang='lat' dir='ltr'><strong>quaecum-</strong></span> 
     </span>
    </p>
   </div>
   <div class='ocr_carea' id='block_1_39' title="bbox 534 3814 2110 3889">
    <p class='ocr_par' dir='ltr' id='par_1_39' title="bbox 534 3814 2110 3889">
     <span class='ocr_line' id='line_1_39' title="bbox 534 3814 2110 3889; baseline -0.004 -14"><span class='ocrx_word' id='word_1_344' title='bbox 534 3835 639 3889; x_wconf 89' lang='lat' dir='ltr'><strong>que</strong></span> <span class='ocrx_word' id='word_1_345' title='bbox 679 3820 852 3873; x_wconf 92' lang='lat' dir='ltr'><strong>anima</strong></span> <span class='ocrx_word' id='word_1_346' title='bbox 890 3818 1297 3889; x_wconf 84' lang='lat' dir='ltr'><strong>participatione</strong></span> <span class='ocrx_word' id='word_1_347' title='bbox 1345 3816 1618 3885; x_wconf 82' lang='lat' dir='ltr'><strong>sapientiae</strong></span> <span class='ocrx_word' id='word_1_348' title='bbox 1663 3814 1723 3869; x_wconf 86' lang='lat' dir='ltr'><strong>fit</strong></span> <span class='ocrx_word' id='word_1_349' title='bbox 1773 3814 2010 3883; x_wconf 88' lang='lat' dir='ltr'><strong>sapiens,</strong></span> <span class='ocrx_word' id='word_1_350' title='bbox 2064 3815 2110 3869; x_wconf 91' lang='lat' dir='ltr'><strong>si</strong></span> 
     </span>
    </p>
   </div>
   <div class='ocr_carea' id='block_1_40' title="bbox 535 3906 2111 3981">
    <p class='ocr_par' dir='ltr' id='par_1_40' title="bbox 535 3906 2111 3981">
     <span class='ocr_line' id='line_1_40' title="bbox 535 3906 2111 3981; baseline -0.004 -15"><span class='ocrx_word' id='word_1_351' title='bbox 535 3926 720 3968; x_wconf 90' lang='lat' dir='ltr'><strong>rursus</strong></span> <span class='ocrx_word' id='word_1_352' title='bbox 747 3911 973 3981; x_wconf 88' lang='lat' dir='ltr'><strong>desipiat</strong></span> <span class='ocrx_word' id='word_1_353' title='bbox 996 3952 1010 3974; x_wconf 85' lang='lat'><strong>,</strong></span> <span class='ocrx_word' id='word_1_354' title='bbox 1046 3919 1228 3966; x_wconf 91' lang='lat' dir='ltr'><strong>manet</strong></span> <span class='ocrx_word' id='word_1_355' title='bbox 1263 3918 1439 3965; x_wconf 91' lang='lat' dir='ltr'><strong>tamen</strong></span> <span class='ocrx_word' id='word_1_356' title='bbox 1496 3908 1549 3962; x_wconf 89' lang='lat' dir='ltr'><strong>in</strong></span> <span class='ocrx_word' id='word_1_357' title='bbox 1596 3922 1654 3962; x_wconf 91' lang='lat' dir='ltr'><strong>se</strong></span> <span class='ocrx_word' id='word_1_358' title='bbox 1693 3906 1974 3976; x_wconf 91' lang='lat' dir='ltr'><strong>sapientia,</strong></span> <span class='ocrx_word' id='word_1_359' title='bbox 2013 3920 2111 3960; x_wconf 90' lang='lat' dir='ltr'><strong>nec</strong></span> 
     </span>
    </p>
   </div>
   <div class='ocr_carea' id='block_1_41' title="bbox 536 3996 2113 4061">
    <p class='ocr_par' dir='ltr' id='par_1_41' title="bbox 536 3996 2113 4061">
     <span class='ocr_line' id='line_1_41' title="bbox 536 3996 2113 4061; baseline -0.005 -5"><span class='ocrx_word' id='word_1_360' title='bbox 536 4017 655 4056; x_wconf 91' lang='lat' dir='ltr'><strong>cum</strong></span> <span class='ocrx_word' id='word_1_361' title='bbox 683 4001 858 4055; x_wconf 89' lang='lat' dir='ltr'><strong>anima</strong></span> <span class='ocrx_word' id='word_1_362' title='bbox 887 4000 1048 4055; x_wconf 91' lang='lat' dir='ltr'><strong>fuerit</strong></span> <span class='ocrx_word' id='word_1_363' title='bbox 1073 4002 1125 4055; x_wconf 93' lang='lat' dir='ltr'><strong>in</strong></span> <span class='ocrx_word' id='word_1_364' title='bbox 1152 4000 1816 4061; x_wconf 81' lang='lat' dir='ltr'><strong>stultitiam&#39;eommutata,</strong></span> <span class='ocrx_word' id='word_1_365' title='bbox 1839 3996 1922 4050; x_wconf 91' lang='lat' dir='ltr'><strong>illa</strong></span> <span class='ocrx_word' id='word_1_366' title='bbox 1942 4004 2113 4051; x_wconf 89' lang='lat' dir='ltr'><strong>muta-</strong></span> 
     </span>
    </p>
   </div>
   <div class='ocr_carea' id='block_1_42' title="bbox 538 4086 2110 4159">
    <p class='ocr_par' dir='ltr' id='par_1_42' title="bbox 538 4086 2110 4159">
     <span class='ocr_line' id='line_1_42' title="bbox 538 4086 2110 4159; baseline -0.003 -14"><span class='ocrx_word' id='word_1_367' title='bbox 538 4099 623 4145; x_wconf 89' lang='lat' dir='ltr'><strong>tur</strong></span> <span class='ocrx_word' id='word_1_368' title='bbox 654 4108 667 4144; x_wconf 91' lang='lat'><strong>:</strong></span> <span class='ocrx_word' id='word_1_369' title='bbox 695 4105 799 4144; x_wconf 92' lang='lat' dir='ltr'><strong>non</strong></span> <span class='ocrx_word' id='word_1_370' title='bbox 831 4091 901 4144; x_wconf 91' lang='lat' dir='ltr'><strong>ita</strong></span> <span class='ocrx_word' id='word_1_371' title='bbox 928 4098 1008 4145; x_wconf 91' lang='lat' dir='ltr'><strong>est</strong></span> <span class='ocrx_word' id='word_1_372' title='bbox 1049 4090 1101 4144; x_wconf 95' lang='lat' dir='ltr'><strong>in</strong></span> <span class='ocrx_word' id='word_1_373' title='bbox 1129 4104 1195 4144; x_wconf 92' lang='lat' dir='ltr'><strong>eo</strong></span> <span class='ocrx_word' id='word_1_374' title='bbox 1221 4089 1308 4159; x_wconf 90' lang='lat' dir='ltr'><strong>qui</strong></span> <span class='ocrx_word' id='word_1_375' title='bbox 1337 4104 1403 4144; x_wconf 81' lang='lat' dir='ltr'><strong>ex</strong></span> <span class='ocrx_word' id='word_1_376' title='bbox 1435 4103 1499 4144; x_wconf 90' lang='lat' dir='ltr'><strong>ea</strong></span> <span class='ocrx_word' id='word_1_377' title='bbox 1540 4088 1597 4141; x_wconf 85' lang='lat' dir='ltr'><strong>fit</strong></span> <span class='ocrx_word' id='word_1_378' title='bbox 1631 4086 1877 4158; x_wconf 88' lang='lat' dir='ltr'><strong>sapiens,</strong></span> <span class='ocrx_word' id='word_1_379' title='bbox 1922 4102 2110 4157; x_wconf 87' lang='lat' dir='ltr'><strong>quem-</strong></span> 
     </span>
    </p>
   </div>
   <div class='ocr_carea' id='block_1_43' title="bbox 536 4178 2111 4250">
    <p class='ocr_par' dir='ltr' id='par_1_43' title="bbox 536 4178 2111 4250">
     <span class='ocr_line' id='line_1_43' title="bbox 536 4178 2111 4250; baseline 0 -16"><span class='ocrx_word' id='word_1_380' title='bbox 536 4178 823 4235; x_wconf 88' lang='lat' dir='ltr'><strong>admodum</strong></span> <span class='ocrx_word' id='word_1_381' title='bbox 851 4180 1050 4235; x_wconf 89' lang='lat' dir='ltr'><strong>candor</strong></span> <span class='ocrx_word' id='word_1_382' title='bbox 1085 4180 1137 4234; x_wconf 93' lang='lat' dir='ltr'><strong>in</strong></span> <span class='ocrx_word' id='word_1_383' title='bbox 1181 4194 1405 4249; x_wconf 89' lang='lat' dir='ltr'><strong>corpore</strong></span> <span class='ocrx_word' id='word_1_384' title='bbox 1437 4178 1577 4250; x_wconf 91' lang='lat' dir='ltr'><strong>quod</strong></span> <span class='ocrx_word' id='word_1_385' title='bbox 1616 4194 1683 4233; x_wconf 78' lang='lat' dir='ltr'><strong>ex</strong></span> <span class='ocrx_word' id='word_1_386' title='bbox 1709 4178 1799 4233; x_wconf 91' lang='lat' dir='ltr'><strong>illo</strong></span> <span class='ocrx_word' id='word_1_387' title='bbox 1830 4179 2111 4234; x_wconf 87' lang='lat' dir='ltr'><strong>candidunt</strong></span> 
     </span>
    </p>
   </div>
   <div class='ocr_carea' id='block_1_44' title="bbox 538 4267 2113 4340">
    <p class='ocr_par' dir='ltr' id='par_1_44' title="bbox 538 4267 2113 4340">
     <span class='ocr_line' id='line_1_44' title="bbox 538 4267 2113 4340; baseline -0.003 -13"><span class='ocrx_word' id='word_1_388' title='bbox 538 4281 640 4327; x_wconf 74' lang='lat' dir='ltr'><strong>eSt.</strong></span> <span class='ocrx_word' id='word_1_389' title='bbox 666 4269 802 4327; x_wconf 85' lang='lat' dir='ltr'><strong>Cum</strong></span> <span class='ocrx_word' id='word_1_390' title='bbox 836 4270 979 4326; x_wconf 89' lang='lat' dir='ltr'><strong>enim</strong></span> <span class='ocrx_word' id='word_1_391' title='bbox 1007 4284 1200 4340; x_wconf 89' lang='lat' dir='ltr'><strong>corpus</strong></span> <span class='ocrx_word' id='word_1_392' title='bbox 1226 4270 1277 4323; x_wconf 93' lang='lat' dir='ltr'><strong>in</strong></span> <span class='ocrx_word' id='word_1_393' title='bbox 1308 4270 1469 4324; x_wconf 90' lang='lat' dir='ltr'><strong>alium</strong></span> <span class='ocrx_word' id='word_1_394' title='bbox 1500 4269 1732 4324; x_wconf 87' lang='lat' dir='ltr'><strong>colorem</strong></span> <span class='ocrx_word' id='word_1_395' title='bbox 1760 4267 1917 4324; x_wconf 90' lang='lat' dir='ltr'><strong>fuerit</strong></span> <span class='ocrx_word' id='word_1_396' title='bbox 1942 4278 2113 4323; x_wconf 88' lang='lat' dir='ltr'><strong>muta-</strong></span> 
     </span>
    </p>
   </div>
   <div class='ocr_carea' id='block_1_45' title="bbox 539 4361 2111 4429">
    <p class='ocr_par' dir='ltr' id='par_1_45' title="bbox 539 4361 2111 4429">
     <span class='ocr_line' id='line_1_45' title="bbox 539 4361 2111 4429; baseline 0.001 -13"><span class='ocrx_word' id='word_1_397' title='bbox 539 4373 672 4429; x_wconf 89' lang='lat' dir='ltr'><strong>tum,</strong></span> <span class='ocrx_word' id='word_1_398' title='bbox 699 4378 804 4418; x_wconf 91' lang='lat' dir='ltr'><strong>non</strong></span> <span class='ocrx_word' id='word_1_399' title='bbox 834 4362 1069 4419; x_wconf 92' lang='lat' dir='ltr'><strong>manebit</strong></span> <span class='ocrx_word' id='word_1_400' title='bbox 1092 4361 1291 4417; x_wconf 90' lang='lat' dir='ltr'><strong>candor</strong></span> <span class='ocrx_word' id='word_1_401' title='bbox 1323 4362 1411 4418; x_wconf 91' lang='lat' dir='ltr'><strong>ille</strong></span> <span class='ocrx_word' id='word_1_402' title='bbox 1431 4404 1446 4429; x_wconf 97' lang='lat'><strong>,</strong></span> <span class='ocrx_word' id='word_1_403' title='bbox 1491 4362 1583 4417; x_wconf 88' lang='lat' dir='ltr'><strong>sed</strong></span> <span class='ocrx_word' id='word_1_404' title='bbox 1613 4363 1830 4417; x_wconf 87' lang='lat' dir='ltr'><strong>omnino</strong></span> <span class='ocrx_word' id='word_1_405' title='bbox 1862 4377 1984 4418; x_wconf 90' lang='lat' dir='ltr'><strong>esse</strong></span> <span class='ocrx_word' id='word_1_406' title='bbox 2017 4363 2111 4417; x_wconf 86' lang='lat' dir='ltr'><strong>de-</strong></span> 
     </span>
    </p>
   </div>
   <div class='ocr_carea' id='block_1_46' title="bbox 539 4452 2112 4523">
    <p class='ocr_par' dir='ltr' id='par_1_46' title="bbox 539 4452 2112 4523">
     <span class='ocr_line' id='line_1_46' title="bbox 539 4452 2112 4523; baseline 0 -16"><span class='ocrx_word' id='word_1_407' title='bbox 539 4453 695 4507; x_wconf 86' lang='lat' dir='ltr'><strong>sinet.</strong></span> <span class='ocrx_word' id='word_1_408' title='bbox 727 4452 879 4520; x_wconf 84' lang='lat' dir='ltr'><strong>Quod</strong></span> <span class='ocrx_word' id='word_1_409' title='bbox 918 4453 960 4507; x_wconf 92' lang='lat' dir='ltr'><strong>si</strong></span> <span class='ocrx_word' id='word_1_410' title='bbox 989 4463 1042 4507; x_wconf 93' lang='lat' dir='ltr'><strong>et</strong></span> <span class='ocrx_word' id='word_1_411' title='bbox 1069 4453 1222 4508; x_wconf 89' lang='lat' dir='ltr'><strong>Pater</strong></span> <span class='ocrx_word' id='word_1_412' title='bbox 1244 4452 1333 4523; x_wconf 90' lang='lat' dir='ltr'><strong>qui</strong></span> <span class='ocrx_word' id='word_1_413' title='bbox 1357 4453 1540 4522; x_wconf 87' lang='lat' dir='ltr'><strong>genuit</strong></span> <span class='ocrx_word' id='word_1_414' title='bbox 1567 4453 1903 4523; x_wconf 85' lang='lat' dir='ltr'><strong>sapientiam,</strong></span> <span class='ocrx_word' id='word_1_415' title='bbox 1947 4468 2009 4508; x_wconf 77' lang='lat' dir='ltr'><strong>ex</strong></span> <span class='ocrx_word' id='word_1_416' title='bbox 2047 4468 2112 4508; x_wconf 89' lang='lat' dir='ltr'><strong>ea</strong></span> 
     </span>
    </p>
   </div>
   <div class='ocr_carea' id='block_1_47' title="bbox 541 4542 2112 4615">
    <p class='ocr_par' dir='ltr' id='par_1_47' title="bbox 541 4542 2112 4615">
     <span class='ocr_line' id='line_1_47' title="bbox 541 4542 2112 4615; baseline 0.002 -19"><span class='ocrx_word' id='word_1_417' title='bbox 541 4542 601 4596; x_wconf 86' lang='lat' dir='ltr'><strong>ﬁt</strong></span> <span class='ocrx_word' id='word_1_418' title='bbox 627 4544 859 4613; x_wconf 87' lang='lat' dir='ltr'><strong>sapiens,</strong></span> <span class='ocrx_word' id='word_1_419' title='bbox 890 4559 1061 4614; x_wconf 90' lang='lat' dir='ltr'><strong>neque</strong></span> <span class='ocrx_word' id='word_1_420' title='bbox 1091 4543 1191 4598; x_wconf 86' lang='lat' dir='ltr'><strong>hoc</strong></span> <span class='ocrx_word' id='word_1_421' title='bbox 1213 4552 1295 4599; x_wconf 91' lang='lat' dir='ltr'><strong>est</strong></span> <span class='ocrx_word' id='word_1_422' title='bbox 1318 4544 1392 4598; x_wconf 91' lang='lat' dir='ltr'><strong>illi</strong></span> <span class='ocrx_word' id='word_1_423' title='bbox 1412 4559 1532 4600; x_wconf 91' lang='lat' dir='ltr'><strong>esse</strong></span> <span class='ocrx_word' id='word_1_424' title='bbox 1566 4543 1706 4614; x_wconf 91' lang='lat' dir='ltr'><strong>quod</strong></span> <span class='ocrx_word' id='word_1_425' title='bbox 1745 4559 1953 4613; x_wconf 88' lang='lat' dir='ltr'><strong>sapere,</strong></span> <span class='ocrx_word' id='word_1_426' title='bbox 1981 4560 2112 4615; x_wconf 84' lang='lat' dir='ltr'><strong>qua-</strong></span> 
     </span>
    </p>
   </div>
   <div class='ocr_carea' id='block_1_48' title="bbox 540 4632 2115 4704">
    <p class='ocr_par' dir='ltr' id='par_1_48' title="bbox 540 4632 2115 4704">
     <span class='ocr_line' id='line_1_48' title="bbox 540 4632 2115 4704; baseline 0.003 -19"><span class='ocrx_word' id='word_1_427' title='bbox 540 4632 661 4703; x_wconf 83' lang='lat' dir='ltr'><strong>litas</strong></span> <span class='ocrx_word' id='word_1_428' title='bbox 692 4634 807 4702; x_wconf 89' lang='lat' dir='ltr'><strong>eius</strong></span> <span class='ocrx_word' id='word_1_429' title='bbox 834 4643 917 4689; x_wconf 89' lang='lat' dir='ltr'><strong>est</strong></span> <span class='ocrx_word' id='word_1_430' title='bbox 949 4633 1149 4698; x_wconf 83' lang='lat' dir='ltr'><strong>Filius;</strong></span> <span class='ocrx_word' id='word_1_431' title='bbox 1191 4649 1296 4688; x_wconf 91' lang='lat' dir='ltr'><strong>non</strong></span> <span class='ocrx_word' id='word_1_432' title='bbox 1324 4634 1502 4704; x_wconf 88' lang='lat' dir='ltr'><strong>proles</strong></span> <span class='ocrx_word' id='word_1_433' title='bbox 1530 4634 1665 4704; x_wconf 90' lang='lat' dir='ltr'><strong>eius,</strong></span> <span class='ocrx_word' id='word_1_434' title='bbox 1696 4644 1751 4689; x_wconf 90' lang='lat' dir='ltr'><strong>et</strong></span> <span class='ocrx_word' id='word_1_435' title='bbox 1778 4650 1883 4689; x_wconf 91' lang='lat' dir='ltr'><strong>non</strong></span> <span class='ocrx_word' id='word_1_436' title='bbox 1911 4635 1982 4690; x_wconf 89' lang='lat' dir='ltr'><strong>ibi</strong></span> <span class='ocrx_word' id='word_1_437' title='bbox 2011 4636 2115 4690; x_wconf 91' lang='lat' dir='ltr'><strong>erit</strong></span> 
     </span>
    </p>
   </div>
   <div class='ocr_carea' id='block_1_49' title="bbox 535 4714 2115 4797">
    <p class='ocr_par' dir='ltr' id='par_1_49' title="bbox 535 4714 2115 4797">
     <span class='ocr_line' id='line_1_49' title="bbox 535 4714 2115 4797; baseline 0.004 -20"><span class='ocrx_word' id='word_1_438' title='bbox 535 4725 644 4794; x_wconf 89' lang='lat' dir='ltr'><strong>iam</strong></span> <span class='ocrx_word' id='word_1_439' title='bbox 675 4739 879 4780; x_wconf 89' lang='lat' dir='ltr'><strong>summa</strong></span> <span class='ocrx_word' id='word_1_440' title='bbox 915 4726 1245 4796; x_wconf 87' lang='lat' dir='ltr'><strong>simplicitas.</strong></span> <span class='ocrx_word' id='word_1_441' title='bbox 1272 4714 1400 4781; x_wconf 88' lang='lat' dir='ltr'><strong>Sed</strong></span> <span class='ocrx_word' id='word_1_442' title='bbox 1453 4725 1591 4780; x_wconf 89' lang='lat' dir='ltr'><strong>absit</strong></span> <span class='ocrx_word' id='word_1_443' title='bbox 1639 4733 1697 4780; x_wconf 90' lang='lat' dir='ltr'><strong>ut</strong></span> <span class='ocrx_word' id='word_1_444' title='bbox 1740 4725 1815 4780; x_wconf 82' lang='lat' dir='ltr'><strong>ita</strong></span> <span class='ocrx_word' id='word_1_445' title='bbox 1841 4726 1940 4789; x_wconf 88' lang='lat' dir='ltr'><strong>sit;</strong></span> <span class='ocrx_word' id='word_1_446' title='bbox 1993 4730 2115 4797; x_wconf 86' lang='lat' dir='ltr'><strong>quia</strong></span> 
     </span>
    </p>
   </div>
   <div class='ocr_carea' id='block_1_50' title="bbox 541 4816 2116 4888">
    <p class='ocr_par' dir='ltr' id='par_1_50' title="bbox 541 4816 2116 4888">
     <span class='ocr_line' id='line_1_50' title="bbox 541 4816 2116 4888; baseline 0.004 -21"><span class='ocrx_word' id='word_1_447' title='bbox 541 4830 665 4871; x_wconf 88' lang='lat' dir='ltr'><strong>vere</strong></span> <span class='ocrx_word' id='word_1_448' title='bbox 706 4816 774 4872; x_wconf 93' lang='lat' dir='ltr'><strong>ibi</strong></span> <span class='ocrx_word' id='word_1_449' title='bbox 818 4826 900 4871; x_wconf 93' lang='lat' dir='ltr'><strong>est</strong></span> <span class='ocrx_word' id='word_1_450' title='bbox 943 4831 1149 4871; x_wconf 91' lang='lat' dir='ltr'><strong>summe</strong></span> <span class='ocrx_word' id='word_1_451' title='bbox 1191 4816 1415 4887; x_wconf 82' lang='lat' dir='ltr'><strong>simplex</strong></span> <span class='ocrx_word' id='word_1_452' title='bbox 1455 4816 1722 4872; x_wconf 88' lang='lat' dir='ltr'><strong>essentia:</strong></span> <span class='ocrx_word' id='word_1_453' title='bbox 1757 4817 1858 4871; x_wconf 87' lang='lat' dir='ltr'><strong>hoc</strong></span> <span class='ocrx_word' id='word_1_454' title='bbox 1883 4832 2009 4888; x_wconf 87' lang='lat' dir='ltr'><strong>ergo</strong></span> <span class='ocrx_word' id='word_1_455' title='bbox 2034 4829 2116 4873; x_wconf 91' lang='lat' dir='ltr'><strong>est</strong></span> 
     </span>
    </p>
   </div>
   <div class='ocr_carea' id='block_1_51' title="bbox 543 4907 2116 4979">
    <p class='ocr_par' dir='ltr' id='par_1_51' title="bbox 543 4907 2116 4979">
     <span class='ocr_line' id='line_1_51' title="bbox 543 4907 2116 4979; baseline 0.002 -18"><span class='ocrx_word' id='word_1_456' title='bbox 543 4908 612 4962; x_wconf 86' lang='lat' dir='ltr'><strong>ibi</strong></span> <span class='ocrx_word' id='word_1_457' title='bbox 640 4922 756 4963; x_wconf 90' lang='lat' dir='ltr'><strong>esse</strong></span> <span class='ocrx_word' id='word_1_458' title='bbox 783 4908 925 4978; x_wconf 90' lang='lat' dir='ltr'><strong>quod</strong></span> <span class='ocrx_word' id='word_1_459' title='bbox 957 4923 1163 4978; x_wconf 89' lang='lat' dir='ltr'><strong>sapere.</strong></span> <span class='ocrx_word' id='word_1_460' title='bbox 1195 4907 1348 4975; x_wconf 87' lang='lat' dir='ltr'><strong>Quod</strong></span> <span class='ocrx_word' id='word_1_461' title='bbox 1387 4909 1431 4962; x_wconf 89' lang='lat' dir='ltr'><strong>si</strong></span> <span class='ocrx_word' id='word_1_462' title='bbox 1474 4908 1576 4962; x_wconf 88' lang='lat' dir='ltr'><strong>hoc</strong></span> <span class='ocrx_word' id='word_1_463' title='bbox 1602 4916 1683 4962; x_wconf 88' lang='lat' dir='ltr'><strong>est</strong></span> <span class='ocrx_word' id='word_1_464' title='bbox 1712 4908 1783 4963; x_wconf 92' lang='lat' dir='ltr'><strong>ibi</strong></span> <span class='ocrx_word' id='word_1_465' title='bbox 1812 4923 1932 4965; x_wconf 91' lang='lat' dir='ltr'><strong>esse</strong></span> <span class='ocrx_word' id='word_1_466' title='bbox 1974 4909 2116 4979; x_wconf 91' lang='lat' dir='ltr'><strong>quod</strong></span> 
     </span>
    </p>
   </div>
   <div class='ocr_carea' id='block_1_52' title="bbox 540 4998 2117 5071">
    <p class='ocr_par' dir='ltr' id='par_1_52' title="bbox 540 4998 2117 5071">
     <span class='ocr_line' id='line_1_52' title="bbox 540 4998 2117 5071; baseline 0.003 -20"><span class='ocrx_word' id='word_1_467' title='bbox 540 5012 750 5067; x_wconf 87' lang='lat' dir='ltr'><strong>sapere,</strong></span> <span class='ocrx_word' id='word_1_468' title='bbox 778 5013 882 5052; x_wconf 89' lang='lat' dir='ltr'><strong>non</strong></span> <span class='ocrx_word' id='word_1_469' title='bbox 912 5013 1005 5068; x_wconf 91' lang='lat' dir='ltr'><strong>per</strong></span> <span class='ocrx_word' id='word_1_470' title='bbox 1030 4998 1174 5053; x_wconf 91' lang='lat' dir='ltr'><strong>illam</strong></span> <span class='ocrx_word' id='word_1_471' title='bbox 1201 4998 1512 5068; x_wconf 90' lang='lat' dir='ltr'><strong>sapientiam</strong></span> <span class='ocrx_word' id='word_1_472' title='bbox 1532 5014 1689 5068; x_wconf 91' lang='lat' dir='ltr'><strong>quam</strong></span> <span class='ocrx_word' id='word_1_473' title='bbox 1712 5001 2117 5071; x_wconf 87' lang='lat' dir='ltr'><strong>genuitsapiens</strong></span> 
     </span>
    </p>
   </div>
   <div class='ocr_carea' id='block_1_53' title="bbox 540 5087 2116 5162">
    <p class='ocr_par' dir='ltr' id='par_1_53' title="bbox 540 5087 2116 5162">
     <span class='ocr_line' id='line_1_53' title="bbox 540 5087 2116 5162; baseline 0.002 -19"><span class='ocrx_word' id='word_1_474' title='bbox 540 5096 622 5143; x_wconf 91' lang='lat' dir='ltr'><strong>est</strong></span> <span class='ocrx_word' id='word_1_475' title='bbox 646 5087 832 5154; x_wconf 87' lang='lat' dir='ltr'><strong>Pater;</strong></span> <span class='ocrx_word' id='word_1_476' title='bbox 865 5088 1099 5159; x_wconf 89' lang='lat' dir='ltr'><strong>alioquin</strong></span> <span class='ocrx_word' id='word_1_477' title='bbox 1137 5103 1242 5144; x_wconf 90' lang='lat' dir='ltr'><strong>non</strong></span> <span class='ocrx_word' id='word_1_478' title='bbox 1272 5090 1387 5159; x_wconf 89' lang='lat' dir='ltr'><strong>ipse</strong></span> <span class='ocrx_word' id='word_1_479' title='bbox 1425 5088 1590 5156; x_wconf 89' lang='lat' dir='ltr'><strong>illam,</strong></span> <span class='ocrx_word' id='word_1_480' title='bbox 1620 5089 1715 5145; x_wconf 90' lang='lat' dir='ltr'><strong>sed</strong></span> <span class='ocrx_word' id='word_1_481' title='bbox 1754 5091 1839 5145; x_wconf 89' lang='lat' dir='ltr'><strong>illa</strong></span> <span class='ocrx_word' id='word_1_482' title='bbox 1871 5106 1993 5146; x_wconf 89' lang='lat' dir='ltr'><strong>eum</strong></span> <span class='ocrx_word' id='word_1_483' title='bbox 2020 5107 2116 5162; x_wconf 82' lang='lat' dir='ltr'><strong>ge-</strong></span> 
     </span>
    </p>
   </div>
   <div class='ocr_carea' id='block_1_54' title="bbox 541 5180 2114 5249">
    <p class='ocr_par' dir='ltr' id='par_1_54' title="bbox 541 5180 2114 5249">
     <span class='ocr_line' id='line_1_54' title="bbox 541 5180 2114 5249; baseline 0.002 -16"><span class='ocrx_word' id='word_1_484' title='bbox 541 5182 673 5235; x_wconf 87' lang='lat' dir='ltr'><strong>nuit.</strong></span> <span class='ocrx_word' id='word_1_485' title='bbox 707 5180 843 5249; x_wconf 92' lang='lat' dir='ltr'><strong>Quid</strong></span> <span class='ocrx_word' id='word_1_486' title='bbox 872 5181 1014 5237; x_wconf 91' lang='lat' dir='ltr'><strong>enim</strong></span> <span class='ocrx_word' id='word_1_487' title='bbox 1042 5180 1183 5237; x_wconf 88' lang='lat' dir='ltr'><strong>aliud</strong></span> <span class='ocrx_word' id='word_1_488' title='bbox 1210 5181 1453 5246; x_wconf 89' lang='lat' dir='ltr'><strong>dicimus,</strong></span> <span class='ocrx_word' id='word_1_489' title='bbox 1479 5196 1598 5236; x_wconf 91' lang='lat' dir='ltr'><strong>cum</strong></span> <span class='ocrx_word' id='word_1_490' title='bbox 1624 5182 1869 5247; x_wconf 89' lang='lat' dir='ltr'><strong>dicimus,</strong></span> <span class='ocrx_word' id='word_1_491' title='bbox 1902 5184 2013 5239; x_wconf 91' lang='lat' dir='ltr'><strong>lloc</strong></span> <span class='ocrx_word' id='word_1_492' title='bbox 2042 5183 2114 5238; x_wconf 93' lang='lat' dir='ltr'><strong>illi</strong></span> 
     </span>
    </p>
   </div>
   <div class='ocr_carea' id='block_1_55' title="bbox 539 5272 2117 5344">
    <p class='ocr_par' dir='ltr' id='par_1_55' title="bbox 539 5272 2117 5344">
     <span class='ocr_line' id='line_1_55' title="bbox 539 5272 2117 5344; baseline 0.004 -21"><span class='ocrx_word' id='word_1_493' title='bbox 539 5281 621 5326; x_wconf 87' lang='lat' dir='ltr'><strong>est</strong></span> <span class='ocrx_word' id='word_1_494' title='bbox 646 5286 767 5326; x_wconf 90' lang='lat' dir='ltr'><strong>esse</strong></span> <span class='ocrx_word' id='word_1_495' title='bbox 796 5272 934 5341; x_wconf 85' lang='lat' dir='ltr'><strong>quod</strong></span> <span class='ocrx_word' id='word_1_496' title='bbox 977 5287 1186 5341; x_wconf 88' lang='lat' dir='ltr'><strong>sapere,</strong></span> <span class='ocrx_word' id='word_1_497' title='bbox 1221 5272 1344 5340; x_wconf 92' lang='lat' dir='ltr'><strong>nisi,</strong></span> <span class='ocrx_word' id='word_1_498' title='bbox 1395 5273 1471 5328; x_wconf 90' lang='lat' dir='ltr'><strong>Eo</strong></span> <span class='ocrx_word' id='word_1_499' title='bbox 1500 5282 1580 5328; x_wconf 91' lang='lat' dir='ltr'><strong>est</strong></span> <span class='ocrx_word' id='word_1_500' title='bbox 1619 5288 1722 5344; x_wconf 81' lang='lat' dir='ltr'><strong>quo</strong></span> <span class='ocrx_word' id='word_1_501' title='bbox 1750 5276 1964 5344; x_wconf 89' lang='lat' dir='ltr'><strong>sapiens</strong></span> <span class='ocrx_word' id='word_1_502' title='bbox 1990 5276 2117 5330; x_wconf 87' lang='lat' dir='ltr'><strong>est?</strong></span> 
     </span>
    </p>
   </div>
   <div class='ocr_carea' id='block_1_56' title="bbox 541 5360 2117 5435">
    <p class='ocr_par' dir='ltr' id='par_1_56' title="bbox 541 5360 2117 5435">
     <span class='ocr_line' id='line_1_56' title="bbox 541 5360 2117 5435; baseline 0.003 -22"><span class='ocrx_word' id='word_1_503' title='bbox 541 5360 874 5431; x_wconf 90' lang='lat' dir='ltr'><strong>Quapropter</strong></span> <span class='ocrx_word' id='word_1_504' title='bbox 903 5377 1021 5431; x_wconf 70' lang='lat' dir='ltr'><strong>qua:</strong></span> <span class='ocrx_word' id='word_1_505' title='bbox 1054 5377 1214 5417; x_wconf 90' lang='lat' dir='ltr'><strong>causa</strong></span> <span class='ocrx_word' id='word_1_506' title='bbox 1244 5362 1319 5417; x_wconf 92' lang='lat' dir='ltr'><strong>illi</strong></span> <span class='ocrx_word' id='word_1_507' title='bbox 1350 5373 1432 5418; x_wconf 92' lang='lat' dir='ltr'><strong>est</strong></span> <span class='ocrx_word' id='word_1_508' title='bbox 1461 5373 1515 5417; x_wconf 91' lang='lat' dir='ltr'><strong>ut</strong></span> <span class='ocrx_word' id='word_1_509' title='bbox 1549 5364 1759 5435; x_wconf 88' lang='lat' dir='ltr'><strong>sapiens</strong></span> <span class='ocrx_word' id='word_1_510' title='bbox 1788 5366 1877 5432; x_wconf 90' lang='lat' dir='ltr'><strong>sit,</strong></span> <span class='ocrx_word' id='word_1_511' title='bbox 1909 5366 2021 5435; x_wconf 90' lang='lat' dir='ltr'><strong>ipsa</strong></span> <span class='ocrx_word' id='word_1_512' title='bbox 2044 5365 2117 5419; x_wconf 91' lang='lat' dir='ltr'><strong>illi</strong></span> 
     </span>
    </p>
   </div>
   <div class='ocr_carea' id='block_1_57' title="bbox 605 5513 2117 5579">
    <p class='ocr_par' dir='ltr' id='par_1_57' title="bbox 605 5513 2117 5579">
     <span class='ocr_line' id='line_1_57' title="bbox 605 5513 2117 5579; baseline 0.006 -21"><span class='ocrx_word' id='word_1_513' title='bbox 605 5517 623 5545; x_wconf 76' lang='grc' dir='ltr'><strong>ι</strong></span> <span class='ocrx_word' id='word_1_514' title='bbox 650 5513 781 5573; x_wconf 79' lang='lat' dir='ltr'><strong>Apud</strong></span> <span class='ocrx_word' id='word_1_515' title='bbox 803 5520 874 5563; x_wconf 78' lang='lat' dir='ltr'><strong>Er.</strong></span> <span class='ocrx_word' id='word_1_516' title='bbox 903 5521 1084 5579; x_wconf 86' lang='lat' dir='ltr'><strong>etLov.</strong></span> <span class='ocrx_word' id='word_1_517' title='bbox 1124 5517 1444 5579; x_wconf 83' lang='lat' dir='ltr'><strong>corrumpitur</strong></span> <span class='ocrx_word' id='word_1_518' title='bbox 1479 5528 1656 5567; x_wconf 77' lang='lat' dir='ltr'><strong>sensus</strong></span> <span class='ocrx_word' id='word_1_519' title='bbox 1687 5515 1843 5567; x_wconf 88' lang='lat' dir='ltr'><strong>addita</strong></span> <span class='ocrx_word' id='word_1_520' title='bbox 1865 5518 2117 5579; x_wconf 86' lang='lat' dir='ltr'><strong>particula,</strong></span> 
     </span>
    </p>
   </div>
   <div class='ocr_carea' id='block_1_58' title="bbox 542 5577 2119 5639">
    <p class='ocr_par' dir='ltr' id='par_1_58' title="bbox 542 5577 2119 5639">
     <span class='ocr_line' id='line_1_58' title="bbox 542 5577 2119 5639; baseline 0.006 -19"><span class='ocrx_word' id='word_1_521' title='bbox 542 5584 671 5639; x_wconf 68' lang='lat' dir='ltr'><strong>ergo,</strong></span> <span class='ocrx_word' id='word_1_522' title='bbox 701 5580 752 5622; x_wconf 92' lang='lat' dir='ltr'><strong>et</strong></span> <span class='ocrx_word' id='word_1_523' title='bbox 776 5588 918 5639; x_wconf 81' lang='lat' dir='ltr'><strong>prava</strong></span> <span class='ocrx_word' id='word_1_524' title='bbox 950 5577 1145 5639; x_wconf 82' lang='lat' dir='ltr'><strong>inducta</strong></span> <span class='ocrx_word' id='word_1_525' title='bbox 1170 5577 1337 5627; x_wconf 82' lang='lat' dir='ltr'><strong>vocum</strong></span> <span class='ocrx_word' id='word_1_526' title='bbox 1378 5580 1765 5639; x_wconf 85' lang='lat' dir='ltr'><strong>iuterpnuetione</strong></span> <span class='ocrx_word' id='word_1_527' title='bbox 1793 5581 1840 5627; x_wconf 90' lang='lat' dir='ltr'><strong>in</strong></span> <span class='ocrx_word' id='word_1_528' title='bbox 1864 5577 1992 5629; x_wconf 86' lang='lat' dir='ltr'><strong>bune</strong></span> <span class='ocrx_word' id='word_1_529' title='bbox 2016 5595 2119 5629; x_wconf 86' lang='lat' dir='ltr'><strong>mo-</strong></span> 
     </span>
    </p>
   </div>
   <div class='ocr_carea' id='block_1_59' title="bbox 541 5633 2117 5705">
    <p class='ocr_par' dir='ltr' id='par_1_59' title="bbox 541 5633 2117 5705">
     <span class='ocr_line' id='line_1_59' title="bbox 541 5633 2117 5705; baseline 0.006 -23"><span class='ocrx_word' id='word_1_530' title='bbox 541 5633 655 5682; x_wconf 87' lang='lat' dir='ltr'><strong>dum</strong></span> <span class='ocrx_word' id='word_1_531' title='bbox 680 5633 844 5705; x_wconf 36' lang='lat' dir='ltr'><strong>net—ad</strong></span> <span class='ocrx_word' id='word_1_532' title='bbox 869 5649 919 5686; x_wconf 83' lang='lat' dir='ltr'><strong>se</strong></span> <span class='ocrx_word' id='word_1_533' title='bbox 942 5636 1096 5698; x_wconf 77' lang='lat' dir='ltr'><strong>ipsum</strong></span> <span class='ocrx_word' id='word_1_534' title='bbox 1119 5639 1237 5699; x_wconf 80' lang='lat' dir='ltr'><strong>diri,</strong></span> <span class='ocrx_word' id='word_1_535' title='bbox 1270 5646 1313 5689; x_wconf 84' lang='lat' dir='ltr'><strong>et</strong></span> <span class='ocrx_word' id='word_1_536' title='bbox 1338 5640 1401 5689; x_wconf 82' lang='lat' dir='ltr'><strong>ad</strong></span> <span class='ocrx_word' id='word_1_537' title='bbox 1429 5633 1631 5690; x_wconf 73' lang='lat' dir='ltr'><strong>Patrem.</strong></span> <span class='ocrx_word' id='word_1_538' title='bbox 1661 5648 1777 5690; x_wconf 78' lang='lat' dir='ltr'><strong>(‘um</strong></span> <span class='ocrx_word' id='word_1_539' title='bbox 1801 5653 1916 5705; x_wconf 82' lang='lat' dir='ltr'><strong>ergo</strong></span> <span class='ocrx_word' id='word_1_540' title='bbox 1938 5640 2117 5692; x_wconf 69' lang='lat' dir='ltr'><strong>dicitur</strong></span> 
     </span>
    </p>
   </div>
   <div class='ocr_carea' id='block_1_60' title="bbox 546 5696 1029 5759">
    <p class='ocr_par' dir='ltr' id='par_1_60' title="bbox 546 5696 1029 5759">
     <span class='ocr_line' id='line_1_60' title="bbox 546 5696 1029 5759; baseline 0 -15"><span class='ocrx_word' id='word_1_541' title='bbox 546 5696 823 5753; x_wconf 76' lang='lat' dir='ltr'><strong>magnitudo</strong></span> <span class='ocrx_word' id='word_1_542' title='bbox 838 5696 1029 5759; x_wconf 72' lang='lat' dir='ltr'><strong>nmqnn.</strong></span> 
     </span>
    </p>
   </div>
   <div class='ocr_carea' id='block_1_61' title="bbox 608 5758 1105 5822">
    <p class='ocr_par' dir='ltr' id='par_1_61' title="bbox 608 5758 1105 5822">
     <span class='ocr_line' id='line_1_61' title="bbox 608 5758 1105 5822; baseline 0.01 -18"><span class='ocrx_word' id='word_1_543' title='bbox 608 5760 626 5787; x_wconf 86' lang='grc'>²</span> <span class='ocrx_word' id='word_1_544' title='bbox 660 5758 875 5822; x_wconf 80' lang='lat' dir='ltr'><strong>Forte,in</strong></span> <span class='ocrx_word' id='word_1_545' title='bbox 900 5760 1105 5810; x_wconf 66' lang='lat' dir='ltr'><strong>stnftztm.</strong></span> 
     </span>
    </p>
   </div>
   <div class='ocr_carea' id='block_1_62' title="bbox 1628 330 2679 399">
    <p class='ocr_par' dir='ltr' id='par_1_62' title="bbox 1628 330 2679 399">
     <span class='ocr_line' id='line_1_62' title="bbox 1628 330 2679 399; baseline -0.004 -8"><span class='ocrx_word' id='word_1_546' title='bbox 1628 334 1742 391; x_wconf 64' lang='grc' dir='ltr'><strong>ΒΕ</strong></span> <span class='ocrx_word' id='word_1_547' title='bbox 1782 330 2174 399; x_wconf 76' lang='lat' dir='ltr'><strong>TRINITATE,</strong></span> <span class='ocrx_word' id='word_1_548' title='bbox 2216 333 2272 389; x_wconf 90' lang='lat' dir='ltr'><strong>S.</strong></span> <span class='ocrx_word' id='word_1_549' title='bbox 2316 335 2679 394; x_wconf 82' lang='lat' dir='ltr'><strong>AUGUSTINI</strong></span> 
     </span>
    </p>
   </div>
   <div class='ocr_carea' id='block_1_63' title="bbox 3679 344 3795 403">
    <p class='ocr_par' dir='ltr' id='par_1_63' title="bbox 3679 344 3795 403">
     <span class='ocr_line' id='line_1_63' title="bbox 3679 344 3795 403; baseline 0.009 -1"><span class='ocrx_word' id='word_1_550' title='bbox 3679 344 3795 403; x_wconf 80' lang='lat'><strong>936</strong></span> 
     </span>
    </p>
   </div>
   <div class='ocr_carea' id='block_1_64' title="bbox 2218 450 3792 530">
    <p class='ocr_par' dir='ltr' id='par_1_64' title="bbox 2218 450 3792 530">
     <span class='ocr_line' id='line_1_64' title="bbox 2218 450 3792 530; baseline 0.011 -31"><span class='ocrx_word' id='word_1_551' title='bbox 2218 461 2376 503; x_wconf 89' lang='lat' dir='ltr'><strong>causa</strong></span> <span class='ocrx_word' id='word_1_552' title='bbox 2416 460 2498 505; x_wconf 85' lang='lat' dir='ltr'><strong>est</strong></span> <span class='ocrx_word' id='word_1_553' title='bbox 2528 461 2583 505; x_wconf 91' lang='lat' dir='ltr'><strong>ut</strong></span> <span class='ocrx_word' id='word_1_554' title='bbox 2608 455 2675 506; x_wconf 85' lang='lat' dir='ltr'><strong>sit</strong></span> <span class='ocrx_word' id='word_1_555' title='bbox 2705 470 2715 504; x_wconf 91' lang='lat'>:</span> <span class='ocrx_word' id='word_1_556' title='bbox 2746 450 2967 521; x_wconf 86' lang='lat' dir='ltr'><strong>proinde</strong></span> <span class='ocrx_word' id='word_1_557' title='bbox 2998 452 3041 508; x_wconf 90' lang='lat' dir='ltr'><strong>si</strong></span> <span class='ocrx_word' id='word_1_558' title='bbox 3070 454 3326 525; x_wconf 88' lang='lat' dir='ltr'><strong>sapientia</strong></span> <span class='ocrx_word' id='word_1_559' title='bbox 3353 472 3509 528; x_wconf 91' lang='lat' dir='ltr'><strong>quam</strong></span> <span class='ocrx_word' id='word_1_560' title='bbox 3551 460 3741 530; x_wconf 84' lang='lat' dir='ltr'><strong>genuit</strong></span> <span class='ocrx_word' id='word_1_561' title='bbox 3774 503 3792 526; x_wconf 94' lang='lat'><strong>,</strong></span> 
     </span>
    </p>
   </div>
   <div class='ocr_carea' id='block_1_65' title="bbox 2212 543 3800 620">
    <p class='ocr_par' dir='ltr' id='par_1_65' title="bbox 2212 543 3800 620">
     <span class='ocr_line' id='line_1_65' title="bbox 2212 543 3800 620; baseline 0.009 -26"><span class='ocrx_word' id='word_1_562' title='bbox 2212 555 2373 595; x_wconf 89' lang='lat' dir='ltr'><strong>causa</strong></span> <span class='ocrx_word' id='word_1_563' title='bbox 2410 543 2486 597; x_wconf 92' lang='lat' dir='ltr'><strong>illi</strong></span> <span class='ocrx_word' id='word_1_564' title='bbox 2532 553 2615 598; x_wconf 84' lang='lat' dir='ltr'><strong>est</strong></span> <span class='ocrx_word' id='word_1_565' title='bbox 2644 554 2701 599; x_wconf 88' lang='lat' dir='ltr'><strong>ut</strong></span> <span class='ocrx_word' id='word_1_566' title='bbox 2739 546 2951 615; x_wconf 89' lang='lat' dir='ltr'><strong>sapiens</strong></span> <span class='ocrx_word' id='word_1_567' title='bbox 2987 546 3093 613; x_wconf 90' lang='lat' dir='ltr'><strong>sit,</strong></span> <span class='ocrx_word' id='word_1_568' title='bbox 3130 548 3291 603; x_wconf 88' lang='lat' dir='ltr'><strong>etiam</strong></span> <span class='ocrx_word' id='word_1_569' title='bbox 3340 556 3400 604; x_wconf 90' lang='lat' dir='ltr'><strong>ut</strong></span> <span class='ocrx_word' id='word_1_570' title='bbox 3433 549 3506 604; x_wconf 91' lang='lat' dir='ltr'><strong>sit</strong></span> <span class='ocrx_word' id='word_1_571' title='bbox 3551 551 3665 620; x_wconf 84' lang='lat' dir='ltr'><strong>ipsa</strong></span> <span class='ocrx_word' id='word_1_572' title='bbox 3718 553 3800 609; x_wconf 88' lang='lat' dir='ltr'><strong>illi</strong></span> 
     </span>
    </p>
   </div>
   <div class='ocr_carea' id='block_1_66' title="bbox 2212 637 3799 711">
    <p class='ocr_par' dir='ltr' id='par_1_66' title="bbox 2212 637 3799 711">
     <span class='ocr_line' id='line_1_66' title="bbox 2212 637 3799 711; baseline 0.007 -25"><span class='ocrx_word' id='word_1_573' title='bbox 2212 645 2370 687; x_wconf 92' lang='lat' dir='ltr'><strong>causa</strong></span> <span class='ocrx_word' id='word_1_574' title='bbox 2399 642 2498 689; x_wconf 90' lang='lat' dir='ltr'><strong>est.</strong></span> <span class='ocrx_word' id='word_1_575' title='bbox 2531 637 2681 703; x_wconf 84' lang='lat' dir='ltr'><strong>Quod</strong></span> <span class='ocrx_word' id='word_1_576' title='bbox 2726 637 2841 691; x_wconf 84' lang='lat' dir='ltr'><strong>ﬁeri</strong></span> <span class='ocrx_word' id='word_1_577' title='bbox 2868 652 2973 692; x_wconf 92' lang='lat' dir='ltr'><strong>non</strong></span> <span class='ocrx_word' id='word_1_578' title='bbox 3000 646 3194 706; x_wconf 90' lang='lat' dir='ltr'><strong>potest,</strong></span> <span class='ocrx_word' id='word_1_579' title='bbox 3226 639 3328 694; x_wconf 89' lang='lat' dir='ltr'><strong>nisi</strong></span> <span class='ocrx_word' id='word_1_580' title='bbox 3365 640 3631 711; x_wconf 83' lang='lat' dir='ltr'><strong>gignendo</strong></span> <span class='ocrx_word' id='word_1_581' title='bbox 3667 658 3799 698; x_wconf 86' lang='lat' dir='ltr'><strong>eum</strong></span> 
     </span>
    </p>
   </div>
   <div class='ocr_carea' id='block_1_67' title="bbox 2212 722 3798 800">
    <p class='ocr_par' dir='ltr' id='par_1_67' title="bbox 2212 722 3798 800">
     <span class='ocr_line' id='line_1_67' title="bbox 2212 722 3798 800; baseline 0.006 -24"><span class='ocrx_word' id='word_1_582' title='bbox 2212 731 2303 776; x_wconf 91' lang='lat' dir='ltr'><strong>aut</strong></span> <span class='ocrx_word' id='word_1_583' title='bbox 2327 722 2591 779; x_wconf 85' lang='lat' dir='ltr'><strong>faciendo.</strong></span> <span class='ocrx_word' id='word_1_584' title='bbox 2618 725 2721 781; x_wconf 89' lang='lat' dir='ltr'><strong>Sed</strong></span> <span class='ocrx_word' id='word_1_585' title='bbox 2749 741 2921 797; x_wconf 88' lang='lat' dir='ltr'><strong>neque</strong></span> <span class='ocrx_word' id='word_1_586' title='bbox 2951 727 3259 798; x_wconf 80' lang='lat' dir='ltr'><strong>genitricem</strong></span> <span class='ocrx_word' id='word_1_587' title='bbox 3278 768 3293 793; x_wconf 93' lang='lat'><strong>,</strong></span> <span class='ocrx_word' id='word_1_588' title='bbox 3321 744 3492 800; x_wconf 90' lang='lat' dir='ltr'><strong>neque</strong></span> <span class='ocrx_word' id='word_1_589' title='bbox 3531 729 3798 786; x_wconf 86' lang='lat' dir='ltr'><strong>conditri-</strong></span> 
     </span>
    </p>
   </div>
   <div class='ocr_carea' id='block_1_68' title="bbox 2209 814 3795 890">
    <p class='ocr_par' dir='ltr' id='par_1_68' title="bbox 2209 814 3795 890">
     <span class='ocr_line' id='line_1_68' title="bbox 2209 814 3795 890; baseline 0.004 -20"><span class='ocrx_word' id='word_1_590' title='bbox 2209 825 2326 870; x_wconf 83' lang='lat' dir='ltr'><strong>cem</strong></span> <span class='ocrx_word' id='word_1_591' title='bbox 2378 814 2551 871; x_wconf 89' lang='lat' dir='ltr'><strong>Patris</strong></span> <span class='ocrx_word' id='word_1_592' title='bbox 2579 816 2686 871; x_wconf 93' lang='lat' dir='ltr'><strong>ullo</strong></span> <span class='ocrx_word' id='word_1_593' title='bbox 2729 818 2889 873; x_wconf 92' lang='lat' dir='ltr'><strong>modo</strong></span> <span class='ocrx_word' id='word_1_594' title='bbox 2914 819 3192 889; x_wconf 87' lang='lat' dir='ltr'><strong>quisquam</strong></span> <span class='ocrx_word' id='word_1_595' title='bbox 3221 818 3415 876; x_wconf 84' lang='lat' dir='ltr'><strong>dixerit</strong></span> <span class='ocrx_word' id='word_1_596' title='bbox 3454 822 3795 890; x_wconf 86' lang='lat' dir='ltr'><strong>sapientiam.</strong></span> 
     </span>
    </p>
   </div>
   <div class='ocr_carea' id='block_1_69' title="bbox 2209 901 3792 981">
    <p class='ocr_par' dir='ltr' id='par_1_69' title="bbox 2209 901 3792 981">
     <span class='ocr_line' id='line_1_69' title="bbox 2209 901 3792 981; baseline 0.004 -24"><span class='ocrx_word' id='word_1_597' title='bbox 2209 901 2347 970; x_wconf 86' lang='lat' dir='ltr'><strong>Quid</strong></span> <span class='ocrx_word' id='word_1_598' title='bbox 2396 904 2536 959; x_wconf 90' lang='lat' dir='ltr'><strong>enim</strong></span> <span class='ocrx_word' id='word_1_599' title='bbox 2588 906 2867 961; x_wconf 74' lang='lat' dir='ltr'><strong>insanius?</strong></span> <span class='ocrx_word' id='word_1_600' title='bbox 2893 908 3032 978; x_wconf 85' lang='lat' dir='ltr'><strong>Ergo</strong></span> <span class='ocrx_word' id='word_1_601' title='bbox 3057 916 3112 963; x_wconf 90' lang='lat' dir='ltr'><strong>et</strong></span> <span class='ocrx_word' id='word_1_602' title='bbox 3135 907 3294 963; x_wconf 89' lang='lat' dir='ltr'><strong>Pater</strong></span> <span class='ocrx_word' id='word_1_603' title='bbox 3325 908 3441 977; x_wconf 91' lang='lat' dir='ltr'><strong>ipse</strong></span> <span class='ocrx_word' id='word_1_604' title='bbox 3478 911 3495 941; x_wconf 77' lang='grc' dir='ltr'>ί</span> <span class='ocrx_word' id='word_1_605' title='bbox 3525 911 3792 981; x_wconf 85' lang='lat' dir='ltr'><strong>sapientia</strong></span> 
     </span>
    </p>
   </div>
   <div class='ocr_carea' id='block_1_70' title="bbox 2211 994 3792 1073">
    <p class='ocr_par' dir='ltr' id='par_1_70' title="bbox 2211 994 3792 1073">
     <span class='ocr_line' id='line_1_70' title="bbox 2211 994 3792 1073; baseline 0.004 -26"><span class='ocrx_word' id='word_1_606' title='bbox 2211 1003 2294 1047; x_wconf 92' lang='lat' dir='ltr'><strong>est</strong></span> <span class='ocrx_word' id='word_1_607' title='bbox 2323 1011 2335 1047; x_wconf 91' lang='lat'>:</span> <span class='ocrx_word' id='word_1_608' title='bbox 2368 1004 2421 1049; x_wconf 89' lang='lat' dir='ltr'><strong>et</strong></span> <span class='ocrx_word' id='word_1_609' title='bbox 2450 994 2518 1049; x_wconf 92' lang='lat' dir='ltr'><strong>ita</strong></span> <span class='ocrx_word' id='word_1_610' title='bbox 2550 995 2740 1052; x_wconf 90' lang='lat' dir='ltr'><strong>dicitur</strong></span> <span class='ocrx_word' id='word_1_611' title='bbox 2768 996 2931 1052; x_wconf 87' lang='lat' dir='ltr'><strong>Filius</strong></span> <span class='ocrx_word' id='word_1_612' title='bbox 2956 998 3213 1068; x_wconf 86' lang='lat' dir='ltr'><strong>sapientia</strong></span> <span class='ocrx_word' id='word_1_613' title='bbox 3256 1000 3432 1056; x_wconf 89' lang='lat' dir='ltr'><strong>Patris</strong></span> <span class='ocrx_word' id='word_1_614' title='bbox 3451 1040 3467 1066; x_wconf 91' lang='lat'><strong>,</strong></span> <span class='ocrx_word' id='word_1_615' title='bbox 3515 1000 3792 1073; x_wconf 88' lang='lat' dir='ltr'><strong>quomodo</strong></span> 
     </span>
    </p>
   </div>
   <div class='ocr_carea' id='block_1_71' title="bbox 2208 1082 3794 1159">
    <p class='ocr_par' dir='ltr' id='par_1_71' title="bbox 2208 1082 3794 1159">
     <span class='ocr_line' id='line_1_71' title="bbox 2208 1082 3794 1159; baseline 0.006 -22"><span class='ocrx_word' id='word_1_616' title='bbox 2208 1082 2399 1139; x_wconf 91' lang='lat' dir='ltr'><strong>dicitur</strong></span> <span class='ocrx_word' id='word_1_617' title='bbox 2415 1086 2590 1141; x_wconf 86' lang='lat' dir='ltr'><strong>lumen</strong></span> <span class='ocrx_word' id='word_1_618' title='bbox 2614 1086 2819 1154; x_wconf 83' lang='lat' dir='ltr'><strong>Patris;</strong></span> <span class='ocrx_word' id='word_1_619' title='bbox 2852 1086 2903 1142; x_wconf 91' lang='lat' dir='ltr'><strong>id</strong></span> <span class='ocrx_word' id='word_1_620' title='bbox 2924 1098 3026 1155; x_wconf 90' lang='lat' dir='ltr'><strong>est,</strong></span> <span class='ocrx_word' id='word_1_621' title='bbox 3048 1095 3108 1143; x_wconf 91' lang='lat' dir='ltr'><strong>ut</strong></span> <span class='ocrx_word' id='word_1_622' title='bbox 3126 1091 3572 1159; x_wconf 87' lang='lat' dir='ltr'><strong>quemadmodum</strong></span> <span class='ocrx_word' id='word_1_623' title='bbox 3602 1091 3794 1146; x_wconf 89' lang='lat' dir='ltr'><strong>lumen</strong></span> 
     </span>
    </p>
   </div>
   <div class='ocr_carea' id='block_1_72' title="bbox 2208 1174 3795 1251">
    <p class='ocr_par' dir='ltr' id='par_1_72' title="bbox 2208 1174 3795 1251">
     <span class='ocr_line' id='line_1_72' title="bbox 2208 1174 3795 1251; baseline 0.002 -21"><span class='ocrx_word' id='word_1_624' title='bbox 2208 1174 2275 1231; x_wconf 91' lang='lat' dir='ltr'><strong>de</strong></span> <span class='ocrx_word' id='word_1_625' title='bbox 2304 1177 2522 1243; x_wconf 89' lang='lat' dir='ltr'><strong>lumine,</strong></span> <span class='ocrx_word' id='word_1_626' title='bbox 2551 1186 2607 1234; x_wconf 90' lang='lat' dir='ltr'><strong>et</strong></span> <span class='ocrx_word' id='word_1_627' title='bbox 2643 1187 2925 1250; x_wconf 88' lang='lat' dir='ltr'><strong>utrumque</strong></span> <span class='ocrx_word' id='word_1_628' title='bbox 2954 1195 3119 1235; x_wconf 91' lang='lat' dir='ltr'><strong>unum</strong></span> <span class='ocrx_word' id='word_1_629' title='bbox 3164 1181 3343 1236; x_wconf 90' lang='lat' dir='ltr'><strong>lumen</strong></span> <span class='ocrx_word' id='word_1_630' title='bbox 3367 1196 3382 1247; x_wconf 91' lang='lat'><strong>;</strong></span> <span class='ocrx_word' id='word_1_631' title='bbox 3413 1181 3492 1236; x_wconf 91' lang='lat' dir='ltr'><strong>sic</strong></span> <span class='ocrx_word' id='word_1_632' title='bbox 3516 1180 3795 1251; x_wconf 81' lang='lat' dir='ltr'><strong>intelliga-</strong></span> 
     </span>
    </p>
   </div>
   <div class='ocr_carea' id='block_1_73' title="bbox 2209 1268 3788 1344">
    <p class='ocr_par' dir='ltr' id='par_1_73' title="bbox 2209 1268 3788 1344">
     <span class='ocr_line' id='line_1_73' title="bbox 2209 1268 3788 1344; baseline 0.006 -22"><span class='ocrx_word' id='word_1_633' title='bbox 2209 1277 2296 1323; x_wconf 90' lang='lat' dir='ltr'><strong>tur</strong></span> <span class='ocrx_word' id='word_1_634' title='bbox 2324 1270 2581 1339; x_wconf 84' lang='lat' dir='ltr'><strong>sapicntia</strong></span> <span class='ocrx_word' id='word_1_635' title='bbox 2608 1268 2675 1326; x_wconf 90' lang='lat' dir='ltr'><strong>de</strong></span> <span class='ocrx_word' id='word_1_636' title='bbox 2696 1271 2972 1341; x_wconf 91' lang='lat' dir='ltr'><strong>sapientia,</strong></span> <span class='ocrx_word' id='word_1_637' title='bbox 2992 1282 3045 1328; x_wconf 92' lang='lat' dir='ltr'><strong>et</strong></span> <span class='ocrx_word' id='word_1_638' title='bbox 3068 1281 3347 1343; x_wconf 85' lang='lat' dir='ltr'><strong>utrumque</strong></span> <span class='ocrx_word' id='word_1_639' title='bbox 3367 1288 3470 1327; x_wconf 90' lang='lat' dir='ltr'><strong>una</strong></span> <span class='ocrx_word' id='word_1_640' title='bbox 3486 1274 3745 1344; x_wconf 87' lang='lat' dir='ltr'><strong>sapientia</strong></span> <span class='ocrx_word' id='word_1_641' title='bbox 3769 1290 3788 1331; x_wconf 92' lang='lat'><strong>:</strong></span> 
     </span>
    </p>
   </div>
   <div class='ocr_carea' id='block_1_74' title="bbox 2208 1361 3793 1435">
    <p class='ocr_par' dir='ltr' id='par_1_74' title="bbox 2208 1361 3793 1435">
     <span class='ocr_line' id='line_1_74' title="bbox 2208 1361 3793 1435; baseline 0.005 -22"><span class='ocrx_word' id='word_1_642' title='bbox 2208 1373 2335 1427; x_wconf 89' lang='lat' dir='ltr'><strong>ergo</strong></span> <span class='ocrx_word' id='word_1_643' title='bbox 2379 1368 2433 1413; x_wconf 91' lang='lat' dir='ltr'><strong>et</strong></span> <span class='ocrx_word' id='word_1_644' title='bbox 2483 1374 2585 1414; x_wconf 91' lang='lat' dir='ltr'><strong>una</strong></span> <span class='ocrx_word' id='word_1_645' title='bbox 2638 1361 2905 1427; x_wconf 87' lang='lat' dir='ltr'><strong>essentia;</strong></span> <span class='ocrx_word' id='word_1_646' title='bbox 2937 1362 3059 1433; x_wconf 89' lang='lat' dir='ltr'><strong>quia</strong></span> <span class='ocrx_word' id='word_1_647' title='bbox 3108 1362 3210 1417; x_wconf 87' lang='lat' dir='ltr'><strong>hoc</strong></span> <span class='ocrx_word' id='word_1_648' title='bbox 3250 1373 3333 1417; x_wconf 87' lang='lat' dir='ltr'><strong>est</strong></span> <span class='ocrx_word' id='word_1_649' title='bbox 3375 1362 3448 1419; x_wconf 89' lang='lat' dir='ltr'><strong>ibi</strong></span> <span class='ocrx_word' id='word_1_650' title='bbox 3482 1378 3602 1420; x_wconf 89' lang='lat' dir='ltr'><strong>esse</strong></span> <span class='ocrx_word' id='word_1_651' title='bbox 3638 1365 3793 1435; x_wconf 89' lang='lat' dir='ltr'><strong>quod</strong></span> 
     </span>
    </p>
   </div>
   <div class='ocr_carea' id='block_1_75' title="bbox 2207 1449 3797 1524">
    <p class='ocr_par' dir='ltr' id='par_1_75' title="bbox 2207 1449 3797 1524">
     <span class='ocr_line' id='line_1_75' title="bbox 2207 1449 3797 1524; baseline 0.006 -21"><span class='ocrx_word' id='word_1_652' title='bbox 2207 1463 2417 1519; x_wconf 83' lang='lat' dir='ltr'><strong>sapere.</strong></span> <span class='ocrx_word' id='word_1_653' title='bbox 2449 1449 2602 1518; x_wconf 89' lang='lat' dir='ltr'><strong>Quod</strong></span> <span class='ocrx_word' id='word_1_654' title='bbox 2628 1452 2769 1505; x_wconf 89' lang='lat' dir='ltr'><strong>enim</strong></span> <span class='ocrx_word' id='word_1_655' title='bbox 2796 1461 2878 1506; x_wconf 92' lang='lat' dir='ltr'><strong>est</strong></span> <span class='ocrx_word' id='word_1_656' title='bbox 2902 1453 3178 1523; x_wconf 70' lang='lat' dir='ltr'><strong>sapientia:</strong></span> <span class='ocrx_word' id='word_1_657' title='bbox 3212 1468 3419 1522; x_wconf 89' lang='lat' dir='ltr'><strong>sapere,</strong></span> <span class='ocrx_word' id='word_1_658' title='bbox 3449 1464 3501 1509; x_wconf 92' lang='lat' dir='ltr'><strong>et</strong></span> <span class='ocrx_word' id='word_1_659' title='bbox 3535 1458 3797 1524; x_wconf 67' lang='lat' dir='ltr'><strong>potentia:</strong></span> 
     </span>
    </p>
   </div>
   <div class='ocr_carea' id='block_1_76' title="bbox 2206 1542 3795 1614">
    <p class='ocr_par' dir='ltr' id='par_1_76' title="bbox 2206 1542 3795 1614">
     <span class='ocr_line' id='line_1_76' title="bbox 2206 1542 3795 1614; baseline 0.002 -20"><span class='ocrx_word' id='word_1_660' title='bbox 2206 1554 2402 1610; x_wconf 88' lang='lat' dir='ltr'><strong>posse,</strong></span> <span class='ocrx_word' id='word_1_661' title='bbox 2451 1548 2504 1594; x_wconf 90' lang='lat' dir='ltr'><strong>et</strong></span> <span class='ocrx_word' id='word_1_662' title='bbox 2555 1542 2835 1596; x_wconf 82' lang='lat' dir='ltr'><strong>aeternitati</strong></span> <span class='ocrx_word' id='word_1_663' title='bbox 2884 1550 3142 1597; x_wconf 84' lang='lat' dir='ltr'><strong>aeternam</strong></span> <span class='ocrx_word' id='word_1_664' title='bbox 3166 1556 3304 1609; x_wconf 90' lang='lat' dir='ltr'><strong>esse,</strong></span> <span class='ocrx_word' id='word_1_665' title='bbox 3332 1542 3551 1611; x_wconf 77' lang='lat' dir='ltr'><strong>iustitia:</strong></span> <span class='ocrx_word' id='word_1_666' title='bbox 3585 1544 3795 1614; x_wconf 84' lang='lat' dir='ltr'><strong>iustam</strong></span> 
     </span>
    </p>
   </div>
   <div class='ocr_carea' id='block_1_77' title="bbox 2207 1631 3795 1702">
    <p class='ocr_par' dir='ltr' id='par_1_77' title="bbox 2207 1631 3795 1702">
     <span class='ocr_line' id='line_1_77' title="bbox 2207 1631 3795 1702; baseline 0.003 -17"><span class='ocrx_word' id='word_1_667' title='bbox 2207 1644 2347 1696; x_wconf 86' lang='lat' dir='ltr'><strong>esse,</strong></span> <span class='ocrx_word' id='word_1_668' title='bbox 2396 1631 2743 1700; x_wconf 89' lang='lat' dir='ltr'><strong>magnitudini</strong></span> <span class='ocrx_word' id='word_1_669' title='bbox 2787 1646 3032 1702; x_wconf 88' lang='lat' dir='ltr'><strong>magnam</strong></span> <span class='ocrx_word' id='word_1_670' title='bbox 3077 1646 3230 1698; x_wconf 87' lang='lat' dir='ltr'><strong>esse;</strong></span> <span class='ocrx_word' id='word_1_671' title='bbox 3275 1631 3376 1687; x_wconf 89' lang='lat' dir='ltr'><strong>hoc</strong></span> <span class='ocrx_word' id='word_1_672' title='bbox 3414 1640 3498 1687; x_wconf 88' lang='lat' dir='ltr'><strong>est</strong></span> <span class='ocrx_word' id='word_1_673' title='bbox 3539 1634 3795 1689; x_wconf 72' lang='lat' dir='ltr'><strong>essentia:</strong></span> 
     </span>
    </p>
   </div>
   <div class='ocr_carea' id='block_1_78' title="bbox 2208 1720 3797 1792">
    <p class='ocr_par' dir='ltr' id='par_1_78' title="bbox 2208 1720 3797 1792">
     <span class='ocr_line' id='line_1_78' title="bbox 2208 1720 3797 1792; baseline 0.003 -17"><span class='ocrx_word' id='word_1_674' title='bbox 2208 1720 2378 1789; x_wconf 89' lang='lat' dir='ltr'><strong>ipsum</strong></span> <span class='ocrx_word' id='word_1_675' title='bbox 2433 1735 2574 1777; x_wconf 90' lang='lat' dir='ltr'><strong>esse.</strong></span> <span class='ocrx_word' id='word_1_676' title='bbox 2625 1722 2694 1776; x_wconf 85' lang='lat' dir='ltr'><strong>Et</strong></span> <span class='ocrx_word' id='word_1_677' title='bbox 2739 1722 2860 1792; x_wconf 91' lang='lat' dir='ltr'><strong>quia</strong></span> <span class='ocrx_word' id='word_1_678' title='bbox 2906 1723 2958 1776; x_wconf 87' lang='lat' dir='ltr'><strong>in</strong></span> <span class='ocrx_word' id='word_1_679' title='bbox 3007 1723 3094 1776; x_wconf 90' lang='lat' dir='ltr'><strong>illa</strong></span> <span class='ocrx_word' id='word_1_680' title='bbox 3147 1721 3486 1792; x_wconf 87' lang='lat' dir='ltr'><strong>simplicitate</strong></span> <span class='ocrx_word' id='word_1_681' title='bbox 3546 1737 3653 1778; x_wconf 91' lang='lat' dir='ltr'><strong>non</strong></span> <span class='ocrx_word' id='word_1_682' title='bbox 3703 1733 3797 1779; x_wconf 88' lang='lat' dir='ltr'><strong>est</strong></span> 
     </span>
    </p>
   </div>
   <div class='ocr_carea' id='block_1_79' title="bbox 2206 1811 3796 1887">
    <p class='ocr_par' dir='ltr' id='par_1_79' title="bbox 2206 1811 3796 1887">
     <span class='ocr_line' id='line_1_79' title="bbox 2206 1811 3796 1887; baseline 0.004 -24"><span class='ocrx_word' id='word_1_683' title='bbox 2206 1811 2347 1865; x_wconf 88' lang='lat' dir='ltr'><strong>aliud</strong></span> <span class='ocrx_word' id='word_1_684' title='bbox 2376 1825 2562 1881; x_wconf 83' lang='lat' dir='ltr'><strong>sapere</strong></span> <span class='ocrx_word' id='word_1_685' title='bbox 2590 1828 2745 1883; x_wconf 88' lang='lat' dir='ltr'><strong>quam</strong></span> <span class='ocrx_word' id='word_1_686' title='bbox 2776 1827 2915 1879; x_wconf 90' lang='lat' dir='ltr'><strong>esse,</strong></span> <span class='ocrx_word' id='word_1_687' title='bbox 2946 1811 3133 1869; x_wconf 84' lang='lat' dir='ltr'><strong>eadem</strong></span> <span class='ocrx_word' id='word_1_688' title='bbox 3164 1812 3236 1868; x_wconf 89' lang='lat' dir='ltr'><strong>ibi</strong></span> <span class='ocrx_word' id='word_1_689' title='bbox 3272 1812 3528 1885; x_wconf 86' lang='lat' dir='ltr'><strong>sapientia</strong></span> <span class='ocrx_word' id='word_1_690' title='bbox 3556 1823 3640 1870; x_wconf 87' lang='lat' dir='ltr'><strong>est</strong></span> <span class='ocrx_word' id='word_1_691' title='bbox 3664 1830 3796 1887; x_wconf 70' lang='lat' dir='ltr'><strong>quae</strong></span> 
     </span>
    </p>
   </div>
   <div class='ocr_carea' id='block_1_80' title="bbox 2208 1902 2457 1955">
    <p class='ocr_par' dir='ltr' id='par_1_80' title="bbox 2208 1902 2457 1955">
     <span class='ocr_line' id='line_1_80' title="bbox 2208 1902 2457 1955; baseline -0.004 0"><span class='ocrx_word' id='word_1_692' title='bbox 2208 1902 2457 1955; x_wconf 91' lang='lat' dir='ltr'><strong>essentia.</strong></span> 
     </span>
    </p>
   </div>
   <div class='ocr_carea' id='block_1_81' title="bbox 2277 1992 3785 2067">
    <p class='ocr_par' dir='ltr' id='par_1_81' title="bbox 2277 1992 3785 2067">
     <span class='ocr_line' id='line_1_81' title="bbox 2277 1992 3785 2067; baseline 0.002 -20"><span class='ocrx_word' id='word_1_693' title='bbox 2277 1992 2500 2049; x_wconf 86' lang='lat' dir='ltr'><strong>CAPUT</strong></span> <span class='ocrx_word' id='word_1_694' title='bbox 2538 1992 2754 2050; x_wconf 79' lang='lat' dir='ltr'><strong>ll.—5.</strong></span> <span class='ocrx_word' id='word_1_695' title='bbox 2782 1992 2934 2048; x_wconf 85' lang='lat' dir='ltr'><strong>Pater</strong></span> <span class='ocrx_word' id='word_1_696' title='bbox 2949 2003 2992 2048; x_wconf 92' lang='lat' dir='ltr'><strong>et</strong></span> <span class='ocrx_word' id='word_1_697' title='bbox 3010 1992 3059 2048; x_wconf 84' lang='lat' dir='ltr'><em>F</em></span> <span class='ocrx_word' id='word_1_698' title='bbox 3060 1994 3174 2049; x_wconf 85' lang='lat' dir='ltr'><strong>ilius</strong></span> <span class='ocrx_word' id='word_1_699' title='bbox 3201 1996 3353 2049; x_wconf 76' lang='lat' dir='ltr'><strong>simul</strong></span> <span class='ocrx_word' id='word_1_700' title='bbox 3379 2014 3478 2050; x_wconf 88' lang='lat' dir='ltr'><strong>una</strong></span> <span class='ocrx_word' id='word_1_701' title='bbox 3502 1998 3785 2067; x_wconf 79' lang='lat' dir='ltr'><strong>sapientia,</strong></span> 
     </span>
    </p>
   </div>
   <div class='ocr_carea' id='block_1_82' title="bbox 2206 2084 3790 2150">
    <p class='ocr_par' dir='ltr' id='par_1_82' title="bbox 2206 2084 3790 2150">
     <span class='ocr_line' id='line_1_82' title="bbox 2206 2084 3790 2150; baseline 0.001 -13"><span class='ocrx_word' id='word_1_702' title='bbox 2206 2084 2332 2137; x_wconf 84' lang='lat' dir='ltr'><strong>sicut</strong></span> <span class='ocrx_word' id='word_1_703' title='bbox 2358 2101 2459 2137; x_wconf 83' lang='lat' dir='ltr'><strong>una</strong></span> <span class='ocrx_word' id='word_1_704' title='bbox 2486 2085 2728 2150; x_wconf 77' lang='lat' dir='ltr'><strong>essentia,</strong></span> <span class='ocrx_word' id='word_1_705' title='bbox 2784 2087 2979 2139; x_wconf 82' lang='lat' dir='ltr'><strong>tametsi</strong></span> <span class='ocrx_word' id='word_1_706' title='bbox 3029 2102 3130 2139; x_wconf 87' lang='lat' dir='ltr'><strong>non</strong></span> <span class='ocrx_word' id='word_1_707' title='bbox 3179 2086 3333 2140; x_wconf 84' lang='lat' dir='ltr'><strong>simul</strong></span> <span class='ocrx_word' id='word_1_708' title='bbox 3358 2104 3510 2140; x_wconf 84' lang='lat' dir='ltr'><strong>unum</strong></span> <span class='ocrx_word' id='word_1_709' title='bbox 3547 2086 3790 2141; x_wconf 83' lang='lat' dir='ltr'><strong>Verbum.</strong></span> 
     </span>
    </p>
   </div>
   <div class='ocr_carea' id='block_1_83' title="bbox 2210 2173 3794 2244">
    <p class='ocr_par' dir='ltr' id='par_1_83' title="bbox 2210 2173 3794 2244">
     <span class='ocr_line' id='line_1_83' title="bbox 2210 2173 3794 2244; baseline 0.001 -15"><span class='ocrx_word' id='word_1_710' title='bbox 2210 2173 2369 2229; x_wconf 83' lang='lat' dir='ltr'><strong>Pater</strong></span> <span class='ocrx_word' id='word_1_711' title='bbox 2395 2174 2551 2244; x_wconf 83' lang='lat' dir='ltr'><strong>igitur</strong></span> <span class='ocrx_word' id='word_1_712' title='bbox 2575 2183 2629 2229; x_wconf 89' lang='lat' dir='ltr'><strong>et</strong></span> <span class='ocrx_word' id='word_1_713' title='bbox 2652 2174 2818 2230; x_wconf 90' lang='lat' dir='ltr'><strong>Filius</strong></span> <span class='ocrx_word' id='word_1_714' title='bbox 2843 2175 3000 2229; x_wconf 90' lang='lat' dir='ltr'><strong>simul</strong></span> <span class='ocrx_word' id='word_1_715' title='bbox 3040 2190 3142 2229; x_wconf 89' lang='lat' dir='ltr'><strong>una</strong></span> <span class='ocrx_word' id='word_1_716' title='bbox 3168 2175 3426 2241; x_wconf 87' lang='lat' dir='ltr'><strong>essentia,</strong></span> <span class='ocrx_word' id='word_1_717' title='bbox 3468 2185 3519 2231; x_wconf 90' lang='lat' dir='ltr'><strong>et</strong></span> <span class='ocrx_word' id='word_1_718' title='bbox 3539 2192 3643 2231; x_wconf 89' lang='lat' dir='ltr'><strong>una</strong></span> <span class='ocrx_word' id='word_1_719' title='bbox 3672 2194 3794 2231; x_wconf 76' lang='lat' dir='ltr'><strong>na-</strong></span> 
     </span>
    </p>
   </div>
   <div class='ocr_carea' id='block_1_84' title="bbox 2207 2265 3795 2337">
    <p class='ocr_par' dir='ltr' id='par_1_84' title="bbox 2207 2265 3795 2337">
     <span class='ocr_line' id='line_1_84' title="bbox 2207 2265 3795 2337; baseline 0.003 -17"><span class='ocrx_word' id='word_1_720' title='bbox 2207 2265 2459 2337; x_wconf 89' lang='lat' dir='ltr'><strong>gnitudo,</strong></span> <span class='ocrx_word' id='word_1_721' title='bbox 2495 2276 2549 2321; x_wconf 91' lang='lat' dir='ltr'><strong>et</strong></span> <span class='ocrx_word' id='word_1_722' title='bbox 2574 2281 2677 2321; x_wconf 90' lang='lat' dir='ltr'><strong>una</strong></span> <span class='ocrx_word' id='word_1_723' title='bbox 2706 2267 2934 2333; x_wconf 87' lang='lat' dir='ltr'><strong>veritas,</strong></span> <span class='ocrx_word' id='word_1_724' title='bbox 2980 2275 3035 2322; x_wconf 91' lang='lat' dir='ltr'><strong>et</strong></span> <span class='ocrx_word' id='word_1_725' title='bbox 3059 2282 3162 2321; x_wconf 90' lang='lat' dir='ltr'><strong>una</strong></span> <span class='ocrx_word' id='word_1_726' title='bbox 3210 2268 3487 2337; x_wconf 90' lang='lat' dir='ltr'><strong>sapientia.</strong></span> <span class='ocrx_word' id='word_1_727' title='bbox 3529 2268 3635 2324; x_wconf 88' lang='lat' dir='ltr'><strong>Sed</strong></span> <span class='ocrx_word' id='word_1_728' title='bbox 3680 2284 3795 2324; x_wconf 86' lang='lat' dir='ltr'><strong>non</strong></span> 
     </span>
    </p>
   </div>
   <div class='ocr_carea' id='block_1_85' title="bbox 2208 2356 3795 2429">
    <p class='ocr_par' dir='ltr' id='par_1_85' title="bbox 2208 2356 3795 2429">
     <span class='ocr_line' id='line_1_85' title="bbox 2208 2356 3795 2429; baseline 0.002 -19"><span class='ocrx_word' id='word_1_729' title='bbox 2208 2356 2365 2411; x_wconf 91' lang='lat' dir='ltr'><strong>Pater</strong></span> <span class='ocrx_word' id='word_1_730' title='bbox 2389 2365 2443 2411; x_wconf 93' lang='lat' dir='ltr'><strong>et</strong></span> <span class='ocrx_word' id='word_1_731' title='bbox 2488 2356 2655 2411; x_wconf 87' lang='lat' dir='ltr'><strong>Filius</strong></span> <span class='ocrx_word' id='word_1_732' title='bbox 2678 2356 2833 2413; x_wconf 93' lang='lat' dir='ltr'><strong>simul</strong></span> <span class='ocrx_word' id='word_1_733' title='bbox 2862 2356 3019 2412; x_wconf 89' lang='lat' dir='ltr'><strong>ambo</strong></span> <span class='ocrx_word' id='word_1_734' title='bbox 3043 2372 3205 2413; x_wconf 92' lang='lat' dir='ltr'><strong>unum</strong></span> <span class='ocrx_word' id='word_1_735' title='bbox 3234 2356 3467 2412; x_wconf 89' lang='lat' dir='ltr'><strong>Verbum</strong></span> <span class='ocrx_word' id='word_1_736' title='bbox 3487 2400 3502 2425; x_wconf 94' lang='lat'><strong>,</strong></span> <span class='ocrx_word' id='word_1_737' title='bbox 3531 2359 3650 2429; x_wconf 84' lang='lat' dir='ltr'><strong>quia</strong></span> <span class='ocrx_word' id='word_1_738' title='bbox 3681 2374 3795 2413; x_wconf 89' lang='lat' dir='ltr'><strong>non</strong></span> 
     </span>
    </p>
   </div>
   <div class='ocr_carea' id='block_1_86' title="bbox 2210 2447 3794 2505">
    <p class='ocr_par' dir='ltr' id='par_1_86' title="bbox 2210 2447 3794 2505">
     <span class='ocr_line' id='line_1_86' title="bbox 2210 2447 3794 2505; baseline 0 -2"><span class='ocrx_word' id='word_1_739' title='bbox 2210 2447 2370 2504; x_wconf 90' lang='lat' dir='ltr'><strong>simul</strong></span> <span class='ocrx_word' id='word_1_740' title='bbox 2397 2448 2552 2503; x_wconf 92' lang='lat' dir='ltr'><strong>ambo</strong></span> <span class='ocrx_word' id='word_1_741' title='bbox 2584 2464 2719 2503; x_wconf 93' lang='lat' dir='ltr'><strong>unus</strong></span> <span class='ocrx_word' id='word_1_742' title='bbox 2742 2448 2925 2505; x_wconf 89' lang='lat' dir='ltr'><strong>Filius.</strong></span> <span class='ocrx_word' id='word_1_743' title='bbox 2958 2448 3106 2504; x_wconf 85' lang='lat' dir='ltr'><strong>Sicut</strong></span> <span class='ocrx_word' id='word_1_744' title='bbox 3134 2449 3273 2503; x_wconf 91' lang='lat' dir='ltr'><strong>enim</strong></span> <span class='ocrx_word' id='word_1_745' title='bbox 3301 2448 3463 2504; x_wconf 88' lang='lat' dir='ltr'><strong>Filius</strong></span> <span class='ocrx_word' id='word_1_746' title='bbox 3483 2450 3547 2503; x_wconf 88' lang='lat' dir='ltr'><strong>ad</strong></span> <span class='ocrx_word' id='word_1_747' title='bbox 3573 2450 3794 2505; x_wconf 86' lang='lat' dir='ltr'><strong>Patrem</strong></span> 
     </span>
    </p>
   </div>
   <div class='ocr_carea' id='block_1_87' title="bbox 2208 2538 3797 2609">
    <p class='ocr_par' dir='ltr' id='par_1_87' title="bbox 2208 2538 3797 2609">
     <span class='ocr_line' id='line_1_87' title="bbox 2208 2538 3797 2609; baseline -0.001 -15"><span class='ocrx_word' id='word_1_748' title='bbox 2208 2538 2468 2605; x_wconf 78' lang='lat' dir='ltr'><strong>refertur,</strong></span> <span class='ocrx_word' id='word_1_749' title='bbox 2509 2554 2614 2599; x_wconf 88' lang='lat' dir='ltr'><strong>non</strong></span> <span class='ocrx_word' id='word_1_750' title='bbox 2653 2538 2721 2594; x_wconf 88' lang='lat' dir='ltr'><strong>ad</strong></span> <span class='ocrx_word' id='word_1_751' title='bbox 2746 2554 2803 2595; x_wconf 89' lang='lat' dir='ltr'><strong>se</strong></span> <span class='ocrx_word' id='word_1_752' title='bbox 2834 2539 3003 2609; x_wconf 90' lang='lat' dir='ltr'><strong>ipsum</strong></span> <span class='ocrx_word' id='word_1_753' title='bbox 3030 2538 3257 2606; x_wconf 90' lang='lat' dir='ltr'><strong>dicitur;</strong></span> <span class='ocrx_word' id='word_1_754' title='bbox 3289 2540 3356 2593; x_wconf 90' lang='lat' dir='ltr'><strong>ita</strong></span> <span class='ocrx_word' id='word_1_755' title='bbox 3383 2549 3435 2594; x_wconf 90' lang='lat' dir='ltr'><strong>et</strong></span> <span class='ocrx_word' id='word_1_756' title='bbox 3467 2539 3694 2595; x_wconf 82' lang='lat' dir='ltr'><strong>Verbum</strong></span> <span class='ocrx_word' id='word_1_757' title='bbox 3720 2541 3797 2593; x_wconf 80' lang='lat' dir='ltr'><strong>ad</strong></span> 
     </span>
    </p>
   </div>
   <div class='ocr_carea' id='block_1_88' title="bbox 2208 2630 3793 2702">
    <p class='ocr_par' dir='ltr' id='par_1_88' title="bbox 2208 2630 3793 2702">
     <span class='ocr_line' id='line_1_88' title="bbox 2208 2630 3793 2702; baseline 0 -17"><span class='ocrx_word' id='word_1_758' title='bbox 2208 2646 2331 2686; x_wconf 92' lang='lat' dir='ltr'><strong>eum</strong></span> <span class='ocrx_word' id='word_1_759' title='bbox 2361 2637 2512 2702; x_wconf 77' lang='lat' dir='ltr'><strong>cuius</strong></span> <span class='ocrx_word' id='word_1_760' title='bbox 2537 2631 2769 2687; x_wconf 86' lang='lat' dir='ltr'><strong>Verbum</strong></span> <span class='ocrx_word' id='word_1_761' title='bbox 2796 2641 2878 2686; x_wconf 91' lang='lat' dir='ltr'><strong>est</strong></span> <span class='ocrx_word' id='word_1_762' title='bbox 2900 2630 3149 2697; x_wconf 88' lang='lat' dir='ltr'><strong>refertur,</strong></span> <span class='ocrx_word' id='word_1_763' title='bbox 3164 2646 3285 2686; x_wconf 91' lang='lat' dir='ltr'><strong>cum</strong></span> <span class='ocrx_word' id='word_1_764' title='bbox 3310 2630 3503 2686; x_wconf 90' lang='lat' dir='ltr'><strong>dicitur</strong></span> <span class='ocrx_word' id='word_1_765' title='bbox 3528 2630 3793 2687; x_wconf 86' lang='lat' dir='ltr'><strong>Verbum.</strong></span> 
     </span>
    </p>
   </div>
   <div class='ocr_carea' id='block_1_89' title="bbox 2210 2722 3797 2795">
    <p class='ocr_par' dir='ltr' id='par_1_89' title="bbox 2210 2722 3797 2795">
     <span class='ocr_line' id='line_1_89' title="bbox 2210 2722 3797 2795; baseline 0.001 -17"><span class='ocrx_word' id='word_1_766' title='bbox 2210 2722 2291 2778; x_wconf 89' lang='lat' dir='ltr'><strong>Eo</strong></span> <span class='ocrx_word' id='word_1_767' title='bbox 2333 2724 2528 2795; x_wconf 87' lang='lat' dir='ltr'><strong>quippe</strong></span> <span class='ocrx_word' id='word_1_768' title='bbox 2570 2723 2734 2779; x_wconf 90' lang='lat' dir='ltr'><strong>Filius</strong></span> <span class='ocrx_word' id='word_1_769' title='bbox 2770 2739 2874 2794; x_wconf 90' lang='lat' dir='ltr'><strong>quo</strong></span> <span class='ocrx_word' id='word_1_770' title='bbox 2915 2723 3181 2789; x_wconf 78' lang='lat' dir='ltr'><strong>Verbum,</strong></span> <span class='ocrx_word' id='word_1_771' title='bbox 3228 2733 3283 2779; x_wconf 89' lang='lat' dir='ltr'><strong>et</strong></span> <span class='ocrx_word' id='word_1_772' title='bbox 3329 2739 3394 2780; x_wconf 89' lang='lat' dir='ltr'><strong>eo</strong></span> <span class='ocrx_word' id='word_1_773' title='bbox 3423 2724 3652 2779; x_wconf 84' lang='lat' dir='ltr'><strong>Verbum</strong></span> <span class='ocrx_word' id='word_1_774' title='bbox 3684 2740 3797 2794; x_wconf 88' lang='lat' dir='ltr'><strong>quo</strong></span> 
     </span>
    </p>
   </div>
   <div class='ocr_carea' id='block_1_90' title="bbox 2210 2813 3796 2886">
    <p class='ocr_par' dir='ltr' id='par_1_90' title="bbox 2210 2813 3796 2886">
     <span class='ocr_line' id='line_1_90' title="bbox 2210 2813 3796 2886; baseline 0.001 -16"><span class='ocrx_word' id='word_1_775' title='bbox 2210 2813 2398 2870; x_wconf 84' lang='lat' dir='ltr'><strong>Filius.</strong></span> <span class='ocrx_word' id='word_1_776' title='bbox 2441 2815 2703 2883; x_wconf 87' lang='lat' dir='ltr'><strong>Quoniam</strong></span> <span class='ocrx_word' id='word_1_777' title='bbox 2757 2816 2916 2886; x_wconf 83' lang='lat' dir='ltr'><strong>igitur</strong></span> <span class='ocrx_word' id='word_1_778' title='bbox 2959 2815 3116 2869; x_wconf 86' lang='lat' dir='ltr'><strong>Pater</strong></span> <span class='ocrx_word' id='word_1_779' title='bbox 3163 2823 3217 2870; x_wconf 92' lang='lat' dir='ltr'><strong>et</strong></span> <span class='ocrx_word' id='word_1_780' title='bbox 3260 2814 3423 2869; x_wconf 92' lang='lat' dir='ltr'><strong>Filius</strong></span> <span class='ocrx_word' id='word_1_781' title='bbox 3474 2814 3632 2869; x_wconf 78' lang='lat' dir='ltr'><strong>simul</strong></span> <span class='ocrx_word' id='word_1_782' title='bbox 3682 2830 3796 2871; x_wconf 90' lang='lat' dir='ltr'><strong>non</strong></span> 
     </span>
    </p>
   </div>
   <div class='ocr_carea' id='block_1_91' title="bbox 2211 2904 3796 2977">
    <p class='ocr_par' dir='ltr' id='par_1_91' title="bbox 2211 2904 3796 2977">
     <span class='ocr_line' id='line_1_91' title="bbox 2211 2904 3796 2977; baseline 0 -16"><span class='ocrx_word' id='word_1_783' title='bbox 2211 2906 2391 2977; x_wconf 87' lang='lat' dir='ltr'><strong>utique</strong></span> <span class='ocrx_word' id='word_1_784' title='bbox 2414 2920 2551 2960; x_wconf 91' lang='lat' dir='ltr'><strong>unus</strong></span> <span class='ocrx_word' id='word_1_785' title='bbox 2572 2904 2736 2959; x_wconf 86' lang='lat' dir='ltr'><strong>Filius</strong></span> <span class='ocrx_word' id='word_1_786' title='bbox 2759 2945 2775 2972; x_wconf 90' lang='lat'><strong>,</strong></span> <span class='ocrx_word' id='word_1_787' title='bbox 2801 2920 3131 2975; x_wconf 91' lang='lat' dir='ltr'><strong>consequens</strong></span> <span class='ocrx_word' id='word_1_788' title='bbox 3162 2913 3243 2960; x_wconf 89' lang='lat' dir='ltr'><strong>est</strong></span> <span class='ocrx_word' id='word_1_789' title='bbox 3268 2913 3324 2959; x_wconf 93' lang='lat' dir='ltr'><strong>ut</strong></span> <span class='ocrx_word' id='word_1_790' title='bbox 3360 2905 3514 2959; x_wconf 87' lang='lat' dir='ltr'><strong>Pater</strong></span> <span class='ocrx_word' id='word_1_791' title='bbox 3542 2914 3595 2959; x_wconf 89' lang='lat' dir='ltr'><strong>et</strong></span> <span class='ocrx_word' id='word_1_792' title='bbox 3621 2904 3796 2961; x_wconf 87' lang='lat' dir='ltr'><strong>Filius</strong></span> 
     </span>
    </p>
   </div>
   <div class='ocr_carea' id='block_1_92' title="bbox 2209 2995 3791 3067">
    <p class='ocr_par' dir='ltr' id='par_1_92' title="bbox 2209 2995 3791 3067">
     <span class='ocr_line' id='line_1_92' title="bbox 2209 2995 3791 3067; baseline -0.001 -16"><span class='ocrx_word' id='word_1_793' title='bbox 2209 2996 2368 3051; x_wconf 90' lang='lat' dir='ltr'><strong>simul</strong></span> <span class='ocrx_word' id='word_1_794' title='bbox 2389 3013 2493 3051; x_wconf 65' lang='lat' dir='ltr'><strong>non</strong></span> <span class='ocrx_word' id='word_1_795' title='bbox 2515 2995 2790 3050; x_wconf 89' lang='lat' dir='ltr'><strong>amborum</strong></span> <span class='ocrx_word' id='word_1_796' title='bbox 2819 3011 2979 3051; x_wconf 91' lang='lat' dir='ltr'><strong>unum</strong></span> <span class='ocrx_word' id='word_1_797' title='bbox 3006 2995 3259 3051; x_wconf 86' lang='lat' dir='ltr'><strong>Verbum.</strong></span> <span class='ocrx_word' id='word_1_798' title='bbox 3286 2996 3351 3050; x_wconf 90' lang='lat' dir='ltr'><strong>Et</strong></span> <span class='ocrx_word' id='word_1_799' title='bbox 3377 3005 3656 3067; x_wconf 89' lang='lat' dir='ltr'><strong>propterea</strong></span> <span class='ocrx_word' id='word_1_800' title='bbox 3678 3012 3791 3050; x_wconf 89' lang='lat' dir='ltr'><strong>non</strong></span> 
     </span>
    </p>
   </div>
   <div class='ocr_carea' id='block_1_93' title="bbox 2210 3084 3794 3158">
    <p class='ocr_par' dir='ltr' id='par_1_93' title="bbox 2210 3084 3794 3158">
     <span class='ocr_line' id='line_1_93' title="bbox 2210 3084 3794 3158; baseline -0.002 -15"><span class='ocrx_word' id='word_1_801' title='bbox 2210 3102 2276 3143; x_wconf 90' lang='lat' dir='ltr'><strong>eo</strong></span> <span class='ocrx_word' id='word_1_802' title='bbox 2300 3086 2531 3143; x_wconf 87' lang='lat' dir='ltr'><strong>Verbum</strong></span> <span class='ocrx_word' id='word_1_803' title='bbox 2560 3102 2665 3157; x_wconf 93' lang='lat' dir='ltr'><strong>quo</strong></span> <span class='ocrx_word' id='word_1_804' title='bbox 2688 3085 2977 3158; x_wconf 91' lang='lat' dir='ltr'><strong>sapientia;</strong></span> <span class='ocrx_word' id='word_1_805' title='bbox 3000 3086 3121 3157; x_wconf 89' lang='lat' dir='ltr'><strong>quia</strong></span> <span class='ocrx_word' id='word_1_806' title='bbox 3147 3086 3377 3141; x_wconf 91' lang='lat' dir='ltr'><strong>Verbum</strong></span> <span class='ocrx_word' id='word_1_807' title='bbox 3399 3102 3502 3140; x_wconf 92' lang='lat' dir='ltr'><strong>non</strong></span> <span class='ocrx_word' id='word_1_808' title='bbox 3530 3087 3596 3141; x_wconf 89' lang='lat' dir='ltr'><strong>ad</strong></span> <span class='ocrx_word' id='word_1_809' title='bbox 3626 3102 3687 3141; x_wconf 89' lang='lat' dir='ltr'><strong>se</strong></span> <span class='ocrx_word' id='word_1_810' title='bbox 3708 3084 3794 3140; x_wconf 90' lang='lat' dir='ltr'><strong>di-</strong></span> 
     </span>
    </p>
   </div>
   <div class='ocr_carea' id='block_1_94' title="bbox 2210 3175 3792 3247">
    <p class='ocr_par' dir='ltr' id='par_1_94' title="bbox 2210 3175 3792 3247">
     <span class='ocr_line' id='line_1_94' title="bbox 2210 3175 3792 3247; baseline -0.002 -14"><span class='ocrx_word' id='word_1_811' title='bbox 2210 3179 2376 3244; x_wconf 90' lang='lat' dir='ltr'><strong>citur,</strong></span> <span class='ocrx_word' id='word_1_812' title='bbox 2410 3178 2503 3233; x_wconf 91' lang='lat' dir='ltr'><strong>sed</strong></span> <span class='ocrx_word' id='word_1_813' title='bbox 2539 3186 2740 3233; x_wconf 88' lang='lat' dir='ltr'><strong>tantum</strong></span> <span class='ocrx_word' id='word_1_814' title='bbox 2766 3177 2983 3233; x_wconf 86' lang='lat' dir='ltr'><strong>relative</strong></span> <span class='ocrx_word' id='word_1_815' title='bbox 3008 3176 3075 3232; x_wconf 89' lang='lat' dir='ltr'><strong>ad</strong></span> <span class='ocrx_word' id='word_1_816' title='bbox 3096 3192 3219 3233; x_wconf 92' lang='lat' dir='ltr'><strong>eum</strong></span> <span class='ocrx_word' id='word_1_817' title='bbox 3245 3175 3394 3247; x_wconf 91' lang='lat' dir='ltr'><strong>cuius</strong></span> <span class='ocrx_word' id='word_1_818' title='bbox 3419 3176 3650 3231; x_wconf 85' lang='lat' dir='ltr'><strong>Verbum</strong></span> <span class='ocrx_word' id='word_1_819' title='bbox 3675 3187 3754 3232; x_wconf 85' lang='lat' dir='ltr'><strong>est</strong></span> <span class='ocrx_word' id='word_1_820' title='bbox 3775 3218 3792 3244; x_wconf 92' lang='lat'><strong>,</strong></span> 
     </span>
    </p>
   </div>
   <div class='ocr_carea' id='block_1_95' title="bbox 2210 3268 3798 3340">
    <p class='ocr_par' dir='ltr' id='par_1_95' title="bbox 2210 3268 3798 3340">
     <span class='ocr_line' id='line_1_95' title="bbox 2210 3268 3798 3340; baseline -0.003 -14"><span class='ocrx_word' id='word_1_821' title='bbox 2210 3268 2346 3325; x_wconf 85' lang='lat' dir='ltr'><strong>sicut</strong></span> <span class='ocrx_word' id='word_1_822' title='bbox 2376 3268 2416 3322; x_wconf 84' lang='lat' dir='ltr'><strong>F</strong></span> <span class='ocrx_word' id='word_1_823' title='bbox 2423 3270 2541 3323; x_wconf 89' lang='lat' dir='ltr'><strong>ilius</strong></span> <span class='ocrx_word' id='word_1_824' title='bbox 2562 3269 2627 3324; x_wconf 91' lang='lat' dir='ltr'><strong>ad</strong></span> <span class='ocrx_word' id='word_1_825' title='bbox 2656 3268 2867 3323; x_wconf 87' lang='lat' dir='ltr'><strong>Patrem</strong></span> <span class='ocrx_word' id='word_1_826' title='bbox 2900 3289 2913 3325; x_wconf 92' lang='lat'>:</span> <span class='ocrx_word' id='word_1_827' title='bbox 2944 3268 3200 3340; x_wconf 89' lang='lat' dir='ltr'><strong>sapientia</strong></span> <span class='ocrx_word' id='word_1_828' title='bbox 3230 3283 3355 3324; x_wconf 87' lang='lat' dir='ltr'><strong>vero</strong></span> <span class='ocrx_word' id='word_1_829' title='bbox 3380 3282 3445 3323; x_wconf 91' lang='lat' dir='ltr'><strong>eo</strong></span> <span class='ocrx_word' id='word_1_830' title='bbox 3472 3282 3581 3339; x_wconf 90' lang='lat' dir='ltr'><strong>quo</strong></span> <span class='ocrx_word' id='word_1_831' title='bbox 3606 3283 3675 3322; x_wconf 33' lang='lat' dir='ltr'><strong>cs:</strong></span> <span class='ocrx_word' id='word_1_832' title='bbox 3695 3283 3798 3322; x_wconf 88' lang='lat' dir='ltr'><strong>eu-</strong></span> 
     </span>
    </p>
   </div>
   <div class='ocr_carea' id='block_1_96' title="bbox 2212 3358 3796 3430">
    <p class='ocr_par' dir='ltr' id='par_1_96' title="bbox 2212 3358 3796 3430">
     <span class='ocr_line' id='line_1_96' title="bbox 2212 3358 3796 3430; baseline -0.003 -15"><span class='ocrx_word' id='word_1_833' title='bbox 2212 3361 2303 3415; x_wconf 90' lang='lat' dir='ltr'><strong>tia.</strong></span> <span class='ocrx_word' id='word_1_834' title='bbox 2337 3359 2405 3415; x_wconf 85' lang='lat' dir='ltr'><strong>Et</strong></span> <span class='ocrx_word' id='word_1_835' title='bbox 2448 3358 2568 3415; x_wconf 84' lang='lat' dir='ltr'><strong>ideo</strong></span> <span class='ocrx_word' id='word_1_836' title='bbox 2596 3360 2717 3430; x_wconf 90' lang='lat' dir='ltr'><strong>quia</strong></span> <span class='ocrx_word' id='word_1_837' title='bbox 2749 3374 2850 3413; x_wconf 90' lang='lat' dir='ltr'><strong>una</strong></span> <span class='ocrx_word' id='word_1_838' title='bbox 2897 3360 3158 3425; x_wconf 90' lang='lat' dir='ltr'><strong>essentia,</strong></span> <span class='ocrx_word' id='word_1_839' title='bbox 3191 3374 3295 3413; x_wconf 90' lang='lat' dir='ltr'><strong>una</strong></span> <span class='ocrx_word' id='word_1_840' title='bbox 3325 3358 3601 3428; x_wconf 89' lang='lat' dir='ltr'><strong>sapientia.</strong></span> <span class='ocrx_word' id='word_1_841' title='bbox 3644 3358 3796 3425; x_wconf 87' lang='lat' dir='ltr'><strong>Quo-</strong></span> 
     </span>
    </p>
   </div>
   <div class='ocr_carea' id='block_1_97' title="bbox 2212 3448 3798 3519">
    <p class='ocr_par' dir='ltr' id='par_1_97' title="bbox 2212 3448 3798 3519">
     <span class='ocr_line' id='line_1_97' title="bbox 2212 3448 3798 3519; baseline -0.001 -15"><span class='ocrx_word' id='word_1_842' title='bbox 2212 3450 2353 3505; x_wconf 87' lang='lat' dir='ltr'><strong>niam</strong></span> <span class='ocrx_word' id='word_1_843' title='bbox 2405 3464 2532 3506; x_wconf 87' lang='lat' dir='ltr'><strong>vero</strong></span> <span class='ocrx_word' id='word_1_844' title='bbox 2583 3458 2638 3506; x_wconf 91' lang='lat' dir='ltr'><strong>et</strong></span> <span class='ocrx_word' id='word_1_845' title='bbox 2689 3450 2917 3505; x_wconf 92' lang='lat' dir='ltr'><strong>Verbum</strong></span> <span class='ocrx_word' id='word_1_846' title='bbox 2948 3451 2970 3481; x_wconf 76' lang='grc'>¹</span> <span class='ocrx_word' id='word_1_847' title='bbox 3011 3449 3265 3519; x_wconf 90' lang='lat' dir='ltr'><strong>sapientia</strong></span> <span class='ocrx_word' id='word_1_848' title='bbox 3315 3458 3418 3517; x_wconf 91' lang='lat' dir='ltr'><strong>est,</strong></span> <span class='ocrx_word' id='word_1_849' title='bbox 3446 3448 3540 3503; x_wconf 91' lang='lat' dir='ltr'><strong>sed</strong></span> <span class='ocrx_word' id='word_1_850' title='bbox 3586 3464 3689 3503; x_wconf 88' lang='lat' dir='ltr'><strong>non</strong></span> <span class='ocrx_word' id='word_1_851' title='bbox 3725 3463 3798 3503; x_wconf 91' lang='lat' dir='ltr'><strong>eo</strong></span> 
     </span>
    </p>
   </div>
   <div class='ocr_carea' id='block_1_98' title="bbox 2214 3541 3797 3614">
    <p class='ocr_par' dir='ltr' id='par_1_98' title="bbox 2214 3541 3797 3614">
     <span class='ocr_line' id='line_1_98' title="bbox 2214 3541 3797 3614; baseline -0.003 -15"><span class='ocrx_word' id='word_1_852' title='bbox 2214 3543 2443 3599; x_wconf 85' lang='lat' dir='ltr'><strong>Verbum</strong></span> <span class='ocrx_word' id='word_1_853' title='bbox 2470 3557 2574 3614; x_wconf 89' lang='lat' dir='ltr'><strong>quo</strong></span> <span class='ocrx_word' id='word_1_854' title='bbox 2618 3543 2906 3613; x_wconf 89' lang='lat' dir='ltr'><strong>sapientia;</strong></span> <span class='ocrx_word' id='word_1_855' title='bbox 2940 3541 3170 3598; x_wconf 89' lang='lat' dir='ltr'><strong>Verbum</strong></span> <span class='ocrx_word' id='word_1_856' title='bbox 3217 3542 3358 3596; x_wconf 92' lang='lat' dir='ltr'><strong>enim</strong></span> <span class='ocrx_word' id='word_1_857' title='bbox 3410 3541 3662 3607; x_wconf 88' lang='lat' dir='ltr'><strong>relative,</strong></span> <span class='ocrx_word' id='word_1_858' title='bbox 3706 3555 3797 3595; x_wconf 80' lang='lat' dir='ltr'><strong>sa-</strong></span> 
     </span>
    </p>
   </div>
   <div class='ocr_carea' id='block_1_99' title="bbox 2214 3630 3797 3705">
    <p class='ocr_par' dir='ltr' id='par_1_99' title="bbox 2214 3630 3797 3705">
     <span class='ocr_line' id='line_1_99' title="bbox 2214 3630 3797 3705; baseline -0.003 -16"><span class='ocrx_word' id='word_1_859' title='bbox 2214 3635 2412 3705; x_wconf 91' lang='lat' dir='ltr'><strong>pientia</strong></span> <span class='ocrx_word' id='word_1_860' title='bbox 2441 3633 2797 3689; x_wconf 89' lang='lat' dir='ltr'><strong>essentialiter</strong></span> <span class='ocrx_word' id='word_1_861' title='bbox 2842 3632 3193 3703; x_wconf 86' lang='lat' dir='ltr'><strong>intelligitur:</strong></span> <span class='ocrx_word' id='word_1_862' title='bbox 3227 3631 3277 3685; x_wconf 91' lang='lat' dir='ltr'><strong>id</strong></span> <span class='ocrx_word' id='word_1_863' title='bbox 3316 3630 3421 3686; x_wconf 91' lang='lat' dir='ltr'><strong>dici</strong></span> <span class='ocrx_word' id='word_1_864' title='bbox 3470 3632 3797 3701; x_wconf 86' lang='lat' dir='ltr'><strong>accipiamus</strong></span> 
     </span>
    </p>
   </div>
   <div class='ocr_carea' id='block_1_100' title="bbox 2215 3721 3798 3792">
    <p class='ocr_par' dir='ltr' id='par_1_100' title="bbox 2215 3721 3798 3792">
     <span class='ocr_line' id='line_1_100' title="bbox 2215 3721 3798 3792; baseline -0.002 -13"><span class='ocrx_word' id='word_1_865' title='bbox 2215 3740 2334 3779; x_wconf 91' lang='lat' dir='ltr'><strong>cum</strong></span> <span class='ocrx_word' id='word_1_866' title='bbox 2361 3723 2553 3779; x_wconf 88' lang='lat' dir='ltr'><strong>dicitur</strong></span> <span class='ocrx_word' id='word_1_867' title='bbox 2578 3722 2835 3787; x_wconf 86' lang='lat' dir='ltr'><strong>Verbum,</strong></span> <span class='ocrx_word' id='word_1_868' title='bbox 2860 3737 2923 3777; x_wconf 90' lang='lat' dir='ltr'><strong>ac</strong></span> <span class='ocrx_word' id='word_1_869' title='bbox 2951 3722 2994 3776; x_wconf 94' lang='lat' dir='ltr'><strong>si</strong></span> <span class='ocrx_word' id='word_1_870' title='bbox 3020 3721 3241 3786; x_wconf 89' lang='lat' dir='ltr'><strong>dicatur,</strong></span> <span class='ocrx_word' id='word_1_871' title='bbox 3269 3731 3389 3775; x_wconf 91' lang='lat' dir='ltr'><strong>nata</strong></span> <span class='ocrx_word' id='word_1_872' title='bbox 3420 3721 3703 3792; x_wconf 89' lang='lat' dir='ltr'><strong>sapientia,</strong></span> <span class='ocrx_word' id='word_1_873' title='bbox 3734 3730 3798 3776; x_wconf 84' lang='lat' dir='ltr'><strong>ut</strong></span> 
     </span>
    </p>
   </div>
   <div class='ocr_carea' id='block_1_101' title="bbox 2214 3811 3797 3883">
    <p class='ocr_par' dir='ltr' id='par_1_101' title="bbox 2214 3811 3797 3883">
     <span class='ocr_line' id='line_1_101' title="bbox 2214 3811 3797 3883; baseline -0.001 -15"><span class='ocrx_word' id='word_1_874' title='bbox 2214 3815 2282 3868; x_wconf 92' lang='lat' dir='ltr'><strong>sit</strong></span> <span class='ocrx_word' id='word_1_875' title='bbox 2318 3822 2371 3869; x_wconf 89' lang='lat' dir='ltr'><strong>et</strong></span> <span class='ocrx_word' id='word_1_876' title='bbox 2396 3812 2559 3868; x_wconf 90' lang='lat' dir='ltr'><strong>Filius</strong></span> <span class='ocrx_word' id='word_1_877' title='bbox 2586 3820 2639 3868; x_wconf 90' lang='lat' dir='ltr'><strong>et</strong></span> <span class='ocrx_word' id='word_1_878' title='bbox 2668 3813 2858 3883; x_wconf 83' lang='lat' dir='ltr'><strong>imago.</strong></span> <span class='ocrx_word' id='word_1_879' title='bbox 2906 3811 2974 3866; x_wconf 89' lang='lat' dir='ltr'><strong>Et</strong></span> <span class='ocrx_word' id='word_1_880' title='bbox 3002 3811 3115 3866; x_wconf 77' lang='lat' dir='ltr'><strong>haec</strong></span> <span class='ocrx_word' id='word_1_881' title='bbox 3139 3811 3243 3865; x_wconf 91' lang='lat' dir='ltr'><strong>duo</strong></span> <span class='ocrx_word' id='word_1_882' title='bbox 3271 3826 3390 3865; x_wconf 91' lang='lat' dir='ltr'><strong>cum</strong></span> <span class='ocrx_word' id='word_1_883' title='bbox 3435 3812 3715 3878; x_wconf 90' lang='lat' dir='ltr'><strong>dicuntur,</strong></span> <span class='ocrx_word' id='word_1_884' title='bbox 3740 3813 3797 3866; x_wconf 83' lang='lat' dir='ltr'><strong>id</strong></span> 
     </span>
    </p>
   </div>
   <div class='ocr_carea' id='block_1_102' title="bbox 2214 3902 3794 3973">
    <p class='ocr_par' dir='ltr' id='par_1_102' title="bbox 2214 3902 3794 3973">
     <span class='ocr_line' id='line_1_102' title="bbox 2214 3902 3794 3973; baseline -0.003 -14"><span class='ocrx_word' id='word_1_885' title='bbox 2214 3914 2323 3969; x_wconf 82' lang='lat' dir='ltr'><strong>est,</strong></span> <span class='ocrx_word' id='word_1_886' title='bbox 2355 3914 2474 3957; x_wconf 83' lang='lat' dir='ltr'><strong>nata</strong></span> <span class='ocrx_word' id='word_1_887' title='bbox 2498 3904 2778 3973; x_wconf 81' lang='lat' dir='ltr'><strong>sapientia,</strong></span> <span class='ocrx_word' id='word_1_888' title='bbox 2811 3903 2863 3957; x_wconf 90' lang='lat' dir='ltr'><strong>in</strong></span> <span class='ocrx_word' id='word_1_889' title='bbox 2893 3917 2998 3957; x_wconf 92' lang='lat' dir='ltr'><strong>uno</strong></span> <span class='ocrx_word' id='word_1_890' title='bbox 3022 3918 3204 3958; x_wconf 86' lang='lat' dir='ltr'><strong>eorum</strong></span> <span class='ocrx_word' id='word_1_891' title='bbox 3235 3917 3300 3957; x_wconf 94' lang='lat' dir='ltr'><strong>eo</strong></span> <span class='ocrx_word' id='word_1_892' title='bbox 3338 3902 3478 3971; x_wconf 85' lang='lat' dir='ltr'><strong>quod</strong></span> <span class='ocrx_word' id='word_1_893' title='bbox 3528 3912 3611 3959; x_wconf 89' lang='lat' dir='ltr'><strong>est</strong></span> <span class='ocrx_word' id='word_1_894' title='bbox 3648 3913 3794 3968; x_wconf 82' lang='lat' dir='ltr'><strong>nata,</strong></span> 
     </span>
    </p>
   </div>
   <div class='ocr_carea' id='block_1_103' title="bbox 2215 3995 3797 4067">
    <p class='ocr_par' dir='ltr' id='par_1_103' title="bbox 2215 3995 3797 4067">
     <span class='ocr_line' id='line_1_103' title="bbox 2215 3995 3797 4067; baseline -0.002 -15"><span class='ocrx_word' id='word_1_895' title='bbox 2215 4006 2269 4052; x_wconf 90' lang='lat' dir='ltr'><strong>et</strong></span> <span class='ocrx_word' id='word_1_896' title='bbox 2298 3998 2560 4064; x_wconf 90' lang='lat' dir='ltr'><strong>Verbum,</strong></span> <span class='ocrx_word' id='word_1_897' title='bbox 2605 4005 2659 4052; x_wconf 90' lang='lat' dir='ltr'><strong>et</strong></span> <span class='ocrx_word' id='word_1_898' title='bbox 2711 3996 2916 4067; x_wconf 90' lang='lat' dir='ltr'><strong>imago,</strong></span> <span class='ocrx_word' id='word_1_899' title='bbox 2948 4003 3002 4050; x_wconf 91' lang='lat' dir='ltr'><strong>et</strong></span> <span class='ocrx_word' id='word_1_900' title='bbox 3044 3995 3212 4049; x_wconf 87' lang='lat' dir='ltr'><strong>Filius</strong></span> <span class='ocrx_word' id='word_1_901' title='bbox 3240 3995 3594 4065; x_wconf 86' lang='lat' dir='ltr'><strong>intelligatur,</strong></span> <span class='ocrx_word' id='word_1_902' title='bbox 3638 4004 3694 4049; x_wconf 92' lang='lat' dir='ltr'><strong>et</strong></span> <span class='ocrx_word' id='word_1_903' title='bbox 3739 3995 3797 4049; x_wconf 87' lang='lat' dir='ltr'><strong>in</strong></span> 
     </span>
    </p>
   </div>
   <div class='ocr_carea' id='block_1_104' title="bbox 2218 4086 3797 4157">
    <p class='ocr_par' dir='ltr' id='par_1_104' title="bbox 2218 4086 3797 4157">
     <span class='ocr_line' id='line_1_104' title="bbox 2218 4086 3797 4157; baseline -0.002 -14"><span class='ocrx_word' id='word_1_904' title='bbox 2218 4091 2299 4144; x_wconf 87' lang='lat' dir='ltr'><strong>his</strong></span> <span class='ocrx_word' id='word_1_905' title='bbox 2326 4089 2572 4145; x_wconf 89' lang='lat' dir='ltr'><strong>omnibus</strong></span> <span class='ocrx_word' id='word_1_906' title='bbox 2597 4088 2899 4143; x_wconf 92' lang='lat' dir='ltr'><strong>nominibus</strong></span> <span class='ocrx_word' id='word_1_907' title='bbox 2929 4101 3032 4142; x_wconf 93' lang='lat' dir='ltr'><strong>non</strong></span> <span class='ocrx_word' id='word_1_908' title='bbox 3060 4086 3370 4141; x_wconf 91' lang='lat' dir='ltr'><strong>ostendatur</strong></span> <span class='ocrx_word' id='word_1_909' title='bbox 3385 4087 3615 4142; x_wconf 89' lang='lat' dir='ltr'><strong>essentia</strong></span> <span class='ocrx_word' id='word_1_910' title='bbox 3632 4129 3646 4152; x_wconf 90' lang='lat'><strong>,</strong></span> <span class='ocrx_word' id='word_1_911' title='bbox 3672 4088 3797 4157; x_wconf 87' lang='lat' dir='ltr'><strong>quia</strong></span> 
     </span>
    </p>
   </div>
   <div class='ocr_carea' id='block_1_105' title="bbox 2216 4178 3801 4249">
    <p class='ocr_par' dir='ltr' id='par_1_105' title="bbox 2216 4178 3801 4249">
     <span class='ocr_line' id='line_1_105' title="bbox 2216 4178 3801 4249; baseline -0.003 -13"><span class='ocrx_word' id='word_1_912' title='bbox 2216 4182 2432 4237; x_wconf 88' lang='lat' dir='ltr'><strong>relative</strong></span> <span class='ocrx_word' id='word_1_913' title='bbox 2452 4180 2728 4235; x_wconf 89' lang='lat' dir='ltr'><strong>dicuntur:</strong></span> <span class='ocrx_word' id='word_1_914' title='bbox 2753 4188 2806 4233; x_wconf 91' lang='lat' dir='ltr'><strong>at</strong></span> <span class='ocrx_word' id='word_1_915' title='bbox 2835 4180 2886 4233; x_wconf 90' lang='lat' dir='ltr'><strong>in</strong></span> <span class='ocrx_word' id='word_1_916' title='bbox 2911 4178 3079 4233; x_wconf 89' lang='lat' dir='ltr'><strong>altero</strong></span> <span class='ocrx_word' id='word_1_917' title='bbox 3098 4178 3235 4249; x_wconf 88' lang='lat' dir='ltr'><strong>quod</strong></span> <span class='ocrx_word' id='word_1_918' title='bbox 3262 4187 3342 4233; x_wconf 91' lang='lat' dir='ltr'><strong>est</strong></span> <span class='ocrx_word' id='word_1_919' title='bbox 3367 4179 3638 4247; x_wconf 79' lang='lat' dir='ltr'><strong>sapientia,</strong></span> <span class='ocrx_word' id='word_1_920' title='bbox 3659 4193 3801 4247; x_wconf 83' lang='lat' dir='ltr'><strong>quo-</strong></span> 
     </span>
    </p>
   </div>
   <div class='ocr_carea' id='block_1_106' title="bbox 2218 4270 3799 4341">
    <p class='ocr_par' dir='ltr' id='par_1_106' title="bbox 2218 4270 3799 4341">
     <span class='ocr_line' id='line_1_106' title="bbox 2218 4270 3799 4341; baseline -0.002 -14"><span class='ocrx_word' id='word_1_921' title='bbox 2218 4274 2357 4327; x_wconf 87' lang='lat' dir='ltr'><strong>niam</strong></span> <span class='ocrx_word' id='word_1_922' title='bbox 2388 4282 2441 4326; x_wconf 91' lang='lat' dir='ltr'><strong>et</strong></span> <span class='ocrx_word' id='word_1_923' title='bbox 2466 4272 2531 4327; x_wconf 88' lang='lat' dir='ltr'><strong>ad</strong></span> <span class='ocrx_word' id='word_1_924' title='bbox 2552 4287 2609 4327; x_wconf 90' lang='lat' dir='ltr'><strong>se</strong></span> <span class='ocrx_word' id='word_1_925' title='bbox 2635 4270 2844 4337; x_wconf 89' lang='lat' dir='ltr'><strong>dicitur,</strong></span> <span class='ocrx_word' id='word_1_926' title='bbox 2869 4286 2928 4327; x_wconf 89' lang='lat' dir='ltr'><strong>se</strong></span> <span class='ocrx_word' id='word_1_927' title='bbox 2956 4272 3066 4341; x_wconf 90' lang='lat' dir='ltr'><strong>ipsa</strong></span> <span class='ocrx_word' id='word_1_928' title='bbox 3092 4270 3231 4324; x_wconf 90' lang='lat' dir='ltr'><strong>enim</strong></span> <span class='ocrx_word' id='word_1_929' title='bbox 3256 4271 3470 4341; x_wconf 90' lang='lat' dir='ltr'><strong>sapiens</strong></span> <span class='ocrx_word' id='word_1_930' title='bbox 3497 4279 3601 4333; x_wconf 89' lang='lat' dir='ltr'><strong>est,</strong></span> <span class='ocrx_word' id='word_1_931' title='bbox 3629 4271 3799 4324; x_wconf 90' lang='lat' dir='ltr'><strong>etiam</strong></span> 
     </span>
    </p>
   </div>
   <div class='ocr_carea' id='block_1_107' title="bbox 2215 4359 3799 4431">
    <p class='ocr_par' dir='ltr' id='par_1_107' title="bbox 2215 4359 3799 4431">
     <span class='ocr_line' id='line_1_107' title="bbox 2215 4359 3799 4431; baseline -0.002 -14"><span class='ocrx_word' id='word_1_932' title='bbox 2215 4361 2447 4417; x_wconf 85' lang='lat' dir='ltr'><strong>essentia</strong></span> <span class='ocrx_word' id='word_1_933' title='bbox 2477 4360 2886 4427; x_wconf 89' lang='lat' dir='ltr'><strong>demonstretur,</strong></span> <span class='ocrx_word' id='word_1_934' title='bbox 2914 4369 2969 4415; x_wconf 89' lang='lat' dir='ltr'><strong>et</strong></span> <span class='ocrx_word' id='word_1_935' title='bbox 2998 4359 3099 4414; x_wconf 84' lang='lat' dir='ltr'><strong>hoc</strong></span> <span class='ocrx_word' id='word_1_936' title='bbox 3123 4361 3240 4429; x_wconf 91' lang='lat' dir='ltr'><strong>eius</strong></span> <span class='ocrx_word' id='word_1_937' title='bbox 3266 4375 3385 4415; x_wconf 91' lang='lat' dir='ltr'><strong>esse</strong></span> <span class='ocrx_word' id='word_1_938' title='bbox 3414 4360 3551 4431; x_wconf 90' lang='lat' dir='ltr'><strong>quod</strong></span> <span class='ocrx_word' id='word_1_939' title='bbox 3582 4374 3799 4430; x_wconf 88' lang='lat' dir='ltr'><strong>sapere.</strong></span> 
     </span>
    </p>
   </div>
   <div class='ocr_carea' id='block_1_108' title="bbox 2217 4451 3804 4523">
    <p class='ocr_par' dir='ltr' id='par_1_108' title="bbox 2217 4451 3804 4523">
     <span class='ocr_line' id='line_1_108' title="bbox 2217 4451 3804 4523; baseline 0 -15"><span class='ocrx_word' id='word_1_940' title='bbox 2217 4452 2372 4508; x_wconf 86' lang='lat' dir='ltr'><strong>Unde</strong></span> <span class='ocrx_word' id='word_1_941' title='bbox 2397 4452 2553 4507; x_wconf 82' lang='lat' dir='ltr'><strong>Pater</strong></span> <span class='ocrx_word' id='word_1_942' title='bbox 2599 4461 2651 4508; x_wconf 90' lang='lat' dir='ltr'><strong>et</strong></span> <span class='ocrx_word' id='word_1_943' title='bbox 2676 4451 2841 4507; x_wconf 90' lang='lat' dir='ltr'><strong>Filius</strong></span> <span class='ocrx_word' id='word_1_944' title='bbox 2888 4451 3043 4507; x_wconf 91' lang='lat' dir='ltr'><strong>simul</strong></span> <span class='ocrx_word' id='word_1_945' title='bbox 3094 4466 3195 4507; x_wconf 91' lang='lat' dir='ltr'><strong>una</strong></span> <span class='ocrx_word' id='word_1_946' title='bbox 3223 4452 3511 4521; x_wconf 90' lang='lat' dir='ltr'><strong>sapientia,</strong></span> <span class='ocrx_word' id='word_1_947' title='bbox 3541 4454 3663 4523; x_wconf 89' lang='lat' dir='ltr'><strong>quia</strong></span> <span class='ocrx_word' id='word_1_948' title='bbox 3692 4468 3804 4508; x_wconf 87' lang='lat' dir='ltr'><strong>una</strong></span> 
     </span>
    </p>
   </div>
   <div class='ocr_carea' id='block_1_109' title="bbox 2218 4542 3806 4614">
    <p class='ocr_par' dir='ltr' id='par_1_109' title="bbox 2218 4542 3806 4614">
     <span class='ocr_line' id='line_1_109' title="bbox 2218 4542 3806 4614; baseline -0.001 -14"><span class='ocrx_word' id='word_1_949' title='bbox 2218 4545 2450 4600; x_wconf 88' lang='lat' dir='ltr'><strong>essentia</strong></span> <span class='ocrx_word' id='word_1_950' title='bbox 2470 4586 2487 4610; x_wconf 88' lang='lat'><strong>,</strong></span> <span class='ocrx_word' id='word_1_951' title='bbox 2518 4553 2571 4599; x_wconf 91' lang='lat' dir='ltr'><strong>et</strong></span> <span class='ocrx_word' id='word_1_952' title='bbox 2613 4544 2917 4614; x_wconf 87' lang='lat' dir='ltr'><strong>singillatim</strong></span> <span class='ocrx_word' id='word_1_953' title='bbox 2960 4543 3217 4613; x_wconf 89' lang='lat' dir='ltr'><strong>sapientia</strong></span> <span class='ocrx_word' id='word_1_954' title='bbox 3240 4542 3307 4598; x_wconf 90' lang='lat' dir='ltr'><strong>de</strong></span> <span class='ocrx_word' id='word_1_955' title='bbox 3338 4544 3597 4613; x_wconf 83' lang='lat' dir='ltr'><strong>sapientia</strong></span> <span class='ocrx_word' id='word_1_956' title='bbox 3622 4586 3634 4606; x_wconf 93' lang='lat'><strong>,</strong></span> <span class='ocrx_word' id='word_1_957' title='bbox 3663 4545 3806 4599; x_wconf 87' lang='lat' dir='ltr'><strong>sicut</strong></span> 
     </span>
    </p>
   </div>
   <div class='ocr_carea' id='block_1_110' title="bbox 2219 4634 3806 4706">
    <p class='ocr_par' dir='ltr' id='par_1_110' title="bbox 2219 4634 3806 4706">
     <span class='ocr_line' id='line_1_110' title="bbox 2219 4634 3806 4706; baseline 0 -14"><span class='ocrx_word' id='word_1_958' title='bbox 2219 4637 2450 4693; x_wconf 87' lang='lat' dir='ltr'><strong>essentia</strong></span> <span class='ocrx_word' id='word_1_959' title='bbox 2477 4635 2544 4692; x_wconf 89' lang='lat' dir='ltr'><strong>de</strong></span> <span class='ocrx_word' id='word_1_960' title='bbox 2568 4636 2819 4692; x_wconf 89' lang='lat' dir='ltr'><strong>essentia.</strong></span> <span class='ocrx_word' id='word_1_961' title='bbox 2843 4634 3192 4706; x_wconf 89' lang='lat' dir='ltr'><strong>Quapropter,</strong></span> <span class='ocrx_word' id='word_1_962' title='bbox 3221 4650 3326 4690; x_wconf 91' lang='lat' dir='ltr'><strong>non</strong></span> <span class='ocrx_word' id='word_1_963' title='bbox 3354 4637 3473 4706; x_wconf 85' lang='lat' dir='ltr'><strong>quia</strong></span> <span class='ocrx_word' id='word_1_964' title='bbox 3510 4636 3668 4691; x_wconf 90' lang='lat' dir='ltr'><strong>Pater</strong></span> <span class='ocrx_word' id='word_1_965' title='bbox 3692 4653 3806 4692; x_wconf 84' lang='lat' dir='ltr'><strong>non</strong></span> 
     </span>
    </p>
   </div>
   <div class='ocr_carea' id='block_1_111' title="bbox 2220 4726 3804 4797">
    <p class='ocr_par' dir='ltr' id='par_1_111' title="bbox 2220 4726 3804 4797">
     <span class='ocr_line' id='line_1_111' title="bbox 2220 4726 3804 4797; baseline -0.003 -11"><span class='ocrx_word' id='word_1_966' title='bbox 2220 4740 2303 4786; x_wconf 91' lang='lat' dir='ltr'><strong>est</strong></span> <span class='ocrx_word' id='word_1_967' title='bbox 2322 4728 2487 4783; x_wconf 83' lang='lat' dir='ltr'><strong>Filius</strong></span> <span class='ocrx_word' id='word_1_968' title='bbox 2506 4767 2521 4794; x_wconf 94' lang='lat'><strong>,</strong></span> <span class='ocrx_word' id='word_1_969' title='bbox 2555 4736 2608 4783; x_wconf 90' lang='lat' dir='ltr'><strong>et</strong></span> <span class='ocrx_word' id='word_1_970' title='bbox 2636 4727 2801 4782; x_wconf 91' lang='lat' dir='ltr'><strong>Filius</strong></span> <span class='ocrx_word' id='word_1_971' title='bbox 2818 4741 2925 4781; x_wconf 88' lang='lat' dir='ltr'><strong>non</strong></span> <span class='ocrx_word' id='word_1_972' title='bbox 2946 4736 3027 4781; x_wconf 90' lang='lat' dir='ltr'><strong>est</strong></span> <span class='ocrx_word' id='word_1_973' title='bbox 3056 4726 3235 4794; x_wconf 89' lang='lat' dir='ltr'><strong>Pater,</strong></span> <span class='ocrx_word' id='word_1_974' title='bbox 3263 4736 3354 4781; x_wconf 90' lang='lat' dir='ltr'><strong>aut</strong></span> <span class='ocrx_word' id='word_1_975' title='bbox 3385 4726 3471 4782; x_wconf 93' lang='lat' dir='ltr'><strong>ille</strong></span> <span class='ocrx_word' id='word_1_976' title='bbox 3501 4727 3804 4797; x_wconf 85' lang='lat' dir='ltr'><strong>ingenitus,</strong></span> 
     </span>
    </p>
   </div>
   <div class='ocr_carea' id='block_1_112' title="bbox 2220 4817 3811 4889">
    <p class='ocr_par' dir='ltr' id='par_1_112' title="bbox 2220 4817 3811 4889">
     <span class='ocr_line' id='line_1_112' title="bbox 2220 4817 3811 4889; baseline -0.003 -13"><span class='ocrx_word' id='word_1_977' title='bbox 2220 4821 2312 4877; x_wconf 91' lang='lat' dir='ltr'><strong>ille</strong></span> <span class='ocrx_word' id='word_1_978' title='bbox 2335 4829 2512 4874; x_wconf 89' lang='lat' dir='ltr'><strong>autem</strong></span> <span class='ocrx_word' id='word_1_979' title='bbox 2538 4818 2789 4889; x_wconf 67' lang='lat' dir='ltr'><strong>genitus,</strong></span> <span class='ocrx_word' id='word_1_980' title='bbox 2832 4817 2951 4873; x_wconf 90' lang='lat' dir='ltr'><strong>ideo</strong></span> <span class='ocrx_word' id='word_1_981' title='bbox 2981 4833 3087 4872; x_wconf 87' lang='lat' dir='ltr'><strong>non</strong></span> <span class='ocrx_word' id='word_1_982' title='bbox 3116 4834 3219 4873; x_wconf 93' lang='lat' dir='ltr'><strong>una</strong></span> <span class='ocrx_word' id='word_1_983' title='bbox 3257 4818 3485 4873; x_wconf 77' lang='lat' dir='ltr'><strong>essentia</strong></span> <span class='ocrx_word' id='word_1_984' title='bbox 3520 4837 3533 4872; x_wconf 90' lang='lat'><strong>:</strong></span> <span class='ocrx_word' id='word_1_985' title='bbox 3565 4820 3685 4889; x_wconf 87' lang='lat' dir='ltr'><strong>quia</strong></span> <span class='ocrx_word' id='word_1_986' title='bbox 3719 4820 3811 4872; x_wconf 87' lang='lat' dir='ltr'><strong>his</strong></span> 
     </span>
    </p>
   </div>
   <div class='ocr_carea' id='block_1_113' title="bbox 2220 4907 3810 4977">
    <p class='ocr_par' dir='ltr' id='par_1_113' title="bbox 2220 4907 3810 4977">
     <span class='ocr_line' id='line_1_113' title="bbox 2220 4907 3810 4977; baseline -0.002 -11"><span class='ocrx_word' id='word_1_987' title='bbox 2220 4908 2522 4965; x_wconf 88' lang='lat' dir='ltr'><strong>nominibus</strong></span> <span class='ocrx_word' id='word_1_988' title='bbox 2546 4908 2763 4963; x_wconf 83' lang='lat' dir='ltr'><strong>relativa</strong></span> <span class='ocrx_word' id='word_1_989' title='bbox 2776 4922 2958 4964; x_wconf 91' lang='lat' dir='ltr'><strong>eorum</strong></span> <span class='ocrx_word' id='word_1_990' title='bbox 2986 4908 3356 4963; x_wconf 87' lang='lat' dir='ltr'><strong>ostenduntur.</strong></span> <span class='ocrx_word' id='word_1_991' title='bbox 3380 4907 3612 4977; x_wconf 83' lang='lat' dir='ltr'><strong>Uterque</strong></span> <span class='ocrx_word' id='word_1_992' title='bbox 3626 4918 3810 4963; x_wconf 79' lang='lat' dir='ltr'><strong>autem</strong></span> 
     </span>
    </p>
   </div>
   <div class='ocr_carea' id='block_1_114' title="bbox 2221 4998 3814 5069">
    <p class='ocr_par' dir='ltr' id='par_1_114' title="bbox 2221 4998 3814 5069">
     <span class='ocr_line' id='line_1_114' title="bbox 2221 4998 3814 5069; baseline -0.001 -13"><span class='ocrx_word' id='word_1_993' title='bbox 2221 4999 2378 5057; x_wconf 90' lang='lat' dir='ltr'><strong>simul</strong></span> <span class='ocrx_word' id='word_1_994' title='bbox 2402 5014 2506 5054; x_wconf 91' lang='lat' dir='ltr'><strong>una</strong></span> <span class='ocrx_word' id='word_1_995' title='bbox 2541 5000 2797 5069; x_wconf 89' lang='lat' dir='ltr'><strong>sapientia</strong></span> <span class='ocrx_word' id='word_1_996' title='bbox 2817 5040 2832 5065; x_wconf 94' lang='lat'><strong>,</strong></span> <span class='ocrx_word' id='word_1_997' title='bbox 2855 5008 2909 5054; x_wconf 90' lang='lat' dir='ltr'><strong>et</strong></span> <span class='ocrx_word' id='word_1_998' title='bbox 2932 5015 3033 5053; x_wconf 93' lang='lat' dir='ltr'><strong>una</strong></span> <span class='ocrx_word' id='word_1_999' title='bbox 3051 4999 3281 5054; x_wconf 87' lang='lat' dir='ltr'><strong>essentia</strong></span> <span class='ocrx_word' id='word_1_1000' title='bbox 3305 5041 3319 5065; x_wconf 96' lang='lat'><strong>,</strong></span> <span class='ocrx_word' id='word_1_1001' title='bbox 3340 4999 3426 5053; x_wconf 89' lang='lat' dir='ltr'><strong>ubi</strong></span> <span class='ocrx_word' id='word_1_1002' title='bbox 3458 4998 3559 5053; x_wconf 75' lang='lat' dir='ltr'><strong>hoc</strong></span> <span class='ocrx_word' id='word_1_1003' title='bbox 3581 5010 3663 5054; x_wconf 89' lang='lat' dir='ltr'><strong>est</strong></span> <span class='ocrx_word' id='word_1_1004' title='bbox 3682 5014 3814 5055; x_wconf 87' lang='lat' dir='ltr'><strong>esse</strong></span> 
     </span>
    </p>
   </div>
   <div class='ocr_carea' id='block_1_115' title="bbox 2221 5090 3819 5162">
    <p class='ocr_par' dir='ltr' id='par_1_115' title="bbox 2221 5090 3819 5162">
     <span class='ocr_line' id='line_1_115' title="bbox 2221 5090 3819 5162; baseline 0.002 -18"><span class='ocrx_word' id='word_1_1005' title='bbox 2221 5090 2360 5162; x_wconf 88' lang='lat' dir='ltr'><strong>quod</strong></span> <span class='ocrx_word' id='word_1_1006' title='bbox 2382 5105 2570 5160; x_wconf 92' lang='lat' dir='ltr'><strong>sapere</strong></span> <span class='ocrx_word' id='word_1_1007' title='bbox 2599 5108 2611 5143; x_wconf 90' lang='lat'><strong>:</strong></span> <span class='ocrx_word' id='word_1_1008' title='bbox 2640 5105 2744 5146; x_wconf 90' lang='lat' dir='ltr'><strong>non</strong></span> <span class='ocrx_word' id='word_1_1009' title='bbox 2786 5099 2962 5145; x_wconf 88' lang='lat' dir='ltr'><strong>autem</strong></span> <span class='ocrx_word' id='word_1_1010' title='bbox 3008 5090 3165 5146; x_wconf 92' lang='lat' dir='ltr'><strong>simul</strong></span> <span class='ocrx_word' id='word_1_1011' title='bbox 3197 5100 3415 5161; x_wconf 81' lang='lat' dir='ltr'><strong>uterque</strong></span> <span class='ocrx_word' id='word_1_1012' title='bbox 3443 5091 3673 5145; x_wconf 85' lang='lat' dir='ltr'><strong>Verbum</strong></span> <span class='ocrx_word' id='word_1_1013' title='bbox 3712 5106 3819 5147; x_wconf 77' lang='lat' dir='ltr'><strong>aut</strong></span> 
     </span>
    </p>
   </div>
   <div class='ocr_carea' id='block_1_116' title="bbox 2224 5182 3818 5253">
    <p class='ocr_par' dir='ltr' id='par_1_116' title="bbox 2224 5182 3818 5253">
     <span class='ocr_line' id='line_1_116' title="bbox 2224 5182 3818 5253; baseline -0.001 -16"><span class='ocrx_word' id='word_1_1014' title='bbox 2224 5182 2416 5247; x_wconf 87' lang='lat' dir='ltr'><strong>Filius,</strong></span> <span class='ocrx_word' id='word_1_1015' title='bbox 2446 5182 2568 5252; x_wconf 90' lang='lat' dir='ltr'><strong>quia</strong></span> <span class='ocrx_word' id='word_1_1016' title='bbox 2597 5198 2699 5237; x_wconf 91' lang='lat' dir='ltr'><strong>non</strong></span> <span class='ocrx_word' id='word_1_1017' title='bbox 2734 5183 2832 5237; x_wconf 86' lang='lat' dir='ltr'><strong>hoc</strong></span> <span class='ocrx_word' id='word_1_1018' title='bbox 2871 5192 2954 5238; x_wconf 90' lang='lat' dir='ltr'><strong>est</strong></span> <span class='ocrx_word' id='word_1_1019' title='bbox 2999 5197 3117 5238; x_wconf 90' lang='lat' dir='ltr'><strong>esse</strong></span> <span class='ocrx_word' id='word_1_1020' title='bbox 3160 5182 3300 5253; x_wconf 90' lang='lat' dir='ltr'><strong>quod</strong></span> <span class='ocrx_word' id='word_1_1021' title='bbox 3330 5182 3562 5238; x_wconf 88' lang='lat' dir='ltr'><strong>Verbum</strong></span> <span class='ocrx_word' id='word_1_1022' title='bbox 3588 5191 3680 5236; x_wconf 88' lang='lat' dir='ltr'><strong>aut</strong></span> <span class='ocrx_word' id='word_1_1023' title='bbox 3711 5183 3818 5236; x_wconf 81' lang='lat' dir='ltr'><strong>Fi-</strong></span> 
     </span>
    </p>
   </div>
   <div class='ocr_carea' id='block_1_117' title="bbox 2224 5274 3821 5343">
    <p class='ocr_par' dir='ltr' id='par_1_117' title="bbox 2224 5274 3821 5343">
     <span class='ocr_line' id='line_1_117' title="bbox 2224 5274 3821 5343; baseline 0.001 -13"><span class='ocrx_word' id='word_1_1024' title='bbox 2224 5276 2351 5330; x_wconf 92' lang='lat' dir='ltr'><strong>lium</strong></span> <span class='ocrx_word' id='word_1_1025' title='bbox 2380 5289 2502 5332; x_wconf 82' lang='lat' dir='ltr'><strong>esse</strong></span> <span class='ocrx_word' id='word_1_1026' title='bbox 2539 5292 2553 5329; x_wconf 88' lang='lat'><strong>:</strong></span> <span class='ocrx_word' id='word_1_1027' title='bbox 2588 5275 2722 5329; x_wconf 91' lang='lat' dir='ltr'><strong>sicut</strong></span> <span class='ocrx_word' id='word_1_1028' title='bbox 2748 5274 2856 5343; x_wconf 86' lang='lat' dir='ltr'><strong>iam</strong></span> <span class='ocrx_word' id='word_1_1029' title='bbox 2898 5276 3027 5330; x_wconf 67' lang='lat' dir='ltr'><strong>satis</strong></span> <span class='ocrx_word' id='word_1_1030' title='bbox 3067 5274 3398 5330; x_wconf 90' lang='lat' dir='ltr'><strong>ostendimus</strong></span> <span class='ocrx_word' id='word_1_1031' title='bbox 3438 5274 3538 5328; x_wconf 89' lang='lat' dir='ltr'><strong>ista</strong></span> <span class='ocrx_word' id='word_1_1032' title='bbox 3582 5274 3821 5331; x_wconf 77' lang='lat' dir='ltr'><strong>relative</strong></span> 
     </span>
    </p>
   </div>
   <div class='ocr_carea' id='block_1_118' title="bbox 2226 5365 2349 5421">
    <p class='ocr_par' dir='ltr' id='par_1_118' title="bbox 2226 5365 2349 5421">
     <span class='ocr_line' id='line_1_118' title="bbox 2226 5365 2349 5421; baseline -0.033 0"><span class='ocrx_word' id='word_1_1033' title='bbox 2226 5365 2349 5421; x_wconf 90' lang='lat' dir='ltr'><strong>dici.</strong></span> 
     </span>
    </p>
   </div>
   <div class='ocr_carea' id='block_1_119' title="bbox 2295 5454 3819 5525">
    <p class='ocr_par' dir='ltr' id='par_1_119' title="bbox 2295 5454 3819 5525">
     <span class='ocr_line' id='line_1_119' title="bbox 2295 5454 3819 5525; baseline -0.001 -15"><span class='ocrx_word' id='word_1_1034' title='bbox 2295 5455 2519 5511; x_wconf 82' lang='lat' dir='ltr'><strong>CAPUT</strong></span> <span class='ocrx_word' id='word_1_1035' title='bbox 2556 5455 2644 5509; x_wconf 86' lang='lat' dir='ltr'><strong>Ill.</strong></span> <span class='ocrx_word' id='word_1_1036' title='bbox 2682 5486 2751 5495; x_wconf 92' lang='lat'><strong><em>—</em></strong></span> <span class='ocrx_word' id='word_1_1037' title='bbox 2790 5455 2842 5509; x_wconf 76' lang='grc'><strong>4.</strong></span> <span class='ocrx_word' id='word_1_1038' title='bbox 2873 5454 3151 5525; x_wconf 73' lang='lat' dir='ltr'><strong>Sapientiae</strong></span> <span class='ocrx_word' id='word_1_1039' title='bbox 3171 5455 3368 5508; x_wconf 82' lang='lat' dir='ltr'><strong>nomine</strong></span> <span class='ocrx_word' id='word_1_1040' title='bbox 3392 5471 3481 5508; x_wconf 86' lang='lat' dir='ltr'><strong>cnr</strong></span> <span class='ocrx_word' id='word_1_1041' title='bbox 3513 5454 3675 5521; x_wconf 68' lang='lat' dir='ltr'><strong>Filias</strong></span> <span class='ocrx_word' id='word_1_1042' title='bbox 3705 5473 3819 5524; x_wconf 80' lang='lat' dir='ltr'><strong>po-</strong></span> 
     </span>
    </p>
   </div>
   <div class='ocr_carea' id='block_1_120' title="bbox 2228 5544 3821 5616">
    <p class='ocr_par' dir='ltr' id='par_1_120' title="bbox 2228 5544 3821 5616">
     <span class='ocr_line' id='line_1_120' title="bbox 2228 5544 3821 5616; baseline -0.001 -13"><span class='ocrx_word' id='word_1_1043' title='bbox 2228 5549 2472 5603; x_wconf 83' lang='lat' dir='ltr'><strong>tissimum</strong></span> <span class='ocrx_word' id='word_1_1044' title='bbox 2492 5548 2773 5601; x_wconf 82' lang='lat' dir='ltr'><strong>insinuetur</strong></span> <span class='ocrx_word' id='word_1_1045' title='bbox 2799 5546 2850 5598; x_wconf 87' lang='lat' dir='ltr'><strong>in</strong></span> <span class='ocrx_word' id='word_1_1046' title='bbox 2881 5545 3159 5614; x_wconf 85' lang='lat' dir='ltr'><strong>Scripturis</strong></span> <span class='ocrx_word' id='word_1_1047' title='bbox 3187 5563 3299 5599; x_wconf 79' lang='lat' dir='ltr'><strong>cum</strong></span> <span class='ocrx_word' id='word_1_1048' title='bbox 3328 5556 3374 5600; x_wconf 77' lang='lat' dir='ltr'><strong>et</strong></span> <span class='ocrx_word' id='word_1_1049' title='bbox 3402 5544 3555 5601; x_wconf 79' lang='lat' dir='ltr'><strong>Pater</strong></span> <span class='ocrx_word' id='word_1_1050' title='bbox 3576 5556 3619 5599; x_wconf 68' lang='lat' dir='ltr'><strong>rt</strong></span> <span class='ocrx_word' id='word_1_1051' title='bbox 3642 5545 3821 5616; x_wconf 77' lang='lat' dir='ltr'><strong>Spiri-</strong></span> 
     </span>
    </p>
   </div>
   <div class='ocr_carea' id='block_1_121' title="bbox 2293 5699 3217 5764">
    <p class='ocr_par' dir='ltr' id='par_1_121' title="bbox 2293 5699 3217 5764">
     <span class='ocr_line' id='line_1_121' title="bbox 2293 5699 3217 5764; baseline -0.001 -14"><span class='ocrx_word' id='word_1_1052' title='bbox 2293 5704 2309 5733; x_wconf 83' lang='grc'>¹</span> <span class='ocrx_word' id='word_1_1053' title='bbox 2332 5704 2403 5751; x_wconf 76' lang='lat' dir='ltr'><strong>sic</strong></span> <span class='ocrx_word' id='word_1_1054' title='bbox 2424 5702 2558 5764; x_wconf 85' lang='lat' dir='ltr'><strong>bene</strong></span> <span class='ocrx_word' id='word_1_1055' title='bbox 2578 5700 2713 5750; x_wconf 90' lang='lat' dir='ltr'><strong>multi</strong></span> <span class='ocrx_word' id='word_1_1056' title='bbox 2738 5706 2842 5764; x_wconf 62' lang='lat' dir='ltr'><strong>uss.</strong></span> <span class='ocrx_word' id='word_1_1057' title='bbox 2866 5707 2919 5748; x_wconf 80' lang='lat' dir='ltr'><strong>Al.</strong></span> <span class='ocrx_word' id='word_1_1058' title='bbox 2944 5699 3077 5759; x_wconf 89' lang='lat' dir='ltr'><strong>editi,</strong></span> <span class='ocrx_word' id='word_1_1059' title='bbox 3094 5700 3217 5764; x_wconf 78' lang='lat' dir='ltr'><strong>ipsa.</strong></span> 
     </span>
    </p>
   </div>
   <div class='ocr_carea' id='block_1_122' title="bbox 2293 5762 3030 5825">
    <p class='ocr_par' dir='ltr' id='par_1_122' title="bbox 2293 5762 3030 5825">
     <span class='ocr_line' id='line_1_122' title="bbox 2293 5762 3030 5825; baseline 0 -16"><span class='ocrx_word' id='word_1_1060' title='bbox 2293 5766 2311 5792; x_wconf 80' lang='grc'>²</span> <span class='ocrx_word' id='word_1_1061' title='bbox 2336 5765 2417 5810; x_wconf 83' lang='lat' dir='ltr'><strong>uie</strong></span> <span class='ocrx_word' id='word_1_1062' title='bbox 2440 5777 2486 5813; x_wconf 81' lang='lat' dir='ltr'><strong>at</strong></span> <span class='ocrx_word' id='word_1_1063' title='bbox 2502 5763 2562 5812; x_wconf 87' lang='lat' dir='ltr'><strong>nd</strong></span> <span class='ocrx_word' id='word_1_1064' title='bbox 2581 5769 2687 5812; x_wconf 82' lang='lat' dir='ltr'><strong>Lov.</strong></span> <span class='ocrx_word' id='word_1_1065' title='bbox 2714 5762 2943 5825; x_wconf 87' lang='lat' dir='ltr'><strong>additum,</strong></span> <span class='ocrx_word' id='word_1_1066' title='bbox 2970 5767 3030 5811; x_wconf 89' lang='lat' dir='ltr'><strong>ct.</strong></span> 
     </span>
    </p>
   </div>
  </div>
