4076 6474
279 405 376 464 931
405 389 408 392 ’

276 527 350 572 tus
371 524 576 572 sanctus
603 517 670 571 sit
702 518 968 588 sapieruia.
1015 517 1266 589 Spiritum
1293 525 1520 572 sanctum
1557 519 1710 572 simul
1739 533 1853 571 cum

278 607 432 664 Patre
473 619 522 665 et
553 601 689 664 Filio
735 627 887 664 unam
931 613 1230 680 sapientiam
1273 627 1395 664 esse.
1476 609 1583 664 Cur
1628 625 1755 680 ergo
1801 609 1852 661 in

275 701 559 772 Scripturis
581 718 844 773 nunquam
871 701 985 758 fere
1029 703 1096 758 de
1126 704 1382 772 Sapientia
1409 703 1690 773 quidquam
1719 702 1853 756 dici-

276 803 385 858 tur,
419 793 522 850 nisi
553 804 609 848 ut
630 795 943 850 ostendatur
961 812 988 848 a
1013 796 1122 850 Deo
1141 795 1316 866 genita
1344 796 1426 850 vel
1449 795 1852 864 creata?genita

275 883 501 946 scilicet.
531 899 624 952 per
651 900 808 955 quam
845 884 977 940 facta
1015 897 1136 940 sunt
1160 887 1336 940 omnia
1363 904 1376 940 :
1404 895 1580 940 creata
1605 901 1731 940 vero
1771 885 1852 940 vel

275 973 438 1038 facta,
491 973 629 1028 sicut
669 975 721 1028 in
752 973 1091 1040 hominibus,
1140 991 1260 1030 cum
1309 975 1378 1028 ad
1421 989 1539 1030 eam
1585 991 1701 1044 qua:
1747 989 1852 1032 non

272 1075 446 1120 creata
475 1074 531 1119 et
556 1063 726 1130 facta,
749 1065 842 1120 sed
865 1067 1039 1136 genita
1069 1077 1150 1122 est
1175 1108 1187 1129 ,
1221 1075 1602 1124 convertuntur
1625 1075 1680 1122 et
1734 1067 1852 1121 illu-

271 1165 538 1222 strantur;
569 1159 620 1210 in
649 1159 776 1226 ipsis
796 1159 936 1212 enim
969 1160 1024 1212 lit
1048 1159 1245 1228 aliquid
1264 1159 1401 1228 quod
1421 1169 1642 1218 vocetur
1666 1177 1850 1216 eorum

272 1247 568 1315 sapientia:
600 1249 684 1304 vel
724 1249 850 1303 illud
903 1250 1191 1320 Scripturis
1238 1251 1712 1322 praenuntiantibus
1759 1262 1851 1307 aut

270 1339 604 1394 narrantibus
623 1381 638 1406 ,
661 1339 803 1410 quod
837 1339 1052 1400 Verbum
1078 1358 1198 1398 caro
1223 1347 1411 1414 factum
1446 1351 1516 1396 est
1538 1385 1550 1406 ,
1575 1353 1622 1396 et
1653 1343 1849 1396 habita-

271 1429 332 1483 uit
358 1430 412 1484 in
440 1429 582 1486 nobis
612 1429 792 1504 (Joan.
813 1449 852 1500 ι,
885 1432 995 1504 l4);
1026 1431 1128 1490 hoc
1158 1433 1318 1488 modo
1342 1433 1481 1488 enim
1509 1434 1751 1488 Christus
1774 1435 1852 1488 fa-

270 1529 350 1574 cta
371 1521 630 1590 sapientia
652 1533 732 1576 est
749 1564 766 1589 ,
791 1523 910 1592 quia
940 1521 1105 1578 factus
1131 1533 1210 1578 est
1240 1524 1417 1598 homo.
1449 1527 1529 1578 An
1567 1534 1848 1596 propterea

271 1625 372 1665 non
395 1611 630 1680 loquitur
651 1613 702 1667 in
749 1613 851 1668 illis
878 1613 1054 1668 Libris
1079 1615 1332 1682 sapientia
1355 1656 1369 1681 ,
1398 1616 1482 1670 vel
1511 1615 1576 1670 de
1603 1616 1689 1670 illa
1719 1616 1852 1670 diei-

270 1709 357 1754 tur
377 1701 574 1774 aliquid
597 1743 610 1766 ,
655 1701 756 1758 nisi
798 1701 938 1772 quod
967 1719 1083 1758 eam
1112 1704 1178 1760 de
1227 1705 1334 1759 Deo
1364 1715 1538 1759 natam
1567 1707 1846 1776 ostendat,

267 1799 360 1844 aut
383 1791 576 1850 faenum
597 1833 612 1858 ,
639 1793 880 1862 quamvis
907 1794 975 1848 sit
995 1802 1048 1848 et
1074 1794 1228 1848 Pater
1255 1795 1368 1864 ipse
1390 1795 1406 1826 ¹
1429 1795 1707 1866 sapientia,
1726 1797 1846 1865 quia

268 1881 356 1936 illa
385 1885 538 1938 nobis
569 1885 824 1952 sapientia
869 1885 1290 1940 commendanda
1316 1895 1428 1940 erat
1469 1895 1524 1940 et
1571 1886 1844 1954 imitanda,

268 1974 420 2044 cujus
451 1974 746 2029 imitatione
768 1974 1060 2030 furmamur
1087 1977 1110 2028 Ἰ
1137 1976 1292 2032 Pater
1313 1977 1456 2031 enim
1481 1991 1597 2034 eam
1621 1977 1771 2043 dicit,
1792 1985 1848 2031 ut

273 2064 503 2120 Verbum
533 2065 648 2135 ejus
675 2067 770 2132 sit;
800 2082 903 2122 non
927 2067 1194 2137 quomodo
1225 2066 1492 2137 profertur
1511 2083 1576 2123 ex
1608 2083 1702 2123 ore
1731 2085 1849 2122 ver-

269 2155 394 2212 bum
450 2171 680 2225 sonans,
713 2166 804 2212 aut
846 2169 970 2213 ante
1014 2159 1496 2230 pronuntiationem
1542 2160 1844 2229 cogitatur:

263 2248 454 2318 Spatiis
499 2250 641 2304 enim
684 2250 1108 2320 temporum'ltoc
1156 2251 1477 2320 completur,
1509 2250 1633 2304 illud
1666 2259 1845 2308 autem

267 2349 526 2395 attentum
554 2349 655 2408 est,
684 2353 736 2395 et
762 2341 1110 2396 illuminando
1140 2342 1266 2396 dicit
1293 2341 1445 2398 nobis
1461 2352 1513 2398 et
1531 2342 1598 2396 de
1624 2357 1681 2396 se
1701 2351 1754 2396 et
1778 2341 1847 2397 de

268 2430 454 2498 Patre,
482 2433 624 2502 quod
673 2432 951 2490 dicendum
998 2443 1078 2488 est
1125 2435 1445 2490 hominibus.
1475 2435 1704 2504 ideoque
1742 2435 1841 2502 ait,

269 2521 436 2578 Nemo
459 2526 596 2578 novit
629 2523 854 2592 Filium,
884 2526 979 2579 nisi
1008 2525 1257 2592 l’ater;et
1282 2543 1426 2580 nemo
1457 2528 1590 2580 novit
1617 2525 1840 2596 Patrem,

267 2615 364 2669 nisi
395 2613 564 2670 Filius
584 2657 600 2682 ,
645 2625 693 2670 et
735 2616 816 2672 cui
851 2617 1057 2682 uoluerit
1087 2615 1252 2671 Filius
1278 2616 1493 2672 revelare
1522 2617 1732 2690 (Matth.
1766 2633 1840 2688 ιιι,

267 2705 363 2778 27)
395 2724 410 2760 :
439 2707 562 2777 quia
589 2721 684 2778 per
710 2707 898 2764 Filium
929 2709 1124 2762 revelat
1154 2709 1328 2772 Pater,
1356 2708 1406 2762 id
1433 2718 1552 2776 est,
1588 2725 1680 2779 per
1705 2707 1841 2764 Ver-

263 2799 391 2853 bum
425 2815 600 2856 suum.
625 2800 681 2856 Si
703 2801 843 2854 enim
865 2800 966 2855 hoc
993 2801 1211 2856 verbum
1241 2801 1379 2871 quod
1405 2817 1502 2857 nos
1529 2801 1843 2871 proferimus

265 2890 560 2958 temporale
596 2901 649 2946 et
674 2891 1034 2945 transitorium
1056 2933 1070 2955 ,
1109 2899 1162 2946 et
1189 2905 1248 2946 se
1278 2892 1448 2961 ipsum
1479 2891 1740 2958 ostendit,
1789 2900 1844 2947 et

265 2979 396 3039 illud
427 2980 492 3035 de
521 2996 625 3050 quo
655 2981 948 3052 loquimur;
1003 2991 1200 3052 quanto
1242 2981 1408 3052 magis
1445 2979 1682 3037 Verbum
1713 2981 1840 3048 Dei,

263 3087 360 3143 per
383 3071 526 3142 quod
557 3071 692 3128 facta
723 3083 847 3128 sunt
869 3074 1046 3128 omnia
1067 3073 1258 3139 ?Quod
1283 3075 1350 3128 ita
1381 3073 1610 3128 ostendit
1629 3074 1838 3134 Patrem

261 3161 420 3217 sicuti
451 3171 534 3217 est
563 3162 760 3218 Pater:
788 3165 909 3232 quia
954 3172 1010 3218 et
1062 3165 1232 3234 ipsum
1275 3163 1342 3217 ita
1374 3173 1488 3228 est,
1536 3163 1716 3218 ethoc
1757 3171 1862 3218 est.

259 3243 404 3322 quod
427 3253 603 3317 Pater,
629 3253 920 3308 secundum
945 3253 1084 3322 quod
1114 3253 1370 3324 sapientia
1397 3261 1480 3308 est
1499 3264 1553 3309 et
1585 3254 1836 3316 essentia.

261 3343 396 3403 Nam
427 3343 716 3400 secundum
740 3343 881 3416 quod
910 3343 1136 3398 Verbum
1159 3386 1173 3410 ,
1207 3359 1311 3398 non
1343 3343 1444 3398 hoc
1469 3344 1710 3414 estquod
1735 3345 1840 3398 Pa-

261 3445 350 3491 ter
374 3453 388 3489 :
421 3437 544 3506 quia
571 3433 804 3490 Verbum
831 3451 934 3492 non
965 3444 1046 3490 est
1071 3435 1246 3504 Pater,
1279 3443 1334 3490 ct
1359 3435 1590 3490 Verbum
1619 3437 1840 3492 relative

260 3529 478 3593 dicitur,
507 3531 646 3583 sicut
673 3529 839 3588 Filius
858 3569 872 3594 ,
923 3527 1062 3604 quod
1109 3531 1290 3598 utique
1319 3543 1423 3581 non
1453 3537 1534 3584 est
1565 3528 1735 3582 Pater.
1772 3527 1840 3581 Et

259 3621 384 3677 ideo
409 3621 655 3676 Christus
679 3623 843 3679 virtus
887 3629 938 3674 et
966 3619 1222 3690 sapientia
1253 3619 1384 3684 Dei,
1416 3621 1536 3690 quia
1587 3619 1655 3673 de
1685 3619 1841 3674 Patre

260 3711 460 3765 virtute
489 3719 544 3765 et
568 3711 822 3779 sapientia
850 3711 1006 3766 etiam
1035 3711 1145 3778 ipse
1171 3709 1334 3763 virtus
1360 3717 1412 3761 et
1438 3708 1694 3778 sapientia
1718 3717 1830 3774 est,

259 3803 398 3858 sicut
443 3803 656 3860 Iumen'
701 3801 770 3858 de
815 3803 972 3858 Patre
999 3801 1226 3866 lumine,
1258 3810 1312 3855 et
1359 3799 1476 3855 fons
1527 3803 1646 3855 vita:
1695 3801 1832 3872 apud

259 3893 431 3948 Deum
459 3893 669 3948 Patrem
689 3933 706 3959 ,
735 3891 914 3963 utique
939 3891 1136 3946 fontem
1163 3891 1302 3946 vitae.
1339 3889 1586 3956 Quoniam
1612 3893 1749 3960 apud
1769 3901 1837 3957 te,

259 3987 464 4058 inquit,
488 3997 558 4040 est
577 3987 689 4056 fons
717 3987 861 4050 vitae,
893 3995 938 4038 et
961 3985 1012 4038 in
1038 3983 1226 4038 lumine
1261 3995 1344 4036 tuo
1373 3983 1644 4036 videbimus
1675 3984 1840 4038 lumen

259 4077 439 4154 (Paul.
461 4094 626 4142 xxxv,
651 4075 738 4148 10)
758 4095 773 4132 :
791 4077 912 4146 quia
937 4077 1060 4131 sicut
1082 4075 1238 4129 Pater
1258 4075 1402 4128 habet
1424 4076 1574 4128 vitam
1595 4075 1645 4128 in
1664 4083 1840 4128 semet-

261 4170 394 4236 ipso,
426 4169 500 4228 sic
529 4169 665 4222 dedit
691 4165 828 4224 Filio
848 4167 1026 4220 habere
1045 4167 1195 4220 vitam
1227 4167 1278 4220 in
1302 4165 1564 4241 semetipso
1589 4163 1763 4236 (Joan.
1781 4181 1836 4229 γ,

259 4257 356 4330 26)
386 4279 398 4314 :
423 4269 477 4314 et
501 4269 607 4312 erat
632 4259 799 4312 lumen
823 4273 992 4313 verum
1015 4257 1149 4326 quod
1178 4255 1429 4314 illuminat
1459 4271 1653 4308 onmem
1679 4255 1841 4308 Itami-

263 4369 375 4410 nem
407 4352 680 4405 venientem
699 4351 752 4409 in
781 4351 912 4408 hunc
937 4349 1199 4413 mundum,
1217 4357 1270 4402 et
1293 4347 1465 4402 lumen
1498 4346 1598 4401 hoc
1627 4345 1841 4400 Verbum

262 4455 370 4500 erat
391 4442 531 4512 (quid
561 4441 754 4503 Deum;
779 4439 872 4494 sed
898 4447 944 4492 et
974 4437 1112 4492 Deus
1133 4447 1236 4491 erat
1258 4435 1472 4490 Verbum
1491 4434 1600 4509 (Id.
1625 4453 1659 4500 ι,
1685 4438 1739 4502 ‘J,
1762 4435 1836 4506 l).

265 4537 403 4596 Dens
424 4545 600 4590 autem
627 4535 794 4589 lumen
830 4541 899 4588 est
918 4575 934 4600 ,
971 4541 1020 4589 et
1047 4531 1260 4588 tenebrat
1285 4531 1338 4584 in
1367 4545 1423 4584 eo
1452 4547 1550 4582 non
1571 4537 1688 4584 sunt
1725 4531 1843 4582 ulla

267 4627 308 4698 (ι
337 4627 494 4682 Joan.
521 4643 558 4690 ι,
587 4623 642 4696 5)
665 4627 890 4680 :‘1umen
919 4637 1044 4677 vero
1085 4637 1188 4676 non
1218 4619 1525 4690 corporale,
1565 4620 1656 4674 sed
1681 4619 1841 4688 spiri-

263 4721 409 4778 tuale
444 4737 456 4772 :
490 4733 664 4790 neque
701 4715 771 4770 ita
802 4713 1097 4785 spirituale,
1127 4721 1184 4766 ιιι
1223 4711 1604 4766 illuminatione
1647 4711 1840 4766 factum

259 4817 366 4880 sit,
396 4810 842 4888 quemadmodum
872 4807 1069 4866 dictum
1098 4814 1180 4860 est
1229 4804 1494 4878 Apostolis
1516 4844 1530 4868 ,
1580 4801 1680 4856 Vos
1723 4804 1843 4856 estis

263 4909 432 4958 lmnen
461 4902 636 4960 mundi
661 4899 870 4974 (Matth.
903 4915 957 4965 ν,
987 4897 1100 4966 Η);
1130 4895 1222 4950 sed
1245 4897 1408 4949 lumen
1430 4894 1562 4964 quod
1589 4892 1842 4946 illuminat

275 5010 460 5052 mntem
485 4993 735 5048 hominem
757 5032 771 5057 ,
800 5005 864 5044 ea
893 4989 1006 5060 ipsa
1037 4996 1090 5042 et
1129 5002 1331 5040 summa
1359 4985 1616 5055 sapientia
1669 4985 1804 5038 Deus
1825 5025 1838 5048 ,

268 5087 404 5141 unde
431 5099 574 5141 nunc
602 5084 824 5152 agimus.
851 5065 1118 5149 Sapientia
1149 5093 1275 5146 ergo
1303 5077 1466 5131 Filius
1498 5077 1563 5130 de
1587 5077 1842 5144 sapientia

257 5175 420 5232 Patre
441 5218 454 5236 .
479 5176 616 5230 sicut
634 5173 810 5227 lumen
839 5171 905 5226 de
941 5170 1140 5225 lumine
1160 5210 1174 5234 ,
1202 5177 1255 5221 et
1281 5167 1420 5221 Deus
1444 5167 1509 5220 de
1533 5165 1642 5220 Deo
1663 5205 1678 5230 ,
1705 5175 1761 5219 ut
1790 5175 1844 5221 et

268 5267 508 5338 singulas
541 5265 701 5320 Pater
723 5263 934 5328 lumen,
984 5270 1037 5315 et
1065 5259 1300 5328 singulns
1329 5257 1493 5312 Filius
1536 5257 1746 5320 lumen;
1789 5265 1844 5310 et

269 5363 510 5430 singulus
537 5360 692 5416 Pater
715 5357 851 5412 Deus
871 5399 885 5420 ,
907 5364 958 5410 et
984 5353 1220 5423 singulus
1251 5351 1412 5406 Filius
1445 5352 1578 5405 Deus
1603 5368 1616 5402 :
1639 5366 1765 5419 ergo
1791 5361 1844 5405 et

272 5451 510 5521 singulas
539 5449 696 5504 Pater
720 5446 978 5516 sapientia
1000 5485 1014 5510 ,
1039 5455 1090 5498 et
1117 5444 1350 5512 singulus
1381 5441 1543 5496 Filius
1563 5441 1842 5510 sapientia.

275 5539 339 5600 Et
367 5542 506 5596 sicut
527 5549 810 5608 utrumque
833 5535 988 5592 simul
1016 5551 1175 5592 unum
1209 5535 1414 5598 lumen,
1440 5541 1494 5586 et
1523 5545 1657 5584 unus
1683 5531 1838 5598 Deus,

275 5633 348 5687 sic
379 5641 661 5702 utrumque
683 5642 785 5682 una
811 5623 1206 5696 sapientia.Sed
1231 5623 1395 5677 Filius
1424 5623 1586 5693 factus
1611 5630 1680 5675 est
1703 5621 1844 5677 nobis

335 5779 598 5846 fsoiaiere
621 5779 768 5834 θάίιίο
789 5774 1066 5846 maias“;
1112 5835 1122 5846 .
1195 5837 1204 5846 .
1469 5836 1478 5846 .

336 5845 356 5874 '
377 5851 505 5902 tam,
530 5841 688 5892 lumen
713 5833 816 5890 Dei.
843 5833 1004 5897 Abest,
1034 5835 1139 5894 Dei,
1164 5837 1225 5884 ab
1247 5833 1352 5884 aliis
1373 5833 1526 5884 libris.

549 5926 772 5984 ἕλκετ’.
823 5929 1086 5982 Aversa.
1139 5919 1275 5978 ΥΡΞ

1599 405 1800 462 LIBER
1839 403 2190 465 SEPTIMUS.

3435 420 3540 476 958

1963 521 2210 590 sapientia
2237 539 2268 576 a
2305 521 2433 590 Deo,
2457 533 2502 578 et
2511 525 2713 595 justitia
2741 535 2787 580 et
2811 528 3142 596 sanctiﬁcatio
3160 529 3200 600 (l
3223 529 3322 584 Cor
3357 548 3397 597 ι,
3421 533 3536 606 '50),

1961 609 2078 678 quia
2113 614 2475 681 temporaliter
2517 631 2613 670 nos
2657 615 2722 672 ad
2770 633 2889 670 eum
2921 621 3314 686 convertimus,
3345 623 3392 675 1d
3425 633 3536 690 est,

1961 714 2024 760 ex
2043 701 2218 774 aliquo
2245 711 2500 772 tempore,
2517 713 2572 759 ιιι
2595 723 2712 760 cum
2737 707 2826 762 illo
2852 723 3160 766 maneamus
3181 709 3231 764 in
3255 723 3536 770 mternnm.

1962 792 2028 845 Et
2053 793 2166 862 ipse
2189 809 2252 849 ex
2279 795 2506 864 quodam
2546 809 2784 867 tempore
2821 797 3032 856 Verbum
3056 817 3173 856 caro
3211 803 3400 871 factum
3428 815 3536 878 est,

1959 893 2006 936 et
2037 883 2274 946 habitavit
2295 887 2345 941 in
2370 887 2530 942 nobis.

2030 975 2083 1030 5.
2117 975 2399 1047 Prnpterea
2430 979 2590 1049 igitur
2612 969 2730 1036 cum
2751 984 3124 1051 pronuntiatur
3145 985 3195 1040 in
3223 985 3534 1057 Scripturis,

1958 1075 2046 1118 aut
2074 1079 2353 1124 enarratur
2377 1071 2574 1146 aliquid
2601 1071 2667 1130 de
2693 1075 2948 1148 sapientia
2971 1117 2983 1138 ,
3017 1077 3129 1132 sive
3171 1078 3382 1134 dicente
3423 1081 3533 1150 ipsa

1958 1155 2070 1210 sive
2091 1173 2208 1212 cum
2238 1159 2302 1215 de
2332 1160 2416 1220 illa
2439 1161 2651 1228 dicitur,
2676 1163 2841 1224 Filius
2871 1167 3022 1220 nobis
3047 1169 3374 1237 potissimum
3408 1174 3536 1228 insi-

1957 1259 2168 1308 nuatur.
2201 1249 2362 1320 Cujus
2385 1251 2628 1323 imaginis
2659 1256 2902 1324 exemplo
2933 1265 2984 1310 et
3011 1273 3108 1311 nos
3135 1275 3236 1312 non
3287 1259 3531 1316 disceda-

1957 1355 2074 1394 mus
2100 1355 2126 1392 a
2154 1341 2292 1408 lleo,
2329 1343 2450 1412 quia
2479 1351 2532 1396 et
2558 1359 2654 1397 nos
2686 1345 2856 1414 imago
2887 1347 2976 1400 Dei
3017 1363 3200 1402 sumus
3229 1366 3241 1400 :
3274 1367 3375 1404 non
3410 1351 3528 1420 qui,

1953 1431 2075 1488 dem
2107 1433 2320 1501 :cqualis
2343 1474 2356 1498 ,
2391 1432 2524 1486 facta
2555 1435 2747 1504 quippe
2776 1451 2804 1490 a
2837 1437 2991 1493 Patre
3037 1456 3128 1508 per
3156 1441 3380 1504 Filium,
3424 1460 3528 1504 non

1955 1533 2074 1576 nata
2102 1522 2167 1576 de
2189 1522 2344 1578 Patre
2372 1523 2508 1578 sicut
2530 1523 2636 1582 illa.
2667 1523 2732 1579 Ει
2753 1541 2850 1584 nos
2871 1529 3044 1600 ',qnia
3069 1530 3428 1594 illuminamur
3449 1533 3530 1587 lu.-

1955 1613 2126 1676 miue;
2158 1611 2246 1666 illa
2275 1629 2432 1678 vero,
2464 1615 2583 1682 quia
2613 1615 2789 1671 lumen
2831 1617 3135 1676 illuminmis
3163 1639 3175 1673 :
3200 1633 3254 1676 et
3296 1623 3413 1676 ideo
3444 1624 3528 1678 illa

1953 1703 2068 1758 sine
2088 1703 2334 1772 exemplo
2358 1705 2508 1760 nobis
2535 1707 2834 1776 exemplum
2861 1717 2960 1763 est.
2993 1709 3173 1780 hcque
3194 1714 3333 1767 enim
3358 1715 3530 1768 imita.

1955 1805 2038 1848 tur
2068 1795 2454 1866 pratcedeutem
2487 1797 2716 1874 aliquem
2745 1799 2810 1852 ad
2843 1801 3052 1855 Patrem
3079 1817 3232 1872 aquo
3259 1821 3526 1874 nunquam

1951 1895 2034 1940 est
2054 1887 2268 1946 omnino
2289 1888 2601 1955 separabilis
2621 1931 2634 1954 ,
2666 1873 2788 1957 quia
2825 1891 3053 1960 idipsum
3083 1901 3165 1948 est
3190 1895 3328 1970 qttod
3351 1873 3438 1952 ille
3460 1897 3530 1959 de

1951 1993 2055 2047 quo
2081 1989 2180 2032 est.
2210 1979 2318 2036 Nos
2347 1989 2522 2033 autem
2558 1981 2786 2038 nitentes
2811 1983 3081 2042 imitamur
3111 1995 3447 2056 manentem,
3472 2000 3528 2046 cl

1952 2069 2222 2142 Sequimur
2247 2080 2507 2136 stantem,
2536 2080 2588 2124 et
2634 2071 2686 2126 in
2731 2072 2845 2140 ipso
2887 2075 3219 2130 ambulantes
3259 2079 3526 2138 tendimus

1949 2155 2016 2212 ad
2055 2157 2224 2227 ipsum
2254 2177 2267 2212 :
2295 2159 2414 2227 quia
2464 2159 2632 2214 factus
2679 2173 2762 2216 est
2801 2163 2955 2220 nobis
2983 2165 3060 2217 via
3095 2168 3398 2236 temporalis
3430 2184 3527 2238 per

1950 2246 2298 2306 humilitatem
2318 2250 2357 2314 ³,
2391 2265 2508 2322 qua:
2535 2253 2738 2306 mansio
2764 2253 2914 2306 nobis
2937 2263 3134 2316 aeterna
3160 2266 3242 2312 est
3271 2273 3364 2327 per
3384 2259 3523 2322 divi.

1949 2337 2189 2396 nitatem.
2220 2339 2477 2406 Queniam
2506 2342 2701 2418 quippe
2731 2343 3004 2412 Spiritibus
3051 2347 3262 2400 mundis
3309 2350 3519 2404 intelle.

1947 2429 2238 2496 ctualibus,
2271 2431 2358 2500 qui
2387 2433 2632 2500 superbia
2665 2449 2768 2486 non
2801 2433 2929 2504 lapsi
2963 2446 3116 2502 sunt,
3145 2437 3194 2492 in
3225 2439 3387 2492 forma
3425 2441 3518 2505 Dei

1947 2530 2000 2580 et
2023 2521 2130 2575 Deo
2155 2522 2374 2594 mqualis
2392 2533 2444 2577 et
2475 2523 2614 2578 Deus
2639 2525 2835 2594 pra-bet
2853 2529 3150 2602 exemplum
3186 2549 3200 2590 ς
3229 2541 3280 2584 ιιι
3304 2547 3359 2589 se
3379 2533 3517 2592 idem

1945 2613 2245 2684 exemplum
2265 2613 2516 2668 redeundi
2543 2615 2698 2668 etiam
2731 2617 2875 2694 lapso
2905 2618 3164 2684 pra-heret
3189 2619 3408 2688 homini,
3427 2625 3517 2702 qni

1947 2713 2160 2772 promer
2191 2703 2573 2762 immunditiam
2603 2717 2936 2773 peccatorum
2973 2721 3286 2778 pmttamque
3317 2723 3518 2766 morta-

1947 2795 2108 2848 litatis
2138 2793 2307 2854 Deum
2340 2795 2518 2850 videre
2547 2811 2649 2849 non
2678 2807 2916 2870 poterat,
2947 2799 3262 2872 semetipsum
3290 2803 3520 2862 exinani.

1944 2888 2031 2948 uit,
2051 2903 2154 2942 non
2169 2889 2420 2946 mutando
2441 2889 2766 2943 divinitatem
2789 2905 2956 2958 suam,
2981 2891 3074 2945 sed
3098 2902 3328 2952 nostram
3346 2907 3520 2956 muta,

1947 2978 2204 3036 bilitatem
2234 2979 2591 3046 assumenda;
2623 2991 2672 3036 et
2693 2981 2910 3050 [orntum
2937 2984 3062 3035 serrl
3081 2985 3330 3062 accip’ens
3357 2985 3516 3058 (Phi-
3591 3017 3606 3028 .

1943 3071 2070 3146 lipp.
2097 3086 2154 3135 ll,
2185 3069 2264 3140 7),
2291 3072 2420 3124 venit
2435 3071 2502 3126 ad
2528 3087 2624 3126 nos
2649 3071 2700 3124 in
2719 3073 2852 3126 hunc
2877 3074 3116 3136 mundum
3139 3073 3380 3144 (lTim.t,
3403 3079 3512 3149 15),

1942 3159 2032 3228 qui
2053 3160 2104 3212 in
2133 3161 2227 3212 hoc
2251 3165 2436 3214 mundo
2463 3169 2591 3228 erat,
2619 3164 2740 3232 quia
2769 3162 2984 3216 mundus
3009 3179 3098 3232 per
3125 3181 3236 3218 eum
3259 3167 3421 3234 factus
3443 3179 3518 3232 est

1944 3249 2120 3320 (Joan.
2155 3265 2191 3316 t,
2224 3249 2350 3321 10);
2383 3259 2441 3305 ut
2457 3251 2754 3322 exemplum
2781 3267 2990 3305 sursum
3009 3253 3307 3310 videntibus
3327 3257 3514 3328 Deum,

1943 3343 2243 3412 exemplum
2265 3342 2514 3396 deorsum
2540 3343 2855 3400 mirantibus
2881 3343 3190 3411 hominem,
3216 3349 3514 3420 exemplum

1943 3434 2088 3488 Sanis
2117 3433 2182 3486 ad
2215 3433 2662 3502 permanendum,
2689 3436 2988 3504 exemplum
3021 3435 3242 3493 infirmis
3291 3440 3356 3494 ad
3381 3456 3509 3496 ιτοιιμ-

1944 3526 2332 3590 valescendum,
2359 3527 2658 3600 exemplum
2689 3527 2956 3584 morituris
2980 3527 3045 3586 ad
3065 3543 3166 3582 non
3185 3532 3474 3588 timendum
3495 3576 3509 3600 ,

1943 3615 2242 3683 exemplum
2269 3615 2492 3674 mortuis
2517 3615 2582 3668 ad
2609 3615 2984 3684 resurgendum
3015 3625 3190 3684 esset,
3214 3620 3264 3672 in
3287 3623 3516 3678 ontnibus

1943 3707 2049 3774 ipse
2071 3707 2339 3776 primatum
2367 3717 2533 3760 tenens
2562 3707 2780 3776 (Coloss.
2807 3721 2840 3770 ι,
2877 3707 2987 3778 18).
3021 3709 3150 3773 Quia
3178 3711 3317 3764 enim
3358 3713 3516 3766 homo

1941 3798 2008 3852 ad
2029 3797 2404 3853 beatitudinem
2433 3799 2582 3872 sequi
2613 3815 2715 3854 non
2740 3798 2966 3854 debebat
2991 3800 3089 3854 nisi
3113 3801 3297 3866 Deum,
3322 3813 3375 3858 et
3396 3823 3518 3860 seu.

1945 3891 2042 3944 tire
2066 3905 2168 3942 non
2195 3897 2400 3958 poterat
2427 3889 2619 3953 Deum;
2647 3889 2916 3958 sequendo
2939 3891 3102 3945 Deum
3125 3891 3393 3948 hominem
3435 3895 3514 3949 l'a-

1943 3993 2084 4038 etum
2104 4023 2120 4048 ,
2153 3993 2466 4056 sequeretur
2493 3981 2648 4034 simul
2693 3991 2746 4034 et
2773 3997 2928 4050 quem
2959 3983 3156 4038 sentire
3193 3996 3399 4056 poterat
3419 4029 3432 4050 ,
3463 3998 3518 4048 et

1943 4089 2099 4149 quem
2129 4073 2275 4142 sequi
2305 4071 2548 4126 debebat.
2577 4077 2828 4126 Amemus
2851 4087 2979 4142 ergo
3009 4089 3128 4128 eum
3159 4085 3212 4128 et
3253 4076 3516 4132 inhurrca.

1945 4181 2063 4220 mus
2083 4165 2189 4230 illi,
2224 4165 2480 4220 cluat-itote
2508 4162 2696 4218 diffusa
2721 4165 2770 4217 in
2798 4165 3044 4220 cordibus
3072 4167 3265 4226 nostris
3285 4183 3378 4236 per
3393 4167 3516 4239 ενι,

1945 4259 2102 4312 ritum
2133 4265 2370 4310 sanciunt
2390 4299 2404 4318 ,
2437 4255 2524 4326 qui
2553 4255 2704 4308 datus
2727 4265 2808 4310 est
2837 4255 2988 4309 nobis
3010 4254 3184 4325 (Rom.
3213 4273 3267 4322 ν,
3299 4259 3376 4328 5,).
3403 4259 3514 4314 Non

1947 4349 2102 4418 igitur
2121 4349 2313 4402 mirum
2337 4389 2350 4412 ,
2383 4347 2426 4400 si
2447 4356 2657 4418 propter
2681 4345 2980 4413 exemplum
3005 4345 3144 4416 quod
3173 4347 3324 4402 nobis
3351 4359 3407 4402 ut
3428 4366 3514 4406 re,

1947 4443 2234 4494 itmnemur
2253 4439 2318 4492 ad
2345 4438 2622 4509 imaginem
2653 4437 2740 4491 Dei
2767 4437 2964 4506 pra:th
2985 4437 3155 4508 imago
3175 4439 3392 4510 aequalis
3411 4440 3484 4495 Pa
3495 4469 3519 4482 ~~

1947 4533 2047 4596 tri,
2077 4547 2199 4585 cutn
2225 4529 2293 4585 de
2333 4529 2590 4598 sapientia
2637 4529 2909 4606 Scriptura
2953 4529 3216 4599 loquitur,
3265 4530 3332 4586 dc
3381 4532 3518 4588 Filio

1947 4625 2196 4694 loquitur,
2215 4639 2369 4694 quem
2409 4625 2682 4694 sequimur
2719 4623 2942 4682 vivendo
2982 4628 3252 4693 sapienter
3282 4643 3296 4680 :
3325 4642 3516 4702 quam-

1946 4717 2026 4771 vis
2055 4727 2106 4772 et
2135 4717 2290 4772 Pater
2310 4716 2382 4770 sit
2401 4717 2653 4788 sapientia
2675 4759 2690 4783 ,
2721 4716 2857 4770 sicut
2883 4716 3058 4770 lumen
3079 4728 3134 4776 et
3165 4717 3322 4778 Deus.

2017 4809 2069 4865 6.
2101 4809 2327 4878 Spiritus
2351 4824 2558 4880 quoque
2583 4819 2796 4862 sanctus
2819 4807 2934 4862 sive
2963 4808 3032 4861 sit
3053 4821 3256 4862 summa
3287 4806 3520 4862 Charitas

1947 4913 2229 4970 utrumque
2269 4901 2594 4972 conjungens
2629 4915 2830 4970 nosque
2855 4900 3196 4967 subjungcus,
3227 4897 3364 4966 quod
3400 4899 3520 4953 ideo

1947 5009 2052 5048 non
2083 4993 2294 5062 indigne
2329 4993 2520 5046 dicitur
2550 4991 2670 5060 quia
2698 4991 2950 5058 scriptum
2989 4999 3104 5052 est,
3137 4987 3270 5042 Dens
3295 4989 3521 5045 charitas

1945 5098 2018 5140 est
2051 5085 2092 5154 (ι
2125 5083 2280 5138 Joan.
2317 5099 2387 5147 tv,
2422 5083 2516 5152 8):
2547 5081 2811 5152 quomodo
2841 5097 2944 5134 non
2983 5089 3066 5134 est
3101 5081 3257 5133 etiam
3289 5081 3402 5150 ipse
3431 5097 3522 5136 sa.-

1948 5179 2174 5247 pientia;
2206 5191 2324 5228 cum
2351 5175 2419 5228 sit
2444 5173 2639 5232 lumen,
2669 5173 2912 5240 quoniam
2945 5171 3074 5223 Deus
3095 5171 3258 5222 lumen
3280 5172 3394 5224 est?
3411 5177 3522 5224 SiVn

1947 5269 2052 5326 alio
2099 5265 2256 5318 modo
2293 5263 2325 5329 ’ς
2352 5263 2578 5316 essentia
2623 5259 2850 5330 Spiritus
2895 5258 3062 5314 sancti
3102 5258 3404 5328 singillatim
3461 5277 3520 5313 ae

1949 5355 2158 5426 proprie
2187 5353 2502 5409 nominanda
2533 5361 2641 5406 est:
2673 5349 2918 5420 quoniam
2949 5349 3086 5403 Deus
3112 5359 3211 5412 est,
3241 5350 3420 5420 utique
3443 5350 3518 5404 lu-

1948 5463 2067 5502 men
2095 5455 2174 5501 cst
2205 5463 2218 5500 :
2250 5457 2302 5498 et
2327 5443 2571 5512 quoniam
2595 5441 2768 5492 lumen
2795 5448 2896 5502 est,
2926 5438 3384 5507 utiquesapientia
3409 5451 3520 5495 est:

1949 5539 2118 5594 Deum
2145 5547 2320 5590 autem
2345 5547 2462 5588 esse
2489 5530 2741 5601 Spiritum
2797 5539 3057 5596 sanctum,
3099 5529 3371 5600 Scriptura
3407 5531 3514 5592 cla.

2012 5709 2028 5739 ι
2056 5712 2184 5754 Unus
2207 5715 2236 5751 e
2259 5701 2492 5756 Vaticanis
2505 5705 2634 5756 Mss,
2660 5704 2714 5748 Et
2737 5711 2819 5755 nos
2843 5697 3018 5755 lumen,
3043 5697 3174 5758 quia.

2009 5769 2030 5800 ³
2055 5774 2160 5814 Lov.
2183 5763 2240 5812 ad
2259 5763 2524 5823 marginem
2549 5773 2562 5808 :
2587 5777 2610 5805 α
2635 5759 3151 5823 alias,immanitatem.
3177 5776 3198 5804 ι

2013 5830 2034 5862 ³
2055 5835 2184 5886 μοικ,
2207 5823 2307 5874 sive
2325 5821 2438 5888 ergo
2458 5821 2546 5871 hoc
2567 5821 2726 5883 modo,
2749 5821 2845 5873 sive
2865 5821 2960 5872 alio
2986 5825 3143 5872 modo.

2919 5905 3234 5982 ('I‘rcnte.)
