4076 6516
470 364 575 423 939

470 504 581 551 mat
604 490 742 564 apud
772 487 1084 561 Apostolum
1110 485 1197 556 qui
1226 483 1391 549 dicit,
1422 480 1643 538 Nescitis
1666 481 1785 552 quia
1809 478 2051 549 templum

471 584 570 641 Dei
590 582 747 640 estis?
774 580 1067 650 Statimque
1092 576 1322 646 subjicit,
1366 573 1432 629 Et
1460 574 1685 643 Spiritus
1726 570 1822 625 Dei
1864 570 2053 623 habitat

470 679 526 733 in
547 677 682 733 vobis
709 675 751 745 (1
777 672 895 729 Cor.
936 687 994 728 nt
1016 712 1032 738 ,
1063 669 1174 741 16).
1207 669 1346 724 Deus
1371 668 1514 723 enim
1545 666 1746 721 habitat
1773 665 1826 719 in
1855 660 2052 730 templo

469 782 589 824 suo.
617 766 731 822 Non
753 764 893 819 enim
924 770 1171 832 tanquam
1201 759 1442 814 minister
1469 757 1671 812 habitat
1699 754 1927 826 Spiritus
1960 750 2052 806 Dei

472 860 527 915 in
555 857 751 926 templo
779 855 893 921 Dei,
915 868 1035 908 cum
1065 852 1171 907 alio
1194 851 1313 906 loco
1340 849 1633 905 evidentius
1659 848 1799 904 dicat
1824 863 1837 900 :
1874 842 2053 899 Nesci-

470 947 534 1005 tis
576 948 692 1020 quia
727 960 940 1016 corpora
975 950 1136 998 vestra
1165 940 1408 1012 templum
1447 940 1501 993 in
1537 938 1675 993 vobis
1712 944 1786 992 est
1826 933 2054 1020 Spiritus

475 1016 657 1097 sancti,
694 1044 840 1099 quem
868 1025 1057 1080 habetis
1083 1041 1113 1079 a
1135 1023 1242 1079 Deo
1264 1065 1280 1091 ,
1309 1032 1356 1079 et
1384 1039 1484 1078 non
1508 1021 1623 1076 estis
1648 1018 1841 1075 vestri?
1879 1016 2054 1087 Empti

471 1122 603 1178 enim
646 1120 762 1175 estis
810 1117 969 1189 pretio
1010 1132 1195 1188 magno
1228 1130 1245 1169 :
1288 1114 1568 1186 gloriﬁcate
1604 1127 1722 1183 ergo
1750 1110 1767 1142 ί
1799 1109 1963 1163 Deum
2000 1107 2055 1161 in

469 1225 682 1282 corpore
728 1217 888 1264 vestro
914 1208 931 1280 (
958 1204 1047 1260 Id.
1088 1222 1163 1272 vi,
1211 1205 1299 1271 l9,
1326 1204 1440 1274 20).
1480 1201 1615 1269 Quid
1651 1208 1733 1255 est
1757 1207 1935 1254 autem
1964 1212 2054 1251 sa.

471 1303 667 1373 pientia
691 1341 706 1367 ,
738 1299 837 1357 nisi
868 1298 1046 1353 lumen
1082 1297 1356 1368 spirituale
1387 1302 1443 1349 et
1468 1288 1934 1347 incommutabile?
1960 1288 2057 1342 Est

470 1393 614 1449 enim
642 1398 697 1446 et
720 1389 801 1445 sol
830 1388 930 1444 iste
960 1388 1172 1455 lumen,
1201 1384 1296 1440 sed
1338 1382 1616 1454 corporale
1659 1391 1773 1447 est;
1804 1388 1856 1435 et
1896 1378 2054 1448 spiri-

471 1484 630 1540 tualis
671 1490 911 1538 creatura
951 1480 1152 1543 lumen,
1178 1476 1273 1532 sed
1316 1492 1419 1531 non
1451 1472 1902 1530 incommutabile.
1946 1470 2055 1525 Lu-

472 1590 595 1633 men
620 1588 746 1645 ergo
774 1572 965 1637 Pater,
997 1570 1177 1625 lumen
1206 1567 1370 1624 Filius
1394 1608 1411 1634 ,
1453 1566 1628 1621 lumen
1672 1562 1901 1635 Spiritus
1929 1578 2055 1616 san-

471 1678 626 1724 ctus:
652 1664 810 1723 simul
837 1672 1013 1718 autem
1040 1676 1145 1715 non
1180 1660 1277 1714 tria
1302 1658 1521 1725 lumina,
1549 1656 1642 1711 sed
1665 1671 1826 1711 unum
1856 1654 2055 1708 lumen.

475 1757 543 1812 Et
591 1756 710 1813 ideo
740 1751 997 1823 sapientia
1043 1751 1221 1815 Pater,
1268 1748 1525 1821 sapientia
1568 1746 1755 1812 Filius,
1801 1745 2057 1814 sapientia

471 1846 699 1918 Spiritus
722 1853 968 1910 sanctus;
1001 1852 1054 1898 et
1073 1842 1227 1896 simul
1256 1856 1358 1895 non
1383 1851 1490 1894 tres
1514 1838 1806 1909 sapientiae,
1833 1837 1927 1893 sed
1956 1852 2057 1891 una

478 1937 737 2010 sapientia
772 1954 784 1990 :
817 1942 872 1991 et
896 1935 1017 2005 quia
1048 1933 1149 1988 hoc
1175 1941 1255 1986 est
1286 1932 1353 1985 ibi
1384 1946 1504 1985 esse
1542 1929 1680 2000 quod
1707 1944 1927 1999 sapere,
1956 1943 2057 1981 una

476 2028 706 2085 essentia
733 2026 889 2083 Pater
909 2034 961 2081 et
987 2025 1154 2080 Filius
1180 2032 1233 2077 et
1265 2021 1492 2093 Spiritus
1514 2031 1746 2075 sanctus.
1789 2019 1893 2074 Nec
1916 2018 2057 2072 aliud

475 2126 560 2173 est
596 2116 666 2172 ibi
695 2131 813 2172 esse
841 2131 997 2186 quam
1036 2114 1201 2168 Deum
1223 2128 1340 2167 esse
1372 2130 1385 2166 :
1418 2125 1555 2167 unus
1580 2125 1709 2180 ergo
1739 2110 1875 2165 Deus
1906 2109 2061 2164 Pater

474 2219 532 2266 et
557 2208 722 2267 Filius
746 2219 798 2265 et
826 2208 1054 2279 Spiritus
1082 2215 1315 2262 sanctus.

526 2281 774 2360 CAPUT
806 2301 892 2357 IV.
916 2330 989 2341 —-
1018 2301 1074 2355 7.
1119 2299 1231 2367 Qua
1261 2298 1548 2353 necessitate
1576 2294 1741 2351 (ἱνωεί
1769 2305 1867 2351 tres
1895 2295 2060 2366 hypo-

474 2404 633 2450 stases
653 2392 877 2448 dixerint
904 2410 924 2459 ;
948 2391 1139 2457 Latini,
1179 2402 1276 2445 tres
1301 2407 1557 2462 personas.
1591 2389 1860 2460 Scriptura
1885 2388 2063 2443 nullibi

476 2476 601 2540 dicit
641 2493 740 2539 tres
772 2499 1010 2555 personas
1054 2483 1107 2537 in
1148 2480 1275 2535 Deo.
1317 2481 1497 2553 itaque
1542 2481 1787 2551 loquendi
1814 2495 1968 2534 causa
1996 2479 2062 2533 de

476 2575 849 2642 incil'abilibus,
900 2584 957 2630 ut
1000 2574 1099 2631 fari
1145 2574 1323 2644 aliquo
1380 2573 1538 2628 modo
1586 2588 1880 2643 possemus,
1922 2572 2061 2642 quod

476 2667 625 2723 ell'ari
673 2667 820 2722 nullo
868 2664 1027 2721 modo
1079 2680 1377 2735 possumus,
1421 2663 1619 2717 dictum
1660 2672 1743 2717 e—t
1786 2678 1815 2716 a
1868 2661 2064 2717 nostris

478 2758 682 2815 Gratcis
717 2773 819 2813 una
848 2757 1107 2820 essentia,
1140 2763 1248 2810 tres
1276 2755 1585 2810 substantia:
1629 2771 1642 2806 :
1678 2770 1708 2807 a
1740 2753 1938 2808 Latinis
1967 2769 2064 2807 au—

480 2862 609 2921 tem,
636 2866 739 2907 una
768 2852 997 2907 essentia
1036 2848 1119 2904 vel
1144 2848 1457 2913 substantia,
1487 2855 1593 2901 tres
1615 2861 1884 2917 personae;
1918 2845 2060 2916 quia,

480 2946 618 3001 sicut
638 2945 748 3015 jam
791 2944 1041 3008 diximus,
1070 2957 1178 2996 non
1212 2942 1368 2994 aliter
1407 2940 1461 2994 in
1495 2954 1740 2995 sermone
1780 2947 1983 3005 nostro,
2014 2938 2064 2993 id

478 3043 581 3101 est,
623 3035 805 3100 latino,
850 3033 1081 3090 essentia
1130 3048 1287 3103 quam
1327 3030 1618 3086 substantia
1669 3032 1805 3086 solet
1848 3031 2063 3100 intelligi

479 3127 620 3199 (Lib.
668 3127 725 3194 5,
769 3143 921 3197 capp.
964 3125 1019 3191 2,
1050 3126 1130 3193 8).
1185 3126 1249 3179 Et
1273 3123 1399 3178 dum
1430 3123 1748 3192 intelligatur
1793 3123 1977 3178 saltem
2012 3122 2063 3176 in

480 3219 762 3290 aenigmate
798 3216 937 3290 quod
977 3216 1187 3281 dicitur,
1219 3213 1418 3286 placuit
1459 3214 1529 3267 ita
1565 3212 1691 3279 diei,
1724 3220 1779 3266 ut
1803 3212 2068 3268 diceretur

480 3308 679 3381 aliquid
705 3325 825 3365 cum
855 3317 1180 3379 qua'reretur
1208 3306 1331 3376 quid
1365 3305 1459 3359 tria
1495 3305 1623 3370 sint,
1663 3320 1781 3374 qum
1820 3304 1915 3358 tria
1947 3318 2066 3359 esse

483 3403 619 3460 tides
651 3418 774 3459 vera
805 3400 1149 3471 pronuntiat,
1189 3413 1309 3452 eum
1338 3407 1392 3453 et
1421 3397 1631 3452 Patrem
1663 3410 1767 3450 non
1794 3395 1921 3450 dicit
1948 3410 2066 3450 esse

486 3495 701 3559 Filium,
733 3502 788 3549 et
830 3492 1085 3563 Spiritum
1130 3500 1371 3545 sanctum
1418 3488 1560 3560 quod
1608 3498 1690 3543 est
1726 3489 1923 3542 donum
1972 3488 2064 3543 Dei

486 3602 589 3642 nec
616 3586 824 3641 Patrem
850 3583 977 3638 dicit
997 3597 1117 3638 esse
1142 3596 1239 3637 nec
1264 3580 1476 3636 Filium.
1506 3580 1636 3635 Cum
1659 3594 1784 3650 ergo
1810 3581 2068 3651 qumritnl‘

484 3676 610 3749 quid
646 3676 765 3741 tria,
791 3675 873 3730 vel
898 3674 1024 3746 quid
1052 3684 1179 3738 tres,
1220 3671 1541 3727 conferimus
1570 3687 1666 3726 nos
1693 3672 1759 3726 ad
1796 3672 2069 3727 invenien-

482 3769 611 3833 dum
640 3767 856 3839 aliquod
889 3766 1121 3837 speciale
1152 3766 1232 3821 vel
1257 3765 1507 3836 generale
1544 3781 1758 3831 nomen,
1790 3781 1896 3836 quo
1921 3781 2068 3820 com-

487 3862 782 3931 plectamur
817 3858 933 3913 lucc
961 3858 1081 3923 tria,
1120 3873 1297 3928 neque
1325 3857 1557 3912 occurrit
1581 3858 1759 3913 animo
1780 3900 1795 3924 ,
1830 3860 1947 3928 quia
1974 3874 2067 3914 ex-

485 3951 627 4008 cedit
652 3950 1098 4020 supercminentia
1127 3949 1422 4003 divinitatis
1453 3949 1629 4004 usitati
1668 3949 1864 4019 equuii
1897 3949 2065 4005 facul-

486 4053 671 4099 tatem.
716 4042 903 4099 Verius
933 4043 1074 4098 enim
1101 4043 1363 4112 cogitatur
1403 4042 1544 4097 Deus
1580 4057 1735 4112 quam
1773 4043 1985 4108 dicitur,
2014 4052 2069 4101 et

484 4135 664 4193 verius
698 4141 783 4189 est
826 4149 983 4204 quam
1022 4135 1306 4203 cogitatur.
1350 4133 1481 4188 Cum
1522 4136 1664 4193 enim
1708 4136 1934 4192 dicimus
1960 4153 2066 4193 non

485 4222 733 4281 eumdem
774 4238 893 4279 esse
943 4221 1106 4279 Jacob
1161 4225 1249 4295 qui
1298 4233 1382 4280 est
1434 4224 1718 4293 Abraham,
1761 4228 1908 4285 Isaae
1970 4245 2068 4283 au-

484 4326 593 4377 tem
622 4329 722 4372 nec
762 4314 1031 4371 Abraham
1064 4329 1184 4371 esse
1228 4330 1327 4371 nee
1354 4315 1540 4383 Jacob,
1582 4327 1689 4373 tres
1728 4334 1848 4375 esse
1886 4321 2069 4390 utique

484 4410 733 4475 fatemur,
761 4406 1048 4470 Abraham,
1075 4405 1221 4461 Isaae
1248 4415 1302 4462 et
1328 4406 1513 4463 Jacob.
1542 4408 1645 4464 Sed
1669 4425 1787 4465 eum
1813 4412 2070 4481 qumritur

486 4500 611 4573 quid
639 4510 769 4566 tres,
797 4499 1181 4571 respondemus
1202 4508 1309 4556 tres
1330 4500 1593 4566 homines,
1616 4503 1831 4558 nomine
1852 4505 2068 4575 speciali

486 4604 582 4645 eos
606 4590 878 4661 pluraliter
896 4589 1252 4659 appellantes;
1278 4591 1511 4661 generali
1537 4600 1737 4661 autem,
1764 4594 1806 4647 si
1833 4593 2070 4651 dicamus

493 4682 593 4736 tria
625 4681 873 4736 animalia
899 4698 913 4736 :
944 4680 1105 4735 homo
1133 4680 1295 4746 enim,
1324 4681 1462 4736 sicut
1494 4692 1701 4738 veteres
1724 4684 2066 4751 deﬁnierunt,

489 4774 683 4830 animal
720 4782 803 4828 est
847 4772 1123 4844 rationale,
1169 4773 1394 4830 mortale
1439 4793 1452 4829 :
1489 4782 1589 4835 aut
1607 4775 1744 4831 sicut
1784 4776 2070 4846 Scriptura:

488 4872 684 4921 nostra:
712 4864 852 4934 loqui
880 4864 1073 4929 solent,
1093 4872 1199 4919 tres
1215 4865 1439 4931 animas,
1467 4880 1584 4920 cum
1613 4881 1643 4920 a
1676 4875 1823 4936 parte
1851 4870 2069 4925 meliore

488 4966 657 5012 totum
694 4954 947 5027 appellari
976 4953 1166 5024 placet,
1197 4954 1247 5008 id
1277 4964 1379 5022 est,
1403 4956 1469 5010 ab
1495 4956 1691 5023 anima,
1723 4966 1777 5012 ct
1796 4974 1986 5029 corpus
2015 4971 2070 5015 et

489 5048 741 5113 animam,
781 5045 923 5117 quod
954 5053 1035 5098 est
1064 5053 1202 5099 totus
1248 5045 1407 5099 homo
1432 5046 1473 5097 ³.
1519 5045 1593 5100 ita
1630 5046 1825 5117 quippe
1868 5049 2069 5106 dictum

491 5148 573 5195 est
607 5139 662 5194 in
688 5138 977 5211 Egyptum
1007 5136 1347 5192 descendisse
1389 5151 1509 5192 eum
1539 5137 1705 5195 Jaeob
1746 5140 1948 5196 animas
1985 5158 2069 5197 se-

489 5228 757 5298 ptuaginta
782 5228 1032 5298 quinque,
1067 5242 1163 5296 pro
1193 5235 1266 5281 tot
1301 5225 1601 5282 hominibus
1625 5227 1775 5299 (Gen.
1806 5246 1948 5297 var,
1975 5230 2066 5299 27,

488 5329 537 5373 et
568 5318 717 5375 Deut.
745 5334 800 5387 x,
828 5317 943 5389 22).
994 5317 1123 5373 item
1150 5334 1269 5373 cum
1304 5318 1530 5373 dicimus
1555 5336 1751 5389 equum
1789 5330 1933 5377 tuum
1962 5340 2067 5379 non

489 5426 614 5467 eum
652 5425 771 5467 esse
810 5411 899 5480 qui
941 5426 1093 5466 meus
1117 5421 1220 5477 est,
1260 5420 1313 5467 et
1351 5413 1560 5467 tertium
1588 5414 1812 5485 alicujus
1851 5416 2069 5472 alterius

492 5516 591 5559 nec
614 5517 791 5558 meum
823 5517 942 5560 esse
964 5517 1066 5559 nec
1100 5510 1268 5572 tuum,
1313 5502 1540 5560 fatemur
1566 5513 1674 5563 tres
1712 5521 1868 5563 esse:
1899 5515 1954 5564 et
1989 5509 2069 5565 in-

556 5661 570 5725 f
596 5658 713 5709 mliti
728 5659 905 5725 addunt
922 5659 1017 5719 hic,
1040 5666 1086 5711 et
1108 5665 1326 5723 portate;
1346 5663 1472 5725 quod
1497 5664 1638 5715 abest
1662 5677 1689 5713 a
1710 5672 1817 5715 Mss.

494 5722 574 5833 ho:
597 5727 670 5769 Fr.
711 5722 857 5831 [ﬁgi].
897 5730 1016 5771 \‘cn.
1052 5722 1157 5773 Lo’v.
1179 5756 1194 5784 ,
1240 5722 1559 5788 cum’corpus
1592 5734 1637 5778 ct
1668 5728 1829 5779 anima
1862 5727 1964 5778 sitt
1993 5734 2068 5780 tus

568 5797 643 5832 ne.
782 5818 796 5833 .

568 5797 643 5832 ηυ.
742 5797 796 5833 Μ.

1600 350 1689 408 DE
1727 346 2116 415 TRINITATE,
2154 345 2211 404 S.
2254 346 2617 406 AUGUSTlNl

3641 351 3751 408 9-10

2164 479 2450 548 terroganti
2472 479 2595 550 quid
2620 487 2748 546 tres,
2777 477 3161 549 respondemus
3192 486 3302 535 tres
3327 494 3492 551 equos
3528 481 3754 540 nomine

2157 569 2395 638 speciali,
2423 569 2654 640 generali
2674 578 2849 625 autem
2881 571 2978 624 tria
3006 570 3276 625 animalia.
3311 572 3439 626 item
3464 586 3584 626 cum
3612 571 3757 627 dici-

2160 675 2281 715 mus
2310 661 2496 716 bovem
2529 677 2633 716 non
2664 675 2784 717 esse
2810 677 3025 732 equum,
3057 678 3246 717 canem
3273 679 3402 717 vero
3430 678 3526 718 nec
3552 663 3750 719 bovem

2158 768 2280 809 esse
2320 769 2417 808 nec
2459 770 2675 825 equum,
2721 754 2819 808 tria
2866 754 3109 825 quaedam
3135 754 3359 808 dicimus
3389 772 3402 808 :
3434 763 3489 809 et
3520 770 3753 821 percon-

2160 843 2393 899 tantibus
2430 845 2553 915 qnid
2585 844 2703 910 tria,
2737 860 2839 898 non
2878 846 2989 915 jam
3017 844 3235 914 speciali
3269 845 3485 901 nomine
3521 845 3755 901 dicimus

2160 941 2271 989 tres
2298 950 2484 1004 equos,
2524 944 2615 989 aut
2642 944 2748 989 tres
2774 934 2955 1001 boves,
3001 943 3092 989 aut
3124 944 3231 989 tres
3257 951 3440 1001 canes,
3478 937 3601 1006 quia
3641 952 3753 991 non

2160 1022 2345 1079 eadem
2395 1025 2574 1095 Specie
2599 1024 2974 1091 centinentur;
3012 1026 3104 1081 sed
3133 1026 3389 1096 generali,
3416 1027 3512 1080 tria
3543 1027 3755 1082 anima-

2162 1114 2264 1181 lia;
2296 1115 2407 1169 sive
2433 1116 2704 1187 superiore
2728 1132 2925 1187 genere
2949 1158 2966 1185 ,
2997 1127 3105 1173 tres
3138 1118 3462 1172 substantias
3482 1160 3496 1183 ,
3530 1120 3615 1174 vel
3644 1130 3758 1174 tres

2160 1212 2450 1272 creaturas,
2492 1206 2573 1260 vel
2610 1214 2719 1261 tres
2747 1214 2981 1261 naturas.
3014 1207 3377 1279 Quzecumque
3415 1218 3591 1263 autem
3630 1209 3757 1278 plu-

2161 1295 2256 1349 rali
2278 1311 2500 1350 numero
2522 1298 2866 1351 enuntiautur
2884 1296 3188 1367 specialiter
3212 1313 3318 1352 uno
3337 1297 3571 1365 nomine,
3589 1298 3755 1354 etiam

2161 1387 2482 1457 generaliter
2533 1386 2797 1442 enuntiari
2866 1396 3087 1459 possunt
3154 1403 3262 1443 uno
3330 1388 3566 1443 nomine.
3630 1386 3756 1444 Non

2161 1487 2337 1531 autem
2375 1478 2551 1531 omnia
2580 1494 2699 1548 quae
2738 1478 3055 1548 generaliter
3094 1479 3311 1533 nomine
3346 1494 3453 1533 uno
3481 1479 3759 1551 appellan-

2163 1579 2250 1625 tur
2270 1612 2286 1638 ,
2318 1571 2474 1625 etiam
2522 1572 2822 1641 specialiter
2851 1572 3119 1641 appellare
3160 1588 3265 1626 uno
3296 1572 3512 1627 nomine
3556 1587 3757 1643 possu-

2163 1678 2303 1718 mus.
2326 1661 2456 1716 Nain
2487 1671 2592 1717 tres
2618 1678 2803 1733 equos,
2825 1662 2965 1732 quod
2991 1670 3075 1717 est
3099 1679 3290 1716 nomen
3313 1661 3563 1732 speciale,
3588 1661 3760 1717 etiam

2163 1754 2407 1809 animalia
2453 1754 2550 1809 tria
2578 1754 2801 1809 dicimus
2833 1774 2847 1810 :
2892 1771 3086 1824 equum
3117 1769 3247 1810 vero
3272 1764 3325 1809 et
3351 1755 3540 1809 bovem
3572 1763 3628 1811 et
3665 1771 3764 1810 ca-

2164 1862 2323 1913 nem,
2364 1846 2610 1900 animalia
2655 1847 2752 1901 tria
2800 1855 3001 1901 tantum
3039 1846 3265 1901 dicimus
3295 1848 3374 1902 vel
3405 1847 3760 1913 substantias,

2164 1952 2281 2007 qua:
2320 1945 2442 1991 sunt
2481 1938 2749 2006 generalia
2794 1938 3030 2001 nomina,
3067 1947 3120 1993 et
3153 1939 3196 1992 si
3238 1937 3361 2007 quid
3392 1938 3531 1992 aliud
3574 1938 3765 1994 dehis

2163 2027 2487 2097 generaliter
2534 2027 2636 2082 diei
2686 2036 2897 2098 potest;
2933 2037 3042 2083 tres
3070 2044 3199 2082 vero
3229 2043 3417 2099 equos,
3449 2038 3539 2083 aut
3564 2029 3761 2096 boves,

2163 2128 2255 2172 aut
2278 2132 2468 2183 canes,
2503 2134 2621 2187 qua:
2666 2118 2914 2189 specialia
2945 2119 3196 2173 vocabula
3228 2127 3371 2184 sunt,
3404 2136 3506 2173 non
3537 2135 3598 2174 ea
3633 2135 3765 2190 pos-

2165 2222 2350 2263 sumus
2373 2208 2569 2264 dicere.
2598 2208 2673 2264 Ea
2702 2211 2894 2281 quippe
2924 2226 3030 2264 uno
3059 2210 3274 2265 nomine
3304 2211 3544 2279 quamvis
3575 2210 3767 2279 plura-

2166 2300 2286 2354 liter
2314 2299 2651 2355 enuutiamus
2680 2316 2797 2370 quae
2832 2301 3186 2355 communiter
3219 2300 3421 2355 habent
3461 2299 3585 2354 illud
3614 2301 3765 2371 quod

2166 2406 2232 2446 eo
2257 2391 2471 2447 nomine
2513 2391 2860 2461 signiﬁcatur.
2912 2392 3182 2447 Abraham
3211 2392 3407 2462 quippe
3436 2401 3488 2447 et
3535 2392 3679 2447 lsaac
3707 2402 3769 2449 et

2165 2481 2331 2539 Jacob
2358 2498 2640 2538 commune
2666 2482 2864 2538 habent
2893 2482 2942 2537 id
2974 2481 3114 2553 quod
3144 2491 3227 2537 est
3260 2482 3456 2547 homo;
3484 2482 3660 2553 itaque
3686 2482 3771 2538 di-

2166 2585 2359 2631 cuntur
2390 2585 2496 2631 tres
2526 2576 2769 2631 homines
2801 2594 2814 2630 :
2845 2591 3016 2646 equus
3047 2591 3257 2645 quoilue
3283 2584 3336 2630 el
3364 2575 3460 2631 bos
3499 2584 3551 2631 et
3584 2576 3765 2644 canis,

2167 2684 2451 2724 commune
2480 2669 2675 2723 habent
2714 2668 2763 2723 id
2802 2669 2940 2739 quod
2974 2678 3057 2723 est
3090 2668 3283 2722 animal
3309 2686 3324 2734 ;
3355 2667 3600 2723 dicuntur
3630 2684 3771 2739 ergo

2170 2764 2270 2818 tria
2308 2763 2579 2819 animalia.
2626 2764 2698 2818 ita
2732 2773 2839 2818 tres
2878 2763 3082 2834 aliquas
3112 2764 3309 2825 lauros,
3344 2764 3504 2819 etiam
3532 2772 3640 2817 tres
3668 2777 3768 2818 ar-

2168 2856 2327 2912 bores
2372 2856 2635 2922 dicimus;
2684 2856 2893 2910 laurum
2942 2870 3069 2910 vero
3105 2865 3160 2910 et
3207 2865 3437 2927 myrtum
3465 2865 3521 2910 et
3558 2854 3767 2917 oleam,

2171 2955 2376 3002 tantum
2408 2956 2517 3002 tres
2545 2946 2767 3001 arbores
2788 2947 2868 3000 vel
2893 2956 2999 3001 tres
3026 2946 3372 3008 substantias,
3403 2954 3493 3000 aut
3523 2954 3631 3001 tres
3660 2960 3767 3002 na-

2171 3046 2348 3093 turas:
2379 3046 2538 3107 atque
2581 3037 2649 3091 ita
2686 3045 2795 3092 tres
2822 3036 3042 3106 lapides,
3068 3036 3226 3091 etiam
3264 3035 3359 3090 tria
3383 3050 3645 3105 corpora;
3685 3034 3769 3089 lac

2172 3130 2346 3201 pidem
2379 3144 2503 3183 vero
2529 3137 2579 3183 et
2608 3128 2804 3199 lignum
2832 3136 2886 3182 et
2913 3127 3137 3194 ferrum,
3161 3137 3365 3182 tantum
3393 3128 3487 3181 tria
3510 3141 3764 3197 corpora,

2172 3219 2251 3274 vel
2283 3218 2327 3274 si
2370 3234 2475 3287 quo
2501 3217 2661 3273 etiam
2702 3218 2979 3289 superiore
3004 3219 3242 3288 generali
3267 3219 3481 3273 nomine
3501 3217 3603 3273 dici
3633 3234 3767 3289 pos-

2169 3322 2316 3367 sunt.
2345 3286 2503 3367 Pater
2544 3327 2672 3382 ergo
2697 3322 2751 3367 et
2769 3286 2945 3367 vFilius
2984 3286 3039 3367 et
3079 3312 3310 3383 Spiritus
3352 3323 3587 3380 sanctus,
3628 3286 3771 3384 quoo
3852 3286 3887 3299 Γ

2169 3402 2311 3457 niam
2358 3411 2464 3457 tres
2516 3410 2660 3470 sunt,
2708 3418 3008 3474 quaeramus
3060 3403 3185 3474 quid
3227 3414 3334 3459 tres
3375 3406 3499 3470 sint,
3550 3413 3605 3460 et
3634 3404 3767 3474 quid

2169 3509 2451 3549 commune
2495 3493 2742 3550 habeant.
2777 3494 2893 3550 Non
2937 3494 3078 3551 cnim
3113 3511 3397 3553 commune
3438 3497 3541 3552 illis
3578 3506 3661 3553 est
3708 3497 3767 3554 id

2169 3585 2311 3656 quod
2355 3584 2511 3640 Pater
2554 3594 2670 3653 est,
2711 3594 2772 3639 ut
2815 3585 3040 3641 invicem
3078 3587 3176 3642 sibi
3220 3588 3328 3641 sint
3365 3598 3579 3657 patres;
3622 3590 3772 3644 sicut

2170 3676 2347 3741 amici,
2391 3691 2511 3731 cum
2557 3676 2779 3731 relative
2805 3677 2870 3729 ad
2896 3676 3207 3731 alterutrum
3245 3667 3508 3743 dicantur,
3542 3688 3770 3748 possunt

2170 3767 2272 3821 dici
2305 3775 2412 3821 tres
2439 3766 2615 3833 amici,
2645 3767 2784 3837 quod
2828 3766 3051 3822 invicem
3095 3768 3197 3823 sibi
3240 3779 3382 3823 sunt.
3422 3768 3537 3823 Non
3579 3778 3765 3822 autem

2172 3858 2275 3912 hoc
2303 3858 2397 3924 ibi,
2441 3858 2562 3928 quia
2610 3868 2810 3911 tantum
2857 3858 3014 3913 Pater
3054 3857 3126 3913 ibi
3171 3869 3352 3929 pater;
3402 3875 3501 3913 nec
3532 3858 3769 3914 duorum

2173 3960 2342 4018 pater,
2366 3949 2457 4003 sed
2490 3948 2627 4004 unici
2660 3947 2798 4002 Filii.
2826 3948 2935 4003 Nec
2960 3958 3066 4005 tres
3095 3949 3206 4013 ﬁlii,
3234 3966 3354 4003 cum
3375 3950 3533 4005 Pater
3553 3951 3621 4005 ibi
3652 3966 3767 4006 non

2172 4040 2242 4095 sit
2295 4039 2474 4105 illius,
2517 4055 2617 4095 nec
2655 4039 2880 4109 Spiritus
2933 4050 3173 4095 sanctus.
3227 4040 3338 4096 Nec
3389 4049 3497 4095 tres
3541 4041 3771 4109 Spiritus

2173 4134 2364 4197 sancti,
2405 4132 2526 4202 quia
2557 4141 2610 4187 et
2637 4132 2854 4203 spiritus
2882 4141 3096 4187 sanctus
3138 4132 3347 4202 propria
3377 4131 3772 4202 signiﬁcatione

2172 4240 2276 4294 qua
2302 4226 2460 4279 etiam
2503 4224 2699 4278 donum
2731 4224 2824 4280 Dei
2864 4223 3076 4290 dicitur,
3122 4239 3221 4278 nec
3264 4223 3423 4279 Pater
3446 4239 3541 4278 nec
3564 4222 3767 4278 Filius.

2173 4316 2306 4384 Quid
2334 4316 2491 4386 igitur
2516 4318 2661 4371 tres?
2687 4317 2741 4372 Si
2765 4317 2905 4371 enim
2933 4326 3041 4371 tres
3068 4331 3332 4387 personze,
3365 4329 3643 4371 commune
3666 4325 3767 4369 est

2173 4408 2252 4461 eis
2270 4407 2319 4461 id
2334 4406 2473 4476 quod
2502 4422 2725 4477 persona
2747 4417 2829 4463 est
2847 4426 2859 4461 :
2884 4424 3011 4478 ergo
3036 4408 3268 4479 speciale
3284 4406 3386 4463 hoc
3406 4406 3775 4478 autgenerale

2174 4514 2366 4554 nomen
2392 4509 2474 4554 est
2495 4500 2594 4565 eis,
2618 4500 2662 4556 si
2683 4500 3119 4556 consuetudinem
3145 4500 3395 4572 loquendi
3423 4500 3775 4569 respicimus.

2174 4590 2280 4646 Sed
2326 4590 2414 4646 ubi
2454 4602 2537 4646 est
2565 4601 2765 4647 naturae
2795 4593 2938 4648 nulla
2985 4593 3286 4661 diversitas,
3332 4593 3401 4647 ita
3439 4592 3781 4662 generaliter

2174 4685 2519 4764 enuntiantur
2554 4685 2727 4756 aliqua
2759 4687 2927 4756 plura,
2972 4695 3031 4741 ut
3058 4687 3218 4742 etiam
3258 4686 3556 4758 specialiter
3591 4700 3781 4742 enun-

2175 4774 2294 4830 tiari
2336 4776 2559 4843 possint.
2600 4775 2813 4831 Natura:
2844 4776 2985 4831 enim
3015 4776 3313 4832 differentia
3347 4775 3469 4831 facit
3496 4785 3553 4830 ut
3579 4775 3782 4833 laurus

2174 4877 2225 4920 et
2257 4876 2461 4937 myrtus
2485 4875 2539 4920 et
2567 4867 2706 4932 olea,
2734 4877 2825 4921 aut
2853 4884 3019 4938 equus
3045 4878 3099 4922 et
3128 4868 3225 4922 bos
3250 4876 3303 4921 ct
3330 4866 3474 4922 canis
3498 4908 3512 4931 ,
3545 4882 3649 4919 non
3678 4866 3781 4921 di-

2175 4967 2362 5012 cantur
2385 4957 2601 5028 speciali
2636 4957 2871 5020 nomine,
2903 4958 3036 5023 istm,
3067 4966 3174 5011 tres
3205 4958 3371 5019 lauri;
3412 4965 3499 5010 aut
3523 4955 3619 5021 illi,
3654 4964 3784 5013 tces

2176 5048 2371 5103 boves:
2400 5049 2493 5102 sed
2516 5050 2837 5118 generali,et
2864 5049 2997 5109 istm,
3029 5058 3135 5103 tres
3164 5048 3416 5109 arbores;
3447 5056 3499 5100 et
3519 5046 3627 5110 illa,
3664 5046 3783 5103 tria

2174 5140 2438 5195 animalia.
2477 5140 2571 5194 llic
2616 5155 2742 5195 vero
2772 5140 2857 5194 ubi
2888 5140 3029 5194 nulla
3055 5151 3138 5194 est
3162 5139 3409 5195 essentim
3437 5138 3735 5193 diversitas
3762 5181 3781 5205 ,

2175 5241 2381 5301 oportet
2412 5238 2467 5285 ut
2504 5230 2732 5301 speciale
2757 5245 2947 5285 nomen
2976 5230 3201 5285 habeant
3231 5230 3342 5284 hcce
3369 5230 3487 5296 tria,
3514 5227 3653 5299 quod
3685 5238 3786 5282 ta-

2175 5336 2297 5375 men
2328 5334 2432 5375 non
2461 5320 2742 5376 invenitur.
2773 5320 2900 5374 Nam
2933 5336 3154 5390 persona
3178 5320 3424 5392 generale
3445 5334 3633 5375 nomen
3658 5332 3784 5385 est,

2176 5431 2228 5489 in
2260 5422 2459 5468 tantum
2485 5423 2543 5468 ut
2567 5413 2726 5469 etiam
2756 5413 2917 5469 homo
2944 5414 3110 5485 possit
3132 5414 3230 5469 hoc
3256 5413 3381 5480 dici,
3408 5428 3527 5468 cum
3559 5421 3787 5469 tantum

2176 5506 2385 5562 intersit
2418 5505 2557 5560 inter
2594 5503 2862 5559 hominem
2892 5514 2945 5560 et
2974 5505 3161 5559 Deum.

2247 5597 2301 5653 8.
2346 5595 2544 5653 Deinde
2575 5596 2627 5651 in
2668 5596 2784 5666 ipso
2811 5596 3046 5666 generali
3083 5594 3369 5661 vocabulo,
3404 5595 3447 5650 si
3480 5602 3786 5664 propterea

2177 5690 2405 5745 dicimus
2433 5698 2539 5744 tres
2568 5702 2841 5760 personas,
2876 5688 2997 5759 quia
3018 5702 3298 5743 commune
3327 5697 3408 5742 est
3440 5686 3516 5740 eis
3548 5685 3597 5739 id
3624 5687 3789 5754 quod

2180 5797 2402 5855 persona
2451 5789 2533 5837 est
2583 5778 2835 5853 (alioquiu
2892 5779 3041 5834 nullo
3089 5776 3246 5834 modo
3287 5780 3501 5849 possunt
3536 5776 3607 5832 ita
3635 5774 3787 5845 dici,
