4076 6442
335 361 433 421 ειι

331 477 778 553 quemadmodum
805 490 912 533 non
935 474 1186 532 dicuntur
1215 482 1325 532 tres
1346 474 1463 543 lilii,
1484 475 1609 547 quia
1638 489 1746 531 non
1764 488 1922 530 eom-

329 587 492 626 mune
517 580 602 626 est
641 569 720 626 eis
749 568 801 624 id
845 566 986 639 quod
1014 577 1098 622 est
1124 566 1324 638 ﬁlius);
1355 581 1454 622 cur
1481 582 1586 621 non
1621 565 1780 621 etiam
1809 573 1918 620 tres

325 661 460 716 deos
484 659 712 716 dicimus
727 659 753 712 τ
780 658 939 714 Certe
963 659 1107 714 enim
1131 659 1254 729 quia
1275 658 1432 713 Pater
1457 670 1706 727 persona,
1738 663 1793 710 et
1827 654 1919 710 Fi-

327 753 432 811 lius
473 768 722 824 persona,
764 763 820 808 et
860 753 1089 824 Spiritus
1125 761 1342 808 sanctus
1369 765 1618 823 persona,
1663 748 1784 804 ideo
1809 756 1920 803 tres

325 859 572 918 persona:
606 865 620 902 :
663 847 784 918 quia
813 862 942 918 ergo
981 847 1138 902 Pater
1169 846 1327 912 Deus,
1371 856 1426 901 et
1466 843 1631 901 Filius
1661 844 1821 908 Deus,
1865 850 1920 898 et

322 936 558 1010 Spiritus
583 947 798 993 sanctus
828 939 988 1006 Deus,
1010 955 1106 994 cur
1130 955 1237 994 non
1269 948 1376 993 tres
1402 937 1517 993 dii?
1541 938 1646 991 Aut
1666 936 1916 1006 quoniam

322 1039 547 1106 propter
598 1031 922 1087 ineffabilem
974 1031 1402 1102 coniunctionem
1447 1029 1561 1084 lucc
1608 1029 1708 1084 tria
1756 1027 1917 1101 simul

324 1135 464 1177 unus
494 1122 663 1190 Dens;
703 1137 802 1177 cur
829 1137 933 1178 non
963 1123 1123 1178 etiam
1154 1137 1256 1177 una
1297 1135 1544 1192 persona,
1587 1128 1646 1174 ut
1693 1119 1764 1174 ita
1807 1133 1912 1173 non

323 1215 594 1285 possimus
635 1215 816 1270 dicere
864 1225 974 1271 tres
1030 1229 1324 1288 personas,
1374 1213 1616 1290 quamvis
1654 1211 1914 1281 singulam

317 1319 592 1377 quamque
620 1307 957 1375 appellemus
984 1321 1292 1377 personant,
1321 1302 1767 1375 quemadmodum
1807 1318 1912 1358 non

318 1409 609 1466 possumus
640 1396 818 1452 dicere
843 1405 951 1451 tres
979 1397 1129 1460 deos,
1160 1397 1404 1466 quamvis
1432 1409 1697 1464 quemque
1724 1393 1912 1462 singu-

319 1485 431 1540 lum
456 1487 788 1558 appellemus
812 1488 996 1554 Deum,
1021 1487 1132 1543 sive
1154 1489 1388 1554 Patrem,
1420 1487 1532 1542 sive
1558 1485 1773 1549 Filium,
1798 1485 1912 1540 sive

315 1572 575 1644 Spiritum
605 1577 889 1631 sanctum?
915 1579 995 1632 An
1035 1579 1155 1648 quia
1201 1578 1471 1647 Scriptura
1512 1591 1616 1630 non
1644 1575 1774 1630 dicit
1802 1583 1910 1630 tres

317 1665 488 1722 deos?
511 1668 615 1723 Sed
643 1683 742 1724 nec
765 1679 873 1724 tres
897 1683 1153 1738 personas
1176 1667 1372 1724 alicubi
1401 1668 1731 1738 Scripturam
1760 1681 1910 1720 com-

315 1774 621 1816 memorare
667 1761 985 1816 iuvenimns.
1016 1762 1097 1815 An
1137 1761 1258 1831 quia
1299 1775 1399 1815 nec
1441 1768 1574 1826 tres,
1621 1773 1720 1813 nec
1750 1773 1909 1813 unam

314 1865 604 1922 personam
633 1852 906 1923 Scriptura
928 1852 1058 1907 dicit
1087 1851 1200 1906 haec
1229 1852 1326 1906 tria
1350 1851 1597 1922 (legimus
1627 1849 1767 1904 enim
1795 1864 1910 1920 per-

318 1957 510 1998 sonam
542 1943 775 2010 Domini,
804 1959 908 1998 non
939 1959 1222 2015 personam
1256 1941 1597 2011 Dominum),
1627 1948 1908 2010 propterea

313 2033 468 2091 licuit
488 2036 736 2108 loquendi
757 2045 813 2092 et
841 2035 1144 2106 disputandi
1177 2035 1494 2091 necessitate
1520 2043 1628 2088 tres
1651 2046 1907 2100 personas

311 2127 514 2191 dicere,
546 2143 651 2183 non
699 2128 820 2198 quia
858 2127 1127 2198 Scriptura
1155 2127 1301 2190 dicit,
1347 2125 1442 2183 sed
1483 2125 1605 2196 quia
1634 2125 1905 2194 Scriptura

311 2233 422 2276 non
448 2221 765 2276 contradicit
797 2239 810 2274 :
851 2221 896 2274 si
936 2230 1112 2275 autem
1141 2219 1443 2275 diceremus
1472 2225 1579 2272 tres
1599 2217 1750 2281 deos,
1777 2232 1906 2272 con-

312 2309 601 2365 tradicerct
639 2310 932 2379 Seriptura,
979 2309 1185 2373 dicens,
1232 2308 1388 2373 Audi,
1421 2305 1628 2370 Israel;
1654 2304 1904 2360 Dominus

309 2398 454 2454 Deus
477 2409 613 2464 tuus,
658 2399 795 2453 Deus
828 2416 958 2454 unus
1001 2408 1070 2453 cst
1109 2397 1288 2466 (Deut.
1333 2413 1408 2463 vr,
1437 2397 1535 2467 4)?
1569 2395 1674 2451 Cur
1695 2413 1822 2467 ergo
1848 2406 1905 2452 et

311 2499 424 2546 tres
451 2492 716 2546 essentias
746 2507 851 2546 non
879 2492 1002 2545 licet
1047 2491 1248 2554 dicere,
1291 2490 1433 2560 quod
1479 2488 1723 2545 similiter
1749 2489 1900 2544 Scri-

307 2590 488 2655 ptura,
519 2583 660 2638 sicut
684 2597 788 2637 non
818 2582 985 2647 dicit,
1015 2584 1084 2637 ita
1113 2597 1210 2637 nec
1249 2581 1614 2636 contradicit?
1655 2580 1784 2636 Nam
1815 2595 1903 2636 es-

306 2674 482 2729 sentia
506 2675 551 2729 si
572 2673 800 2744 speciale
821 2687 1018 2729 nomen
1038 2684 1122 2728 est
1146 2687 1430 2728 commune
1453 2672 1642 2734 tribus,
1673 2687 1770 2728 cur
1794 2688 1899 2727 non

305 2765 557 2820 dicantur
585 2773 693 2820 tres
717 2765 966 2843 essentia:
987 2806 1004 2832 ,
1027 2765 1165 2820 sicut
1191 2763 1484 2828 Abraham,
1521 2762 1684 2829 Isaac,
1715 2772 1768 2825 ct
1806 2761 1898 2818 Ja—

304 2856 432 2923 cob,
473 2865 585 2912 tres
629 2855 894 2922 homines,
942 2857 1064 2926 quia
1114 2857 1275 2910 homo
1312 2855 1544 2924 speciale
1582 2871 1779 2910 nomen
1817 2865 1900 2911 est

303 2963 594 3005 commune
617 2949 864 3005 omnibus
894 2946 1312 3004 hominibus?Si
1341 2958 1518 3002 autem
1545 2947 1779 3014 speciale
1804 2962 1901 3001 no-

303 3055 431 3096 men
475 3055 580 3095 non
607 3048 692 3096 est
716 3040 969 3103 essentia,
1011 3039 1108 3094 sed
1153 3040 1422 3110 generale,
1460 3039 1581 3110 quia
1619 3038 1802 3105 homo,
1844 3048 1898 3094 et

301 3145 494 3202 pecus,
521 3140 574 3186 et
599 3131 778 3196 arbor,
809 3139 865 3186 et
891 3129 1058 3194 sidus,
1085 3139 1142 3185 et
1163 3130 1384 3201 angelus
1407 3131 1640 3187 essentia
1670 3130 1894 3197 dicitur;

301 3237 404 3278 cur
450 3237 557 3277 non
587 3222 833 3277 dicuntur
863 3222 977 3277 ista:
1007 3231 1116 3276 tres
1143 3222 1391 3277 essentia:
1412 3261 1428 3286 ,
1471 3221 1609 3277 sicut
1636 3232 1744 3277 tres
1772 3224 1895 3292 equi

300 3314 557 3370 dicuntur
578 3315 679 3369 tria
700 3314 969 3380 animalia,
1010 3323 1062 3369 et
1099 3321 1209 3369 tres
1237 3313 1369 3368 lauri
1397 3312 1647 3369 dicuntur
1675 3325 1780 3368 tres
1809 3328 1897 3368 ar-

298 3407 487 3476 bores,
532 3417 588 3464 et
629 3417 736 3463 tres
774 3408 976 3478 lapides
1011 3408 1110 3462 tria
1147 3409 1407 3477 corpora?
1442 3409 1549 3463 Ant
1590 3409 1636 3462 si
1678 3417 1896 3478 propter

298 3501 562 3556 unitatem
595 3501 866 3557 Trinitatis
899 3514 1003 3554 nou
1043 3500 1294 3554 dicuntur
1330 3509 1439 3554 tres
1484 3501 1750 3564 essentirc,
1797 3501 1894 3557 sed

296 3608 408 3648 una
440 3594 704 3658 essentia;
728 3607 825 3648 cur
853 3609 956 3646 non
985 3604 1200 3662 propter
1223 3593 1467 3649 eamdem
1491 3593 1743 3648 unitatem
1770 3593 1893 3648 Tri-

299 3685 486 3740 nitatis
511 3700 615 3739 non
639 3684 888 3740 dicuntur
915 3694 1024 3739 tres
1048 3684 1360 3740 substantia:
1385 3685 1464 3738 vel
1496 3696 1604 3740 tres
1627 3700 1889 3755 personat,

295 3775 398 3830 sed
440 3791 541 3830 una
584 3775 876 3831 substantia
906 3785 960 3830 et
988 3791 1090 3829 una
1124 3776 1391 3846 persona?
1429 3777 1598 3844 Quam
1638 3777 1780 3831 enim
1811 3787 1894 3833 est

296 3869 408 3925 illis
437 3884 720 3924 commune
754 3884 948 3924 nomen
965 3869 1211 3924 essentia:
1234 3909 1251 3935 ,
1283 3869 1352 3923 ita
1386 3878 1443 3923 nt
1471 3869 1710 3939 singulus
1737 3870 1889 3939 quis-

293 3977 407 4032 que
432 3959 638 4016 dicatur
686 3961 938 4024 essentia,
981 3969 1084 4014 tam
1107 3960 1213 4015 illis
1237 3974 1520 4015 commune
1545 3969 1628 4015 est
1654 3961 1734 4015 vel
1765 3961 1892 4015 sub-

292 4045 513 4110 stantia:
544 4054 626 4108 vel
663 4068 904 4123 persona:
933 4053 1271 4108 vocabulum.
1303 4053 1455 4121 Quod
1497 4054 1639 4107 enim
1670 4052 1738 4108 de
1769 4069 1890 4122 per-

301 4144 460 4199 sonis
495 4144 787 4198 secundum
820 4151 1057 4198 nostram
1077 4186 1092 4210 ,
1127 4144 1228 4199 hoc
1261 4143 1329 4198 de
1365 4143 1673 4198 substantiis
1703 4159 1892 4200 secun-

291 4237 428 4293 dum
473 4239 780 4293 Grmcorum
822 4236 1260 4293 Consuetudinem
1287 4277 1304 4303 ,
1354 4251 1417 4292 ea
1466 4253 1586 4306 quae
1629 4236 1886 4305 diximus,

291 4340 513 4400 oportet
579 4331 823 4401 intelligi.
885 4330 977 4385 Sic
1022 4331 1167 4386 enim
1228 4329 1412 4384 dicunt
1464 4330 1538 4385 illi
1595 4338 1704 4385 tres
1759 4333 1890 4386 Sub-

291 4426 525 4480 stantius
558 4467 572 4490 ,
616 4439 772 4479 unam
821 4416 1109 4480 essentiam
1136 4464 1152 4488 ,
1191 4423 1641 4494 quemadmodum
1681 4440 1778 4479 nos
1806 4425 1890 4478 di-

287 4519 474 4575 cimus
505 4526 613 4573 tres
657 4531 935 4588 personas,
981 4531 1140 4571 unam
1183 4516 1472 4572 essentiam
1513 4515 1595 4570 vel
1636 4517 1888 4571 substan-

284 4609 447 4664 tiam.

371 4701 422 4756 9.
463 4701 600 4768 Quid
630 4699 788 4771 igitur
812 4707 996 4764 restat,
1020 4697 1122 4753 nisi
1151 4706 1210 4752 ut
1235 4697 1498 4752 fateamur
1522 4695 1773 4764 loquendi
1800 4713 1889 4753 ne-

283 4792 550 4848 cessitate
600 4791 783 4861 parta‘
831 4789 945 4844 ltrrc
973 4788 1251 4853 vocabula,
1279 4803 1399 4842 cum
1437 4801 1572 4855 opus
1603 4796 1746 4841 esset
1786 4801 1888 4841 co-

285 4883 444 4955 piosa
467 4882 826 4952 disputatione
849 4880 1128 4935 adversum
1161 4879 1378 4933 insidias
1405 4879 1487 4933 vel
1516 4893 1730 4934 errores
1770 4878 1882 4933 lue-

287 4976 626 5033 reticorum?
672 4974 804 5030 Cum
843 4975 984 5028 enim
1024 4981 1308 5028 conaretur
1333 4971 1560 5026 lmmaua
1595 4972 1766 5042 inopia
1796 4973 1882 5027 lo.

284 5067 509 5138 eluendo
527 5064 765 5136 proferre
775 5063 840 5118 ad
857 5063 1128 5118 hominum
1142 5077 1259 5116 scus
1269 5078 1348 5125 us,
1365 5059 1506 5130 quod
1525 5061 1574 5116 in
1593 5061 1885 5117 secretario

285 5156 490 5214 mentis
519 5171 614 5226 pro
647 5164 802 5224 captu
835 5163 980 5209 tenet
1002 5152 1069 5206 tle
1097 5152 1321 5206 Domino
1356 5152 1463 5205 Deo
1492 5160 1732 5206 creatore
1758 5167 1877 5216 suo,

281 5249 411 5303 sive
441 5262 532 5316 per
575 5245 713 5316 piam
746 5244 926 5309 (idem,
967 5244 1081 5298 sive
1124 5258 1217 5311 per
1249 5241 1688 5311 qualemcumque
1719 5241 1878 5295 intel-

281 5339 589 5404 ligentiam.
637 5338 811 5392 timuit
853 5337 1032 5391 dicere
1086 5343 1198 5390 tres
1237 5333 1517 5400 essentias,
1567 5350 1633 5388 ne
1679 5334 1876 5388 intelli-

277 5437 512 5499 geretur
556 5427 611 5482 in
668 5427 757 5481 illa
811 5441 1019 5480 summa
1070 5424 1372 5494 :cqualilate
1423 5423 1530 5478 ulla
1576 5423 1878 5480 diversitas.

285 5522 504 5577 Rursus
548 5535 656 5574 non
698 5533 820 5574 esse
865 5518 962 5572 tria
993 5516 1255 5586 qumdam,
1295 5532 1398 5570 non
1440 5523 1650 5585 poterat
1673 5515 1876 5584 dicere,

279 5612 437 5684 quod
479 5612 743 5668 Sabellius
785 5611 909 5681 quia
954 5609 1109 5674 dixit,
1159 5609 1211 5662 in
1251 5607 1498 5664 hmresim
1549 5609 1730 5678 lapsus
1771 5617 1875 5663 est.

275 5705 600 5763 Certissime
621 5703 818 5774 quippe
853 5700 922 5756 de
945 5699 1232 5772 Scripturis
1257 5697 1596 5770 cognoscitur
1622 5698 1762 5771 quod
1793 5699 1878 5771 pic

355 5841 369 5873 ι
399 5839 586 5903 aliquot
605 5846 727 5896 vss”
751 5833 945 5900 partita.

1675 354 1876 414 LIBER
1912 354 2263 416 SEPTIMUS.

3504 372 3611 428 9η

2029 473 2354 530 credendum
2391 483 2491 540 est,
2521 482 2578 532 et
2597 484 2816 548 aspectu
2845 479 3079 536 mentis'
3105 481 3395 539 indubitata
3423 501 3610 554 perce-

2029 565 2210 634 ptioue
2246 566 2638 638 perstringitur,
2683 579 2736 624 et
2775 568 2986 625 Patrem
3031 585 3171 636 esse,
3215 582 3270 628 et
3308 574 3520 640 Filium,
3551 590 3609 634 et

2024 656 2280 728 Spiritum
2317 669 2593 725 sanctum;
2626 676 2724 718 nec
2749 661 2940 718 Filium
2967 679 3086 719 esse
3115 666 3361 722 eumdem
3391 669 3478 738 qui
3505 671 3606 726 l’a-

2024 757 2107 805 tcr
2147 761 2248 815 est,
2278 765 2378 806 nec
2402 750 2658 821 Spiritum
2699 762 2941 808 sanctum
2977 755 3222 812 eumdem
3253 773 3373 816 esse
3400 762 3479 816 vel
3505 761 3603 817 Pao

2025 850 2157 898 trem
2211 843 2297 899 vel
2341 843 2554 899 Filium.
2608 845 2868 912 Qumsivit
2912 847 3036 918 quid
3097 849 3194 904 tria
3239 849 3442 908 diceret
3488 871 3502 908 :
3550 865 3607 912 et

2021 932 2157 988 dixit
2205 935 2531 990 substantias
2569 935 2680 992 sive
2728 952 3013 1005 personas,
3057 940 3246 1009 quibus
3300 944 3604 1003 nominibus

2022 1037 2126 1078 non
2166 1023 2527 1080 diversitatem
2569 1026 2787 1097 intelligi
2829 1028 3012 1094 voluit,
3058 1030 3150 1084 sed
3182 1013 3602 1104 singularitatem

2021 1115 2221 1182 noluit;
2290 1127 2348 1173 ut
2397 1135 2502 1174 non
2559 1119 2730 1173 solum
2791 1120 2859 1174 ibi
2929 1123 3103 1177 unitas
3161 1111 3483 1199 intelligatur
3532 1109 3599 1188 eis

2017 1219 2084 1260 eo
2126 1208 2267 1276 quod
2297 1208 2490 1264 dicitur
2530 1225 2632 1264 una
2674 1209 2925 1278 essentia,
2970 1212 3064 1267 sed
3090 1223 3144 1268 ει
3176 1215 3379 1273 trinitas
3425 1235 3489 1275 ex
3536 1237 3603 1278 eo

2017 1297 2158 1366 quod
2221 1298 2470 1354 dicuntur
2511 1309 2619 1355 tres
2675 1302 2983 1357 substantiae
3031 1306 3113 1360 vel
3157 1321 3418 1377 personae.
3465 1299 3599 1368 Nam

2015 1390 2059 1442 si
2091 1388 2191 1444 hoc
2232 1399 2315 1446 est
2358 1391 2464 1446 Deo
2507 1407 2628 1447 esse
2663 1393 2806 1464 quod
2834 1395 3142 1464 subsistere,
3191 1400 3259 1454 ita
3304 1418 3410 1457 non
3449 1417 3603 1462 erant

2015 1480 2254 1536 dicenda:
2284 1491 2392 1536 tres
2427 1483 2757 1552 substantiae,
2785 1494 2839 1540 ut
2869 1502 2976 1540 non
3009 1488 3256 1546 dicuntur
3278 1501 3382 1548 tres
3410 1501 3602 1553 esseu-

2014 1572 2100 1628 tia:
2130 1590 2142 1625 :
2176 1573 2620 1643 quemadmodum
2653 1577 2772 1645 quia
2802 1577 2903 1632 hoc
2933 1588 3014 1634 cst
3051 1579 3161 1635 Deo
3197 1598 3314 1639 esse
3341 1583 3487 1657 quod
3513 1604 3602 1644 sa-

2014 1677 2160 1733 pere,
2189 1665 2322 1719 sicut
2350 1682 2454 1719 non
2484 1675 2592 1722 tres
2626 1669 2907 1734 essentias,
2952 1669 3020 1724 ita
3047 1688 3146 1728 nec
3174 1683 3279 1730 tres
3313 1664 3614 1749 sapientius

2010 1753 2258 1810 dicimus.
2301 1756 2391 1812 Sic
2427 1759 2569 1813 enim
2599 1761 2720 1830 quia
2764 1759 2867 1816 hoc
2906 1761 2979 1817 illi
3016 1772 3098 1818 est
3123 1764 3284 1820 Deum
3312 1785 3431 1827 esse
3458 1777 3598 1842 quod

2011 1859 2096 1906 est
2129 1865 2269 1918 esse,
2314 1863 2418 1908 tam
2452 1864 2562 1910 tres
2587 1857 2849 1912 essentias
2876 1874 3036 1928 quam
3079 1870 3186 1914 tres
3215 1861 3343 1917 deos
3383 1863 3487 1919 dici
3519 1865 3598 1922 l'as

2011 1953 2236 1999 nonest.
2259 1945 2315 1999 Si
2341 1955 2516 2001 autem
2543 1947 2686 2002 aliud
2713 1958 2796 2003 est
2820 1950 2928 2004 Deo
2949 1966 3088 2016 esse,
3112 1953 3254 2008 aliud
3277 1955 3596 2025 subsistere,

2010 2035 2150 2092 sicut
2175 2037 2317 2092 aliud
2364 2039 2472 2093 Deo
2499 2054 2638 2105 esse,
2694 2041 2836 2094 aliud
2882 2042 3090 2098 Patrem
3137 2061 3256 2100 esse
3297 2049 3377 2102 vel
3413 2049 3597 2105 Domi-

2011 2145 2136 2184 num
2173 2144 2326 2194 esse;
2355 2130 2494 2199 quod
2521 2133 2662 2187 enim
2687 2142 2788 2197 εει,
2816 2134 2881 2188 ad
2911 2149 2968 2189 se
2988 2135 3200 2205 dicitur,
3232 2138 3389 2194 Pater
3416 2151 3595 2198 autem

2013 2223 2078 2277 ad
2110 2223 2300 2277 Filium
2337 2233 2389 2279 et
2429 2225 2685 2280 Dominus
2723 2226 2788 2281 ad
2819 2229 3140 2286 servientem
3179 2241 3476 2288 creaturam
3506 2234 3593 2288 di-

2007 2315 2145 2370 citur
2175 2332 2190 2370 :
2221 2316 2441 2372 relative
2483 2332 2610 2387 ergo
2635 2318 2896 2384 subsistit,
2922 2322 3060 2375 sicut
3090 2322 3312 2378 relative
3349 2325 3514 2395 gignit
3538 2337 3594 2382 ει

2007 2407 2230 2464 relative
2261 2408 2588 2465 dominatur.
2631 2408 2704 2463 Ita
2729 2409 2838 2479 jam
2865 2412 3156 2468 substantia
3199 2431 3302 2470 non
3329 2417 3430 2470 erit
3468 2417 3597 2472 sub-

2005 2502 2219 2567 stantia,
2249 2501 2370 2572 quia
2407 2502 2686 2557 relativum
2717 2503 2838 2558 erit.
2871 2502 3019 2559 Sicut
3059 2505 3201 2560 enim
3245 2505 3312 2561 ab
3341 2521 3406 2562 eo
3446 2510 3588 2579 quod

2005 2601 2086 2648 est
2113 2608 2233 2648 esse
2265 2594 2560 2664 appellatur
2596 2597 2850 2664 essentia,
2885 2597 2952 2652 ita
2981 2597 3049 2652 ab
3077 2613 3142 2654 eo
3168 2599 3307 2670 quod
3346 2609 3427 2666 εει
3463 2601 3591 2658 sub-

2004 2685 2193 2741 sistere
2227 2686 2577 2741 substantiam
2603 2686 2849 2743 dicimus.
2885 2689 3186 2746 Absurdum
3215 2701 3298 2746 est
3320 2702 3498 2748 autem
3533 2704 3591 2748 ut

2003 2777 2298 2832 subsmntia
2348 2777 2570 2834 relative
2616 2778 2856 2834 dicatur:
2888 2783 3063 2836 omnis
3109 2783 3252 2838 enim
3295 2799 3381 2840 res
3418 2783 3486 2839 ad
3527 2800 3588 2841 se

2001 2868 2171 2938 ipsam
2198 2869 2469 2933 subsistit;
2501 2879 2701 2938 quanto
2729 2870 2894 2940 magis
2917 2872 3094 2926 Deus?

2071 2956 2299 3013 CAPUT
2343 2958 2402 3012 V.
2430 2960 2610 3014 —‘|0.
2653 2957 2718 3013 In
2751 2959 2858 3014 Deo
2901 2960 3182 3016 substantia
3213 2965 3416 3019 abusive
3457 2965 3590 3020 dici-

2002 3055 2103 3111 tur,
2145 3047 2361 3101 essentia
2402 3049 2626 3118 proprie.
2679 3048 2735 3103 Si
2765 3058 2940 3104 tamen
2980 3050 3197 3121 dignum
3237 3062 3320 3108 cst
3362 3063 3418 3108 ut
3446 3055 3587 3110 Deus

1999 3139 2208 3193 dicatur
2250 3139 2543 3194 subsistere
2568 3158 2580 3192 :
2606 3139 2672 3194 de
2702 3139 2784 3194 bis
2812 3142 2953 3194 enim
2986 3143 3145 3197 rebus
3169 3150 3310 3199 recte
3339 3144 3589 3217 intelligi-

2000 3241 2108 3296 tur,
2137 3232 2189 3285 in
2217 3232 2408 3301 quibus
2438 3231 2690 3300 subjectis
2716 3240 2841 3286 sunt
2861 3247 2924 3287 ea
2953 3249 3068 3304 qua:
3110 3231 3162 3288 in
3190 3235 3369 3305 aliquo
3397 3237 3582 3308 subjc~

1998 3331 2087 3374 cto
2117 3336 2237 3376 cssc
2255 3321 2532 3385 dicuntur,
2576 3323 2712 3376 sicut
2749 3323 2901 3377 color
2925 3333 3016 3378 attt
3059 3323 3226 3379 forma
3255 3326 3308 3380 in
3336 3340 3584 3398 oorpore.

1997 3411 2206 3482 Corpus
2261 3412 2402 3466 enim
2454 3413 2610 3467 subsi
2633 3413 2712 3476 tit,
2764 3423 2818 3469 ει
2861 3415 2980 3469 ideo
3018 3415 3309 3471 substantia
3348 3421 3583 3475 est:illa

1997 3518 2126 3557 vero
2153 3504 2204 3556 in
2237 3502 2557 3558 subsistente
2587 3513 2744 3573 atque
2782 3505 3022 3573 subjecto
3047 3520 3291 3577 corpore,
3323 3525 3442 3580 qua}
3475 3511 3593 3565 non

1995 3595 2306 3649 substantiae
2339 3602 2484 3658 sunt,
2525 3595 2619 3650 sed
2669 3597 2719 3649 iu
2763 3596 3097 3664 substantia;
3134 3609 3188 3654 ει
3233 3601 3350 3655 ideo
3389 3602 3583 3658 siesse

1995 3687 2225 3752 desinat,
2271 3686 2356 3742 vel
2397 3687 2484 3742 ille
2513 3688 2683 3755 color,
2723 3687 2805 3742 vel
2851 3689 2937 3743 illa
2971 3688 3160 3754 forma,
3206 3707 3309 3745 non
3341 3691 3585 3748 adimunt

1995 3779 2206 3848 corpori
2242 3793 2362 3833 esse
2394 3793 2610 3849 corpus,
2642 3778 2766 3849 quia
2805 3795 2910 3834 non
2952 3780 3053 3836 hoc
3080 3782 3127 3836 ci
3157 3790 3241 3838 est
3267 3797 3407 3850 csse,
3434 3781 3580 3856 quod

1996 3871 2137 3926 illam
2168 3871 2247 3925 vel
2273 3871 2416 3925 illam
2438 3869 2662 3924 formam
2692 3872 2995 3928 colorcmve
3026 3873 3281 3929 retinere.
3313 3875 3419 3932 Res
3447 3893 3578 3949 ergo

1996 3961 2274 4016 mutabiles
2327 3977 2498 4031 neque
2545 3961 2850 4032 simplices,
2899 3964 3110 4033 proprie
3157 3965 3407 4028 dicuntur
3447 3970 3581 4025 sub-

1994 4050 2225 4105 stantini.
2250 4051 2387 4105 Deus
2413 4059 2588 4106 autem
2616 4053 2661 4105 si
2688 4052 2932 4108 subsistit
2959 4064 3015 4108 ut
3039 4055 3334 4112 substantia
3362 4057 3587 4133 proprie

1994 4143 2096 4199 dici
2126 4144 2313 4214 possit,
2343 4146 2478 4200 inest
2517 4145 2569 4199 iu
2611 4161 2678 4201 eo
2707 4145 2906 4216 aliquid
2938 4155 3189 4218 tanquam
3230 4151 3278 4204 in
3309 4151 3577 4223 subjecto,

1994 4244 2049 4291 ει
2074 4252 2178 4290 non
2207 4245 2289 4292 est
2309 4236 2556 4308 simplex,
2582 4236 2664 4290 cui
2696 4236 2797 4291 hoc
2824 4237 2895 4292 sit
2913 4253 3032 4294 esse
3059 4240 3198 4320 quod
3223 4241 3294 4296 illi
3321 4251 3404 4298 est
3426 4245 3582 4315 quid-

1993 4327 2118 4396 quid
2160 4325 2340 4381 aliud’
2372 4328 2439 4382 de
2480 4328 2569 4381 illo
2607 4327 2673 4382 ad
2719 4328 2866 4382 illum
2909 4329 3122 4397 dicitur,
3163 4333 3300 4387 sicut
3329 4350 3573 4406 magnus,

1993 4417 2350 4487 omnipotens,
2379 4417 2569 4484 bonus,
2600 4427 2655 4472 et
2681 4418 2724 4472 si
2753 4419 2876 4490 quid
2906 4420 3206 4490 bujusmodi
3237 4423 3305 4479 de
3327 4424 3436 4480 Deo
3465 4441 3572 4482 non

1994 4509 2285 4580 incongrue
2304 4508 2499 4564 dicitur
2522 4526 2536 4563 :
2569 4509 2716 4564 nefas
2736 4520 2816 4566 est
2839 4519 3014 4566 autem
3043 4512 3221 4570 dicere
3243 4525 3298 4570 ut
3317 4517 3573 4575 subsistat

1993 4607 2048 4656 et
2075 4600 2246 4655 subsit
2285 4603 2424 4655 Deus
2463 4599 2682 4655 bonitati
2722 4617 2852 4669 suae,
2885 4613 3044 4673 atque
3081 4605 3169 4660 illa
3211 4606 3422 4664 bonitas
3464 4624 3574 4666 non

1992 4691 2285 4748 substantia
2325 4691 2395 4745 sit
2435 4691 2515 4746 vel
2546 4692 2722 4762 potius
2766 4697 3020 4762 essentia,
3060 4712 3231 4768 neque
3275 4699 3389 4769 ipse
3431 4701 3574 4758 Deus

1991 4787 2061 4842 sit
2087 4787 2295 4843 bonitas
2334 4801 2450 4850 sua,
2481 4786 2576 4841 sed
2605 4787 2655 4841 in
2693 4787 2782 4842 illo
2811 4789 2880 4843 sit
2911 4797 3159 4860 tauquam
3201 4791 3253 4845 in
3284 4793 3528 4862 subjecto
3559 4813 3574 4850 :

1991 4878 2132 4934 unde
2165 4877 2503 4934 manifestum
2529 4887 2610 4933 est
2650 4879 2813 4934 Dcmn
2854 4880 3073 4936 abusive
3101 4881 3450 4938 substantiam
3483 4902 3573 4938 vo-
3619 4946 3626 4954 ο

1989 4968 2122 5034 cari,
2152 4978 2213 5023 ut
2251 4968 2465 5022 nomine
2490 4968 2766 5023 usitatiore
2796 4969 3118 5038 intelligatur
3146 4972 3397 5040 essentia,
3430 4976 3572 5045 quod

1991 5075 2120 5114 vero
2155 5075 2218 5114 ac
2258 5059 2471 5130 pr0prie
2500 5059 2722 5124 dicitur;
2751 5059 2822 5114 ita
2858 5070 2914 5113 ut
2942 5060 3163 5116 inruisse
3202 5063 3372 5118 solum
3404 5047 3571 5120 Deum.

1988 5151 2092 5205 dici
2122 5160 2365 5222 oporteat
2388 5153 2696 5207 essentiam.
2724 5151 2815 5206 Est
2837 5151 2977 5206 enim
3000 5167 3124 5207 vere
3143 5154 3307 5220 solus,
3336 5157 3460 5227 quia
3492 5157 3574 5212 in.

1987 5245 2380 5300 commutabilis
2426 5253 2528 5309 est,
2576 5243 2734 5313 idque
2785 5259 2977 5299 nomen
3030 5259 3182 5300 suum
3231 5245 3430 5304 famulo
3474 5263 3571 5305 sue

1987 5338 2154 5411 Moysi
2189 5338 2501 5404 enuntiavit,
2531 5350 2651 5390 cum
2677 5336 2770 5402 ait,
2799 5334 2914 5407 Ego
2949 5353 3060 5406 sunt
3088 5339 3171 5406 qui
3208 5356 3361 5406 sum;
3389 5349 3459 5407 et,
3491 5341 3567 5394 di-

1985 5446 2064 5484 ces
2090 5428 2158 5482 ad
2185 5445 2268 5484 eos
2295 5444 2313 5482 :
2342 5427 2443 5495 Qui
2488 5435 2580 5492 est,
2620 5426 2756 5480 misit
2801 5443 2880 5480 me
2916 5423 3094 5489 adeas
3123 5428 3313 5500 (Exod.
3345 5447 3423 5499 nt,
3455 5431 3568 5501 ii).

1984 5519 2088 5577 Sed
2119 5528 2297 5574 tamen
2323 5518 2435 5571 sive
2455 5517 2686 5571 essentia
2707 5516 2916 5571 dicatur
2941 5517 3082 5587 quod
3111 5520 3324 5590 proprie
3351 5521 3564 5588 dicitur,

1985 5612 2098 5668 sive
2135 5606 2428 5664 substantia
2459 5605 2601 5676 quod
2627 5605 2880 5673 abusive;
2922 5617 3207 5682 utrumque
3234 5609 3301 5666 ad
3343 5625 3402 5668 se
3430 5611 3564 5668 dici-

2051 5771 2066 5800 ι
2090 5767 2162 5815 sic
2185 5773 2289 5814 Mss.
2314 5764 2431 5814 Editi
2455 5768 2639 5825 autem,
2662 5768 2706 5811 et
2723 5766 2940 5825 aspectus
2956 5763 3142 5815 mentis.

2048 5831 2070 5862 ι
2091 5826 2228 5889 Edili,
2250 5831 2294 5877 et
2317 5823 2554 5890 quidquid
2572 5821 2726 5874 aliud.
2757 5821 2922 5887 Abest,
2947 5833 3012 5888 et,
3037 5839 3065 5876 a
3091 5827 3439 5889 manuscriptts.
