4076 6506
474 402 578 458 915

473 526 577 579 tur,
619 528 725 569 non
752 512 973 569 relative
1010 511 1078 567 ad
1114 508 1330 580 aliquid.
1362 505 1512 565 Unde
1538 506 1641 562 hoc
1682 515 1765 561 est
1795 505 1909 560 Deo
1938 516 2058 556 esse

471 607 613 677 quod
640 606 952 667 subsiStere,
981 614 1033 658 et
1068 602 1190 657 ideo
1212 603 1254 655 si
1284 614 1385 654 una
1412 598 1642 655 essentia
1672 595 1927 659 Trinitas,
1951 608 2055 648 una

471 696 631 755 etiam
664 694 977 753 substantia.
1013 690 1277 748 Fortassis
1316 691 1474 762 igitur
1507 688 1839 745 commodius
1865 685 2056 741 dicun-

474 792 560 848 tur
586 799 696 846 tres
727 804 988 860 personze,
1030 800 1187 856 quam
1227 793 1335 838 tres
1360 782 1695 837 substantia}.

532 878 766 938 'CM’U'I‘
796 878 879 933 Vl.
902 907 973 917 —
994 878 1083 931 11.
1114 874 1296 929 Ουνίη
1328 873 1574 927 Triuilale
1602 890 1702 925 non
1733 871 1931 924 dicatur
1954 884 2057 921 una

474 991 710 1040 persona,
743 982 786 1027 et
815 981 913 1026 tres
937 971 1183 1025 assentire.
1218 967 1293 1021 De
1317 965 1565 1021 Trinitate
1593 966 1715 1036 quid
1744 963 2059 1017 credere-de-

468 1070 545 1124 bet
572 1069 655 1138 qui
681 1082 837 1137 supra
863 1065 997 1118 dicta
1027 1078 1127 1116 non
1166 1062 1322 1130 capit.
1356 1059 1519 1113 IIomo
1546 1070 1589 1113 et
1625 1059 1692 1111 ad
1718 1058 1987 1127 imaginem
2013 1060 2061 1107 et

469 1165 634 1234 imago
667 1157 914 1214 Dei.‘Sed
942 1172 1009 1212 ne
1048 1156 1199 1210 nobis
1228 1153 1408 1208 videar
1428 1153 1443 1184 ²
1468 1148 1766 1221 suffragari,
1797 1149 1899 1203 hoc
1921 1161 2056 1217 quo-

470 1265 575 1325 quc
616 1249 1313 1323 requiramus.Quanquam
1364 1254 1417 1300 et
1462 1245 1556 1310 illi,
1591 1244 1635 1299 si
1678 1243 1894 1305 vellent,
1922 1241 2059 1295 sicut

468 1342 653 1401 dicunt
683 1353 792 1399 tres
837 1341 1180 1403 substantias,
1218 1348 1327 1392 tres
1370 1336 1703 1408 hypostases,
1738 1341 1955 1403 possent
1987 1332 2061 1386 di-

468 1448 590 1492 cere
617 1445 726 1491 tres
755 1433 1139 1505 personas‘tria
1188 1446 1436 1500 prosopa.
1484 1428 1614 1482 Illud
1645 1434 1821 1481 autem
1852 1425 2059 1480 malue-

468 1538 614 1592 runt,
642 1526 784 1598 quod
807 1525 963 1580 "forte
1007 1522 1299 1577 secundum
1336 1521 1528 1589 linguae
1570 1533 1681 1573 suae
1719 1515 2061 1572 consuetudi-

468 1637 592 1675 nem
617 1619 791 1690 aptius
816 1610 1267 1672 iliceretur.‘Nam
1311 1620 1365 1665 et
1400 1611 1455 1663 in
1484 1609 1725 1678 personis
1755 1606 1942 1662 eadem
1983 1620 2060 1659 ra-

469 1712 544 1769 tlo
571 1718 694 1769 es‘t':
725 1726 828 1765 non
859 1709 999 1762 enim
1023 1706 1163 1761 aliud
1195 1715 1277 1759 est
1307 1704 1415 1757 Deo
1445 1717 1585 1766 esse,
1612 1699 1754 1754 aliud
1778 1712 2056 1768 personam

467 1813 614 1870 esse,
654 1800 747 1856 sed
780 1799 997 1853 omnino
1042 1797 1201 1849 idem.
1235 1794 1366 1848 Nam
1404 1793 1446 1847 si
1485 1806 1604 1846 esse
1645 1790 1709 1844 ad
1749 1805 1807 1844 se
1840 1789 2054 1854 dicitur,

465 1907 696 1966 persona
740 1908 867 1946 vero
917 1889 1168 1951 relative;
1217 1887 1293 1941 sic
1334 1884 1576 1939 dicamus
1625 1893 1733 1937 tres
1776 1894 2053 1951 personas,

469 1986 679 2040 Patrem
714 1992 767 2037 et
804 1981 995 2036 Filium
1034 1978 1371 2047 et'Spiritnm
1413 1985 1678 2041 sanctum,
1715 1972 2059 2043 quemadmo-

466 2078 593 2133 dum
630 2072 881 2132 dicuntur
918 2072 1082 2144 aliqui
1116 2084 1223 2127 tres
1263 2070 1440 2133 amici,
1487 2078 1580 2122 aut
1608 2077 1715 2121 tres
1747 2066 2053 2137 prepinqui,

464 2177 554 2222 a‘ut
588 2176 696 2221 tres
719 2166 900 2231 vicini,
933 2162 1072 2233 quod
1097 2161 1201 2216 sint
1228 2160 1292 2213 ad
1322 2160 1569 2220 invicem,
1598 2173 1700 2210 non
1731 2157 1869 2227 quod
1896 2173 2057 2211 uuus-

462 2260 688 2333 quisque
718 2272 907 2315 eorum
952 2256 1020 2310 sit
1046 2254 1111 2309 ad
1153 2268 1212 2309 se
1243 2253 1437 2323 ipsum.
1466 2251 1802 2319 Quapropter
1831 2248 2055 2319 quilibet

462 2369 529 2408 ex
556 2352 634 2407 eis
652 2350 858 2406 amicus
879 2358 962 2404 est
990 2348 1217 2402 duorum
1241 2354 1581 2409 caeterorum,
1609 2352 1700 2395 aut
1727 2341 2055 2411 prOpinqttus

462 2452 555 2498 aut
585 2442 805 2506 vicinus,
838 2440 961 2511 quia
1002 2438 1116 2493 hzcc
1147 2435 1361 2491 nomina
1399 2433 1672 2489 relativam
1704 2432 2051 2501 signiﬁcatio—

465 2549 587 2590 nem
604 2534 840 2589 "habent.
869 2530 1006 2598 Quid
1042 2529 1209 2598 ergo?
1238 2542 1363 2581 num
1396 2526 1567 2595 placet
1596 2533 1658 2578 ut
1692 2524 1929 2578 dicamus
1956 2522 2056 2576 Pa-

464 2636 599 2683 trem
622 2639 901 2696 personam
924 2636 1043 2678 esse
1066 2621 1186 2675 Filii
1207 2629 1262 2675 et
1281 2618 1512 2688 Spiritus
1533 2615 1722 2683 sancti,
1750 2624 1841 2669 aut
1861 2614 2051 2668 Filium

462 2733 746 2790 personam
786 2730 905 2771 esse
946 2714 1123 2770 Patris
1165 2722 1219 2767 et
1260 2711 1489 2782 Spiritus
1524 2706 1717 2774 Sancti,
1755 2716 1847 2759 aut
1886 2704 2053 2774 Spiri-

462 2822 575 2866 tum
622 2817 863 2865 sanctum
907 2820 1191 2878 personam
1242 2818 1363 2857 esse
1409 2801 1581 2856 Patris
1631 2808 1686 2855 et
1734 2796 1899 2852 Filii?
1945 2795 2052 2851 Sed

462 2918 637 2974 neque
676 2915 903 2972 persona
951 2900 1019 2953 ita
1048 2897 1153 2951 dici
1196 2893 1391 2949 alicubi
1445 2894 1601 2959 solet,
1636 2890 1809 2962 neque
1855 2891 1905 2945 in
1951 2889 2053 2946 hac

461 2992 725 3050 Triuitate
763 3005 885 3045 cum
913 2988 1141 3044 dicimus
1185 2999 1467 3057 personam
1499 2983 1692 3045 Patris,
1726 2980 1866 3035 aliud
1907 2979 2048 3035 diei-

460 3104 579 3143 mus
631 3100 789 3153 quam
844 3080 1194 3137 substantiam
1240 3077 1433 3132 Patris.
1480 3075 1763 3142 Quocirca,
1813 3081 1872 3126 ut
1917 3072 2051 3126 sub-

460 3178 654 3235 stantia
700 3175 869 3231 Patris
912 3175 1024 3243 ipse
1052 3172 1208 3227 Pater
1244 3179 1343 3234 est,
1376 3183 1480 3222 non
1509 3181 1613 3237 quo
1644 3166 1799 3219 Pater
1822 3172 1923 3230 est,
1955 3162 2051 3218 sed

404 3272 409 3275 “
461 3285 569 3341 quo
609 3279 723 3333 est;
758 3269 828 3321 ita
856 3272 921 3320 'et
944 3278 1173 3334 persona
1214 3262 1405 3323 Patris,
1436 3273 1541 3312 non
1570 3256 1713 3311 aliud
1742 3270 1899 3326 quam
1933 3255 2048 3324 ipse

460 3362 629 3418 Pater
644 3368 725 3415 est
757 3376 769 3412 :
800 3357 865 3412 ad
894 3370 953 3412 se
981 3356 1175 3426 quippe
1201 3353 1397 3407 dicitur
1441 3363 1691 3420 persona,
1712 3363 1817 3401 non
1863 3346 1929 3400 ad
1964 3347 2051 3401 Fi-

460 3453 593 3509 lium
616 3452 695 3506 vel
725 3450 978 3520 Spiritum
1007 3453 1249 3501 sanctum
1276 3460 1290 3508 ;
1320 3444 1456 3498 sicut
1484 3439 1549 3494 ad
1592 3454 1650 3495 se
1678 3438 1872 3493 dicitur
1908 3438 2051 3492 Deus

457 3550 514 3601 c't
542 3556 784 3613 magnus,
816 3547 871 3595 et
894 3540 1084 3601 bonus,
1117 3546 1171 3591 et
1195 3537 1472 3603 justus,‘et
1500 3532 1542 3586 si
1563 3530 1688 3602 quid
1719 3528 1861 3584 aliud
1892 3528 2052 3598 hujus

458 3635 620 3692 modi.
656 3636 722 3690 lit
747 3630 1193 3703 quemadmodum
1224 3628 1325 3683 hoc
1346 3627 1426 3681 illi
1457 3634 1682 3680 estesse
1708 3624 1848 3694 quod
1882 3623 2048 3678 Deum

458 3744 601 3797 esse,
639 3726 777 3798 quod
808 3739 1077 3795 magnum,
1115 3719 1257 3791 quod
1304 3720 1500 3774 bonum
1528 3719 1791 3785 ‘esse;-ita
1833 3715 1935 3770 hoc
1976 3715 2049 3769 illi

456 3831 540 3878 est
565 3835 705 3885 esse,
724 3817 864 3888 quod
900 3830 1178 3887 personam
1209 3827 1347 3867 esse.
1375 3810 1482 3865 Cur
1507 3826 1632 3882 ergo
1650 3826 1767 3864 'non
1809 3809 1923 3863 haec
1950 3810 2048 3863 tria

459 3912 617 3969 simul
644 3926 805 3966 uuam
827 3922 1109 3979 personam
1133 3906 1380 3971 dicimus,
1412 3904 1550 3959 sicut
1572 3919 1728 3958 unam
1749 3904 2047 3959 essentiam

457 4015 512 4061 et
546 4018 709 4058 unum
740 4003 926 4067 Deum,
958 3998 1054 4054 sed
1095 4006 1203 4052 tres
1233 3997 1459 4051 dicimus
1486 4009 1757 4064 personas,
1792 4010 1912 4049 cum
1939 4004 2049 4049 tres

465 4096 607 4150 Deos
652 4100 745 4146 aut
771 4101 878 4146 tres
908 4089 1170 4144 essentias
1200 4102 1305 4141 non
1336 4086 1615 4151 dicamus;
1666 4086 1766 4140 nisi
1798 4087 1919 4156 quia
1950 4101 2049 4140 vo-

460 4190 638 4242 lumus
664 4186 747 4240 vel
777 4199 938 4238 unum
966 4180 1179 4252 aliquod
1210 4180 1525 4234 vocabulum
1557 4180 1797 4234 servire’
1825 4179 1948 4233 huic
1976 4178 2049 4233 si-

462 4276 788 4350 gniﬁcationi
814 4290 919 4347 qua
958 4274 1265 4343 intelligitur
1287 4271 1537 4338 Trinitas,
1570 4286 1637 4326 ne
1664 4271 1881 4326 omnino
1908 4280 2049 4327 tace-

457 4385 640 4428 remus
696 4366 1029 4437 interrogati,
1061 4365 1340 4435 quid‘tres,
1370 4378 1489 4417 cum
1531 4372 1640 4417 tres
1688 4376 1806 4419 esse
1852 4362 2049 4418 fatere-

459 4464 618 4519 mur‘?
642 4461 773 4518 Nam
801 4462 843 4517 si
871 4474 1038 4531 genus
1074 4469 1157 4514 est
1185 4457 1439 4523 essentia,
1471 4456 1676 4525 species
1704 4463 1884 4510 autem
1914 4456 2045 4511 sub-

457 4557 652 4611 stantia
702 4555 817 4610 sive
860 4566 1110 4623 persona,
1160 4560 1218 4605 ut
1256 4549 1509 4605 nonnulli
1556 4549 1813 4617 sentiunt,
1856 4549 2046 4604 omitto

460 4643 590 4703 illud
617 4644 758 4717 quod
780 4644 889 4715 jam
919 4641 1055 4708 dixi,
1079 4648 1325 4711 Oportere
1351 4639 1604 4710 appellari
1632 4649 1740 4694 tres
1760 4641 2043 4707 essentias,

462 4754 521 4798 ut
542 4735 879 4813 appellantur
904 4747 1013 4793 tres
1038 4734 1350 4791 substantia:
1386 4733 1471 4789 vel
1500 4749 1761 4802 persensu,
1791 4733 1925 4788 sicut
1951 4748 2046 4803 ap-

468 4834 734 4903 pellantur
765 4840 874 4885 tres
900 4828 1045 4897 equi,
1075 4826 1370 4895 eademque
1387 4824 1645 4878 'auimalia
1676 4825 1796 4890 tria,
1825 4840 1944 4877 cum
1976 4824 2047 4878 sit

456 4927 664 4995 Species
694 4940 884 4995 equus,
915 4920 1110 4976 animal
1135 4934 1321 4990 genus.
1354 4917 1538 4987 Neque
1572 4918 1711 4971 enim
1742 4917 1948 4987 species
1975 4917 2045 4973 ibi

459 5018 732 5088 pluraliter
777 5014 917 5070 dicta
953 5023 1054 5079 est,
1095 5021 1149 5067 et
1175 5025 1343 5081 genus
1378 5010 1735 5081 singulariter,
1788 5020 2039 5080 tanquam

456 5109 725 5165 diceretur
767 5116 876 5161 tres
905 5109 1024 5176 equi
1057 5118 1216 5157 unum
1247 5101 1443 5155 animal
1470 5120 1482 5155 :
1511 5100 1603 5155 sed
1630 5101 1766 5155 sicut
1792 5110 1897 5156 tres
1924 5102 2043 5172 equi

460 5199 675 5269 speciali
716 5197 951 5263 nomine,
999 5196 1070 5249 ita
1109 5194 1207 5247 tria
1246 5192 1493 5247 animalia
1534 5193 1769 5262 generali
1802 5194 2038 5249 nomine.

458 5291 609 5359 Quod
648 5291 693 5346 si
720 5289 905 5344 dicunt
944 5287 1255 5343 substantia:
1297 5286 1376 5341 vel
1417 5301 1661 5355 persona:
1693 5288 1907 5341 nomine
1939 5304 2045 5343 non

458 5383 689 5452 speciem
724 5379 1029 5451 signiﬁcari,
1061 5379 1155 5434 sed
1194 5377 1389 5446 aliquid
1430 5377 1698 5447 singulare
1723 5387 1882 5448 atque
1913 5379 2048 5432 indi-

457 5471 711 5535 viduum;
755 5482 817 5525 ut
857 5470 1152 5526 substantia
1182 5469 1266 5524 vel
1313 5484 1536 5538 persona
1582 5485 1684 5524 non
1734 5470 1803 5525 ita
1843 5471 2048 5526 dicatur

458 5565 600 5621 sicut
624 5564 816 5620 dicilur
847 5564 1027 5630 homo,
1064 5562 1210 5635 quod
1239 5578 1519 5618 commune
1560 5571 1643 5618 est
1672 5564 1918 5619 omnibus
1950 5564 2046 5620 ho-

528 5746 543 5775 ί
571 5745 644 5793 sic
664 5751 761 5792 Am.
778 5748 850 5790 Er.
876 5740 1249 5803 etaliquot.\:ss.
1272 5747 1467 5800 AtLov.,
1490 5739 1661 5791 rideat.
1681 5738 1897 5791 Nonnulli
1918 5749 2044 5804 Mss.,

461 5804 697 5855 rideatur.

524 5869 546 5899 ‘
571 5865 736 5917 t‘lures
760 5874 884 5925 διες..
910 5877 1115 5915 servare.

1572 394 1656 450 DE
1693 386 2087 455 TRINITATE,
2125 386 2183 444 S.
2224 388 2593 450 AUGUSTlNl

3656 401 3762 457 διδ

2167 502 2419 571 minibus,
2446 506 2541 561 sed
2566 507 2831 577 quomodo
2860 508 3053 563 dicitur
3085 508 3168 565 hic
3196 509 3381 579 homo,
3409 512 3550 568 velut
3578 513 3757 568 Abra-

2167 592 2310 660 ham,
2346 598 2489 650 vrlut
2530 597 2693 663 Isaac,
2740 599 2884 654 velut
2925 599 3111 668 Jacob,
3143 603 3223 656 vel
3260 604 3302 656 si
3344 604 3463 672 quis
3500 605 3633 658 alius
3662 607 3757 674 qui

2166 689 2325 741 etiam
2348 689 2513 759 digito
2544 707 2778 761 prmseus
2812 694 3165 749 demonstrari
3198 698 3366 765 possit
3397 713 3409 749 :
3438 698 3514 751 sic
3543 714 3760 768 quoque

2168 778 2285 832 illos
2313 782 2498 836 eadem
2548 784 2682 836 ratio
2720 797 3097 856 consequetur.
3137 786 3283 842 Sicut
3326 788 3469 842 enim
3508 788 3760 844 dicuntur

2167 869 2457 939 Abraham,
2494 873 2637 930 Isaac
2673 885 2727 929 et
2750 876 2915 931 Jacob
2945 878 3044 931 tria
3084 878 3373 943 individua,
3404 880 3474 933 ita
3516 889 3626 935 tres
3659 880 3759 933 bo-

2166 966 2358 1032 mines,
2410 978 2465 1022 et
2500 980 2617 1023 tres
2649 972 2861 1025 animae.
2894 971 3003 1026 Cur
3047 988 3174 1043 ergo
3202 982 3254 1027 et
3296 973 3452 1027 Pater
3492 984 3546 1029 et
3591 973 3761 1029 Filius

2165 1069 2218 1111 et
2244 1060 2471 1127 Spiritus
2495 1072 2728 1129 sanctus,
2762 1066 2804 1117 si
2837 1066 3130 1119 secundum
3157 1082 3325 1136 genus
3347 1073 3401 1121 et
3433 1068 3668 1135 speciem
3704 1076 3760 1122 et

2166 1152 2496 1208 individuum
2524 1156 2683 1210 etiam
2728 1158 2827 1213 ista
2856 1158 3187 1225 disserimus,
3232 1173 3338 1212 non
3394 1159 3464 1213 ita
3503 1159 3759 1214 dicuntur

2168 1251 2274 1296 tres
2315 1245 2582 1313 essentia),
2629 1254 2685 1299 ut
2717 1255 2823 1302 tres
2853 1248 3164 1303 substantia:
3207 1263 3301 1303 seu
3334 1250 3613 1318 personse?
3648 1248 3759 1305 Sed

2167 1331 2287 1397 huc,
2316 1343 2372 1388 ιιι
2392 1334 2520 1399 dixi,
2553 1339 2741 1392 omitto
2765 1356 2775 1389 :
2802 1337 2929 1392 illud
2953 1340 3093 1404 dico,
3126 1340 3170 1394 si
3201 1343 3428 1395 essentia
3454 1357 3624 1411 genus
3651 1352 3756 1405 est,

2167 1439 2269 1478 una
2292 1427 2519 1479 essentia
2542 1427 2650 1497 jam
2687 1444 2790 1482 non
2825 1430 2983 1484 habet
3010 1432 3251 1501 Species;
3282 1432 3421 1486 sicut
3446 1435 3566 1502 quia
3586 1450 3759 1502 genus

2165 1523 2245 1568 est
2272 1517 2486 1580 annual,
2521 1534 2682 1573 unum
2710 1520 2902 1574 animal
2930 1522 3039 1589 jam
3067 1538 3175 1577 non
3199 1523 3357 1578 habet
3386 1527 3612 1594 species.
3639 1526 3755 1579 Non

2164 1617 2290 1662 sumt
2316 1624 2444 1680 ergo
2486 1620 2591 1665 tres
2618 1613 2824 1681 species
2852 1616 3005 1669 unius
3033 1617 3298 1679 essentia),
3335 1618 3488 1671 Pater
3507 1629 3561 1673 et
3589 1617 3758 1673 Elius

2164 1710 2215 1754 et
2253 1700 2481 1770 Spiritus
2520 1713 2752 1757 sanctus.
2803 1704 2858 1758 Si
2904 1716 3080 1759 autem
3127 1710 3330 1776 species
3372 1716 3454 1762 est
3498 1710 3755 1775 essentia,

2164 1792 2300 1846 sicut
2343 1794 2549 1861 species
2588 1805 2674 1849 est
2700 1794 2880 1860 homo,
2924 1806 3030 1851 tres
3057 1813 3186 1851 vero
3212 1798 3314 1851 illac
3340 1813 3469 1867 quas
3514 1800 3757 1869 appella-

2164 1899 2283 1938 mus
2314 1886 2640 1941 substantias
2678 1888 2792 1942 sive
2823 1903 3098 1956 personas,
3140 1890 3217 1944 sic
3243 1891 3483 1945 eamdem
3515 1893 3755 1960 Speciem

2162 1976 2517 2030 communiter
2542 1976 2757 2043 habent,
2794 1979 3244 2048 quemadmodum
3283 1981 3573 2046 Abraham,
3606 1983 3758 2038 lsaac

2163 2075 2217 2121 et
2242 2067 2406 2122 Jacob
2434 2070 2664 2137 Speciem
2692 2085 2813 2139 qua:
2843 2072 3002 2124 homo
3024 2070 3238 2137 dicitur,
3268 2075 3622 2128 communiter
3651 2074 3755 2128 ha-

2160 2158 2316 2225 bent;
2343 2178 2445 2214 non
2478 2162 2611 2215 sicut
2638 2161 2799 2217 homo
2825 2164 3186 2219 subdividitur
3206 2166 3257 2219 in
3286 2166 3573 2232 Abraham,
3596 2170 3756 2226 lsaac

2160 2259 2213 2304 et
2232 2249 2416 2315 Jaciib,
2451 2252 2518 2305 ita
2548 2268 2682 2307 unus
2723 2253 2882 2310 homo
2911 2263 2965 2309 et
2995 2256 3044 2309 iu
3080 2256 3283 2325 aliquos
3312 2257 3547 2327 singulos
3573 2258 3753 2315 homi-

2160 2358 2256 2396 nes
2285 2342 2548 2398 subdividi
2577 2354 2749 2413 potest
2784 2363 2797 2399 :
2831 2348 3049 2400 omnino
3088 2350 3229 2402 enim
3260 2364 3363 2402 non
3387 2359 3587 2419 potest,
3624 2352 3753 2421 quia

2160 2449 2296 2489 unus
2325 2437 2484 2490 homo
2509 2437 2619 2505 jam
2651 2437 2889 2507 singulus
2918 2437 3079 2491 homo
3111 2448 3211 2494 est.
3238 2438 3348 2494 Cur
3372 2456 3501 2508 ergo
3531 2457 3631 2495 una
3658 2457 3753 2496 es-

2157 2526 2329 2580 sentia
2359 2526 2408 2579 in
2440 2534 2548 2581 tres
2574 2526 2921 2594 substantias,
2951 2529 3029 2583 vel
3063 2544 3321 2598 personas
3350 2530 3705 2585 subdividitur
3729 2533 3756 2586 2

2155 2616 2288 2672 Nam
2317 2618 2361 2671 si
2401 2618 2633 2672 essvntia
2676 2620 2883 2687 species
2922 2629 3005 2673 est
3041 2620 3179 2675 sicut
3206 2618 3386 2685 homo,
3419 2621 3497 2675 sic
3524 2629 3605 2676 est
3645 2637 3753 2676 una

2157 2709 2388 2763 essentia
2420 2709 2555 2762 sicut
2603 2724 2739 2763 unus
2770 2711 2966 2763 homo:
2997 2726 3064 2764 an
3103 2712 3240 2765 sicut
3270 2710 3498 2765 dicimus
3539 2712 3755 2783 aliquos

2158 2810 2265 2855 tres
2293 2800 2537 2855 homines
2563 2801 2803 2869 ejusdem
2846 2818 3024 2869 sexus,
3066 2804 3306 2872 ejusdem
3340 2806 3753 2875 temperatiouis

2155 2895 2428 2964 corporis,
2480 2895 2825 2965 ejusdemque
2869 2896 3053 2961 animi,
3099 2912 3254 2950 unam
3298 2912 3418 2953 esse
3464 2910 3749 2965 naturam;

2159 2996 2265 3041 tres
2299 2988 2440 3041 enim
2480 2998 2605 3042 sunt
2636 2988 2900 3054 homines,
2947 2988 3041 3042 sed
3070 3003 3175 3043 una
3217 2999 3401 3043 natura
3432 3008 3446 3043 :
3477 2990 3557 3045 sic
3584 2986 3751 3045 etiam

2156 3081 2226 3136 ibi
2256 3081 2480 3136 dicimus
2504 3089 2611 3136 tres
2636 3082 2961 3137 substantias
2991 3098 3148 3135 unam
3183 3083 3491 3143 essentiam,
3522 3091 3615 3136 aut
3638 3091 3753 3138 tres

2159 3189 2413 3243 personas
2444 3190 2601 3227 unam
2631 3174 2980 3228 substantiam
3008 3175 3092 3228 vel
3114 3177 3447 3229 essentiam?
3480 3174 3594 3230 Hoc
3618 3191 3752 3229 vero

2157 3277 2441 3336 utcumque
2480 3267 2653 3322 simile
2680 3277 2781 3332 est,
2814 3268 2932 3336 quia
2959 3279 3010 3322 et
3038 3269 3363 3338 veteres‘qui
3393 3268 3553 3322 latine
3583 3266 3750 3323 locuti

2154 3369 2295 3423 Sunt,
2328 3367 2611 3427 autequarn
2647 3359 2903 3413 haberent
2945 3358 3042 3412 ista
3081 3359 3315 3424 nomina,
3341 3374 3472 3428 qua:
3510 3374 3619 3412 non
3656 3358 3749 3413 diu

2155 3458 2237 3504 est
2266 3458 2325 3503 ut
2362 3451 2411 3503 in
2434 3464 2599 3504 usum
2640 3458 2923 3516 venerunt,
2956 3448 3006 3503 id
3038 3460 3129 3504 est
3174 3451 3461 3504 essentiam
3500 3449 3583 3503 vel
3615 3450 3748 3504 sub.

2155 3545 2425 3610 stantiam,
2462 3559 2558 3613 pro
2604 3542 2685 3598 his
2729 3557 2974 3598 naturam
2999 3542 3266 3597 dicebant.
3305 3542 3421 3597 Non
3449 3543 3628 3612 itaque
3657 3559 3749 3599 se-

2154 3634 2384 3689 cundum
2434 3650 2603 3704 genus
2650 3644 2704 3688 ct
2759 3636 2966 3703 species
3015 3634 3113 3688 ista
3154 3633 3414 3698 dicimus;
3457 3635 3552 3689 sed
3592 3635 3747 3704 quasi

2155 3726 2447 3780 secundum
2482 3742 2820 3781 communem
2865 3725 3213 3795 eamdemque
3262 3726 3559 3780 materiam.
3597 3727 3751 3781 Sicut

2153 3834 2216 3873 ex
2244 3818 2432 3873 eodem
2473 3834 2604 3873 auro
2633 3819 2676 3872 si
2708 3818 2899 3873 ﬁerent
2927 3826 3035 3873 trcs
3058 3826 3271 3882 statuae,
3301 3817 3606 3872 diceremus
3638 3829 3752 3873 tres

2153 3918 2356 3964 Statuas
2398 3925 2560 3963 unum
2599 3926 2808 3974 atu'um,
2848 3925 2958 3964 nec
3001 3918 3174 3963 tamen
3215 3908 3529 3963 diceremus
3571 3923 3749 3979 genus

2153 4003 2599 4072 attrntn,'5|iecics
2626 4012 2803 4056 autem
2849 4011 3089 4066 statuas;
3120 4016 3220 4055 nec
3246 4017 3434 4055 aurum
3476 4004 3745 4070 speciem,

2151 4103 2355 4149 statuas
2397 4110 2526 4149 vero
2554 4093 2842 4148 individua.
2886 4093 3039 4148 Nulla
3071 4094 3266 4163 quippe
3300 4092 3509 4162 species
3551 4093 3749 4147 indivi-

2152 4184 2254 4238 dua
2296 4201 2387 4238 sua
2429 4184 2828 4254 transgreditur,
2866 4193 2923 4238 ut
2960 4184 3160 4253 aliquid
3194 4193 3344 4238 extra
3383 4185 3745 4254 comprehen-

2152 4276 2264 4331 dat.
2310 4274 2442 4330 Cum
2483 4277 2625 4330 enim
2665 4276 2926 4331 deﬁniero
2972 4276 3098 4346 quid
3144 4278 3214 4330 sit
3242 4276 3424 4342 homo,
3468 4277 3607 4345 quod
3657 4286 3743 4332 est

2152 4383 2346 4422 nomen
2378 4368 2624 4437 Speciale,
2666 4368 2856 4437 singuli
2895 4368 3092 4438 quique
3118 4368 3361 4422 homines
3388 4368 3472 4437 qui
3502 4377 3629 4420 sunt
3656 4368 3741 4420 iu-

2151 4460 2361 4515 dividua
2386 4460 2571 4514 eadem
2600 4460 2908 4516 deﬁnitione
2933 4461 3293 4522 continentur,
3330 4474 3427 4514 nec
3446 4460 3644 4528 aliquid
3672 4461 3741 4514 ad

2151 4567 2268 4606 eam
2303 4554 2533 4620 pertinet
2576 4551 2715 4621 quod
2758 4551 2918 4607 homo
2957 4566 3061 4606 non
3091 4551 3178 4606 sit.
3218 4550 3350 4606 Cum
3391 4567 3517 4606 vero
3550 4568 3740 4607 aurum

2151 4644 2431 4709 dcﬁuiero,
2464 4661 2566 4697 non
2605 4644 2732 4697 solm
2777 4652 2984 4711 statum,
3033 4644 3076 4697 si
3115 4659 3291 4698 aureze
3319 4643 3533 4707 fuerint,
3563 4646 3660 4699 sed
3691 4655 3745 4701 et

2151 4736 2355 4797 annuli,
2384 4735 2503 4790 etsi
2525 4735 2648 4805 quid
2677 4734 2817 4788 aliud
2849 4735 2916 4789 de
2941 4749 3072 4789 auro
3098 4734 3276 4801 fuerit,
3306 4734 3370 4789 ad
3397 4750 3587 4789 aurum
3618 4752 3742 4806 pcr-

2152 4827 2360 4893 tiuehit,
2416 4827 2515 4880 etsi
2572 4826 2701 4881 nihil
2752 4827 2874 4881 inde
2928 4828 3037 4891 ﬁat,
3091 4842 3281 4881 aurum
3339 4826 3554 4891 dicitur,
3614 4830 3739 4897 quia

2151 4920 2357 4975 etiamsi
2392 4934 2494 4973 non
2538 4920 2646 4973 sint
2672 4934 2869 4984 aurem,
2900 4933 3004 4973 non
3034 4918 3153 4973 ideo
3192 4934 3297 4973 nou
3338 4930 3493 4973 erunt
3527 4930 3743 4973 statum.

2152 5015 2282 5067 Item
2308 5013 2455 5066 nulla
2484 5012 2691 5080 Species
2730 5012 2939 5066 excedit
2966 5010 3331 5066 deﬁnitionem
3376 5013 3593 5080 generis
3637 5013 3745 5066 sui.

2151 5106 2283 5161 Cum
2329 5105 2470 5159 enim
2499 5104 2756 5158 deliniero
2792 5103 3008 5169 animal,
3041 5103 3291 5172 quoniam
3336 5104 3549 5172 generis
3581 5104 3752 5172 hujus

2151 5198 2357 5268 species
2394 5206 2477 5251 est
2509 5211 2696 5265 equus,
2731 5195 2907 5248 omnis
2937 5209 3105 5264 equus
3137 5194 3333 5247 animal
3371 5204 3472 5259 est,
3508 5210 3614 5247 non
3642 5210 3704 5246 au
3728 5224 3755 5234 ς

2154 5300 2259 5346 tem
2286 5300 2456 5345 statua
2485 5290 2659 5343 omnis
2693 5304 2879 5342 aurum
2912 5297 3014 5343 est.
3060 5286 3182 5343 ideo
3221 5288 3461 5358 quamvis
3493 5289 3545 5342 iu
3571 5288 3763 5343 tribus

2153 5384 2343 5439 statuis
2373 5383 2570 5447 aureis,
2611 5391 2757 5437 recte
2784 5382 3022 5436 dicamus
3068 5391 3176 5435 trcs
3218 5390 3420 5435 statuas
3451 5397 3615 5436 unum
3644 5397 3769 5435 au-

2127 5494 2300 5541 .rum;
2332 5491 2438 5531 non
2467 5485 2643 5530 tamen
2684 5476 2753 5529 ita
2782 5474 3029 5539 dicimus,
3066 5480 3123 5525 ut
3151 5487 3321 5541 genus
3366 5488 3575 5535 aurum,
3615 5489 3770 5541 spc-

2152 5570 2261 5624 cies
2276 5583 2401 5623 vero
2420 5574 2620 5622 statuas
2642 5565 3013 5635 intelligamus.
3043 5562 3153 5616 Nec
3178 5563 3255 5615 sic
3279 5578 3405 5632 ergo
3426 5562 3776 5621 Trinitatem

2153 5663 2381 5718 dicimus
2422 5671 2533 5716 tres
2573 5671 2829 5730 personas
2860 5655 2941 5709 vel
2982 5654 3326 5721 substantias,
3357 5670 3514 5708 uitam
3554 5669 3783 5711 esseu-

2154 5759 2280 5813 tiam
2320 5766 2372 5810 et
2417 5769 2581 5809 unum
2630 5752 2821 5815 Deum,
2853 5756 3101 5816 tanquam
3135 5761 3197 5798 ex
3233 5760 3333 5798 una
3380 5746 3593 5800 materia
3634 5748 3787 5805 tria

2157 5851 2397 5924 ιλιηιχᾶίιηι
2426 5848 2736 5913 subsistant,
2767 5840 2972 5898 ctiunsi
3005 5837 3257 5921 quill-Lind
3291 5837 3419 5892 illud
3445 5847 3542 5903 ῡδι,
3571 5837 3619 5891 in
3654 5836 3787 5896 his
