4076 6460
490 464 595 521 947

492 600 615 643 mus
640 582 787 653 alibi,
815 599 879 640 ea
900 584 1001 640 dici
1031 580 1240 654 pr0prie
1265 579 1317 634 in
1345 575 1431 632 illa
1449 571 1707 627 Trinitate
1726 566 1980 621 distincte
2001 559 2069 616 ad

492 677 728 747 singulas
754 690 1010 747 personas
1034 672 1351 742 pertinentia
1373 711 1387 733 ,
1416 684 1534 739 qua:
1564 666 1786 723 relative
1815 664 2065 719 dicuntur

492 771 559 825 ad
587 771 831 830 invicem,
856 769 991 823 sicut
1012 768 1172 823 Pater
1198 764 1455 823 etFilius,
1481 770 1533 816 et
1557 759 1833 827 utriusque
1859 756 2067 809 Donum

492 863 721 933 Spiritus
749 872 962 917 sanctus
995 878 1008 914 :
1032 876 1136 914 non
1160 859 1304 914 enim
1331 856 1487 912 Pater
1507 854 1759 918 Trinitas,
1786 860 1875 905 aut
1899 849 2066 905 Filius

495 953 765 1019 Trinitas,
797 961 888 1006 aut
920 950 1149 1005 Trinitas
1174 950 1403 1003 Donum.
1434 944 1585 1013 Quod
1617 960 1743 1000 vero
1779 943 1844 997 ad
1884 957 1942 996 se
1983 940 2069 995 di-

495 1053 690 1099 cuntur
733 1041 943 1111 singuli,
974 1056 1079 1094 non
1130 1038 1231 1095 dici
1279 1038 1554 1108 pluraliter
1598 1044 1725 1099 tres,
1765 1032 1858 1088 sed
1904 1046 2066 1085 unum

495 1138 662 1206 ipsazn
688 1134 1070 1192 Trinitatem‘:
1098 1133 1234 1189 sicut
1276 1133 1413 1186 Deus
1452 1130 1627 1191 Pater,
1674 1129 1816 1182 Deus
1859 1125 2024 1179 Filius
2048 1164 2065 1188 ,

496 1230 636 1286 Deus
660 1228 889 1300 Spiritus
918 1235 1164 1290 sanctus;
1193 1234 1247 1280 et
1270 1224 1441 1279 bonus
1469 1223 1646 1288 Pater,
1676 1221 1844 1275 bonus
1866 1217 2064 1280 Filius,

498 1322 673 1379 bonus
699 1322 927 1389 Spiritus
956 1329 1204 1383 sanctus;
1229 1326 1282 1372 et
1308 1316 1642 1384 omnipotens
1665 1312 1828 1368 Pater
1846 1352 1860 1378 ,
1889 1308 2068 1364 omni-

499 1423 689 1483 potens
716 1413 883 1469 Filius
902 1454 917 1479 ,
953 1412 1289 1479 omnipotens
1312 1407 1543 1477 Spiritus
1569 1412 1783 1459 sanctus
1810 1419 1823 1457 :
1857 1415 1957 1456 nec
1987 1407 2071 1454 ta-

501 1520 624 1561 men
657 1513 766 1559 tres
792 1504 899 1569 dii,
931 1511 1022 1556 aut
1061 1510 1171 1555 tres
1198 1500 1321 1554 boui
1345 1539 1361 1564 ,
1388 1506 1479 1552 aut
1504 1506 1615 1552 tres
1644 1494 2068 1561 omnipotentes;

500 1595 593 1651 sed
625 1612 764 1651 unus
787 1597 925 1651 Deus
950 1636 965 1662 ,
988 1593 1159 1649 bonus
1178 1632 1195 1657 ,
1219 1591 1557 1660 omnipotens
1586 1589 1697 1658 ipsa
1723 1585 1992 1650 Trinitas;
2019 1591 2076 1638 et

499 1687 752 1759 quidquid
776 1685 917 1742 aliud
944 1700 1046 1739 non
1077 1683 1141 1738 ad
1170 1682 1391 1738 invicem
1414 1680 1651 1745 relative,
1674 1678 1768 1734 sed
1792 1676 1858 1731 ad
1884 1690 1942 1729 se
1966 1673 2077 1729 sin-

498 1782 604 1850 guli
626 1781 891 1835 dicuntur.
911 1779 1021 1833 lloc
1042 1777 1182 1831 enim
1200 1774 1487 1830 secundum
1504 1772 1786 1827 essentiam
1808 1768 2074 1833 dicuntur,

497 1874 621 1943 quia
653 1871 756 1927 hoc
789 1879 871 1928 est
899 1870 969 1925 ibi
1000 1883 1149 1929 esse,
1178 1865 1316 1937 quod
1347 1879 1592 1934 magnum
1632 1876 1750 1916 esse
1770 1902 1784 1921 .
1814 1857 1954 1929 quod
1980 1856 2079 1911 bo-

500 1981 628 2019 nttm
675 1977 794 2018 esse
815 2004 830 2027 ,
859 1959 999 2031 quod
1026 1958 1319 2028 sapientem
1352 1970 1470 2010 esse
1490 1995 1504 2018 ,
1546 1961 1602 2008 et
1643 1947 1897 2021 quidquid
1934 1944 2075 2002 aliud

501 2054 568 2111 ad
598 2070 657 2110 se
682 2066 1009 2123 ttnaqttmqtte
1038 2050 1108 2105 ibi
1141 2062 1397 2119 persona,
1429 2046 1512 2101 vel
1542 2045 1653 2114 ipsa
1682 2041 1915 2097 Trinitas
1938 2038 2074 2093 dici-

502 2159 607 2202 tur.
638 2146 866 2215 Ideoque
894 2144 995 2200 dici
1026 2151 1136 2198 tres
1161 2155 1437 2212 personas,
1466 2138 1549 2193 vel
1592 2149 1699 2191 tres
1730 2131 2071 2195 substantias,

500 2254 605 2293 non
638 2246 694 2291 ut
735 2237 907 2307 aliqua
936 2234 1260 2303 intelligatur
1291 2230 1570 2285 diversitas
1589 2226 1864 2292 essentice,
1890 2221 1984 2279 sed
2019 2230 2079 2277 ut

499 2330 586 2384 vel
615 2344 721 2384 uno
752 2329 930 2397 aliquo
952 2324 1212 2381 vocabulo
1237 2321 1549 2391 responderi
1580 2319 1770 2390 possit,
1798 2332 1918 2372 cum
1944 2313 2071 2369 dici-

498 2432 587 2477 tur
607 2420 731 2493 quid
762 2430 890 2482 tres,
916 2418 1000 2475 vel
1023 2414 1147 2488 quid
1171 2418 1301 2482 tria;
1326 2424 1631 2483 tantamque
1654 2424 1774 2467 esse
1799 2407 2077 2479 mqualita-

497 2525 604 2568 tem
631 2517 683 2569 in
714 2529 774 2567 ea
796 2512 1077 2576 Trinitate,
1103 2517 1164 2565 ut
1189 2524 1293 2563 non
1317 2507 1488 2563 solum
1513 2505 1671 2560 Pater
1688 2518 1792 2557 non
1814 2501 1883 2557 sit
1903 2497 2078 2569 major

499 2623 658 2668 ortam
693 2606 887 2671 Filius,
927 2603 1069 2675 quod
1108 2602 1298 2658 attinet
1324 2600 1391 2656 ad
1433 2598 1801 2658 divinitatem,
1843 2591 1937 2649 sed
1973 2606 2075 2648 nec

498 2696 661 2753 Pater
689 2706 741 2752 et
761 2696 929 2752 Filius
948 2695 1104 2750 simul
1134 2692 1303 2762 majus
1323 2689 1517 2761 aliquid
1540 2688 1646 2743 sint
1666 2701 1822 2757 quam
1843 2682 2075 2752 Spiritus

498 2796 745 2849 sanctus,
778 2795 868 2841 aut
894 2785 1096 2854 singula
1128 2796 1353 2852 qumque
1382 2793 1608 2850 persona
1636 2774 1887 2847 qurelibet
1914 2773 2072 2827 trium

499 2878 679 2933 minus
704 2876 898 2946 aliquid
922 2876 990 2929 sit
1014 2889 1172 2945 quam
1200 2873 1310 2942 ipsa
1333 2870 1585 2925 Trinitas.
1610 2867 1759 2921 Dicta
1789 2872 1911 2919 sunt
1936 2863 2072 2929 hzcc,

501 2978 560 3025 et
588 2968 630 3023 si
662 2967 855 3037 sacpius
878 2964 1140 3019 versando
1168 2970 1495 3031 repetantur,
1521 2955 1833 3013 familiarius
1856 2953 2071 3023 quidem

500 3061 844 3115 innotescunt
876 3074 888 3110 :
918 3055 1011 3109 sed
1041 3062 1095 3109 et
1135 3051 1326 3108 modus
1360 3050 1551 3119 aliquis
1588 3045 1921 3102 adhibendus
1957 3052 2073 3106 est,

500 3150 719 3219 Deoque
747 3144 1148 3219 supplicandum
1178 3140 1519 3198 devotissima
1564 3139 1759 3208 pietate
1779 3177 1792 3199 ,
1825 3144 1885 3190 ut
1918 3134 2071 3190 intel-

501 3241 698 3297 lectum
727 3238 948 3308 aperiat,
977 3247 1031 3291 et
1051 3234 1280 3290 studium
1309 3228 1666 3287 contentionis
1692 3227 1951 3291 absumat,
1972 3239 2077 3295 quo

503 3331 674 3401 possit
702 3338 879 3385 mente
907 3326 1052 3382 cerni
1079 3323 1307 3379 essentia
1335 3320 1572 3377 veritatis
1592 3360 1607 3383 ,
1640 3318 1756 3374 sine
1782 3316 1887 3371 ulla
1914 3315 2075 3379 mole,

508 3424 626 3479 sine
655 3422 762 3477 ulla
792 3418 1082 3475 mobilitate
1110 3417 1152 3469 ⁸.
1180 3414 1330 3470 Νυηε
1356 3414 1533 3482 itaque
1552 3452 1566 3476 ,
1597 3410 1649 3464 in
1680 3418 1932 3479 quantum
1961 3405 2077 3475 ipse

506 3515 721 3584 adjuvat
760 3512 981 3569 Creator
1020 3509 1152 3564 mire
1193 3506 1497 3561 misericors
1518 3545 1533 3569 ,
1562 3501 1895 3557 attendamus
1923 3500 2037 3554 lucc
2058 3540 2074 3563 ,

501 3622 623 3677 qua:
661 3604 821 3661 modo
858 3601 1107 3657 interiore
1150 3613 1307 3667 quam
1338 3595 1612 3665 superiora
1651 3591 1672 3624 ⁸
1700 3591 2073 3654 tractabimus,

502 3711 624 3751 cum
656 3696 762 3749 sint
800 3692 985 3749 eadem
1016 3710 1029 3747 :
1059 3697 1268 3745 servata
1298 3688 1384 3741 illa
1412 3685 1591 3756 regula
1612 3726 1629 3750 ,
1658 3692 1717 3738 ut
1741 3683 1879 3753 quod
1913 3680 2075 3735 intel-

501 3789 658 3845 lectui
695 3796 879 3842 nostro
906 3783 1140 3840 nondum
1168 3779 1426 3845 cinxerit,
1469 3793 1499 3833 a
1541 3776 1789 3831 ﬁrmitate
1820 3772 1940 3828 ﬁdei
1968 3786 2076 3828 non

484 3900 485 3903 ‘
502 3881 817 3936 dimittatur.
1564 3926 1569 3931 _

572 3970 798 4028 CAPUT
828 3966 1113 4025 PRIMUM.
1134 3998 1205 4007 —
1221 3965 1274 4020 2.
1301 3962 1366 4017 1η
1390 3961 1497 4017 Deo
1521 3977 1620 4015 non
1649 3975 1753 4014 esse
1773 3957 1933 4027 majus
1958 3955 2081 4026 quid

505 4074 605 4118 tres
639 4077 787 4131 quam
816 4074 969 4113 unam
1011 4072 1307 4128 personam,
1353 4052 1550 4105 ratione
1584 4057 1910 4103 monstratur.
1938 4046 2079 4099 Dici-

503 4170 624 4211 mus
650 4152 788 4208 enim
811 4165 918 4204 non
939 4164 1058 4204 esse
1080 4148 1130 4201 in
1154 4147 1253 4201 bac
1268 4143 1522 4199 'l‘rinitate
1543 4140 1711 4209 majus
1732 4136 1924 4207 aliquid
1948 4135 2081 4190 duas

494 4238 597 4303 aut
620 4254 727 4299 tres
757 4254 1013 4312 personas
1036 4253 1190 4307 quam
1213 4250 1372 4291 unam
1397 4248 1577 4287 earum
1603 4249 1616 4285 :
1646 4230 1785 4302 quod
1813 4245 1915 4284 non
1940 4227 2082 4297 capit

505 4333 835 4393 consuetudo
855 4331 1099 4392 carnalis,
1129 4344 1234 4383 non
1262 4326 1329 4381 ob
1349 4324 1511 4388 aliud,
1540 4324 1638 4378 nisi
1665 4322 1782 4394 quia
1813 4336 1936 4376 vera
1962 4334 2081 4390 quas

508 4434 686 4481 errata
728 4432 849 4479 sunt
885 4422 1043 4477 sentit
1070 4428 1127 4474 ut
1152 4426 1354 4489 potest;
1388 4416 1663 4471 veritatem
1704 4422 1879 4468 autem
1911 4412 2079 4479 ipsam

494 4512 606 4592 qua
637 4524 811 4592 creata
853 4524 969 4571 sunt
1015 4528 1118 4568 non
1162 4520 1336 4582 potest
1378 4506 1569 4563 intueri
1598 4524 1611 4561 :
1639 4522 1757 4560 nam
1790 4504 1831 4558 si
1864 4511 2078 4574 posset,

507 4612 654 4667 nullo
685 4586 843 4664 m‘odo
866 4613 1008 4661 esset
1034 4606 1123 4659 lux
1155 4604 1251 4659 ista
1285 4615 1540 4671 corporea
1568 4597 1895 4653 manifestior
1922 4611 2079 4663 quam

505 4703 609 4759 hoc
627 4701 764 4773 quod
786 4700 1034 4757 diximus.
1057 4696 1112 4751 ln
1140 4693 1433 4751 substantia
1454 4692 1647 4761 quippe
1668 4689 1924 4753 veritatis,
1948 4702 2081 4756 quo-

507 4796 648 4849 niam
688 4792 798 4847 sola
840 4805 968 4845 vere
1005 4797 1121 4850 est,
1165 4801 1271 4840 non
1311 4792 1393 4838 est
1420 4780 1588 4849 major
1611 4781 1805 4850 aliqua,
1837 4779 1934 4833 nisi
1964 4792 2083 4847 qua)

507 4888 691 4942 verius
713 4894 795 4939 est
811 4883 853 4937 ⁸.
870 4879 1134 4950 Quidquid
1159 4886 1334 4933 autem
1357 4874 1682 4943 intelligibile
1701 4881 1857 4940 atque
1883 4870 2083 4924 incom-

509 4976 763 5031 mutabile
810 4982 921 5037 est,
977 4986 1085 5026 non
1130 4967 1272 5023 aliud
1310 4967 1412 5021 alio
1442 4965 1617 5019 verius
1645 4972 1759 5026 est,
1787 4960 1906 5031 quia
1935 4975 2084 5030 :rqne

508 5063 1010 5123 incommutabiliter
1029 5070 1285 5117 aeternum
1310 5065 1394 5112 est
1421 5074 1435 5111 :
1463 5070 1561 5111 nec
1581 5054 1719 5125 quod
1742 5054 1809 5108 ibi
1835 5067 2081 5121 magnum

508 5158 721 5221 dicitur,
750 5152 962 5209 aliunde
989 5165 1237 5221 magnum
1258 5155 1358 5210 est,
1389 5161 1547 5217 quam
1572 5159 1636 5200 eo
1663 5159 1768 5215 quo
1792 5158 1915 5199 vere
1940 5152 2021 5197 est
2040 5141 2081 5195 ⁸.

498 5247 845 5317 Quapropter
870 5241 956 5297 ubi
986 5237 1292 5312 magnitudo
1321 5238 1431 5309 ipsa
1456 5235 1650 5291 veritas
1687 5243 1769 5290 est
1788 5274 1803 5301 ,
1830 5231 2083 5305 quidquid

576 5445 591 5475 ¹
616 5442 691 5491 sic
725 5439 951 5503 plerique
985 5444 1093 5488 Mss.
1128 5444 1183 5488 Αι
1221 5436 1365 5496 editi,
1409 5432 1497 5486 sed
1533 5445 1678 5484 unam
1700 5431 1857 5497 ipsum
1885 5435 2086 5483 mutto-

506 5510 665 5612 ‘m’hln
689 5568 816 5619 Mss,
842 5558 1171 5609 mutabilitate.

573 5624 726 5673 'Editi
747 5657 761 5681 ,
799 5613 909 5681 qua:
939 5623 1079 5671 modo
1120 5626 1218 5671 tam
1259 5622 1505 5681 interiora.
1551 5625 1604 5667 Αι
1628 5626 1762 5673 Mss,
1806 5613 2085 5681 augurando

511 5675 769 5743 interiore}
809 5675 853 5732 id
881 5689 976 5741 est,
1020 5683 1208 5731 ratione
1234 5680 1386 5742 magis
1414 5680 1580 5743 intima
1623 5687 1768 5743 atque
1814 5675 2082 5725 subtiliore.

515 5739 765 5799 neniensis
801 5739 971 5794 codex'
996 5744 1160 5802 habet,
1206 5739 1720 5803 qum—modointcriore
1761 5750 1903 5803 quant
1942 5748 2083 5799 supc-

511 5809 828 5924 quguatum-
854 5875 980 5924 Mss,
1004 5878 1156 5915 vertor
1177 5870 1264 5915 est.

578 5931 599 5967 ⁸
624 5929 845 5995 l‘lcrique
868 5934 993 5985 3153.,
1016 5925 1139 5988 quod
1162 5937 1268 5973 rere
1288 5930 1370 5975 est.

1635 450 1725 507 DE
1763 432 2149 501 TRlNlTATE,
2190 432 2248 491 8.
2289 438 2654 497 AUGUSTINI

3644 445 3755 508 958

2178 556 2299 626 plus
2337 556 2496 613 habet
2536 557 2913 630 magnitudinis
2933 601 2948 628 ,
2981 576 3203 618 necesse
3229 572 3391 621 estut
3419 566 3535 636 plus
3560 567 3764 626 habeat

2177 650 2416 705 veritatis
2446 670 2459 705 :
2489 651 2741 723 quidquid
2762 668 2887 723 ergo
2911 652 3028 723 plus
3052 655 3287 711 veritatis
3312 673 3418 712 non
3448 658 3622 726 habet,
3647 675 3759 716 non

2180 742 2339 797 habet
2370 741 2485 812 plus
2513 743 2671 797 etiam
2701 744 3095 814 magnitudinis.
3121 746 3286 801 Porro
3308 790 3322 812 ,
3359 750 3611 821 quidquid
3639 753 3763 823 plus

2180 833 2341 887 habet
2365 836 2631 900 veritatis,
2661 834 2900 904 profecto
2928 836 3106 891 verius
3130 848 3210 893 est
3229 880 3245 905 ,
3277 839 3413 893 sicut
3456 840 3629 910 majus
3668 852 3764 899 est

2179 926 2317 995 quod
2349 925 2466 994 plus
2492 926 2650 980 habet
2674 926 3048 996 magnitudinis
3071 947 3085 981 :
3114 929 3215 983 hoc
3237 946 3363 1000 ergo
3388 931 3459 987 ibi
3478 942 3559 987 est
3581 934 3761 1003 majus

2180 1014 2319 1084 quod
2350 1016 2546 1071 verius.
2578 1016 2695 1071 Non
2736 1026 2913 1071 autem
2956 1019 3136 1074 verius
3176 1030 3258 1074 est
3300 1021 3457 1077 Pater
3496 1032 3552 1077 et
3588 1023 3764 1081 Filius

2180 1105 2358 1168 simul,
2384 1122 2540 1176 quam
2568 1107 2807 1177 singulus
2834 1108 3012 1176 Pater,
3038 1120 3129 1165 aut
3151 1111 3391 1181 singulas
3418 1112 3607 1169 Filius.
3631 1114 3759 1172 Non

2180 1197 2341 1266 igitur
2365 1197 2533 1268 tnajus
2561 1197 2758 1269 aliquid
2787 1208 3068 1270 utrumque
3095 1201 3276 1267 simul,
3309 1218 3465 1273 quam
3487 1204 3765 1277 singulum

2180 1306 2386 1345 eorum.
2417 1292 2479 1345 Et
2500 1292 2749 1361 quoniam
2773 1308 2924 1363 :eque
2948 1310 3071 1349 vere
3093 1304 3175 1350 est
3199 1297 3356 1351 etiam
3382 1296 3608 1367 Spiritus
3632 1315 3763 1357 san-

2179 1392 2318 1448 ctus,
2349 1399 2448 1438 nec
2470 1384 2624 1438 Pater
2649 1394 2700 1439 et
2723 1384 2889 1441 Filius
2908 1386 3063 1440 simul
3085 1388 3253 1460 majus
3271 1390 3469 1460 aliquid
3493 1401 3762 1463 estquam

2182 1473 2314 1544 ipse,
2344 1475 2464 1545 quia
2491 1491 2588 1531 nec
2615 1478 2793 1532 verius
2832 1487 2935 1533 est.
2979 1477 3136 1534 Pater
3172 1495 3382 1551 quoque
3422 1490 3477 1536 et
3520 1481 3763 1552 Spiritus

2181 1576 2394 1623 sanctus
2420 1569 2596 1634 simul,
2620 1570 2867 1639 quoniam
2888 1572 3106 1627 veritate
3127 1588 3230 1627 non
3255 1584 3508 1643 superant
3527 1575 3761 1644 Filium;

2181 1677 2285 1715 non
2315 1661 2457 1716 enim
2489 1662 2664 1717 verius
2684 1670 2835 1727 sunt;
2859 1678 2957 1718 nec
2977 1666 3337 1735 magnitudine
3360 1677 3630 1736 superant.
3654 1670 3761 1725 At-

2180 1769 2283 1822 que
2312 1754 2380 1806 ita
2408 1752 2572 1808 Filius
2601 1763 2654 1809 et
2681 1753 2909 1823 Spiritus
2936 1764 3152 1811 sanctus
3180 1758 3333 1811 simul
3363 1767 3469 1813 tam
3501 1743 3759 1831 magnum

2180 1844 2376 1916 aliquid
2404 1854 2527 1899 sunt
2554 1861 2710 1916 quam
2748 1846 2904 1902 Pater
2938 1847 3084 1902 solus
3104 1889 3117 1912 ,
3158 1848 3277 1917 quia
3308 1857 3415 1904 tam
3444 1865 3573 1906 vere
3603 1860 3759 1909 sunt.

2179 1935 2268 1991 Sic
2296 1946 2349 1990 et
2373 1935 2484 2005 ipsa
2509 1937 2739 1991 Trinitas
2767 1947 2871 1991 tam
2900 1953 3152 2006 magnum
3178 1948 3282 2003 est,
3316 1954 3472 2010 quam
3496 1956 3759 2012 unaquar-

2180 2044 2282 2098 que
2310 2028 2379 2081 ibi
2413 2044 2657 2098 persona.
2686 2028 2801 2083 Non
2830 2029 2971 2084 enim
2998 2029 3069 2083 ibi
3094 2031 3268 2098 major
3288 2040 3401 2099 est,
3431 2047 3550 2101 qua:
3575 2033 3763 2088 verior

2181 2134 2285 2173 non
2312 2130 2423 2185 est,
2463 2120 2552 2174 ubi
2592 2129 2674 2174 est
2714 2121 2827 2191 ipsa
2853 2121 3050 2175 veritas
3078 2122 3405 2191 magnitudo.
3428 2123 3559 2192 Quia
3586 2126 3640 2180 in
3669 2141 3763 2181 es-

2179 2212 2347 2269 sentia
2375 2214 2630 2276 veritatis,
2662 2213 2765 2269 hoc
2791 2224 2874 2270 est
2902 2230 3084 2270 verum
3111 2230 3231 2272 esse
3255 2218 3393 2284 quod
3417 2229 3670 2287 estesse;
3699 2230 3762 2278 ει

2179 2304 2283 2360 hoc
2310 2312 2395 2359 est
2432 2320 2550 2360 esse
2591 2305 2728 2376 quod
2770 2316 2854 2359 est
2896 2321 3143 2374 magnum
3172 2322 3293 2362 esse
3319 2327 3331 2359 :
3361 2308 3463 2362 hoc
3503 2320 3586 2365 est
3623 2327 3761 2381 ergo

2179 2412 2427 2468 magnum
2472 2411 2632 2464 esse,
2678 2397 2820 2467 quod
2867 2412 3050 2452 verum
3092 2413 3233 2454 esse.
3281 2400 3430 2466 Quod
3479 2402 3635 2472 igitur
3679 2403 3758 2459 ibi

2178 2506 2330 2561 teque
2366 2505 2550 2547 verum
2595 2500 2711 2558 est,
2757 2491 2914 2547 etiam
2954 2507 3106 2563 teque
3135 2508 3380 2564 magnum
3426 2495 3495 2551 sit
3530 2511 3761 2555 necesse

2178 2594 2282 2641 εει.

2247 2678 2470 2734 CAPUT
2498 2678 2562 2734 ll.
2592 2710 2665 2720 —
2684 2681 2738 2735 3.
2772 2678 3074 2750 Respueuda
3102 2679 3264 2735 omnis
3298 2682 3575 2751 corporalis
3609 2682 3759 2755 cogi-

2178 2772 2321 2833 tatio.
2344 2782 2397 2824 ut
2426 2770 2561 2826 Deus
2584 2774 2815 2839 capiatur
2835 2772 3083 2843 quomodo
3100 2772 3237 2827 Deus
3256 2782 3329 2827 est
3352 2775 3549 2829 veritas.
3565 2772 3621 2829 In
3633 2791 3760 2832 eor-

2179 2863 2395 2933 pOribus
2417 2871 2591 2917 autem
2619 2862 2731 2917 fieri
2767 2871 2939 2932 potest
2968 2873 3021 2918 ut
3049 2878 3199 2934 teque
3222 2879 3403 2918 verum
3427 2864 3494 2918 sit
3523 2864 3625 2921 hoc
3652 2879 3760 2919 au-

2178 2971 2296 3011 rum
2320 2963 2480 3024 atque
2506 2954 2654 3020 illud,
2683 2956 2774 3011 sed
2804 2956 2974 3024 majus
3010 2953 3113 3010 hoc
3150 2955 3221 3011 sit
3245 2970 3403 3025 quam
3432 2955 3557 3010 illud
3581 2997 3594 3020 ,
3626 2956 3759 3025 quia

2179 3063 2284 3103 non
2312 3048 2495 3103 eadem
2526 3047 2595 3102 ibi
2636 3056 2719 3102 est
2748 3046 3055 3117 magnitudo
3090 3062 3209 3116 qua:
3234 3046 3464 3112 veritas;
3501 3046 3759 3117 aliudque

2180 3139 2250 3194 illi
2278 3148 2359 3194 est
2386 3154 2570 3194 aurum
2593 3153 2734 3205 esse,
2762 3138 2903 3193 aliud
2930 3154 3175 3205 magnum
3198 3152 3336 3193 esse.
3362 3138 3451 3193 Sic
3470 3146 3525 3193 et
3552 3138 3606 3193 in
3631 3138 3759 3194 ani-

2178 3234 2249 3288 mi
2280 3242 2467 3288 natura
2493 3275 2507 3298 ,
2540 3233 2830 3289 secundum
2857 3233 2996 3302 quod
3022 3233 3215 3288 dicitur
3252 3248 3474 3302 magnus
3500 3234 3710 3289 animus
3733 3275 3755 3302 ,

2179 3339 2285 3378 non
2325 3324 2616 3379 secundum
2664 3324 2766 3380 hoc
2808 3325 3001 3380 dicitur
3045 3340 3203 3381 verus
3239 3325 3467 3380 animus.
3500 3325 3756 3380 Animum

2177 3417 2319 3472 enim
2348 3433 2536 3471 verum
2569 3416 2729 3471 habet
2770 3418 2929 3473 etiam
2976 3419 3063 3488 qui
3101 3433 3205 3473 non
3236 3429 3318 3473 cst
3343 3418 3709 3489 magnanimus
3737 3436 3756 3474 :

2177 3509 2599 3579 quandoquidem
2645 3511 2885 3578 corpmis
2935 3520 2988 3564 et
3035 3510 3194 3564 animi
3236 3512 3494 3574 essentia,
3524 3528 3628 3566 non
3667 3521 3759 3567 εει

2179 3599 2344 3667 ipsius
2370 3600 2606 3654 veritatis
2631 3601 2881 3664 essentia,
2912 3600 3049 3655 sicut
3067 3608 3147 3654 est
3170 3600 3401 3653 Trinitas
3427 3600 3566 3656 Deus
3584 3615 3757 3671 unus,

2178 3692 2343 3756 solus,
2375 3707 2629 3763 magnus,
2659 3708 2845 3757 verus,
2877 3708 3059 3757 verax,
3091 3692 3306 3747 veritas.
3332 3691 3500 3758 Quem
3526 3693 3571 3747 si
3600 3691 3760 3762 cogi-

2180 3791 2292 3837 tare
2318 3797 2592 3845 conamur,
2624 3792 2878 3852 quantum
2904 3781 3029 3837 sinit
3050 3790 3104 3835 et
3132 3782 3314 3847 donat,
3343 3782 3518 3836 nullus
3544 3781 3760 3852 cogite-

2179 3882 2266 3927 tur
2287 3888 2383 3944 per
2401 3874 2637 3929 locorum
2662 3874 2825 3942 spatia
2848 3881 3121 3927 contactus
3142 3880 3232 3925 aut
3249 3871 3579 3942 complexus,
3597 3870 3758 3941 quasi

2181 3965 2336 4019 trium
2359 3980 2670 4035 corporum;
2700 3965 2843 4020 nulla
2868 3978 3125 4035 compago
3160 3965 3457 4034 junctum,
3485 3963 3625 4018 sicut
3653 3963 3761 4017 tri-

2178 4072 2456 4125 corporem
2518 4057 2819 4126 Geryonem
2871 4057 3059 4113 fabula:
3101 4056 3279 4111 ferunt
3315 4074 3329 4109 :
3361 4056 3455 4111 sed
3498 4055 3761 4127 quidquid

2179 4148 2358 4201 animo
2387 4147 2489 4200 tale
2515 4149 2807 4203 occurrerit
2828 4191 2840 4211 ,
2872 4157 2927 4203 ιιι
2954 4148 3123 4218 majus
3144 4148 3211 4203 sit
3240 4148 3291 4202 in
3320 4146 3488 4202 tribus
3514 4161 3669 4216 quam
3695 4146 3761 4202 in

2180 4226 2418 4307 singulis,
2451 4238 2730 4308 minusque
2760 4238 2811 4292 in
2836 4254 2942 4293 uno
2975 4254 3128 4307 quam
3159 4239 3211 4292 in
3240 4238 3468 4303 duobus,
3499 4238 3610 4291 sine
3637 4235 3758 4293 ulla

2180 4326 2507 4382 dubitatione
2532 4337 2848 4399 respuatur:
2878 4329 2948 4383 ita
2974 4329 3114 4383 enim
3141 4329 3411 4398 respuitur
3436 4342 3587 4382 omne
3612 4341 3751 4381 cor-

2183 4434 2423 4487 porcum.
2446 4418 2504 4472 In
2529 4419 2895 4487 spiritualibus
2935 4429 3109 4473 autem
3143 4434 3302 4474 omne
3330 4417 3580 4473 mutabile
3609 4416 3764 4486 quod

2181 4512 2491 4577 occurrerit,
2524 4526 2627 4563 non
2662 4520 2874 4578 putetur
2904 4510 3061 4564 Deus.
3088 4509 3202 4564 Non
3232 4510 3373 4564 enim
3409 4524 3583 4578 parva:
3609 4508 3767 4563 noti-

2185 4603 2268 4655 tim
2300 4617 2420 4672 pars
2447 4609 2548 4668 est,
2571 4616 2691 4656 cum
2719 4600 2787 4656 de
2816 4599 3080 4669 profundo
3106 4601 3208 4654 isto
3231 4601 3283 4653 in
3312 4599 3454 4653 illam
3479 4598 3762 4653 summitti-

2185 4704 2288 4748 tem
2318 4694 2662 4763 respiramus,
2696 4690 2739 4747 si
2769 4701 3050 4762 antequam
3077 4692 3214 4746 scire
3241 4690 3503 4761 possimus
3531 4689 3657 4759 quid
3682 4690 3755 4745 sil

2182 4786 2343 4850 Deus,
2373 4799 2655 4855 possumus
2674 4784 2784 4852 jam
2807 4784 2944 4838 scire
2969 4783 3091 4852 quid
3122 4798 3225 4837 non
3252 4783 3339 4835 sit.
3363 4781 3478 4835 Non
3502 4789 3587 4836 est
3612 4780 3759 4839 enim

2184 4885 2358 4941 certe,
2388 4890 2485 4930 nec
2510 4884 2648 4929 terra
2670 4915 2685 4939 ,
2718 4889 2816 4929 nec
2839 4874 3031 4928 coelum
3053 4915 3068 4937 ,
3098 4887 3196 4927 nec
3220 4872 3369 4942 quasi
3397 4880 3535 4926 terra
3561 4880 3615 4925 et
3641 4885 3765 4925 ca:-

2184 4971 2327 5034 lum,
2371 4983 2471 5024 nec
2516 4968 2622 5021 tale
2664 4965 2859 5035 aliquid
2908 4964 3065 5035 quale
3106 4963 3346 5019 videmus
3378 4963 3430 5017 in
3460 4961 3627 5027 caelo,
3659 4976 3771 5019 nec

2186 5059 2438 5129 quidquid
2469 5059 2574 5113 tale
2614 5072 2718 5113 non
2748 5056 2990 5112 videmus
3012 5057 3028 5088 ί
3056 5063 3110 5109 ει
3137 5064 3219 5109 est
3248 5052 3487 5109 fortassis
3515 5053 3565 5107 in
3594 5051 3772 5109 emlo.

2185 5152 2295 5208 Nec
2323 5152 2365 5206 si
2390 5165 2585 5221 augeas
2615 5147 2990 5219 imaginatione
3018 5145 3351 5216 cogitationis
3388 5145 3559 5199 lucem
3595 5142 3733 5197 solis
3751 5185 3772 5210 ,

2186 5254 2438 5314 quantum
2468 5252 2619 5313 potes
2640 5282 2655 5309 ,
2683 5242 2795 5297 sive
2830 5255 2938 5310 quo
2965 5239 3035 5293 sit
3061 5238 3248 5306 major,
3278 5238 3392 5293 sive
3420 5250 3524 5307 quo
3551 5233 3622 5290 sit
3645 5235 3775 5290 cla-

2188 5340 2316 5403 rior,
2347 5337 2536 5391 millies
2565 5343 2768 5389 tantum
2789 5374 2804 5397 ,
2832 5341 2923 5386 aut
2951 5330 3428 5394 innumerabiliter,
3461 5343 3633 5397 neque
3659 5326 3778 5385 hoc

2189 5440 2269 5487 est
2290 5431 2449 5485 Dens.
2474 5427 2583 5483 Nec
2605 5426 2741 5482 sicut
2762 5424 3062 5494 cogitantur
3081 5424 3101 5455 '
3130 5421 3313 5491 Angeli
3338 5419 3519 5474 mundi
3543 5418 3780 5488 spiritus

2189 5521 2425 5577 coelestia
2451 5532 2673 5584 corpora
2700 5515 3022 5583 inspirantes
3042 5555 3057 5577 ,
3084 5523 3240 5582 atque
3263 5511 3326 5566 ad
3350 5510 3625 5567 arbitrium
3656 5525 3779 5577 quo

2190 5612 2427 5667 serviunt
2452 5608 2560 5662 Deo
2581 5614 2846 5660 mutantes
2869 5614 3028 5675 atque
3045 5611 3339 5665 versantes,
3361 5616 3462 5657 nec
3484 5601 3526 5656 si
3547 5614 3779 5667 attines,

2255 5793 2268 5822 ί
2294 5789 2478 5898 Siti/tm.
2505 5792 2554 5835 et
2568 5791 2673 5833 Mss.
2711 5790 2763 5832 At
2780 5789 2853 5831 Er.
2873 5788 2925 5833 et
2945 5789 3076 5843 lov.,
3096 5794 3182 5832 nec
3204 5777 3298 5832 tale
3318 5777 3501 5842 aliquid
3522 5772 3780 5840 quidquid

2255 5866 2278 5898 η
2302 5862 2344 5898 t't
2382 5862 2529 5897 mnus.

2189 5866 2278 5902 11οη
2302 5862 2529 5898 t'tamtus.

2254 5916 2273 5945 ¹
2308 5919 2463 5972 l‘ortt',
2498 5919 2581 5960 Vr:
2604 5908 2644 5958 si
2667 5905 2944 5972 cogitentur.
