4076 6488
296 475 399 534 989

292 605 414 647 cum
443 589 552 646 sint
578 588 743 646 millia
770 588 992 645 millium
1018 587 1064 662 (l
1086 587 1245 659 Apoc.
1273 603 1325 652 ν,
1355 586 1465 657 Η).
1499 585 1550 641 in
1577 601 1738 640 unum
1762 582 1874 638 col-

295 681 387 737 lati
410 698 546 736 unus
577 681 704 737 [iam
722 724 737 747 ,
766 697 867 736 nec
897 681 1001 737 tale
1026 680 1223 751 aliquid
1254 681 1390 735 Deus
1418 688 1519 735 est.
1544 678 1654 734 Nec
1679 678 1723 731 si
1755 692 1877 730 eos-

292 774 417 829 dem
444 774 664 844 spiritus
705 774 823 829 sine
862 774 1175 843 corporibus
1214 774 1447 843 cogites,
1493 771 1633 841 quod
1664 769 1876 841 quidem

292 868 495 923 carnali
521 868 826 937 cogitationi
854 867 1225 923 difﬁcillimum
1255 876 1357 921 est.
1382 866 1519 921 Ecce
1543 865 1681 931 vide,
1699 864 1757 919 'si
1788 879 1884 933 po-

297 966 401 1025 tcs,
431 974 467 1012 ι)
493 960 671 1013 anima
697 969 1024 1030 praegravata
1053 974 1277 1028 corpore
1306 956 1449 1028 quod
1493 957 1874 1025 corrumpitur,

294 1058 350 1104 et
373 1058 567 1104 onusta
590 1052 816 1104 terrenis
838 1049 1243 1120 cogitationibus
1264 1048 1447 1102 multis
1466 1056 1520 1102 et
1539 1046 1731 1108 variis;
1757 1059 1884 1099 ecce

295 1142 439 1206 vide,
470 1142 516 1196 si
547 1151 698 1210 potes
724 1157 741 1197 :
770 1142 909 1197 Deus
941 1141 1152 1197 Veritas
1186 1150 1269 1197 est
1291 1140 1311 1214 (
1335 1140 1464 1211 Sap.
1487 1156 1562 1204 ix,
1594 1138 1721 1210 15).
1768 1138 1881 1193 Hoc

292 1235 440 1289 enim
469 1238 728 1304 scriptum
755 1244 859 1301 est,
893 1235 1144 1300 Quoniam
1176 1233 1317 1288 Deus
1340 1234 1431 1287 tua:
1464 1242 1537 1286 est
1563 1233 1581 1301 (
1609 1232 1801 1286 lloan.
1835 1245 1874 1295 I,

296 1324 353 1396 5)
384 1342 396 1375 :
420 1341 525 1378 non
551 1325 820 1395 quomodo
839 1325 926 1379 isti
948 1325 1087 1380 oculi
1114 1323 1311 1389 vident,
1335 1323 1428 1379 sed
1452 1321 1718 1393 quomodo
1740 1321 1882 1374 videt

296 1432 413 1480 eor.
439 1433 565 1472 cum
602 1418 755 1472 audis
776 1419 813 1484 ί,
836 1417 1047 1474 Veritas
1082 1426 1183 1472 est.
1214 1416 1328 1472 Noli
1368 1430 1608 1486 quaerere
1644 1413 1770 1485 quid
1808 1413 1878 1467 sit

299 1509 533 1575 veritas;
559 1510 738 1564 statim
762 1510 905 1565 enim
933 1525 994 1565 se
1019 1518 1294 1579 opponent
1316 1508 1568 1577 caligines
1598 1506 1883 1575 imaginum

297 1601 659 1670 corporalium
679 1608 735 1655 et
750 1600 927 1656 nubila
949 1600 1402 1670 phantasmatum,
1423 1608 1477 1653 et
1506 1595 1888 1666 perturbabunt

292 1693 645 1748 serenitatem
668 1734 685 1759 ,
725 1708 845 1763 qua:
880 1693 1054 1763 primo
1082 1693 1186 1747 ictu
1212 1691 1403 1746 diluxit
1440 1690 1567 1754 tibi,
1596 1704 1716 1743 cum
1746 1688 1813 1742 di;
1832 1701 1893 1743 e-

295 1801 415 1841 rem
434 1828 450 1851 ,
479 1785 707 1841 Veritas.
736 1786 873 1841 Ecce
899 1785 953 1839 in
982 1785 1097 1855 ipso
1126 1784 1296 1854 primo
1334 1784 1439 1837 ictu
1478 1796 1585 1851 quo
1618 1781 1765 1835 velut
1794 1793 1890 1833 co-

294 1878 607 1933 ruscatione
634 1876 1037 1948 perstringeris,
1066 1890 1188 1930 cum
1215 1874 1432 1941 dicitur,
1460 1873 1667 1928 Veritas
1686 1914 1701 1939 ,
1734 1887 1891 1928 mane

292 1967 351 2024 si
400 1977 554 2037 potes
594 1985 609 2022 :
649 1966 743 2023 sed
792 1984 898 2022 non
954 1976 1139 2037 potes;
1192 1965 1448 2021 relaberis
1492 1964 1544 2019 in
1597 1964 1693 2019 ista
1735 1963 1890 2017 solita

294 2066 465 2128 atque
493 2068 724 2114 terrena.
755 2057 875 2127 Quo
905 2057 1115 2113 tandem
1142 2056 1378 2126 pondere
1398 2096 1412 2120 ,
1444 2069 1627 2124 quzeso
1645 2096 1659 2119 ,
1682 2053 1889 2108 relabe-

294 2153 419 2218 ris,
450 2153 550 2207 nisi
581 2152 820 2207 sordium
859 2160 1252 2206 contractarum
1296 2147 1601 2219 cupiditatis
1648 2147 1792 2203 visco
1837 2155 1894 2202 et

295 2245 752 2315 peregrinationis
775 2244 1091 2299 errOribus?

374 2334 601 2390 CAPUT
628 2334 873 2390 [IL—4.
907 2332 1173 2401 Quomodo
1219 2340 1553 2403 cognoscatur
1597 2329 1754 2385 Deum
1788 2346 1895 2385 esse

291 2443 554 2483 sumntum
582 2427 786 2480 bonum.
817 2426 1031 2479 Animus
1064 2424 1265 2478 nonnisi
1290 2423 1613 2478 conversione
1639 2423 1706 2475 ad
1729 2420 1894 2476 Deum

291 2521 363 2590 ﬁt
388 2521 567 2574 bonus.
593 2518 733 2573 Ecce
763 2521 953 2574 iterum
983 2516 1121 2579 vide,
1157 2518 1200 2571 si
1229 2525 1399 2586 potes.
1435 2515 1549 2570 Non
1577 2530 1724 2568 amas
1749 2523 1896 2569 certe

294 2613 407 2667 nisi
452 2611 654 2667 bonum
676 2653 691 2677 ,
719 2612 843 2681 quia
887 2610 1021 2665 bona
1049 2618 1132 2664 est
1159 2619 1299 2664 terra
1329 2608 1606 2662 altitudine
1636 2607 1894 2661 montium

280 2715 360 2763 ,ct
388 2713 808 2773 temperamento
837 2702 1053 2757 collium
1093 2708 1149 2757 et
1194 2701 1409 2770 planitie
1452 2713 1797 2765 camporum,
1842 2706 1896 2752 et

294 2797 508 2853 bonum
532 2794 794 2866 prteJium
823 2809 1095 2850 ammnum
1122 2808 1186 2848 ac
1213 2792 1392 2848 fertile
1411 2833 1427 2857 ,
1463 2800 1516 2846 et
1542 2792 1677 2846 bona
1706 2790 1896 2844 (lornus

282 2882 525 2959 paribus
551 2886 807 2941 membris
830 2885 1088 2955 disposita
1116 2894 1166 2939 et
1187 2884 1362 2953 ampla
1384 2892 1440 2939 et
1465 2881 1659 2949 lucida,
1683 2891 1738 2936 et
1758 2882 1894 2935 bona

294 2978 559 3033 animalia
597 2977 831 3030 animata
856 2990 1080 3045 corpora
1102 3017 1117 3042 ,
1141 2984 1196 3030 ct
1221 2975 1392 3029 bonus
1415 2988 1511 3027 aer
1540 2972 1813 3027 modestus
1841 2980 1895 3025 et

295 3070 559 3135 salubris,
582 3078 637 3125 et
658 3070 827 3125 bonus
847 3067 998 3125 cibus
1023 3069 1202 3125 suavis
1220 3076 1380 3138 atque
1400 3077 1555 3137 aptus
1582 3065 1892 3132 valetudini,

295 3170 362 3215 et
385 3161 526 3215 bona
550 3158 797 3214 valetudo
813 3159 929 3214 sine
952 3158 1228 3214 doloribus
1242 3166 1295 3213 et
1316 3157 1651 3222 lassitudine,
1681 3165 1737 3211 et
1757 3157 1896 3211 bona

297 3252 473 3310 facies
502 3251 737 3305 hominis
763 3250 1005 3306 dimensa
1034 3249 1272 3320 pariliter
1295 3257 1348 3304 et
1374 3247 1562 3303 all‘eeta
1590 3248 1826 3302 hilariter
1842 3255 1898 3302 et

294 3346 607 3404 luculenter
631 3344 863 3399 colorata
886 3384 901 3409 ,
947 3351 1000 3396 et
1043 3340 1215 3396 bonus
1242 3341 1453 3395 animus
1481 3339 1637 3394 amici
1662 3354 1894 3394 consen—

297 3436 472 3491 sionis
501 3434 783 3490 dulcedine
801 3444 858 3489 et
879 3434 1078 3488 amoris
1102 3432 1227 3499 (ide,
1252 3441 1305 3486 et
1330 3432 1498 3487 bonus
1521 3432 1601 3485 vir
1624 3430 1818 3500 justus,
1840 3440 1898 3486 et

299 3529 459 3584 bona:
489 3528 710 3593 divitias,
737 3528 859 3597 quia
889 3526 1040 3581 facile
1063 3525 1372 3594 expediunt.
1398 3534 1455 3580 et
1479 3524 1675 3579 bonum
1695 3524 1893 3579 etelum

298 3637 425 3676 cum
453 3620 571 3675 sole
598 3628 652 3674 et
680 3619 803 3673 luna
829 3626 885 3673 et
909 3617 1078 3672 stellis
1104 3617 1235 3681 suis,
1265 3624 1317 3671 et
1350 3615 1472 3669 boui
1499 3614 1687 3685 Angeli
1708 3623 1893 3668 sancta

300 3713 644 3781 obedientia,
676 3721 731 3766 et
762 3711 896 3765 bona
939 3710 1136 3764 locutio
1178 3708 1415 3762 suaviter
1442 3707 1641 3761 docens
1669 3713 1726 3761 et
1759 3720 1894 3761 con-

296 3814 559 3875 gruenter
579 3818 804 3860 mouens
823 3804 844 3834 ¹
870 3802 1171 3857 audientem
1194 3842 1210 3861 .
1237 3809 1292 3855 et
1322 3800 1517 3855 bonum
1548 3812 1764 3854 carmen
1796 3813 1891 3855 ca-

300 3912 501 3954 norum
549 3894 784 3949 numeris
825 3902 880 3948 et
925 3892 1203 3948 sententiis
1248 3906 1431 3961 grave.
1460 3888 1597 3957 Quid
1645 3889 1793 3959 plura
1837 3897 1893 3943 et

300 3987 491 4057 plura?
521 3986 724 4040 Bonum
749 3986 849 4039 hoc
878 3995 931 4038 et
957 3985 1152 4039 bonum
1180 3982 1308 4036 illud
1334 3999 1348 4034 :
1382 3982 1506 4037 tolle
1533 3980 1632 4035 hoc
1653 3990 1707 4035 et
1733 3980 1883 4046 illud,

297 4088 355 4133 ct
382 4078 505 4131 vide
526 4080 699 4146 ipsum
724 4078 941 4137 bonum,
967 4076 1010 4128 si
1039 4084 1224 4143 potes;
1256 4074 1324 4127 ita
1352 4073 1515 4126 Deum
1538 4071 1762 4135 videbis.
1787 4086 1894 4126 non

296 4168 409 4222 alio
433 4167 576 4222 bono
604 4167 821 4230 bonum,
846 4166 938 4220 sed
962 4165 1158 4219 bonum
1181 4162 1354 4217 omnis
1379 4161 1524 4217 boni.
1548 4160 1731 4233 Neque
1750 4162 1893 4217 enim

300 4259 355 4313 in
405 4257 492 4314 his
533 4256 782 4313 omnibus
827 4256 1016 4322 bonis,
1048 4255 1131 4309 vel
1170 4270 1290 4324 qua:
1329 4253 1778 4319 commemoravi,
1811 4253 1895 4309 vel

297 4369 425 4424 qua:
456 4352 557 4405 alia
597 4360 887 4405 cernuntur
928 4350 1039 4403 sive
1073 4347 1391 4416 cogitantur,
1423 4345 1725 4400 diceremus
1749 4343 1893 4399 aliud

295 4447 411 4500 alio
441 4444 635 4500 melius
658 4458 783 4498 cum
812 4457 938 4496 vere
958 4440 1283 4511 judicamus.
1314 4439 1417 4492 nisi
1445 4446 1590 4495 esset
1614 4437 1768 4492 nobis
1795 4436 1896 4490 im-

299 4551 492 4607 prcs>a
524 4536 669 4589 notio
697 4534 862 4603 ipsius
892 4533 1038 4596 boni,
1070 4531 1366 4586 secundum
1396 4529 1537 4599 quod
1561 4537 1616 4585 et
1643 4529 1899 4598 probare-

298 4646 428 4683 mus
452 4626 676 4696 aliquid,
699 4635 752 4680 et
772 4624 913 4679 aliud
936 4624 1022 4677 alii
1049 4635 1500 4692 pra-poneremus.
1522 4619 1610 4674 Sic
1635 4618 1895 4675 amandus

293 4733 386 4779 est
416 4723 578 4783 Deus,
608 4735 713 4775 non
740 4720 840 4772 hoc
864 4727 918 4772 et
944 4716 1071 4771 illud
1099 4716 1319 4779 bonum,
1349 4713 1444 4769 sed
1469 4711 1641 4782 ipsum
1668 4711 1891 4766 bonum.

294 4813 665 4885 Quzerendum
697 4813 838 4867 enim
867 4811 1064 4865 bonum
1095 4808 1308 4872 animm,
1346 4822 1451 4860 non
1476 4805 1563 4861 cui
1592 4805 1892 4875 supervolio

296 4919 379 4964 tet
402 4906 716 4977 judicando,
744 4904 837 4960 sed
866 4904 948 4959 cui
981 4902 1182 4957 hmreat
1209 4899 1436 4955 amando
1464 4917 1478 4954 :
1510 4908 1565 4955 et
1593 4898 1720 4970 quid
1752 4897 1855 4953 hoc
1875 4938 1891 4963 ,

294 5000 407 5056 nisi
432 4997 605 5053 Deus?
625 4995 738 5050 Non
769 4994 939 5049 bonus
965 4994 1194 5057 animus,
1217 5000 1309 5045 aut
1334 4992 1503 5045 bonus
1527 4990 1771 5060 angelus,
1799 4998 1893 5045 aut
1933 5051 1941 5063 ι

294 5093 509 5147 bonum
535 5090 761 5150 caelum;
787 5086 880 5141 sed
914 5087 1107 5141 bonum
1135 5085 1351 5139 bonum.
1376 5081 1465 5138 Sic
1486 5083 1627 5137 enim
1652 5082 1790 5137 forte
1815 5081 1894 5136 [ιι-

290 5185 462 5243 cilius
494 5181 793 5236 advertitur
818 5177 943 5249 quid
974 5177 1132 5231 velim
1162 5174 1361 5229 dicere.
1385 5172 1515 5226 Cum
1547 5172 1688 5227 enim
1710 5172 1891 5237 audio,

291 5275 453 5330 verbi
479 5273 651 5343 gratia
677 5313 689 5334 ,
717 5270 856 5340 quod
886 5268 1079 5322 dicitur
1118 5265 1328 5320 animus
1364 5263 1569 5327 bonus,
1606 5261 1745 5316 sicut
1786 5261 1892 5317 duo

288 5367 467 5423 verba
503 5372 628 5419 sunt
648 5405 663 5427 ,
695 5364 765 5417 ita
794 5376 857 5416 ex
890 5360 967 5416 eis
999 5358 1177 5412 verbis
1201 5357 1307 5411 duo
1337 5354 1578 5427 quaedam
1613 5352 1848 5423 intelligo
1875 5372 1887 5408 :

286 5458 446 5517 aliud
474 5470 584 5528 quo
608 5454 821 5509 animus
845 5461 947 5515 est,
976 5448 1117 5503 aliud
1147 5462 1253 5518 quo
1285 5447 1475 5501 bonus.
1504 5444 1571 5498 Et
1599 5442 1812 5514 quidem
1836 5452 1893 5498 ut

287 5550 519 5606 animus
550 5555 727 5613 esset,
762 5560 866 5599 non
895 5544 1001 5614 egit
1043 5543 1154 5612 ipse
1194 5538 1422 5610 aliquid;
1462 5552 1568 5590 non
1602 5535 1743 5590 enim
1779 5538 1891 5605 jam

287 5652 422 5701 crat
437 5639 578 5713 quod
602 5646 784 5710 ageret
810 5644 870 5691 ut
895 5646 1037 5691 esset
1060 5651 1074 5691 :
1101 5642 1157 5688 ut
1178 5640 1353 5687 autem
1375 5620 1443 5685 sit
1468 5628 1640 5685 bonus
1654 5624 1886 5692 animus,

363 5796 385 5827 ί
421 5794 557 5854 aditi,
586 5805 693 5854 cum
718 5790 871 5854 audit.
899 5797 953 5840 Al.
972 5797 1102 5850 Mss,
1130 5800 1238 5840 cum
1260 5784 1417 5837 audis.
1442 5780 1781 5835 Germanensis
1811 5793 1891 5833 co-

283 5859 423 5915 δεῖ,
445 5851 564 5905 cum
586 5853 712 5904 enim
734 5851 891 5911 audis,
918 5859 1011 5907 etc.

361 5922 388 5954 ³
422 5918 588 5968 Plures
610 5923 733 5978 Mss,
758 5927 962 5965 movens.

1642 466 1844 526 LIBER
1881 464 2215 527 OCTAVUS.

3466 481 3572 539 950

1984 584 2140 639 video
2163 584 2424 656 agendum
2451 602 2571 646 esse
2591 588 2898 658 voluntate;
2925 606 3030 647 non
3057 592 3179 662 quia
3202 593 3428 664 idipsum
3448 610 3559 668 quo

1984 678 2193 732 animus
2218 688 2319 741 est.
2353 695 2456 734 non
2486 692 2567 736 est
2596 682 2793 753 aliquid
2824 683 2977 749 boui;
3005 700 3127 740 nam
3157 684 3296 740 unde
3336 685 3440 755 iam
3476 686 3564 743 di-

1986 768 2143 834 citur,
2172 781 2223 823 et
2252 770 2529 825 verissime
2554 771 2749 828 dicitur
2781 789 3006 844 corpore
3045 775 3266 830 melior?
3305 775 3398 833 sed
3420 776 3563 848 ideo,

1988 861 2222 916 nondum
2245 863 2437 917 dicitur
2457 865 2628 919 bonus
2649 866 2877 933 animus,
2900 868 3149 937 quoniam
3172 876 3339 923 restat
3357 869 3405 924 ei
3426 870 3569 926 actio

1988 952 2310 1020 voluntatis,
2353 970 2454 1023 qua
2483 956 2551 1008 sit
2583 958 2947 1026 prmstautior;
2974 973 3130 1029 quam
3159 958 3203 1014 si
3236 958 3568 1030 neglexerit.

1984 1045 2102 1114 jure
2133 1044 2393 1114 culpatur,
2434 1056 2683 1115 recteque
2728 1047 2924 1104 dicitur
2973 1065 3078 1103 non
3124 1049 3296 1105 bonus
3333 1052 3565 1111 animus.

1992 1134 2158 1189 Distat
2186 1136 2325 1189 enim
2348 1134 2497 1191 abeo
2519 1138 2609 1207 qui
2635 1137 2734 1193 hoc
2760 1139 2903 1208 agit:
2928 1147 2982 1193 et
3010 1140 3130 1210 quia
3160 1140 3244 1194 ille
3267 1140 3568 1208 laudabilis,

1993 1225 2229 1297 profecto
2258 1227 2357 1283 iste
2382 1228 2469 1298 qui
2503 1227 2602 1283 hoc
2631 1244 2734 1282 non
2766 1230 2893 1298 agit,
2922 1231 3285 1300 vituperabilis
3306 1239 3407 1287 est.
3432 1230 3567 1289 Cum

1992 1332 2117 1371 vero
2142 1317 2250 1386 agit
2276 1316 2377 1371 hoe
2405 1318 2581 1371 studio
2601 1361 2616 1383 ,
2647 1328 2699 1373 et
2740 1318 2796 1373 ﬁt
2825 1319 2995 1374 bonus
3023 1324 3262 1387 animus,
3295 1323 3395 1377 nisi
3422 1338 3481 1377 se
3504 1322 3573 1377 ad

1991 1408 2190 1479 aliquid
2220 1420 2496 1465 convertat
2522 1409 2663 1480 quod
2704 1412 2817 1481 ipse
2854 1429 2956 1468 non
2984 1422 3102 1481 est,
3135 1430 3240 1469 non
3271 1424 3441 1484 potest
3468 1413 3573 1471 hoc

1992 1503 2223 1571 assequi.
2241 1502 2356 1570 Quo
2378 1519 2434 1557 se
2455 1514 2634 1558 autem
2658 1515 2932 1559 eenvertat
2960 1515 3014 1560 ut
3037 1505 3128 1560 (lat
3151 1506 3320 1560 bonus
3338 1506 3570 1572 animus,

1995 1595 2093 1649 nisi
2120 1596 2185 1649 ad
2212 1596 2441 1663 bonum,
2479 1613 2599 1651 cum
2642 1597 2740 1651 hoc
2767 1607 2907 1651 amat
2936 1610 2988 1653 et
3018 1599 3219 1669 appetit
3247 1607 3300 1653 et
3325 1598 3576 1669 adipisci-

1997 1687 2118 1740 tur?
2148 1686 2299 1742 Unde
2325 1702 2383 1741 se
2410 1688 2452 1742 si
2482 1704 2665 1743 rursus
2695 1698 2942 1755 avertat,
2985 1688 3180 1761 ﬁatque
3226 1707 3330 1746 non
3364 1690 3575 1759 bonus,

1995 1777 2096 1833 hoc
2125 1778 2240 1848 ipso
2267 1795 2372 1850 quo
2395 1795 2453 1834 se
2477 1782 2667 1835 avertit
2691 1798 2718 1834 a
2744 1781 2905 1845 bono,
2932 1782 3031 1837 nisi
3061 1794 3269 1838 maneat
3292 1784 3343 1838 in
3366 1799 3426 1839 se
3446 1784 3575 1840 illud

1996 1874 2194 1928 bonum
2224 1874 2365 1929 unde
2391 1889 2448 1929 se
2474 1876 2682 1940 aVCl'lll,
2720 1892 2824 1930 non
2853 1887 2933 1932 est
2959 1891 3066 1946 quo
3086 1891 3145 1932 se
3174 1878 3389 1943 iterum,
3419 1876 3466 1933 si
3488 1891 3581 1932 vo-

1996 1966 2157 2021 luerit
2181 1965 2487 2034 cmendare,
2520 1975 2814 2021 convertat.

2068 2059 2121 2115 5.
2149 2057 2481 2128 Quapropter
2524 2059 2671 2113 nulla
2720 2069 2901 2115 essent
2945 2059 3219 2115 mutabilia
3262 2059 3432 2126 bona,
3475 2060 3582 2116 nisi

1997 2161 2142 2206 esset
2159 2150 2590 2206 incommutabile
2612 2150 2830 2205 bonum.
2852 2151 2984 2205 Cum
3016 2151 3191 2222 itaque
3207 2151 3358 2206 audis
3378 2150 3578 2207 bonum

2000 2246 2102 2299 hoc
2130 2253 2184 2298 ct
2211 2243 2407 2299 bonum
2439 2244 2592 2311 illud,
2615 2260 2734 2315 qua:
2758 2254 2981 2314 possunt
3005 2246 3137 2300 alias
3160 2245 3262 2301 dici
3288 2245 3448 2302 etiam
3471 2262 3580 2302 non

1999 2334 2171 2404 bona,
2204 2336 2247 2390 si
2280 2337 2515 2406 potueris
2544 2338 2660 2392 sine
2690 2336 2796 2392 illis
2839 2353 2959 2408 qua:
3006 2336 3410 2408 participatione
3449 2337 3584 2396 boni

2000 2427 2137 2483 bona
2166 2438 2289 2482 sunt
2308 2469 2323 2494 ,
2357 2430 2657 2500 perspicere
2684 2430 2855 2501 ipsum
2878 2431 3076 2486 bonum
3103 2432 3255 2502 cujus
3293 2431 3580 2504 participa-

2002 2523 2145 2576 tione
2175 2521 2311 2578 bona
2337 2530 2495 2588 sunt;
2524 2522 2678 2577 simul
2701 2524 2845 2577 enim
2876 2532 2929 2579 et
2959 2524 3129 2594 ipsum
3155 2524 3432 2596 intelligis,
3454 2540 3582 2583 cum

1999 2614 2149 2669 audis
2181 2614 2281 2669 hoc
2304 2624 2395 2669 aut
2425 2614 2553 2670 illud
2580 2616 2776 2671 bonum
2804 2634 2817 2670 :
2843 2618 2887 2671 si
2922 2630 3050 2687 ergo
3075 2616 3312 2685 potueris
3347 2616 3452 2672 illis
3480 2616 3581 2674 de-

2001 2705 2184 2760 tractis
2231 2720 2432 2776 per.se
2478 2705 2647 2777 ipsum
2689 2706 2991 2776 perSpieere
3028 2706 3244 2774 bonum,
3292 2722 3584 2779 perspexe-

2002 2796 2074 2850 ris
2117 2797 2299 2850 Deuui.
2342 2797 2410 2851 Et
2445 2798 2490 2852 si
2537 2812 2721 2853 amore
2764 2795 3071 2864 inhzeseris,
3120 2799 3372 2852 c0ntinuo
3416 2797 3584 2854 beati-

2003 2887 2260 2942 ticabcris.
2291 2888 2491 2943 Pudeat
2520 2897 2695 2945 autem
2718 2931 2732 2956 ,
2760 2904 2884 2944 cum
2920 2890 3020 2944 alia
3047 2904 3152 2944 non
3195 2899 3441 2945 amentur
3479 2890 3585 2952 nisi

2001 2978 2123 3046 quia
2173 2977 2309 3032 bona
2349 2989 2493 3046 sunt,
2534 2981 2611 3034 eis
2653 2979 2963 3035 iuhmrendo
3013 2995 3116 3035 non
3165 2995 3347 3037 amare
3384 2981 3584 3037 bonum

2003 3066 2173 3137 ipsum
2222 3067 2361 3123 unde
2402 3068 2540 3123 bona
2580 3079 2724 3124 sunt.
2753 3067 2885 3124 Illud
2925 3070 3109 3137 etiam,
3156 3070 3297 3141 quod
3336 3070 3584 3137 animus,

2004 3164 2203 3210 tantum
2235 3158 2356 3228 quia
2388 3168 2468 3214 cst
2492 3160 2720 3225 animus,
2750 3160 2912 3217 etiam
2946 3160 3178 3215 nondum
3210 3176 3275 3216 eo
3303 3161 3463 3217 modo
3488 3161 3585 3218 bo-

2003 3264 2103 3304 nus
2133 3266 2235 3319 quo
2263 3265 2320 3304 se
2346 3252 2607 3306 convertit
2631 3251 2697 3305 ad
2726 3251 3156 3307 incommutabile
3192 3252 3423 3320 bonum;
3450 3253 3544 3308 sed
3564 3294 3583 3320 ,

2001 3350 2055 3395 ut
2083 3341 2212 3404 dixi,
2247 3350 2446 3397 tantum
2474 3343 2703 3412 animus,
2733 3360 2854 3399 cum
2882 3345 2950 3416 ita
2975 3345 3129 3399 nobis
3156 3346 3333 3415 placet
3372 3356 3428 3401 ut
3456 3361 3587 3419 cum

2001 3435 2143 3488 omni
2188 3434 2347 3489 etiam
2396 3435 2498 3489 luci
2545 3450 2817 3507 corporere
2861 3451 2981 3491 cum
3028 3437 3162 3491 bene
3203 3437 3582 3508 intelligimus,

2003 3524 2348 3594 przel'eramus
2369 3566 2383 3592 ,
2414 3542 2519 3581 non
2549 3527 2599 3580 in
2629 3544 2686 3580 se
2728 3527 2842 3597 ipso
2872 3527 3025 3582 nobis
3052 3527 3257 3597 placet,
3284 3528 3377 3584 sed
3406 3528 3460 3583 in
3494 3529 3587 3587 illa

2001 3624 2116 3669 arte
2142 3631 2241 3685 qua
2274 3616 2441 3669 factus
2470 3624 2569 3671 est.
2598 3616 2724 3672 lude
2753 3619 2894 3671 enim
2918 3619 3243 3688 approbatur
3275 3618 3465 3686 factus,
3493 3620 3583 3677 ubi

2000 3707 2208 3760 videtur
2235 3706 2396 3761 fuisse
2422 3706 2713 3762 faciendus.
2742 3707 2866 3762 [hoc
2892 3717 2975 3762 est
3008 3708 3206 3762 veritas
3226 3749 3241 3773 ,
3270 3718 3324 3763 ct
3351 3708 3582 3778 simplex

2001 3798 2197 3852 bonum
2225 3814 2237 3850 :
2270 3813 2374 3853 non
2401 3798 2539 3852 enim
2565 3808 2645 3852 est
2681 3798 2821 3851 aliud
2849 3797 3048 3868 aliquid
3090 3814 3248 3868 quam
3287 3798 3458 3869 ipsum
3487 3800 3586 3855 bo-

2001 3904 2146 3953 num,
2174 3903 2235 3943 ac
2267 3903 2360 3957 per
2397 3888 2499 3942 hoc
2539 3889 2700 3942 etiam
2742 3903 3009 3947 summum
3050 3888 3269 3942 bonum.
3297 3888 3411 3945 Non
3438 3891 3583 3947 enim

2000 3981 2164 4036 minui
2196 3980 2281 4037 vel
2311 3980 2491 4052 augeri
2531 3980 2727 4036 bonum
2768 3988 2985 4051 potest,
3033 3981 3133 4036 nisi
3178 3981 3322 4052 quod
3364 3999 3428 4038 ex
3476 3985 3584 4041 alio

1999 4072 2141 4128 bono
2169 4074 2367 4128 bonum
2399 4082 2501 4129 est.
2525 4074 2608 4128 Ad
2647 4074 2748 4129 hoc
2783 4089 2845 4130 se
2888 4075 3045 4146 igitur
3081 4075 3291 4131 animus
3318 4079 3589 4136 convertit

2001 4175 2058 4220 ut
2086 4166 2255 4221 bonus
2284 4167 2391 4233 sit,
2434 4181 2463 4220 a
2494 4182 2600 4237 quo
2628 4165 2787 4223 habet
2832 4178 2886 4221 ut
2915 4167 3124 4222 animus
3151 4169 3240 4223 sit.
3266 4169 3416 4225 'l‘unc
3454 4185 3585 4241 ergo

2000 4257 2243 4312 voluntas
2283 4266 2485 4312 natura:
2515 4258 2760 4329 congruit
2788 4268 2847 4311 ut
2875 4259 3179 4328 perﬁciatur
3206 4260 3258 4315 in
3286 4261 3427 4317 bono
3463 4262 3584 4317 auiv

2000 4364 2141 4415 mus,
2173 4365 2293 4405 cum
2327 4350 2455 4409 illud
2487 4350 2684 4407 bonum
2715 4350 2951 4422 diligitur
2974 4352 2991 4384 ⁸
3018 4353 3371 4409 conversione
3391 4354 3584 4410 volun-

2000 4442 2123 4497 tatis
2146 4484 2161 4508 ,
2194 4442 2332 4496 unde
2362 4451 2442 4497 est
2467 4451 2521 4497 et
2546 4442 2676 4497 illud
2715 4444 2855 4513 quod
2889 4460 2990 4497 non
3018 4444 3282 4500 amittitur
3308 4460 3407 4500 nec
3432 4459 3587 4501 aver—

2000 4536 2150 4588 sione
2181 4533 2488 4588 voluntatis.
2517 4531 2820 4588 Averlcndo
2846 4535 2989 4589 enim
3017 4550 3075 4589 se
3103 4550 3134 4590 a
3160 4550 3371 4589 summo
3408 4534 3582 4603 bono,

1997 4625 2191 4679 amittit
2219 4625 2427 4679 animus
2455 4636 2510 4681 ut
2534 4627 2603 4681 sit
2629 4625 2800 4681 bonus
2830 4628 3075 4693 animus;
3104 4642 3209 4683 non
3231 4638 3406 4683 autem
3427 4629 3586 4684 amit-

2001 4719 2059 4771 tit
2087 4727 2142 4773 ut
2167 4720 2235 4773 sit
2261 4720 2469 4774 animus
2490 4762 2504 4785 ,
2538 4735 2657 4775 cum
2689 4727 2743 4774 et
2772 4719 2875 4775 hoc
2899 4720 3007 4791 jam
3042 4720 3236 4776 bonum
3261 4723 3329 4776 sit
3358 4736 3584 4791 corpore

2000 4810 2229 4865 melius:
2261 4809 2363 4865 hoc
2404 4825 2531 4880 ergo
2577 4811 2772 4866 amittit
2813 4812 3093 4876 voluntas,
3143 4811 3283 4882 quod
3335 4810 3584 4867 voluntas

1999 4903 2325 4972 adipiscitur.
2354 4902 2632 4958 .lam‘cnim
2660 4915 2773 4958 erat
2800 4906 3030 4970 animus,
3061 4903 3149 4972 qui
3177 4902 3413 4959 converti
3433 4902 3499 4957 ad
3526 4903 3582 4959 id

2002 4995 2159 5050 vellet
2187 5010 2216 5049 a
2258 5009 2363 5065 quo
2404 5003 2519 5049 erat
2552 5013 2564 5048 :
2595 4996 2681 5064 qui
2730 5006 2907 5050 autem
2938 4995 3098 5049 vellet
3142 5009 3262 5049 esse
3295 5002 3580 5065 antequam

1999 5095 2141 5142 esset
2172 5085 2404 5142 nondum
2437 5095 2571 5142 erat.
2600 5086 2665 5140 Et
2695 5086 2796 5140 hoc
2825 5096 2906 5140 est
2947 5085 3141 5139 bonum
3184 5093 3422 5139 nostrum
3445 5127 3462 5153 ,
3491 5086 3584 5141 ubi

1998 5179 2238 5232 videmus
2276 5190 2451 5232 utrum
2498 5192 2618 5232 esse
2656 5176 2903 5230 debuerit
2942 5184 3031 5229 aut
3071 5174 3291 5239 debeat,
3323 5174 3580 5246 quidquid

1998 5284 2115 5324 esse
2158 5269 2407 5324 debuisse
2452 5277 2542 5322 aut
2584 5266 2781 5321 debere
2820 5264 3354 5335 comprehendimus;
3396 5274 3452 5321 et
3491 5266 3583 5322 ubi

1999 5362 2239 5418 videmus
2268 5377 2384 5417 esse
2411 5377 2514 5415 non
2544 5357 2779 5429 potuisse
2801 5357 2897 5412 nisi
2929 5372 3050 5414 esse
3078 5357 3390 5424 debuisset,
3421 5358 3581 5429 quid-

1996 5455 2121 5527 quid
2147 5454 2304 5509 etiam
2331 5450 2598 5524 quomodo
2624 5466 2746 5508 esse
2768 5449 3012 5505 debuerit
3037 5464 3145 5503 non
3168 5448 3583 5519 comprehendi-

1997 5548 2170 5601 mus'.
2207 5546 2320 5601 lloc
2360 5560 2485 5616 ergo
2528 5544 2726 5597 bonum
2767 5557 2871 5597 non
2916 5541 3073 5612 longe
3118 5540 3349 5611 positum
3387 5551 3468 5598 εει
3511 5540 3582 5599 ab

1996 5651 2312 5711 unoquoque
2337 5644 2575 5691 nostrum
2607 5651 2619 5687 :
2650 5634 2702 5689 in
2729 5633 2820 5689 illo
2845 5632 2988 5689 enim
3014 5631 3243 5689 vivimus
3264 5672 3281 5700 ,
3303 5640 3360 5688 et
3384 5645 3575 5687 move-

2060 5779 2077 5844 ξ
2116 5775 2304 5844 aliquot
2321 5779 2450 5832 Mss,
2470 5771 2672 5844 puniat!
2689 5769 2812 5823 illud

2058 5842 2078 5872 t
2112 5829 2245 5909 Etlit'i,
2265 5829 2745 5908 comprehendimus;
2767 5833 2943 5885 omissa
2965 5829 3195 5897 particula
3217 5833 3449 5893 negante,
3467 5837 3578 5895 qua

1999 5906 2243 5965 reperitur
2263 5909 2315 5948 tn
2337 5904 2442 5949 Mss.

3592 5986 3608 6011 θ
