4076 6450
469 392 567 449 951

466 518 603 570 mur,
629 516 685 563 et
710 520 896 563 sumus
925 505 1060 581 (Act.
1093 522 1222 572 xvu,
1252 506 1344 572 27,
1366 504 1483 577 28).

533 592 762 655 CAPUT
790 592 875 656 IV.
907 631 975 640 ——
1005 592 1057 654 6.
1093 588 1227 653 Deus
1250 599 1389 669 prius
1408 596 1511 667 fide
1534 616 1632 653 non
1651 605 1849 653 errante
1868 613 2058 669 cogno-

462 691 676 746 scendus
699 733 713 755 ,
752 699 809 744 ut
854 691 1015 743 amari
1041 688 1217 759 possit.
1251 690 1353 744 Sed
1385 685 1670 743 dilectione
1697 687 1945 742 standum
1976 692 2058 743 est.

461 782 528 835 ad
565 781 691 836 illud
725 786 779 836 et
817 780 1179 835 inluereudum
1211 779 1283 834 illi
1305 822 1319 843 ,
1352 789 1409 834 ut
1437 791 1698 850 praesente
1726 778 2060 849 perfruamur

384 886 391 891 '
460 887 490 929 a
530 889 635 946 quo
672 882 888 941 sttmus,
928 889 1033 944 quo
1071 874 1291 929 absente
1324 884 1423 929 nec
1450 889 1568 930 esse
1593 888 1891 945 possemus.
1925 873 2055 928 Cum

457 967 601 1019 cttitn
647 980 737 1034 per
781 965 933 1033 ﬁdem
973 965 1139 1019 adhuc
1181 964 1532 1030 antbalamus,
1578 982 1680 1018 non
1719 981 1808 1035 per
1845 963 2057 1037 speciem

458 1055 524 1124 (ll
565 1055 681 1112 Car.
715 1072 746 1109 v
773 1099 786 1121 ,
817 1052 870 1127 7)
898 1100 911 1123 ,
943 1058 1177 1113 nondum
1207 1059 1387 1130 utique
1414 1055 1655 1114 videmus
1685 1058 1849 1113 Deum
1874 1100 1890 1125 ,
1922 1058 2059 1113 sicut

456 1149 599 1202 idem
639 1149 743 1212 ait,
775 1149 905 1218 {acie
930 1150 997 1203 ad
1023 1150 1203 1221 facient
1233 1151 1276 1222 (Ι
1307 1149 1424 1205 Cor.
1458 1165 1584 1214 xm,
1617 1144 1707 1221 12)
1744 1167 1757 1204 :
1787 1163 1945 1219 quem
1977 1158 2055 1201 ta-

458 1248 579 1295 men
625 1234 725 1296 nisi
769 1254 909 1295 nunc
942 1242 1051 1311 jam
1091 1241 1405 1313 diligamus,
1441 1254 1705 1311 nunquam
1736 1234 2051 1295 videbimus.

456 1330 563 1386 Sed
609 1333 727 1403 quis
773 1329 942 1403 diligit
980 1332 1121 1402 quod
1164 1334 1414 1405 ignorat?
1450 1332 1584 1389 Sciri
1611 1332 1750 1387 enim
1780 1331 1975 1403 aliquid
2005 1340 2058 1386 ct

458 1430 563 1476 tton
588 1422 732 1494 diligi
767 1431 939 1493 potest
971 1441 983 1477 :
1016 1423 1159 1494 diligi
1209 1429 1385 1479 autem
1415 1422 1555 1494 qdod
1585 1421 1845 1487 nescitur,
1874 1437 2056 1492 qumro

455 1528 633 1571 utrum
674 1517 840 1587 possit
864 1532 877 1583 ;
913 1516 1032 1587 quia
1057 1517 1102 1571 si
1130 1528 1233 1571 tton
1264 1526 1477 1587 potest,
1504 1532 1663 1571 nemo
1691 1514 1861 1586 diligit
1890 1515 2054 1569 Deum

456 1617 739 1679 antequam
784 1605 937 1665 sciat.
984 1610 1051 1664 Et
1088 1608 1211 1681 quid
1256 1619 1339 1664 est
1380 1609 1547 1664 Deum
1587 1608 1765 1675 scire,
1806 1607 1904 1661 nisi
1933 1622 2053 1662 eum

455 1704 637 1755 nti-nte
660 1701 972 1771 conspicere
988 1742 1001 1765 ,
1027 1701 1283 1772 firmeque
1306 1700 1615 1772 percipere?
1636 1698 1750 1753 Non
1771 1698 1912 1753 enim
1935 1712 2055 1753 cor-

456 1799 556 1860 pus
594 1802 709 1857 est,
752 1801 807 1847 ut
851 1792 1059 1847 carneis
1104 1793 1271 1847 oculis
1314 1792 1628 1863 inquiratur.
1662 1790 1765 1847 Sed
1796 1799 1850 1846 ct
1876 1791 2053 1861 prius-

456 1890 615 1952 quam
658 1883 926 1938 valeamus
972 1884 1282 1954 conspicere
1320 1892 1478 1954 atque
1523 1881 1794 1953 percipere
1843 1883 2048 1951 Deum,

456 1976 596 2027 sicut
621 1975 852 2046 conspici
876 1985 928 2029 et
967 1976 1163 2045 percipi
1208 1983 1382 2045 potest
1403 2017 1417 2038 ,
1448 1974 1589 2045 quod
1619 1974 2053 2031 nmndicordibus

454 2060 617 2128 licet;
651 2063 794 2119 Beati
819 2066 958 2120 enim
988 2067 1359 2133 mundicordes,
1382 2068 1499 2137 quia
1520 2064 1619 2134 ipsi
1638 2065 1799 2120 Deum
1820 2067 2052 2121 videbant

454 2157 667 2225 (Matth.
715 2176 748 2213 v
772 2202 786 2222 ,
830 2160 887 2231 8)
920 2180 933 2214 ;
968 2161 1067 2215 nisi
1101 2176 1194 2228 per
1222 2160 1377 2215 fidem
1408 2160 1688 2230 diligatur,
1724 2176 1826 2215 non
1858 2158 2052 2231 poterit

453 2257 548 2301 eor
594 2248 838 2304 nzuntlari
863 2293 877 2318 ,
918 2266 1022 2321 qtto
1064 2251 1131 2305 ad
1171 2267 1292 2307 eum
1332 2251 1616 2307 videndum
1669 2252 1738 2307 sit
1788 2259 1968 2321 aptum
1998 2262 2051 2308 et

452 2339 723 2397 idoneum.
748 2344 849 2401 Ubi
874 2355 995 2401 sunt
1014 2347 1154 2402 enim
1178 2348 1264 2402 illa
1290 2349 1408 2413 tria,
1430 2357 1647 2418 propter
1663 2363 1781 2417 qua:
1798 2346 1850 2402 itt
1872 2341 2050 2400 animo

446 2435 761 2489 mdificauda
814 2439 1049 2493 omnium
1100 2437 1400 2495 divinorum
1452 2440 1731 2495 Librorum
1778 2440 2049 2495 machina-

448 2534 627 2578 menta
666 2537 993 2599 consurgunt
1012 2571 1027 2596 ,
1068 2529 1199 2585 fides
1218 2572 1233 2597 ,
1262 2544 1385 2601 spes
1408 2572 1422 2595 ,
1454 2530 1681 2585 charitas
1706 2530 1747 2601 (l
1776 2529 1894 2586 Cor.
1918 2546 2009 2585 xm
2028 2572 2042 2596 ,

453 2614 541 2685 t3)
567 2633 580 2680 ;
629 2617 730 2672 nisi
775 2619 827 2673 in
870 2620 1049 2675 animo
1076 2621 1327 2677 credente
1356 2622 1495 2692 quod
1528 2622 1760 2676 nondum
1786 2622 1930 2678 videt
1950 2664 1963 2684 ,
1994 2632 2047 2677 et

448 2717 697 2778 sperante
732 2721 891 2782 atque
928 2723 1141 2769 amante
1179 2714 1321 2785 quod
1350 2714 1559 2771 credit?
1590 2717 1811 2770 Amatur
1838 2730 1965 2786 ergo
1994 2724 2047 2771 et

447 2803 538 2869 Qui
582 2801 597 2832 ¹
630 2802 934 2872 ignoratur;
964 2803 1061 2859 sed
1087 2813 1261 2860 tamen
1291 2805 1545 2861 creditur.
1575 2803 1835 2861 Nimirum
1864 2816 2044 2861 autem

447 2890 743 2949 cavendum
766 2905 846 2950 est
870 2938 885 2962 ,
916 2912 981 2951 ne
1006 2897 1229 2952 credens
1250 2898 1459 2953 animus
1488 2899 1538 2953 id
1565 2898 1704 2969 quod
1735 2914 1838 2952 non
1865 2896 2040 2961 videt,

448 2982 614 3055 fingat
651 2987 749 3042 sibi
794 2987 990 3058 aliquid
1020 2988 1161 3059 quod
1193 3005 1295 3044 non
1325 3000 1405 3044 est
1426 3031 1440 3056 ,
1474 3000 1527 3045 et
1552 3001 1730 3061 Speret
1759 2990 2044 3060 diligatspte

446 3077 587 3146 quod
638 3073 827 3131 falsum
873 3087 972 3132 est.
1016 3078 1167 3147 Quod
1216 3080 1260 3134 si
1302 3080 1393 3145 fit,
1435 3095 1538 3135 non
1586 3082 1690 3135 crit
1723 3081 1953 3135 cbaritas
1979 3081 2043 3137 de

446 3169 607 3224 Corde
640 3184 774 3238 puro
802 3178 855 3224 et
883 3171 1206 3226 conscientia
1232 3172 1367 3227 bona
1394 3182 1445 3227 et
1478 3173 1578 3227 fide
1608 3190 1709 3227 non
1741 3173 1856 3227 ficta
1881 3216 1895 3239 ,
1925 3191 2043 3244 qua:

448 3261 568 3314 finis
611 3264 860 3334 prmccpti
902 3272 1013 3332 est,
1042 3264 1179 3320 sicut
1215 3265 1353 3321 idem
1380 3266 1650 3336 apostolus
1676 3264 1803 3321 dicit
1832 3267 1873 3338 (Ι
1906 3266 2040 3322 Tim.

445 3351 607 3421 1,5).

516 3444 569 3498 7.
614 3443 847 3502 Necesse
880 3455 961 3502 est
988 3455 1163 3505 autem
1184 3493 1198 3517 ,
1229 3465 1348 3505 cum
1376 3448 1547 3521 aliqua
1580 3449 1871 3521 corporalia
1904 3453 2039 3509 lecta

444 3533 530 3590 vel
574 3537 750 3591 audita
794 3554 914 3609 qua:
954 3556 1058 3594 non
1099 3542 1357 3607 vidimus,
1401 3542 1693 3608 credimus,
1739 3543 1902 3615 fingat
1939 3546 2037 3601 sibi

444 3629 641 3698 aliquid
682 3629 891 3687 animus
935 3632 986 3686 in
1034 3634 1367 3690 lineamentis
1393 3635 1678 3707 formisque
1716 3653 1995 3709 corporum
2022 3682 2038 3707 ,

444 3721 583 3776 sicut
620 3725 912 3778 occurrerit
947 3726 1238 3796 cogitanti,
1281 3728 1421 3798 quod
1461 3739 1551 3783 aut
1585 3746 1766 3784 verum
1796 3749 1901 3786 non
1929 3734 1996 3787 sit
2021 3776 2037 3801 ,

442 3822 532 3867 aut
570 3814 728 3869 etiam
769 3815 818 3869 si
857 3832 1039 3871 verum
1080 3826 1198 3885 est,
1229 3821 1368 3889 quod
1400 3821 1670 3875 rarissime
1702 3831 1871 3892 potest
1896 3826 2030 3879 acci«

442 3902 596 3960 dere:
616 3922 719 3960 non
746 3905 845 3961 hoc
868 3913 1041 3963 tamen
1067 3910 1167 3964 fide
1195 3915 1251 3964 ut
1274 3922 1545 3965 teneamus
1566 3913 1850 3983 quidquam
1878 3913 2038 3983 prod-

441 4006 558 4060 est,
605 3997 699 4052 sed
745 3998 813 4051 ad
858 3998 1001 4054 aliud
1038 3999 1233 4072 aliquid
1291 4001 1453 4069 utile,
1493 4001 1632 4074 quod
1664 4020 1754 4073 per
1781 4001 1881 4060 hoc
1908 4006 2039 4059 insi.

440 4100 655 4142 tutatur.
682 4090 811 4158 Quis
836 4094 976 4147 enim
1004 4093 1287 4163 legentium
1314 4096 1391 4151 vel
1416 4097 1737 4151 audientium
1762 4114 1881 4169 quzc
1903 4099 2037 4154 seri-

440 4180 548 4248 psit
586 4182 860 4248 apostolus
898 4183 1095 4239 Paulus
1118 4226 1133 4251 ,
1174 4186 1254 4239 vel
1296 4203 1415 4256 qua:
1450 4180 1515 4242 de
1544 4184 1630 4241 illo
1661 4190 1853 4258 scripta
1880 4200 2036 4258 sunt,

438 4280 546 4325 non
578 4271 737 4342 fingat
762 4274 940 4327 animo
967 4285 1019 4329 et
1042 4275 1208 4346 ipsius
1232 4278 1466 4347 Apostoli
1491 4278 1711 4347 faciem,
1730 4291 1782 4335 ct
1801 4283 2035 4337 omnium

439 4380 668 4432 quorum
700 4364 769 4419 ibi
798 4366 1009 4420 nomina
1033 4369 1555 4424 commemorantur?
1583 4371 1786 4425 Etcum
1817 4367 1867 4426 in
1894 4383 2038 4428 tanta

440 4453 715 4509 hominum
752 4454 1088 4514 multitudine
1110 4457 1303 4528 quibus
1332 4460 1431 4514 ill-.c
1459 4459 1675 4515 Litterae
1707 4467 1844 4515 notre
1873 4472 1997 4517 sunt
2017 4506 2032 4528 ,

365 4566 381 4580 ~
439 4546 577 4599 alius
618 4547 771 4602 aliter
807 4548 1120 4605 lineamenta
1154 4550 1480 4623 figuramque
1511 4553 1719 4608 illorum
1751 4564 2034 4625 corporum

438 4640 674 4709 cogitet,
719 4640 840 4713 quis
884 4644 1228 4718 propinquius
1259 4652 1312 4701 et
1343 4644 1567 4701 similius
1597 4644 1829 4718 cogitet,
1857 4651 2036 4720 utique

438 4734 700 4787 incertum
742 4741 842 4788 est.
891 4732 1071 4804 Neque
1113 4736 1181 4791 ibi
1212 4750 1499 4809 occupatur
1529 4737 1657 4793 ﬁdes
1688 4750 1900 4808 nostra,
1933 4758 2033 4811 qua

437 4824 574 4881 facie
616 4826 855 4897 corporis
896 4825 1090 4880 fuerint
1134 4827 1208 4882 illi
1252 4830 1528 4897 homines;
1560 4823 1653 4885 sed
1686 4839 1887 4885 tantum
1912 4834 2033 4902 quia

437 4930 534 4983 per
574 4915 664 4970 Dei
704 4918 923 4987 gratiam
967 4919 1036 4971 ita
1076 4920 1349 4983 vixerunt,
1397 4924 1451 4975 et
1491 4936 1553 4975 ea
1594 4931 1875 4991 gesserunt
1917 4940 2034 4993 quae

437 5005 710 5075 Scriptura
761 5006 847 5062 illa
890 5015 1113 5063 testatur
1146 5026 1159 5062 :
1206 5009 1306 5063 hoc
1348 5019 1399 5064 et
1437 5011 1566 5065 utile
1591 5021 1672 5065 est
1699 5012 1946 5079 credere,
1980 5023 2033 5068 ct

439 5110 544 5149 non
589 5096 979 5165 desperandum
1010 5141 1024 5164 ,
1070 5108 1125 5155 et
1165 5101 1539 5171 appetendum.
1590 5103 1717 5158 Nam
1767 5116 1820 5159 et
1869 5105 2033 5175 ipsius

438 5187 729 5243 Βοιιιίιιίιιίιὶ
753 5188 915 5245 facies
939 5193 1134 5257 carnis,
1167 5188 1627 5249 innumerabilium
1652 5198 2029 5266 cogitationum

438 5279 749 5336 diversitate
779 5283 1008 5337 Variatur
1036 5294 1088 5337 et
1118 5284 1331 5352 fingitur
1355 5328 1369 5352 ,
1398 5302 1517 5355 quae
1548 5298 1720 5353 tamen
1753 5306 1850 5343 una
1881 5302 1989 5344 erat
2013 5331 2029 5357 ,

437 5386 784 5443 qutccumquc
823 5384 955 5429 erat.
997 5373 1177 5447 Neque
1220 5378 1268 5432 in
1313 5377 1412 5433 fide
1441 5388 1615 5433 nostra
1645 5397 1800 5450 quam
1830 5377 1894 5437 de
1923 5378 2029 5437 Do-

438 5465 584 5516 tniuo
625 5463 747 5517 Jesu
791 5458 1001 5521 Christo
1043 5466 1335 5536 habemus,
1384 5468 1508 5525 illud
1548 5473 1757 5528 salubre
1784 5484 1863 5529 cst
1891 5477 2031 5546 quad

438 5550 536 5607 sibi
577 5553 786 5610 animus
828 5557 1007 5628 fingit,
1049 5557 1205 5630 longe
1237 5560 1459 5619 fortasse
1489 5564 1643 5620 aliter
1673 5583 1829 5637 quam
1862 5585 1947 5623 res
1972 5585 2031 5625 se

438 5634 632 5711 habet,
678 5644 771 5700 sed
811 5642 939 5702 illud
967 5649 1107 5718 quod
1138 5652 1429 5708 secundum
1461 5634 1786 5725 speciem—de
1818 5657 2031 5715 homine

504 5814 517 5848 ³
558 5825 629 5870 Br.
655 5822 798 5886 Lugd.
829 5832 945 5876 ven.
972 5832 1101 5891 t.ov.,
1127 5835 1169 5877 et
1191 5828 1336 5891 quod.
1403 5838 1456 5882 at.

1601 389 1688 446 DE
1716 384 2104 453 TRINITATE,
2148 384 2205 442 S.
2250 392 2618 456 AUGUSTINI

3658 407 3769 465 952

2164 513 2457 595 cogitamus
2501 535 2515 572 :
2560 518 2816 576 habemus
2856 520 2998 577 enim
3025 521 3174 593 quasi
3202 523 3516 595 regulariter
3540 526 3765 582 infixam

2163 594 2407 661 luuuana:
2448 618 2652 666 natura:
2687 612 2926 667 notitiam
2952 652 2970 680 ,
3000 594 3291 669 secundum
3320 633 3477 687 quam
3502 618 3765 690 quidquid

2165 698 2266 751 tale
2295 694 2579 770 aspicimus
2602 745 2616 769 ,
2641 707 2815 760 statim
2846 707 3116 764 hominem
3137 724 3256 764 esse
3280 713 3657 781 cognoscimus
3676 716 3763 771 vel

2138 782 2392 867 ’bominis
2408 788 2653 851 formam.

2231 906 2315 960 CA
2327 906 2457 964 PUT
2487 910 2550 965 γ.
2576 939 2649 951 --
2672 912 2936 980 Quomodo
2961 913 3191 971 Trinitas
3213 917 3458 990 diligatur
3475 921 3758 992 iatrognita.

2162 996 2463 1055 Secundum
2496 1001 2633 1059 banc
2654 1007 2895 1060 notitiam
2922 1010 3173 1078 cogitatio
3198 1022 3376 1068 nostra
3402 1013 3759 1083 informatur,

2160 1106 2280 1146 cum
2320 1094 2586 1149 credimus
2621 1112 2716 1165 pro
2745 1098 2903 1153 nobis
2926 1100 3095 1155 Deum
3126 1103 3391 1158 hominem
3423 1104 3618 1161 factum
3642 1150 3657 1173 ,
3686 1108 3757 1163 ad

2162 1180 2470 1239 humilitatis
2517 1187 2817 1257 exemplum
2845 1230 2859 1253 ,
2904 1199 2961 1245 et
3004 1190 3071 1245 ad
3115 1192 3578 1250 demonstrandam
3628 1210 3759 1269 erga

2161 1289 2261 1328 nos
2285 1275 2620 1332 dilectionem
2645 1279 2757 1334 Dei.
2785 1280 2898 1335 Hoc
2920 1283 3061 1337 enim
3088 1284 3240 1339 nobis
3264 1285 3483 1355 prodest
3505 1288 3756 1359 credere,
3810 1357 3815 1361 _

2160 1377 2209 1420 ct
2250 1370 2458 1441 firmum
2496 1380 2655 1442 atque
2687 1374 3057 1430 inconcussum
3084 1377 3247 1433 corde
3276 1381 3506 1437 retinere
3527 1423 3541 1445 ,
3571 1381 3758 1439 humi-

2161 1459 2362 1515 li:atem
2390 1479 2491 1531 qua
2520 1474 2674 1520 natus
2702 1476 2785 1522 est
2812 1467 2952 1522 Deus
2978 1485 3041 1523 ex
3074 1469 3268 1525 femina
3296 1481 3351 1528 et
3378 1489 3418 1528 a
3436 1477 3757 1532 mortalibus

2162 1567 2257 1620 per
2289 1562 2459 1609 tantas
2497 1559 2848 1614 contumelias
2880 1560 3166 1630 perductus
3203 1564 3268 1618 ad
3300 1575 3526 1622 mortem
3552 1605 3568 1633 ,
3598 1585 3756 1625 sum-

2160 1657 2304 1697 mum
2334 1659 2453 1699 esse
2481 1646 2921 1704 medicamentum
2952 1667 3058 1721 quo
3085 1654 3348 1723 superbiae
3370 1665 3565 1713 nostrte
3590 1674 3757 1715 sana-

2160 1744 2308 1788 retur
2335 1746 2510 1793 tumor
2532 1779 2545 1803 ,
2578 1749 2633 1794 et
2659 1743 2821 1796 altum
2848 1756 3238 1801 sacramentum
3267 1764 3371 1817 quo
3401 1753 3601 1819 peccati
3629 1754 3757 1808 vin-

2158 1828 2333 1883 culum
2360 1830 2673 1887 solveretur.
2703 1833 2792 1890 Sic
2820 1844 2873 1891 et
2901 1836 3148 1892 virtutem
3177 1840 3552 1897 miraculorum
3580 1844 3755 1914 ipsius

2158 1929 2213 1974 et
2234 1926 2637 1980 resurrectionis
2663 1926 2785 1995 ejus
2802 1970 2817 1994 ,
2845 1930 3095 1999 quoniam
3122 1933 3365 1987 novimus
3389 1934 3516 2004 quid
3543 1938 3754 1992 sitom-

2159 2013 2446 2083 nipotentia
2470 2057 2486 2080 ,
2522 2018 2589 2073 de
2618 2021 2979 2091 omnipotente
3008 2024 3117 2079 Deo
3141 2025 3409 2082 credimus
3432 2070 3446 2093 ,
3477 2036 3531 2083 et
3556 2044 3753 2086 secun-

2156 2104 2283 2160 dum
2313 2108 2518 2175 species
2541 2120 2595 2165 et
2615 2126 2809 2181 genera
2841 2129 3017 2170 rerum
3047 2116 3132 2170 vel
3160 2127 3342 2172 natura
3370 2118 3522 2174 insita
3548 2122 3632 2176 vel
3654 2137 3754 2177 ex-

2156 2200 2410 2267 perientia
2454 2203 2704 2268 collecta,
2734 2205 2801 2262 de
2836 2207 2988 2261 factis
3017 2207 3379 2277 hujuscemodi
3410 2214 3749 2284 cogitamus,

2157 2299 2214 2345 ut
2253 2308 2357 2346 non
2399 2292 2516 2349 fleta
2542 2294 2610 2350 sit
2636 2296 2768 2353 fides
2794 2308 2992 2353 nostra.
3022 2300 3202 2370 Neque
3231 2304 3369 2357 enim
3393 2306 3637 2360 novimus
3662 2306 3749 2361 f'a-

2154 2385 2289 2438 ciem
2328 2386 2546 2456 virginis
2571 2388 2776 2453 Marizn,
2803 2406 2871 2445 ex
2897 2407 2997 2461 qua
3022 2393 3120 2464 ,ille
3147 2410 3177 2448 a
3209 2396 3320 2449 viro
3351 2397 3541 2452 intacta
3569 2414 3753 2469 neque

2155 2479 2206 2530 iu
2242 2480 2355 2548 ipso
2383 2490 2531 2548 partu
2562 2490 2808 2552 corrupta
2840 2486 3152 2541 mirabiliter
3178 2498 3330 2542 natus
3356 2499 3456 2544 est.
3485 2489 3593 2544 Nec
3620 2492 3753 2560 qui-

2154 2566 2249 2621 bus
2277 2570 2637 2625 meinbrorum
2668 2574 2999 2630 lineamentis
3030 2576 3186 2632 fuerit
3214 2578 3443 2633 Lazarus
3466 2622 3481 2647 ,
3515 2596 3627 2636 nec
3644 2581 3752 2637 De-

2154 2660 2385 2716 thauiam
2407 2705 2420 2727 ,
2462 2680 2561 2719 nec
2603 2668 2903 2735 sepulcrum
2936 2670 3266 2741 lapidemque
3296 2674 3444 2727 illum
3473 2690 3631 2745 quem
3659 2692 3752 2731 re-

2151 2756 2350 2808 moveri
2392 2756 2553 2825 jussit
2590 2774 2708 2813 cum
2752 2758 2872 2815 cum
2920 2765 3293 2833 resuscitaret,
3336 2767 3602 2836 vidimus,
3643 2786 3749 2827 nec

2150 2858 2550 2904 monumentum
2593 2868 2782 2907 novum
2816 2856 3053 2911 excisum
3086 2858 3136 2911 iu
3163 2868 3309 2927 petra
3339 2861 3479 2915 unde
3509 2863 3621 2931 ipse
3651 2878 3757 2918 re-

2148 2942 2372 2996 surrexit
2397 2983 2412 3007 ,
2460 2957 2561 2998 nec
2598 2954 2828 3001 montem
2867 2946 3056 3003 Oliveti
3101 2951 3250 3006 unde
3280 2954 3525 3008 ascendit
3548 2954 3599 3008 in
3629 2969 3750 3011 ca:-

2149 3031 2254 3086 lum
2300 3051 2312 3086 :
2358 3050 2528 3105 neque
2553 3038 2768 3093 omnino
2793 3040 3019 3107 scimus,
3049 3044 3366 3114 quicumque
3394 3046 3490 3100 ista
3517 3063 3625 3102 non
3655 3050 3748 3104 vi-

2147 3123 2324 3180 diums
2345 3167 2358 3189 ,
2390 3142 2457 3179 an
2488 3127 2554 3181 ita
2583 3129 2687 3183 sint
2718 3139 2773 3184 ut
2800 3146 2863 3186 ea
2891 3133 3186 3203 cogitamus
3208 3178 3223 3203 ,
3254 3136 3360 3191 imo
3386 3154 3511 3194 vero
3537 3141 3745 3211 proba-

2146 3213 2304 3271 bilius
2332 3218 2699 3275 existimamus
2718 3236 2819 3277 non
2849 3239 2966 3279 esse
2991 3227 3080 3281 ita.
3110 3227 3344 3296 Namque
3368 3244 3488 3284 cum
3513 3232 3744 3303 alicujus

2147 3308 2310 3363 facies
2362 3311 2443 3364 vel
2499 3312 2596 3366 loci
2646 3315 2727 3368 vel
2778 3314 3007 3370 hominis
3048 3319 3141 3373 vel
3171 3319 3454 3389 cujuslibet
3496 3326 3745 3392 corporis

2145 3400 2331 3455 eadem
2375 3405 2665 3459 occurrerit
2688 3408 2855 3462 oculis
2880 3409 3075 3464 nostris
3094 3450 3107 3474 ,
3135 3426 3254 3480 qua:
3282 3413 3592 3469 occurrebat
3615 3416 3744 3470 ani-

2147 3509 2255 3560 mo,
2284 3510 2404 3550 cum
2427 3512 2542 3552 eam
2575 3499 2878 3569 priusqptam
2901 3501 3200 3557 videremus
3218 3504 3598 3575 cogitabamus,
3627 3522 3749 3565 non

2146 3601 2313 3655 parvo
2354 3589 2610 3644 miraculo
2639 3607 2949 3658 movemur;
2980 3594 3049 3648 ita
3080 3610 3201 3649 raro
3222 3604 3275 3651 et
3305 3613 3438 3665 pene
3464 3613 3741 3668 nunquam

2145 3681 2338 3735 accidit
2383 3700 2397 3735 :
2442 3694 2496 3738 et
2538 3692 2713 3739 tamen
2753 3700 2813 3739 ea
2845 3686 3147 3743 firmissime
3167 3688 3463 3757 credimus,
3494 3692 3615 3760 quia
3644 3705 3743 3747 sc-

2144 3774 2376 3828 cundum
2419 3777 2700 3845 specialem
2733 3780 3144 3851 generalemque
3175 3772 3411 3837 notitiam
3439 3800 3557 3854 qua:
3584 3793 3741 3841 certa

2144 3865 2299 3918 nobis
2343 3874 2461 3932 est,
2506 3870 2813 3937 cogitamus.
2857 3870 3135 3927 Credimus
3167 3874 3305 3927 enim
3339 3874 3615 3931 Dominum
3643 3875 3745 3931 Jeo

2145 3972 2260 4009 sum
2282 3955 2547 4012 Christum
2578 3970 2755 4015 natum
2782 3962 2848 4016 de
2879 3963 3079 4033 virgine
3105 3980 3221 4033 qum
3243 3965 3397 4019 Maria
3420 3968 3739 4023 vocabatur.

2143 4047 2279 4114 Quid
2322 4049 2388 4103 sit
2434 4060 2609 4105 autem
2650 4053 2831 4123 virgo,
2872 4063 2927 4108 et
2969 4056 3092 4124 quid
3123 4056 3192 4110 sit
3227 4058 3403 4121 nasci,
3428 4059 3629 4129 etquid
3659 4062 3744 4117 sit

2144 4155 2336 4193 nomen
2384 4143 2650 4211 proprium
2699 4160 2805 4198 non
2845 4145 3141 4211 credimus,
3187 4148 3281 4203 sed
3326 4165 3540 4219 prorsus
3572 4152 3739 4205 novi-

2143 4246 2279 4284 mus.
2303 4232 2487 4287 Utrum
2517 4244 2692 4289 autem
2713 4237 2798 4290 illa
2830 4237 2993 4293 facies
3016 4239 3194 4294 Maria:
3220 4240 3378 4295 fuerit
3399 4258 3515 4312 qua:
3529 4256 3737 4298 occur-

2141 4323 2273 4378 terit
2310 4325 2488 4380 animo
2528 4340 2647 4381 cum
2689 4329 2784 4382 ista
2821 4330 3087 4400 loquimur
3109 4341 3201 4387 aut
3226 4335 3595 4400 recordamur,
3623 4352 3742 4395 nec

2142 4417 2386 4471 novimus
2417 4418 2633 4472 omnino
2655 4459 2670 4485 ,
2703 4435 2801 4475 nec
2824 4422 3108 4478 credimus.
3142 4423 3320 4495 Itaque
3347 4426 3430 4482 hic
3453 4427 3591 4481 salva
3623 4428 3742 4485 [ide

2141 4510 2265 4563 licet
2302 4509 2483 4565 dicere
2504 4550 2521 4575 ,
2565 4510 2724 4565 Forte
2767 4514 2922 4567 talem
2956 4513 3185 4570 habebat
3212 4516 3397 4573 faciem
3419 4560 3434 4585 ,
3464 4519 3595 4574 forte
3620 4535 3743 4577 non

2142 4603 2298 4657 talem
2342 4619 2357 4657 :
2404 4603 2563 4659 Forte
2605 4614 2780 4660 autem
2825 4606 2893 4661 de
2935 4608 3136 4677 virgine
3165 4619 3318 4665 natus
3343 4620 3424 4667 est
3447 4611 3689 4669 Christus
3719 4656 3749 4683 ,

2140 4708 2301 4748 nemo
2328 4695 2471 4750 salva
2504 4696 2606 4752 fide
2629 4697 2917 4754 christiana
2941 4701 3155 4756 dixerit.

2210 4790 2263 4844 8.
2298 4789 2653 4857 Quamobrem
2686 4794 2935 4861 quoniam
2962 4793 3233 4851 Trinitatis
3259 4798 3605 4853 mtcruitatcm
3631 4842 3647 4866 ,
3675 4811 3747 4857 et

2139 4882 2520 4952 aequalitatem,
2546 4894 2600 4939 et
2618 4886 2872 4941 unitatem
2894 4930 2908 4952 ,
2940 4900 3194 4959 quantum
3221 4891 3409 4959 datur,
3435 4893 3745 4963 intelligere

2138 4976 2413 5043 eupimus,
2442 4974 2589 5045 prius
2617 4988 2792 5033 autem
2821 4996 2978 5050 quam
3010 4982 3364 5054 inteiligamus
3389 4986 3605 5040 credere
3635 4985 3746 5041 de-

2140 5068 2357 5136 bemus,
2398 5070 2822 5143 vigilandumque
2867 5074 3020 5129 nobis
3061 5084 3181 5143 est,
3225 5091 3291 5131 ne
3336 5077 3454 5131 ficta
3496 5078 3562 5132 sit
3598 5077 3749 5133 fides

2140 5168 2318 5213 nostra
2367 5177 2382 5213 :
2431 5161 2616 5215 eadem
2656 5165 2852 5233 quippe
2894 5162 3153 5219 Trinitate
3194 5166 3468 5221 fruendum
3509 5175 3629 5234 est,
3673 5178 3750 5224 ut.

2139 5252 2292 5306 beate
2320 5252 2591 5320 vivamus;
2622 5256 2665 5309 si
2693 5265 2867 5311 autem
2898 5255 3087 5312 falsum
3115 5258 3182 5314 de
3209 5260 3292 5313 illa
3321 5260 3743 5328 crediderimus,

2138 5343 2307 5398 inanis
2336 5344 2439 5399 erit
2467 5359 2588 5414 spes
2607 5387 2622 5413 ,
2649 5357 2705 5401 et
2730 5362 2834 5401 non
2860 5357 3003 5402 casta
3034 5348 3268 5406 charitas
3296 5369 3309 5402 :
3341 5351 3605 5421 quomodo
3632 5352 3749 5420 igi-

2120 5445 2223 5492 ,tur
2246 5449 2362 5489 eam
2394 5435 2703 5491 Trinitatem
2732 5454 2888 5508 quam
2919 5454 3023 5494 non
3056 5441 3300 5495 novimus
3320 5484 3334 5509 ,
3364 5443 3629 5497 credendo
3650 5443 3751 5497 dis

2138 5527 2395 5595 ligimus?
2434 5530 2513 5582 An
2554 5531 2843 5584 secundum
2883 5533 3168 5601 specialem
3200 5535 3564 5603 generalcntve
3594 5536 3749 5588 noti-

2141 5620 2264 5672 tiam
2290 5660 2305 5684 ,
2345 5617 2634 5674 secundum
2664 5637 2822 5691 quam
2855 5622 3119 5693 diligimus
3145 5625 3441 5694 apostolum
3471 5624 3697 5678 Paulum
3719 5629 3749 5649 "

2138 5713 2235 5781 Qui
2270 5714 2430 5769 etiam
2474 5714 2519 5768 si
2558 5729 2665 5768 non
2702 5729 2764 5769 ea
2807 5714 2937 5771 facie
2963 5715 3057 5771 fuit
3082 5731 3201 5786 qua:
3231 5716 3383 5770 nobis
3410 5716 3640 5771 occurrit
3663 5717 3752 5774 dc

2142 5806 2229 5860 illo
2255 5806 2605 5877 cogitantibus
2629 5849 2644 5876 ,
2673 5817 2726 5863 et
2754 5808 2855 5864 hac
2888 5808 3094 5878 penitus
3123 5808 3422 5879 ignoramus
3442 5848 3456 5874 ,
3485 5806 3751 5865 novimus
