4076 6442
267 376 372 434 933

267 499 443 544 latucn
475 486 601 560 quid
627 487 697 544 sit
721 487 900 544 homo.
929 488 997 547 Ut
1023 490 1164 546 enim
1193 490 1348 562 longe
1375 503 1480 547 non
1506 503 1692 548 eamus
1715 533 1728 554 ,
1761 489 1863 546 hoc

268 593 456 634 Sumus
481 597 495 634 :
527 589 582 638 et
623 581 770 635 illum
803 583 910 638 hoc
936 583 1096 638 fuisse
1119 625 1134 648 ,
1166 594 1222 639 et
1247 585 1476 638 animam
1507 583 1624 653 ejus
1651 583 1862 651 eurpori

267 673 567 740 copulatam
593 673 889 729 mortaliter
911 675 1104 731 vixisse
1123 678 1460 731 manifestum
1479 685 1581 731 est.
1607 675 1716 731 Hoc
1737 689 1866 746 ergo

265 762 334 818 de
378 761 469 818 illo
513 763 814 830 credimus,
863 767 1004 837 quod
1051 767 1350 823 invenimus
1389 767 1442 822 in
1483 767 1672 832 nobis,
1714 767 1864 836 juxta

265 855 500 924 speciem
531 857 617 911 vei
642 873 810 927 genus
831 901 846 924 ,
876 875 982 929 quo
1003 859 1231 914 humana
1257 861 1432 914 omnis
1453 871 1637 914 natura
1667 859 1866 927 pariter

263 949 597 1023 continetur.
639 949 774 1017 Quid
815 951 976 1022 igitur
1008 951 1075 1006 de
1111 952 1197 1006 illa
1241 952 1552 1006 excellentia
1589 951 1865 1005 Trinitatis

247 1040 384 1096 sive
405 1041 710 1108 specialiter
739 1042 851 1097 sive
875 1044 1196 1114 generaliter
1221 1045 1484 1110 novimus,
1513 1043 1660 1114 quasi
1685 1043 1864 1096 multa:

263 1131 374 1186 sint
415 1132 550 1187 tales
591 1133 880 1198 trinitates,
925 1151 1147 1205 quarum
1175 1136 1382 1207 aliquas
1409 1135 1612 1205 experti
1640 1149 1822 1189 sumus
1845 1176 1862 1200 ,

263 1229 324 1274 ut
357 1237 452 1290 per
477 1225 710 1294 regulam
742 1225 1100 1280 similitudinis
1125 1226 1439 1297 impressam
1469 1226 1550 1280 vel
1577 1226 1864 1298 specialem

265 1314 350 1367 vel
377 1315 682 1381 generalem
728 1317 990 1382 notitiam,
1011 1317 1151 1370 illam
1179 1331 1390 1388 tutoque
1419 1317 1575 1372 talem
1605 1333 1726 1371 esse
1749 1331 1866 1371 cre-

263 1403 496 1470 damus;
519 1415 674 1476 atque
693 1407 762 1462 ita
777 1423 886 1463 rem
905 1407 1342 1478 quamcredimus
1371 1417 1424 1462 et
1451 1407 1684 1462 nondum
1717 1407 1866 1461 novi-

265 1513 429 1564 mus,
489 1514 554 1554 ex
613 1500 874 1569 parilitate
923 1501 999 1554 rei
1045 1515 1202 1570 quam
1249 1500 1495 1556 novimus
1536 1501 1866 1571 diligamus?

265 1587 422 1654 Quod
456 1589 636 1658 utique
663 1603 772 1644 non
799 1590 867 1644 ita
897 1600 1000 1645 est.
1023 1591 1104 1644 An
1127 1591 1572 1660 quemadmodum
1596 1591 1866 1660 diligimus

265 1679 320 1736 in
367 1681 596 1737 Domino
630 1682 754 1738 Jcsu
785 1683 1030 1749 Christo,
1061 1683 1200 1754 quod
1229 1683 1521 1739 resurrexit
1549 1697 1578 1737 a
1608 1683 1861 1749 mortuis,

265 1775 514 1844 quamvis
554 1775 678 1831 inde
719 1777 986 1832 neminem
1029 1792 1259 1846 unquam
1287 1777 1643 1832 resurrexissc
1669 1778 1866 1832 videri-

264 1879 416 1928 mus,
465 1867 536 1920 ita
573 1866 884 1922 Trinitatem
929 1883 1086 1938 quam
1131 1883 1236 1922 non
1264 1867 1504 1924 videmus
1527 1911 1542 1935 ,
1571 1877 1625 1923 et
1655 1869 1864 1937 qualem

265 1955 472 2011 nullam
521 1971 752 2028 unquam
799 1957 1070 2024 vidimus,
1121 1973 1404 2029 possumus
1447 1958 1713 2014 credendo
1743 1959 1864 2013 dili-

263 2061 396 2116 gere
418 2048 446 2101 ?
487 2045 592 2103 Sed
633 2048 758 2118 quid
802 2049 872 2104 sit
913 2049 1047 2104 mori
1072 2089 1086 2114 ,
1115 2059 1172 2105 et
1195 2050 1320 2119 quid
1347 2051 1417 2105 sit
1442 2049 1650 2116 vivere,
1683 2051 1864 2121 utique

263 2137 504 2208 scimus:
535 2139 656 2208 quia
685 2149 738 2194 et
761 2141 989 2195 vivimus
1013 2150 1068 2196 et
1091 2151 1330 2197 mortuos
1359 2157 1422 2197 ac
1447 2143 1736 2197 morientes
1763 2143 1863 2196 ali-

261 2228 482 2298 quando
525 2229 754 2284 vidimus
795 2239 848 2284 et
891 2232 1094 2300 experti
1141 2247 1340 2286 sumus.
1387 2232 1523 2298 Quid
1566 2243 1648 2286 est
1687 2243 1862 2288 autem

261 2319 406 2373 aliud
439 2333 750 2391 resurgere,
783 2323 882 2376 nisi
909 2323 1226 2378 reviviscere
1244 2366 1258 2388 ,
1287 2324 1339 2377 id
1365 2333 1479 2391 est,
1507 2339 1572 2378 ex
1605 2333 1772 2379 morte
1797 2325 1864 2380 ad

261 2409 426 2465 vitam
469 2411 692 2466 redire?
729 2413 862 2467 Cum
899 2429 1028 2482 ergo
1071 2414 1296 2469 dicimus
1335 2425 1389 2470 et
1441 2416 1709 2470 credimus
1747 2429 1865 2472 esse

262 2498 582 2558 Trinitatem
603 2543 618 2565 ,
650 2503 896 2556 novimus
921 2504 1046 2574 quid
1083 2506 1152 2560 sit
1179 2505 1435 2571 Trinitas,
1467 2507 1588 2576 quia
1621 2507 1865 2560 novimus

262 2592 390 2659 quid
433 2593 544 2646 sint
588 2593 726 2657 tria;
771 2594 864 2648 sed
905 2611 1010 2648 non
1052 2595 1154 2650 hoc
1196 2595 1483 2666 diligimus.
1530 2597 1660 2652 Nam
1693 2595 1743 2650 id
1774 2596 1864 2651 ubi

259 2682 548 2750 volumus,
595 2685 748 2740 facile
786 2685 1074 2753 habemus,
1115 2697 1171 2740 ut
1209 2687 1312 2740 alia
1351 2687 1627 2750 omittam,
1655 2688 1736 2741 vel
1765 2689 1866 2741 mi-

259 2774 438 2828 cando
479 2773 660 2844 digitis
703 2775 892 2830 tribus.
933 2777 1016 2830 An
1057 2791 1192 2832 vero
1233 2777 1532 2846 diligimus,
1579 2795 1684 2833 non
1723 2778 1864 2850 quod

259 2865 442 2920 omnis
463 2866 694 2932 trinitas,
717 2867 810 2920 sed
839 2867 980 2938 quod
1011 2868 1242 2922 Trinitas
1260 2911 1274 2936 ,
1299 2871 1472 2926 Deus?
1499 2870 1610 2925 lloc
1633 2885 1762 2941 ergo
1785 2871 1866 2926 di-

257 2955 478 3026 ligimus
521 2958 572 3012 in
613 2957 902 3023 Triuitate,
949 2959 1090 3029 quod
1121 2960 1262 3015 Deus
1287 2969 1370 3014 est
1395 2977 1410 3014 :
1437 2961 1530 3016 sed
1560 2961 1720 3016 Deum
1747 2961 1867 3016 nul-

257 3046 374 3102 lum
418 3047 582 3103 alium
627 3048 894 3116 vidimus,
947 3058 1042 3105 aut
1085 3053 1330 3106 novimus
1361 3093 1376 3116 ,
1421 3053 1546 3122 quia
1595 3067 1734 3106 unus
1783 3061 1865 3107 est

253 3138 440 3205 Deus,
473 3139 562 3194 ille
589 3140 736 3196 solus
769 3155 928 3211 quem
969 3141 1202 3196 nondum
1229 3143 1487 3209 vidimus,
1517 3151 1570 3197 et
1595 3142 1866 3198 credendo

251 3229 554 3300 diligimus.
583 3231 688 3288 Sed
711 3247 777 3287 ex
801 3249 904 3302 qtta
936 3249 1112 3288 rerum
1141 3244 1386 3288 notarum
1413 3234 1758 3289 similitudine
1777 3237 1864 3291 vel

249 3323 663 3392 comparatione
704 3325 1019 3392 credamus,
1065 3341 1172 3395 quo
1211 3327 1370 3382 etiam
1413 3325 1648 3380 nondum
1679 3335 1862 3382 notum

251 3414 434 3470 Deum
465 3414 747 3484 diligamus
770 3459 785 3484 ,
817 3417 917 3472 hoc
943 3418 1219 3487 quaeritur.

331 3507 562 3565 CAPUT
603 3509 687 3565 Vl.
731 3541 804 3552 —
839 3512 892 3568 9.
938 3511 1202 3578 Quomodo
1231 3513 1454 3568 nondum
1473 3515 1646 3584 justus
1665 3516 1864 3586 justum

251 3605 704 3675 cognossetque»:
729 3607 917 3677 diligit.
941 3607 1074 3661 Redi
1100 3623 1228 3677 ergo
1259 3622 1468 3662 mecum
1493 3647 1507 3671 ,
1539 3617 1593 3662 et
1617 3607 1865 3662 conside-

249 3711 446 3751 remus
485 3711 582 3752 cur
617 3697 898 3768 diligamus
942 3700 1278 3769 Apostolum.
1312 3699 1700 3770 Numquidnam
1731 3715 1864 3770 pro-

251 3771 390 3858 ptet'
410 3787 696 3843 humanam
725 3791 958 3860 speciem
979 3832 993 3854 ,
1019 3806 1180 3861 quam
1205 3791 1536 3845 notissimam
1561 3791 1816 3845 habemus
1844 3830 1859 3856 ,

247 3897 326 3935 eo
353 3881 492 3950 quod
521 3883 788 3938 credimus
815 3899 936 3938 eum
963 3883 1228 3939 hominem
1261 3883 1465 3938 fuisse?
1492 3881 1605 3938 Non
1635 3884 1818 3955 utique
1845 3900 1859 3937 :

247 3971 494 4042 alioquin
538 3987 678 4027 nunc
717 3989 824 4028 non
867 3983 948 4029 est
987 3990 1142 4045 quem
1179 3975 1493 4046 diligamus,
1525 3975 1862 4045 quandoqui-

251 4064 388 4123 dem
435 4065 596 4120 homo
641 4067 730 4121 ille
754 4067 864 4136 jam
895 4081 1000 4121 non
1027 4075 1146 4132 est;
1175 4067 1348 4121 anima
1375 4069 1516 4123 enim
1545 4068 1661 4138 ejus
1689 4083 1718 4123 a
1743 4081 1863 4122 cor-

249 4173 394 4229 pore
409 4165 652 4230 separata
681 4169 780 4214 est.
811 4159 917 4214 Sed
947 4158 996 4214 id
1023 4157 1166 4228 quod
1197 4160 1248 4212 in
1281 4159 1373 4212 illo
1402 4173 1642 4215 amamus
1663 4200 1678 4226 ,
1701 4160 1860 4218 etiam

251 4267 409 4308 nunc
429 4253 612 4308 vivere
631 4253 900 4309 credimus
924 4270 938 4306 :
961 4267 1202 4307 amamus
1221 4253 1362 4306 enim
1385 4254 1620 4307 animum
1635 4256 1858 4324 justum.

249 4343 346 4398 Ex
389 4359 491 4414 qua
534 4359 664 4415 ergo
707 4345 942 4414 generali
985 4353 1079 4399 aut
1116 4344 1332 4414 speciali
1359 4345 1538 4414 regula
1561 4387 1575 4412 ,
1609 4347 1706 4400 nisi
1739 4349 1860 4417 quia

247 4439 460 4493 scimus
483 4447 536 4494 et
563 4437 688 4508 quid
719 4440 786 4492 sit
813 4439 1060 4504 animus,
1091 4447 1144 4493 et
1173 4437 1298 4508 quid
1325 4438 1393 4491 sit
1415 4438 1630 4506 justus?
1655 4438 1725 4493 Et
1747 4440 1862 4494 ani-

247 4543 382 4585 mus
423 4529 636 4599 quidem
681 4529 824 4602 quid,
853 4531 924 4588 sit
941 4545 1114 4602 ,“nop
1163 4529 1454 4600 incongrue
1497 4545 1592 4583 nos
1636 4530 1859 4587 dicimus

248 4621 388 4676 ideo
431 4635 630 4688 nosse,
679 4622 802 4692 quia
845 4630 898 4676 et
943 4635 1042 4676 nos
1085 4622 1341 4675 habemus
1382 4620 1638 4674 animum.
1681 4622 1862 4692 Neque

249 4713 410 4773 enim
451 4729 683 4785 unquam
723 4713 894 4770 oculis
933 4713 1198 4781 vidimus,
1235 4721 1292 4768 et
1319 4727 1382 4768 ex
1408 4712 1753 4770 similitudine
1775 4715 1859 4768 vi-

247 4823 444 4864 sorum
469 4808 698 4879 plurium
730 4808 1000 4862 nmiouem
1030 4807 1332 4878 generalem
1354 4806 1708 4876 specialemve
1733 4821 1858 4876 per-

245 4899 538 4968 cepimus;
583 4899 678 4955 sed
720 4899 928 4969 potius,
965 4908 1024 4953 ut
1053 4898 1196 4963 dixi,
1224 4899 1345 4970 quia
1373 4907 1426 4953 et
1455 4913 1552 4952 nos
1580 4897 1856 4954 habemus.

245 4987 402 5058 Quid
447 4991 590 5045 enim
641 4999 748 5046 tam
797 4989 980 5044 intime
1021 4989 1188 5043 scitur
1216 5029 1230 5052 ,
1282 5003 1447 5057 seque
1499 4991 1670 5057 ipsum
1740 5004 1862 5044 esse

247 5084 460 5148 sentit;
483 5097 640 5152 quam
671 5083 720 5137 id
745 5097 854 5154 quo
879 5081 1038 5136 etiam
1066 5087 1260 5134 ctetera
1287 5078 1590 5134 sentiuntur
1613 5119 1628 5144 ,
1661 5078 1710 5134 id
1739 5089 1820 5134 est
1842 5122 1857 5146 ,

245 5177 380 5246 ipse
415 5175 662 5230 animus?
699 5173 832 5229 Nam
862 5179 918 5228 et
943 5179 1117 5226 motus
1148 5185 1470 5239 corporum,
1501 5169 1693 5240 quibus
1721 5185 1860 5239 prte-

247 5275 350 5320 tcr
383 5279 482 5320 nos
516 5265 650 5322 alios
675 5266 860 5320 vivere
885 5263 1176 5329 sentimus,
1207 5277 1274 5318 ex
1303 5269 1486 5317 nostra
1515 5261 1860 5318 similitudine

244 5359 600 5426 agnoscimus
647 5375 662 5411 ε
705 5359 828 5428 quia
873 5365 929 5413 et
973 5371 1070 5412 nos
1113 5357 1184 5410 ita
1226 5369 1500 5410 movemus
1541 5369 1734 5425 corpus
1773 5357 1857 5410 vi-

245 5451 470 5518 vendo,
509 5451 646 5506 sient
689 5450 778 5505 illa
815 5465 1038 5521 corpora
1067 5448 1268 5504 moveri
1297 5446 1643 5502 advertimus.
1675 5435 1858 5528 Neque

243 5543 404 5600 cnim
451 5558 572 5598 cum
613 5555 809 5613 corpus
845 5543 1024 5597 vivum
1067 5549 1342 5606 movetur,
1379 5539 1616 5609 aperitur
1639 5539 1742 5594 ulla
1775 5541 1856 5596 via

241 5635 430 5689 oculis
470 5633 666 5690 nostris
699 5635 764 5688 ad
795 5634 1076 5689 videndum
1101 5633 1336 5687 animum
1357 5674 1372 5699 ,
1402 5647 1513 5686 rem
1543 5649 1662 5708 qua:
1687 5631 1856 5690 oculis

243 5726 430 5782 videri
475 5741 580 5780 non
623 5735 800 5798 potest
847 5743 860 5780 :
906 5725 1000 5781 sed
1041 5725 1112 5779 illi
1145 5725 1268 5778 moli
1295 5722 1494 5794 aliquid
1527 5723 1702 5778 inesse
1727 5739 1853 5778 seu.

244 5819 420 5874 timus
483 5819 638 5890 quale
712 5817 865 5876 nobis
925 5817 1064 5874 inest
1112 5816 1180 5872 ad
1229 5815 1546 5874 movendum
1605 5815 1852 5876 similitcr

1614 377 1814 436 LIBER
1853 375 2192 437 OCTAVUS.

3450 400 3560 458 95‘

1972 497 2166 552 mulum
2221 511 2454 555 nostram
2486 544 2506 570 ,
2555 504 2694 574 quod
2751 515 2832 562 est
2877 508 2990 564 vita
3030 517 3086 565 et
3133 511 3328 568 anima.
3375 511 3564 584 Neque

1969 592 2118 659 quasi
2189 591 2435 650 humana:
2507 598 2803 666 prudent-im
2867 603 3193 673 rationisque
3275 607 3548 676 propriqu

1969 690 2069 738 est.
2101 683 2169 738 Et
2193 685 2376 740 bestiae
2411 689 2606 758 quippe
2633 692 2870 746 sentiunt
2891 694 3096 758 vivere,
3129 709 3232 749 non
3263 703 3468 752 tantum
3493 711 3554 754 se

1969 773 2130 842 ipsas,
2159 775 2258 830 sed
2283 778 2444 832 etiam
2468 795 2525 832 se
2551 781 2776 836 invicem
2812 793 2972 854 atque
3005 785 3348 854 alterutrum,
3375 797 3430 844 et
3457 801 3557 844 nos

1971 867 2134 936 ipsos.
2183 868 2292 926 Nec
2332 871 2539 926 animas
2579 883 2789 930 nostras
2845 875 3045 942 vident,
3091 877 3185 932 sed
3215 895 3284 934 ex
3324 879 3568 936 motibus

1969 962 2230 1028 corporis,
2265 961 2422 1032 idque
2451 965 2629 1018 statim
2669 977 2723 1020 et
2748 965 2998 1026 facillime
3024 971 3250 1041 quadam
3278 974 3558 1043 conspira-

1973 1051 2116 1106 tione
2147 1053 2393 1108 naturali.
2436 1055 2686 1110 Animum
2717 1059 2876 1128 igitur
2901 1062 3182 1131 cujuslibet
3201 1071 3254 1118 et
3275 1080 3339 1119 ex
3373 1073 3558 1121 nostro

1971 1143 2234 1206 novimus,
2257 1153 2310 1197 et
2337 1160 2405 1200 ex
2439 1154 2625 1201 nostro
2653 1148 2922 1205 credimus
2959 1168 3115 1222 quem
3156 1169 3261 1207 non
3290 1155 3556 1211 novimus.

1970 1232 2083 1288 Non
2123 1235 2266 1289 enim
2307 1245 2507 1291 tantum
2547 1239 2806 1296 sentimus
2831 1242 3087 1310 animum,
3115 1245 3208 1300 sed
3237 1245 3396 1300 etiam
3423 1247 3564 1302 scire

1971 1339 2256 1394 possumus
2311 1327 2445 1396 quid
2488 1329 2561 1383 sit
2611 1330 2822 1386 animus
2863 1335 3290 1392 consideratione
3339 1337 3560 1393 nostri:

1971 1417 2232 1474 habemus
2287 1420 2429 1476 enim
2480 1421 2738 1476 animum.
2789 1423 2894 1479 Sed
2946 1419 3069 1496 quid
3101 1427 3170 1481 sit
3190 1428 3386 1496 justus,
3419 1429 3562 1488 unde

1972 1509 2252 1564 novimus?
2281 1509 2594 1567 Dixeramus
2622 1513 2766 1568 enim
2805 1529 2901 1570 nos
2945 1517 3258 1586 Apostolum
3308 1535 3422 1574 nou
3452 1519 3558 1576 alia

1969 1613 2126 1653 causa
2167 1601 2407 1672 diligere,
2457 1603 2560 1658 nisi
2606 1605 2744 1674 quod
2793 1606 2862 1660 sit
2899 1608 3075 1677 justus
3116 1611 3344 1666 animus.
3395 1611 3561 1668 Novi-

1971 1707 2091 1746 tuus
2131 1709 2258 1762 ergo
2303 1701 2360 1748 et
2402 1695 2526 1765 quid
2571 1696 2642 1750 sit
2690 1696 2887 1766 justus,
2933 1701 3070 1755 sicut
3110 1709 3165 1756 et
3203 1703 3326 1773 quid
3351 1705 3419 1758 sit
3446 1706 3562 1759 ani-

1945 1775 2109 1838 'mus.
2133 1785 2244 1839 Sed
2271 1785 2397 1856 quid
2442 1787 2510 1840 sit
2548 1787 2780 1854 animus,
2819 1798 2879 1843 ut
2927 1791 3126 1846 dictum
3171 1803 3272 1856 est,
3317 1794 3560 1850 novimus

1970 1891 2035 1929 ex
2067 1876 2219 1931 nobis
2256 1894 2269 1930 :
2311 1877 2449 1931 inest
2478 1879 2618 1932 enim
2647 1879 2857 1934 animus
2903 1882 3076 1936 nobis.
3107 1881 3244 1949 Quid
3284 1885 3562 1940 autemsit

1964 1965 2140 2036 justus
2181 1969 2322 2024 unde
2365 1970 2628 2032 novimus.
2678 1971 2720 2025 si
2761 1971 2890 2041 justi
2935 1989 3041 2027 non
3085 1975 3302 2030 sumus?
3331 1975 3560 2045 Quodsi

1973 2077 2130 2115 nemo
2176 2063 2320 2116 novit
2364 2063 2486 2132 quid
2535 2063 2600 2117 sit
2627 2063 2802 2133 justus
2831 2066 2928 2118 nisi
2956 2067 3240 2136 quijnstus
3265 2077 3365 2132 est,
3399 2085 3558 2124 nemo

1969 2153 2137 2224 diligit
2175 2154 2379 2222 justqu
2429 2155 2528 2208 nisi
2565 2156 2905 2224 juuusz-nou
2949 2158 3090 2211 enim
3137 2167 3312 2227 potest
3340 2159 3562 2230 diligere

1969 2261 2126 2316 quem
2144 2246 2348 2316 justum
2393 2261 2511 2300 esse
2548 2247 2738 2312 credit,
2779 2249 2847 2302 oh
2875 2247 2979 2302 hoc
3009 2249 3177 2318 ipsum
3205 2251 3325 2319 quia
3351 2250 3555 2320 justum

1971 2353 2089 2393 esse
2111 2337 2300 2404 credit,
2324 2337 2366 2392 si
2389 2337 2522 2408 quid
2540 2339 2608 2392 sit
2631 2337 2806 2407 justus
2832 2339 3039 2408 ignorat
3060 2357 3072 2404 ;
3097 2341 3386 2394 secundum
3414 2340 3558 2412 quod

1970 2431 2215 2500 Superius
2239 2431 2738 2496 demoustravinms,
2762 2433 3028 2486 nemiuem
3049 2432 3268 2502 diligere
3282 2433 3424 2504 quod
3439 2449 3561 2490 ere-

1970 2523 2050 2577 dit
2078 2533 2132 2578 et
2157 2539 2262 2577 non
2292 2522 2456 2589 videt,
2483 2523 2581 2576 uisi
2605 2539 2666 2576 ex
2694 2523 2866 2594 aliqua
2892 2523 3070 2594 regula
3098 2525 3299 2578 notitia:
3328 2539 3556 2594 genera-

1968 2617 2034 2672 lis
2063 2618 2176 2672 sive
2204 2617 2468 2688 specialis.
2501 2617 2578 2672 Ac
2605 2633 2697 2688 per
2725 2617 2827 2672 hoc
2853 2619 2896 2672 si
2929 2633 3031 2672 non
3055 2617 3434 2689 diligitjustum
3453 2619 3557 2675 nisi

1965 2709 2164 2778 justus,
2212 2709 2481 2777 quomodo
2507 2708 2652 2764 volet
2678 2711 2902 2780 quisque
2925 2709 3102 2778 justus
3141 2725 3262 2766 esse
3299 2713 3394 2782 qui
3419 2728 3558 2766 non-

1969 2802 2093 2856 dum
2123 2801 2238 2856 est?
2263 2801 2378 2856 Non
2410 2803 2550 2856 cnim
2581 2803 2693 2856 vult
2717 2803 2994 2872 quisquam
3021 2818 3139 2858 esse
3168 2803 3307 2873 quod
3344 2820 3446 2856 non
3473 2804 3558 2858 di-

1971 2893 2102 2965 ligit.
2135 2893 2199 2950 Ut
2225 2905 2402 2954 autem
2428 2893 2686 2963 sitjustus
2711 2894 2798 2964 qui
2829 2893 3191 2962 timidum_CSl,
3215 2893 3356 2948 volet
3376 2894 3556 2964 utique

1964 2985 2144 3054 justus
2172 3000 2328 3041 esse:
2357 2995 2414 3040 ut
2433 2993 2607 3039 autem
2625 2985 2774 3050 velit,
2795 2985 2966 3056 diligit
2985 2985 3209 3056 justum.
3237 2985 3558 3058 Diligitergo

1964 3075 2166 3146 justum
2197 3083 2250 3132 et
2291 3075 2382 3146 qui
2412 3075 2646 3130 nondum
2667 3064 2844 3146 justus
2869 3087 2968 3131 est.
2999 3077 3226 3148 Diligere
3254 3086 3431 3132 autem
3466 3077 3558 3147 ju-

1969 3176 2109 3223 stum
2133 3184 2237 3222 non
2263 3176 2457 3236 potest,
2487 3168 2574 3238 qui
2606 3169 2730 3240 quid
2763 3169 2831 3222 sit
2850 3169 3046 3239 justus,
3080 3170 3306 3240 ignorat.
3325 3169 3558 3226 Proinde

1970 3261 2116 3316 novit
2143 3259 2270 3332 quid
2298 3261 2366 3315 sit
2385 3259 2580 3332 justus,
2606 3263 2771 3317 etiam
2795 3263 2882 3332 qui
2909 3261 3144 3318 nondum
3173 3271 3286 3318 est:
3319 3263 3406 3320 ubi
3429 3277 3558 3334 ergo

1969 3352 2152 3426 novit?
2195 3370 2320 3407 num
2367 3353 2537 3409 oculis
2584 3353 2744 3409 vidit?
2776 3356 2856 3408 An
2901 3355 3062 3408 ullum
3107 3370 3299 3426 corpus
3329 3354 3555 3424 justum,

1969 3445 2114 3500 velut
2144 3446 2343 3510 album,
2372 3455 2463 3499 aut
2491 3445 2722 3516 nigrum,
2773 3455 2864 3500 aut
2910 3445 3192 3515 quadrum,
3235 3455 3328 3500 aut
3373 3453 3558 3499 rotun-

1969 3537 2132 3592 dum?
2168 3537 2296 3604 Quis
2328 3537 2428 3592 hoc
2456 3535 2682 3590 dixerit?
2707 3537 2774 3590 At
2803 3536 2970 3592 oculis
2997 3551 3104 3590 non
3134 3535 3263 3590 vidit
3303 3535 3400 3588 nisi
3431 3549 3555 3602 cor-

1969 3643 2122 3700 pora.
2154 3627 2336 3682 Justus
2366 3639 2546 3682 autem
2575 3627 2627 3680 in
2661 3627 2876 3682 homine
2906 3643 3010 3680 non
3042 3637 3144 3694 est,
3174 3627 3272 3682 nisi
3304 3626 3553 3682 animus:

1969 3729 2022 3776 et
2052 3736 2170 3775 cum
2201 3720 2362 3774 homo
2387 3719 2565 3790 justus
2591 3720 2802 3781 dicitur,
2829 3735 2895 3774 ex
2921 3718 3100 3772 animo
3122 3719 3338 3784 dieitur,
3361 3733 3466 3772 non
3489 3733 3555 3773 ex

1968 3825 2213 3880 corpore.
2245 3809 2334 3864 Est
2359 3812 2501 3866 enim
2522 3810 2761 3880 qumtlam
2785 3809 3122 3880 pulchritudo
3149 3810 3306 3862 animi
3323 3808 3552 3878 j‘ustitia,

1969 3917 2072 3970 qua
2093 3900 2300 3974 pulchri
2333 3899 2736 3964 suntltomines,
2770 3900 3008 3970 plerique
3028 3901 3184 3954 etiam
3211 3899 3300 3970 qui
3323 3913 3550 3968 corpore

1968 3991 2176 4046 distorti
2199 4002 2355 4063 atque
2383 3991 2651 4048 deformes
2678 4001 2820 4045 sunt.
2848 3991 2994 4046 Sicut
3022 3999 3196 4046 autem
3220 3990 3430 4044 animus
3447 4006 3552 4044 non

1967 4083 2175 4140 videtur
2201 4085 2394 4151 oculis,
2424 4084 2492 4137 ita
2519 4100 2616 4140 nec
2643 4083 2979 4153 pulchritudo
3000 4083 3135 4152 ejus.
3170 4083 3266 4138 Ubi
3295 4099 3424 4152 ergo
3452 4099 3552 4138 no.-

1967 4182 2044 4232 vit
2069 4175 2191 4246 quid
2215 4177 2282 4232 sit
2304 4176 2497 4245 justus,
2523 4176 2610 4246 qui
2641 4175 2873 4230 nondum
2901 4183 3004 4240 est,
3035 4183 3194 4244 atque
3220 4182 3276 4228 ut
3295 4175 3361 4228 sit
3383 4173 3556 4248 diligit

1961 4266 2202 4336 justum?
2222 4267 2302 4319 An
2335 4267 2482 4336 signa
2515 4265 2754 4336 qumdam
2787 4280 2882 4335 per
2908 4275 3108 4320 motum
3147 4265 3386 4334 corporis
3414 4265 3554 4320 emi-

1967 4367 2110 4422 cant,
2143 4359 2337 4429 quibus
2376 4359 2461 4414 illc
2499 4367 2588 4412 aut
2633 4357 2720 4412 ille
2763 4358 2924 4412 homo
2954 4375 3074 4414 esse
3097 4359 3266 4429 justus
3293 4359 3553 4429 apparet?

1967 4451 2070 4509 Sed
2104 4453 2241 4508 unde
2277 4453 2424 4507 novit
2469 4452 2558 4506 illa
2604 4452 2749 4522 signa
2793 4467 2913 4508 esse
2943 4453 3104 4506 animi
3129 4452 3280 4520 justi,
3309 4451 3554 4506 nesciens

1967 4547 2091 4616 quid
2121 4548 2338 4600 omnino
2366 4545 2430 4600 sit
2453 4545 2669 4614 justus?
2695 4543 2850 4597 Novit
2875 4559 3021 4614 ergo.
3055 4543 3158 4598 Sed
3191 4543 3278 4596 tthi
3309 4543 3554 4597 novimus

1966 4637 2090 4710 quid
2132 4637 2200 4690 sit
2231 4636 2424 4706 justus,
2473 4635 2633 4690 etiam
2662 4647 2782 4688 cum
2811 4634 2938 4702 justi
2970 4633 3202 4688 nondum
3231 4631 3455 4710 sumus?
3497 4632 3553 4688 Si

1967 4741 2115 4786 extra
2147 4745 2244 4784 nos
2271 4729 2516 4784 novimus
2539 4729 2578 4792 ¹,
2603 4728 2656 4782 in
2695 4741 2920 4798 corpore
2943 4727 3121 4796 aliquo
3149 4725 3412 4780 novimus.
3445 4723 3552 4778 Sed

1967 4837 2072 4878 non
2096 4835 2178 4877 est
2203 4823 2300 4876 ista
2329 4836 2414 4876 res
2441 4821 2702 4892 corporis.
2725 4819 2783 4874 In
2804 4820 2956 4874 nobis
2983 4821 3140 4890 igitur
3161 4817 3406 4872 novimus
3423 4816 3551 4888 quid

1966 4915 2032 4968 sit
2059 4914 2254 4982 justus.
2295 4912 2410 4968 Non
2459 4913 2599 4967 enim
2647 4911 2770 4966 alibi
2817 4911 2916 4966 hoc
2948 4909 3180 4974 invenio,
3212 4922 3330 4961 cum
3371 4923 3554 4976 qua‘ro

1967 5014 2024 5059 ut
2052 5003 2150 5060 hoc
2179 5005 2422 5076 eloquar,
2455 5005 2554 5062 nisi
2584 5003 2720 5074 apud
2751 5018 2836 5058 me
2858 5003 3060 5072 ipsum:
3091 5009 3145 5056 et
3165 4999 3208 5054 si
3230 4999 3550 5070 interrogem

1964 5099 2124 5152 alium
2173 5097 2298 5168 quid
2347 5097 2416 5150 sit
2459 5097 2658 5166 justus,
2700 5093 2840 5166 apud
2883 5110 2942 5150 se
2986 5094 3155 5164 ipsum
3199 5091 3390 5162 qumrit
3425 5089 3552 5160 quid

1963 5189 2314 5258 respondeat;
2347 5199 2398 5248 et
2426 5191 2666 5260 quisquis
2711 5173 2854 5242 hinc
2877 5202 3060 5241 verum
3101 5184 3422 5256 respondere
3453 5199 3549 5253 po-

1966 5281 2083 5348 tuit,
2109 5280 2246 5352 apud
2274 5297 2332 5336 se
2363 5281 2536 5351 ipsum
2563 5283 2685 5350 quid
2717 5277 3064 5350 responderet
3095 5277 3317 5334 invenit.
3342 5273 3553 5330 EtCar-

1966 5374 2233 5444 thaginem
2265 5373 2479 5442 quidem
2522 5388 2642 5428 eum
2691 5370 2867 5440 eloqui
2908 5369 3050 5436 volo,
3082 5369 3220 5439 apud
3263 5386 3350 5426 me
3377 5369 3548 5439 ipsum

1962 5479 2143 5538 qmero
2171 5472 2228 5520 ut
2253 5463 2496 5533 eloquar,
2518 5471 2572 5516 et
2599 5461 2738 5531 apud
2769 5476 2853 5515 me
2879 5461 3050 5530 ipsum
3083 5459 3294 5518 invenio
3323 5460 3548 5531 phanta-

1962 5555 2094 5608 siam
2124 5553 2458 5623 Carthaginis
2481 5571 2492 5605 :
2515 5552 2610 5607 sed
2641 5567 2758 5606 eam
2789 5567 2884 5621 per
2927 5567 3122 5622 corpus
3153 5553 3353 5624 accepi,
3388 5552 3438 5608 id
3466 5561 3550 5607 est

1961 5661 2056 5718 per
2082 5645 2321 5718 corporis
2341 5660 2581 5714 sensum,
2609 5643 2860 5716 quoniam
2893 5659 3131 5714 praesens
3157 5645 3208 5700 in
3239 5661 3300 5701 ea
3324 5658 3550 5714 corpore

1973 5823 1978 5826 ’
2028 5828 2045 5860 ι
2081 5823 2301 5888 Plerique
2323 5828 2464 5875 uss:
2489 5819 2538 5875 si
2558 5825 2699 5874 extra
2717 5833 2862 5885 quam
2883 5834 2966 5875 nos
2987 5819 3202 5874 novitate.
