4076 6452
537 458 644 518 955
1631 444 1720 502 DE
1757 442 2125 500 TRINITATE

535 572 630 639 ini,
664 578 719 627 et
745 584 864 627 eam
890 566 995 622 vidi
1020 572 1179 635 atque
1218 560 1380 626 sensi,
1422 558 1788 627 memoriaque
1819 556 2033 623 retinui,
2064 563 2121 610 ιιι

538 661 679 733 apud
709 676 794 716 me
820 658 1111 715 invenirem
1140 655 1207 710 de
1234 652 1319 708 illa
1346 650 1588 713 verbum,
1634 664 1757 703 cum
1782 663 1899 703 eam
1927 648 2123 702 vellem

528 755 737 810 dicere.
766 752 879 821 ipsa
900 749 1039 805 enim
1061 743 1338 818 phantasia
1356 742 1471 810 ejus
1498 741 1553 794 in
1584 738 1839 793 memoria
1868 753 1984 792 mea
2008 753 2126 792 ver-

541 845 668 899 hum
698 843 834 910 ejus,
866 855 971 894 non
1025 851 1190 892 sonus
1234 834 1336 888 iste
1376 831 1683 902 trisyllabus
1711 845 1833 884 cum
1859 828 2124 898 Carthago

550 934 872 997 nominatur,
900 930 982 983 vel
1012 928 1172 983 etiam
1204 924 1359 979 tacite
1396 937 1593 977 nomen
1625 922 1794 989 ipsum
1832 934 1928 990 per
1955 919 2123 988 spatia

542 1038 840 1094 temporum
869 1022 1159 1089 cogitatur;
1193 1018 1283 1072 sed
1317 1014 1443 1069 illud
1488 1013 1629 1084 quod
1675 1012 1730 1067 in
1762 1011 1957 1085 animo
2002 1024 2124 1065 meo

538 1094 721 1181 cerno,
754 1129 874 1168 cum
916 1112 1017 1167 hoc
1063 1108 1396 1181 trisyllabum
1437 1120 1569 1160 voce
1602 1103 1832 1175 profero,
1860 1102 1942 1157 vel
1968 1110 2123 1157 ante-

540 1220 699 1277 quam
733 1202 1018 1273 profcram.
1046 1202 1134 1256 Sic
1157 1210 1210 1255 et
1235 1197 1607 1253 Alexandriam
1632 1210 1752 1250 cum
1781 1194 1956 1263 eloqui
1976 1193 2117 1259 volo,

541 1313 699 1367 quam
730 1310 998 1366 nunquam
1028 1292 1155 1358 vidi,
1186 1297 1383 1361 ιιι-(εειο
1413 1296 1496 1344 εει
1521 1287 1659 1357 apud
1688 1302 1773 1342 me
1809 1285 2123 1355 phantasma

540 1389 676 1457 ejus.
718 1386 849 1443 Cum
897 1386 1038 1439 enim
1079 1400 1111 1440 a
1154 1382 1333 1437 multis
1373 1381 1638 1434 audissem
1679 1387 1736 1433 et
1778 1377 2123 1432 credidissem

540 1495 783 1549 magnam
806 1493 927 1534 esse
955 1478 1098 1532 illam
1128 1474 1337 1540 urbem,
1363 1472 1500 1526 sicut
1528 1469 1658 1524 mihi
1698 1468 1901 1524 narrari
1934 1468 2121 1538 potuit,

544 1569 667 1625 liaxi
698 1571 877 1624 animo
909 1583 1027 1623 meo
1067 1566 1349 1636 imaginem
1394 1562 1509 1632 ejus
1534 1576 1693 1632 quam
1724 1560 1865 1630 potui
1892 1578 1906 1613 :
1935 1568 1990 1614 et
2019 1558 2125 1614 hoc

540 1670 624 1715 est
649 1659 786 1729 apud
813 1675 900 1715 me
925 1658 1145 1713 verbum
1171 1660 1308 1726 ejus,
1332 1668 1455 1708 cum
1475 1667 1593 1707 eam
1618 1651 1741 1705 volo
1761 1650 1961 1713 dicere,
1984 1658 2128 1704 aute-

540 1766 700 1821 quam
733 1765 863 1805 voce
901 1750 1134 1819 quinque
1159 1745 1390 1817 syllabas
1419 1742 1710 1814 proferam,
1756 1740 1897 1811 quod
1929 1754 2126 1795 nomen

544 1842 657 1909 ejus
682 1840 794 1895 fere
824 1840 1070 1894 omnibus
1096 1847 1277 1891 notum
1305 1845 1407 1891 est.
1431 1834 1599 1901 Quam
1633 1844 1808 1888 tamen
1841 1831 2125 1902 imaginem

542 1932 586 1985 si
612 1947 674 1985 ex
697 1930 875 1984 animo
898 1944 1017 1983 meo
1046 1927 1283 1999 proferre
1313 1940 1523 1995 possem
1552 1923 1619 1978 ad
1647 1924 1831 1978 oculos
1853 1923 2127 1977 hominum

544 2022 635 2091 qui
667 2019 1040 2074 Alexandriam
1071 2024 1353 2083 noverunt,
1387 2015 1625 2085 profecto
1650 2026 1741 2069 aut
1767 2028 1955 2068 omnes
1979 2013 2127 2069 dice-

544 2122 686 2176 rent,
710 2112 822 2166 Non
845 2122 927 2167 est
951 2112 1094 2181 ipsa;
1133 2119 1225 2164 aut
1257 2109 1304 2163 si
1343 2107 1601 2173 dicerent,
1632 2106 1748 2177 ipsa
1775 2115 1873 2172 est,
1904 2106 2128 2160 multum

544 2206 789 2271 tnirarer,
818 2214 976 2275 atque
1003 2205 1215 2258 intuens
1249 2203 1302 2257 in
1331 2202 1511 2256 animo
1558 2215 1680 2255 meo
1711 2200 1900 2270 ipsam,
1952 2199 2003 2253 id
2049 2208 2132 2254 est

545 2296 825 2367 imaginem
855 2295 1005 2365 quasi
1038 2295 1295 2364 picturam
1325 2292 1460 2363 ejus,
1485 2292 1653 2362 ipsam
1681 2301 1853 2346 tamen
1880 2305 1999 2347 esse
2033 2306 2132 2346 ne-

545 2385 760 2452 scirem,
783 2385 876 2439 sed
903 2384 981 2439 eis
999 2383 1273 2439 crederem
1303 2383 1393 2451 qui
1412 2382 1578 2436 visam
1606 2388 1870 2436 tenerent.
1896 2380 2012 2435 Non
2034 2395 2131 2434 au—

547 2484 653 2530 tcm
686 2477 755 2530 ita
784 2492 966 2546 quer
990 2475 1117 2546 quid
1143 2475 1211 2530 sit
1233 2475 1430 2545 justus,
1460 2489 1559 2528 nec
1590 2474 1659 2528 ita
1688 2473 1919 2538 invenio,
1935 2488 2033 2529 nec
2058 2472 2131 2527 ita

547 2566 780 2632 intueor,
812 2582 931 2621 cum
958 2566 1009 2621 id
1039 2566 1288 2636 eloquor;
1322 2580 1422 2619 nec
1445 2565 1513 2618 ita
1538 2564 1751 2634 probor,
1767 2578 1885 2617 cum
1913 2563 2128 2628 audior;

548 2670 649 2710 nec
676 2656 745 2709 ita
770 2656 955 2725 probo,
979 2670 1099 2711 cum
1121 2655 1314 2720 audio;
1345 2655 1495 2725 quasi
1524 2654 1626 2708 tale
1652 2652 1849 2723 aliquid
1874 2651 2043 2707 oculis
2063 2652 2135 2707 vi-

547 2747 740 2814 derim,
785 2757 878 2803 aut
915 2748 1023 2802 ullo
1060 2748 1300 2818 corporis
1328 2762 1489 2803 sensu
1519 2746 1819 2811 didicerim,
1851 2754 1942 2799 aut
1963 2744 2031 2799 ab
2055 2744 2134 2800 eis

548 2840 637 2909 qui
662 2840 730 2893 ita
757 2839 1066 2894 didicissent
1086 2837 1365 2893 audierim.
1396 2834 1526 2891 Cum
1554 2838 1696 2892 enim
1725 2831 1844 2891 diéo
1879 2846 1934 2891 et
1960 2834 2136 2890 sciens

551 2931 693 2995 dico,
725 2930 906 2985 Justus
935 2940 1016 2985 est
1042 2932 1251 2985 animus
1280 2930 1367 2999 qui
1394 2930 1616 2984 scientia
1647 2936 1808 2996 at'que
1845 2928 2050 2982 ratione
2081 2927 2135 2981 in

549 3024 655 3075 vita
685 3036 750 3077 ac
779 3021 1014 3077 moribus
1045 3037 1139 3076 sua
1185 3023 1377 3091 cuique
1420 3020 1713 3087 distribuit;
1762 3037 1866 3075 non
1906 3020 2135 3091 aliquam

552 3128 667 3167 rem
698 3112 973 3166 absentem
1016 3112 1212 3181 cogito,
1252 3112 1388 3165 sicut
1430 3111 1824 3180 Carthaginem,
1869 3119 1959 3163 aut
2000 3109 2137 3179 ﬁngo

553 3212 612 3256 ut
640 3218 875 3271 possum,
915 3202 1055 3258 sicut
1084 3202 1479 3267 Alexandriam,
1512 3203 1627 3257 sive
1658 3202 1727 3256 ita
1755 3202 1842 3265 sit,
1891 3202 2003 3255 sive
2033 3217 2136 3255 non

558 3295 627 3347 ita
650 3312 662 3346 ι
685 3293 780 3348 sed
813 3308 1049 3362 prmsens
1084 3292 1336 3363 quiddam
1374 3308 1555 3357 cerno,
1586 3300 1640 3347 ει
1667 3307 1829 3346 cerno
1868 3292 2004 3360 apud
2032 3308 2136 3357 me,

554 3386 654 3439 etsi
685 3401 786 3439 non
814 3400 931 3439 sum
961 3385 1073 3454 ipsc
1102 3384 1243 3455 quod
1266 3399 1448 3447 cerno,
1478 3394 1532 3439 et
1560 3385 1708 3439 multi
1730 3385 1772 3438 si
1800 3384 2015 3438 audiant
2043 3399 2139 3454 ap~

557 3478 877 3547 probabunt.
907 3478 970 3532 Et
1000 3477 1240 3547 quisquis
1284 3493 1369 3533 me
1407 3478 1553 3531 audit
1580 3487 1739 3547 atque
1785 3477 2016 3532 scienter
2044 3492 2141 3547 ap-

556 3567 764 3636 probat,
794 3567 929 3636 apud
959 3583 1019 3622 se
1045 3576 1099 3622 et
1136 3568 1248 3636 ipse
1277 3566 1379 3622 hoc
1406 3567 1545 3621 idem
1571 3567 1761 3634 cernit,
1792 3567 1999 3621 etiamsi
2033 3583 2137 3620 non

553 3660 625 3714 sit
660 3670 714 3715 et
742 3659 855 3730 ipse
881 3660 1022 3731 quod
1053 3661 1242 3714 cernit.
1272 3658 1455 3714 Justus
1495 3674 1622 3713 vero
1660 3672 1779 3712 cum
1821 3658 1872 3711 id
1901 3657 2050 3721 dicit,
2089 3658 2140 3712 id

554 3750 695 3820 quod
723 3751 835 3820 ipse
862 3761 944 3804 est
971 3750 1142 3805 cernit
1167 3758 1221 3805 et
1241 3749 1389 3805 dicit.
1422 3749 1489 3803 Et
1508 3748 1595 3803 ubi
1621 3749 1780 3803 etiam
1810 3747 1923 3817 ipse
1945 3747 2138 3816 cernit,

555 3843 657 3898 nisi
685 3842 823 3912 apud
849 3858 908 3897 se
936 3841 1144 3911 ipsum?
1168 3842 1273 3897 Sed
1300 3841 1399 3896 hoc
1424 3842 1617 3895 mirum
1638 3855 1740 3893 non
1756 3849 1837 3894 est
1856 3857 1868 3892 :
1890 3839 1977 3894 ubi
1997 3839 2139 3892 enim

558 3950 617 3990 se
641 3942 903 3999 cerneret,
936 3934 1037 3989 nisi
1064 3932 1205 4002 apud
1231 3948 1289 3987 se
1317 3932 1523 4003 ipsum?
1551 3932 1680 3986 Illud
1709 3930 1952 3985 mirabile
1972 3937 2054 3984 est
2084 3938 2141 3984 ut

557 4024 695 4094 apud
723 4040 780 4079 se
805 4025 1012 4079 animus
1040 4025 1212 4078 videat
1255 4022 1397 4093 quod
1441 4022 1562 4075 alibi
1604 4036 1861 4091 nusquam
1908 4019 2058 4085 vidit,
2087 4028 2143 4074 ει

559 4130 743 4169 verum
766 4114 961 4182 videat,
987 4122 1043 4169 et
1059 4114 1230 4183 ipsum
1248 4128 1430 4166 verum
1453 4112 1655 4181 justum
1677 4112 1910 4165 animum
1942 4110 2141 4175 videat,

560 4214 614 4260 ει
635 4206 699 4257 sit
726 4205 837 4272 ipsc
858 4204 1068 4259 animus
1095 4211 1149 4258 et
1174 4217 1279 4257 non
1298 4203 1551 4271 sitjustns
1576 4203 1807 4269 animus,
1824 4217 1981 4272 quem
2003 4201 2142 4271 apud

559 4310 618 4349 se
646 4295 816 4363 ipsum
838 4294 999 4349 videt.
1020 4293 1153 4347 Num
1185 4303 1266 4348 est
1294 4294 1428 4349 alius
1454 4292 1662 4347 animus
1686 4293 1860 4363 justus
1885 4295 1936 4347 in
1963 4294 2142 4349 animo

560 4387 796 4441 nondum
818 4386 998 4456 justo?
1029 4388 1129 4441 Aut
1161 4386 1203 4440 si
1237 4401 1339 4439 non
1371 4394 1473 4452 est,
1505 4402 1663 4455 quem
1708 4386 1777 4440 ibi
1823 4386 1986 4452 videt,
2018 4402 2140 4442 cum

559 4478 704 4531 videt
741 4486 795 4533 et
822 4478 953 4532 dicit
982 4477 1106 4547 quid
1138 4476 1206 4530 sit
1229 4477 1436 4531 animus
1456 4477 1652 4547 justus,
1689 4493 1786 4532 nec
1829 4478 1952 4532 alibi
1982 4495 2140 4549 quam

560 4572 616 4626 in
646 4586 704 4626 se
732 4571 848 4640 ipso
868 4570 1029 4637 videt,
1061 4586 1182 4625 cum
1211 4571 1323 4640 ipse
1351 4586 1458 4626 non
1485 4572 1554 4625 sit
1582 4572 1792 4625 animus
1822 4571 2035 4642 justus?
2060 4573 2139 4628 An

564 4664 694 4719 illud
725 4663 864 4733 quod
906 4663 1068 4729 videt,
1113 4664 1308 4719 veritas
1339 4674 1420 4718 est
1451 4663 1671 4718 interior
1704 4678 1936 4732 praesens
1963 4665 2143 4718 animo

560 4756 651 4825 qui
682 4770 799 4810 eam
830 4754 969 4810 Valet
1015 4754 1244 4809 intueri?
1271 4753 1452 4823 Neque
1495 4768 1681 4807 omnes
1726 4754 1901 4809 valent
1930 4772 1942 4807 :
1972 4763 2027 4809 ct
2053 4756 2141 4825 qui

563 4850 754 4904 intueri
788 4849 985 4915 valent,
1027 4847 1129 4903 hoc
1170 4848 1329 4901 etiam
1357 4847 1495 4916 quod
1528 4847 1798 4901 intuentur
1825 4862 1928 4901 non
1956 4862 2143 4902 omnes

561 4951 707 5008 sunt,
739 4942 839 4997 hoc
867 4951 968 5008 est,
1000 4955 1105 4995 non
1149 4947 1273 4994 sunt
1314 4940 1474 4993 etiam
1506 4939 1602 5007 ipsi
1638 4939 1765 5009 justi
1797 4940 1976 5004 animi,
2008 4940 2145 4994 sicut

562 5041 787 5103 possunt
814 5032 994 5087 videre
1023 5046 1083 5084 ac
1109 5030 1287 5085 dicere
1308 5028 1432 5100 quid
1460 5029 1718 5098 sitjustns
1744 5031 1970 5084 animus.
1992 5030 2143 5097 Quod

560 5124 705 5179 unde
744 5139 861 5179 esse
891 5122 1195 5193 poterunt‘,
1241 5121 1342 5174 nisi
1374 5119 1680 5173 inhzcrendo
1706 5120 1878 5174 eidem
1906 5121 2003 5189 ipsi
2035 5119 2142 5174 for-

564 5230 665 5270 ma:
693 5230 849 5285 quam
883 5214 1175 5278 intuentur,
1209 5220 1266 5265 ut
1311 5209 1433 5265 inde
1475 5208 1776 5263 formentur
1800 5219 1855 5263 ct
1884 5211 1991 5264 sint
2012 5210 2143 5279 justi

563 5308 757 5372 animi;
786 5322 889 5360 non
923 5314 1123 5359 tantum
1152 5311 1433 5359 cernentes
1458 5310 1513 5356 et
1541 5300 1781 5356 dicentes
1806 5300 2006 5369 justum
2027 5317 2146 5358 esse

564 5399 800 5454 animum
833 5399 922 5468 qui
950 5397 1168 5452 scientia
1201 5404 1361 5466 atque
1386 5394 1592 5450 ratione
1621 5395 1671 5447 in
1705 5393 1807 5447 vita
1831 5409 1891 5449 ac
1910 5394 2147 5449 moribus

565 5506 660 5544 sua
700 5490 894 5559 cuique
921 5489 1209 5555 distribuit,
1238 5487 1331 5543 sed
1359 5488 1518 5543 etiam
1564 5496 1622 5541 ut
1659 5487 1756 5557 ipsi
1800 5487 1942 5557 juste
1970 5487 2146 5543 vivant

566 5582 808 5653 justeque
834 5583 1024 5637 morati
1052 5583 1179 5650 sint,
1208 5598 1301 5635 sua
1330 5581 1522 5652 cuique
1552 5579 1937 5645 distribuendo,
1970 5588 2021 5633 ut
2056 5596 2149 5634 ne-

566 5674 694 5730 mini
712 5671 999 5742 quidquam
1022 5672 1270 5737 debeant,
1295 5671 1392 5725 nisi
1417 5680 1472 5725 ut
1489 5671 1713 5725 invicem
1731 5671 1951 5741 diligant
1971 5669 2145 5741 (Rom.

567 5781 684 5831 xt't,
714 5765 789 5835 8).
826 5764 892 5818 Et
927 5762 1067 5818 unde
1099 5763 1389 5818 inltwrctur
1420 5762 1492 5817 illi
1521 5762 1721 5826 formae,
1753 5777 1853 5816 ntst
1879 5761 2148 5818 amando?

634 5878 653 5908 ⁸
688 5875 823 5936 aditi,
848 5881 1112 5941 potuerunt.
1140 5881 1195 5925 Αι
1216 5872 1389 5923 melius
1413 5881 1501 5922 \tss
1525 5907 1539 5935 ,
1563 5878 1797 5935 poterunt.

2132 484 2145 508 ,
2185 441 2242 497 S.
2282 441 2644 499 AUGUSTINI

2232 554 2342 609 Cur
2370 570 2498 625 ergo
2522 555 2682 610 alium
2710 554 2975 626 diligimus
3011 570 3169 627 quem
3211 554 3477 610 caedimus
3499 553 3728 625 justum,
3755 563 3816 611 et

2230 661 2335 700 non
2362 645 2628 717 diligimus
2654 648 2822 718 ipsam
2849 646 3073 702 formam
3098 648 3189 702 ubi
3215 647 3455 702 videmus
3483 646 3610 717 quid
3639 647 3713 700 sit
3728 645 3818 715 ju-

2230 748 2343 791 stus
2370 738 2601 804 animus,
2647 746 2706 792 ut
2733 746 2788 793 et
2813 753 2911 793 nos
2931 737 3062 808 justi
3092 754 3211 793 esse
3249 737 3547 808 possimus?
3575 737 3655 792 An
3683 751 3817 792 γεω

2230 827 2330 881 nisi
2357 836 2412 882 et
2442 828 2595 883 istam
2622 826 2987 899 diligeremus,
3032 829 3179 884 nullo
3215 829 3374 884 modo
3401 844 3525 883 eum
3564 828 3819 898 diligere-
3840 886 3858 899 ί
3901 883 3908 888 .

2228 934 2349 973 mus
2385 934 2544 990 quem
2581 886 2849 991 diligimus
2876 935 2941 975 ex
2984 920 3107 987 ista,
3144 920 3240 977 sed
3276 920 3402 975 dum
3427 920 3558 990 justi
3585 886 3693 974 non
3721 886 3858 993 su-,f

2230 1023 2369 1074 mus,
2400 1010 2579 1066 minus
2605 1026 2725 1067 eam
2750 1011 3019 1083 diligimus
3043 1027 3202 1081 quam
3240 1022 3300 1066 ut
3333 1011 3463 1082 justi
3491 1026 3615 1067 esse
3638 1009 3819 1065 valea-

2229 1100 2382 1155 mus?
2408 1100 2579 1157 Homo
2602 1117 2729 1173 ergo
2754 1104 2844 1174 qui
2872 1102 3111 1159 creditur
3128 1102 3324 1173 justus,
3354 1117 3422 1158 ex
3469 1117 3534 1158 ea
3564 1104 3738 1156 forma
3763 1110 3820 1157 et

2228 1193 2453 1248 veritate
2481 1193 2739 1264 diligitur,
2762 1209 2923 1264 quam
2949 1194 3121 1250 cernit
3148 1202 3203 1249 et
3228 1193 3470 1265 intelligit
3493 1192 3637 1265 apud
3653 1192 3820 1249 scille

2227 1287 2319 1357 qui
2347 1285 2554 1356 diligit:
2585 1287 2697 1357 ipsa
2742 1302 2870 1343 vero
2909 1287 3079 1343 forma
3108 1295 3164 1343 et
3204 1288 3401 1343 veritas
3432 1301 3538 1341 non
3564 1294 3651 1342 est
3676 1299 3819 1356 quo-

2230 1376 2392 1431 modo
2419 1377 2635 1432 aliunde
2662 1377 2934 1448 diligatur.
2980 1378 3162 1448 Neque
3204 1378 3347 1433 enim
3391 1376 3696 1433 invenimus
3720 1374 3820 1429 sli-

2229 1466 2356 1536 quid
2381 1468 2484 1522 tale
2512 1476 2708 1536 praeter
2733 1470 2924 1538 ipsam,
2964 1478 3024 1522 nt
3060 1484 3202 1535 eam,
3244 1483 3368 1523 cum
3410 1467 3679 1537 incognita
3709 1474 3819 1534 est,

2230 1555 2500 1612 credendo
2525 1557 2826 1627 diligamus,
2856 1574 2923 1614 ex
2946 1573 3014 1613 eo
3038 1558 3180 1629 quod
3202 1558 3313 1628 jam
3343 1559 3447 1613 tale
3472 1556 3673 1629 aliquid
3717 1572 3822 1612 no-

2230 1650 2421 1705 vimus.
2444 1650 2710 1720 Quidquid
2735 1651 2876 1705 enim
2904 1651 3009 1705 tale
3033 1650 3330 1719 aspexeris,
3361 1649 3473 1719 ipsa
3498 1657 3581 1705 est
3601 1668 3615 1704 :
3635 1659 3691 1707 et
3706 1665 3819 1706 non

2231 1749 2315 1798 est
2332 1741 2620 1811 quidquam
2651 1742 2776 1806 tale,
2807 1739 3058 1811 quoniam
3085 1741 3199 1795 sola
3229 1740 3341 1810 ipsa
3372 1739 3494 1794 talis
3518 1748 3624 1807 est,
3648 1740 3824 1809 quali

2232 1834 2346 1905 ipsa
2374 1842 2477 1889 est.
2503 1834 2604 1902 Qui
2633 1849 2762 1905 ergo
2784 1844 2929 1889 amat
2957 1834 3224 1899 homines,
3250 1843 3342 1888 aut
3368 1834 3491 1904 quia
3507 1833 3638 1903 justi
3667 1841 3817 1901 sunt,

2231 1932 2323 1979 ant
2338 1934 2393 1979 ut
2404 1924 2528 1995 justi
2547 1926 2674 1993 sint,
2700 1940 2882 1981 amare
2908 1924 3086 1981 debet.
3105 1924 3193 1982 Sic
3218 1926 3362 1981 enim
3386 1934 3441 1980 et
3465 1926 3822 1996 semetipsum

2231 2030 2413 2070 amare
2441 2015 2618 2080 debet,
2649 2025 2739 2070 aut
2763 2017 2885 2086 quia
2926 2016 3105 2086 justus
3143 2025 3252 2084 est,
3283 2024 3375 2070 aut
3402 2024 3460 2070 ut
3497 2016 3677 2085 justus
3713 2014 3820 2071 sit:

2232 2107 2311 2163 sic
2352 2107 2494 2161 enim
2540 2107 2711 2177 diligit
2754 2108 3058 2177 proximum
3104 2116 3353 2178 tanquam
3395 2121 3456 2162 se
3500 2106 3676 2176 ipsum
3701 2106 3825 2161 sine

2233 2200 2344 2254 ullo
2370 2199 2624 2269 periculo.
2653 2198 2753 2265 Qui
2780 2199 2923 2254 enim
2951 2199 3107 2255 aliter
3128 2214 3188 2254 se
3214 2198 3403 2269 diligit,
3445 2197 3642 2268 injuste
3661 2212 3722 2253 se
3740 2196 3826 2253 di-

2234 2290 2367 2361 ligit,
2399 2290 2650 2360 quoniam
2672 2304 2732 2345 se
2757 2289 2823 2344 ad
2846 2289 2947 2344 hoc
2965 2289 3135 2359 diligit
3155 2298 3213 2343 ut
3238 2289 3306 2343 sit
3335 2288 3595 2358 iniustus:
3619 2286 3687 2341 ad
3712 2287 3823 2342 hoc

2234 2398 2365 2453 ergo
2384 2391 2443 2438 ut
2466 2383 2538 2439 sit
2563 2383 2757 2448 malus,
2787 2397 2852 2438 ac
2881 2398 2976 2453 per
3000 2382 3102 2438 hoc
3122 2382 3234 2452 jam
3262 2397 3369 2437 non
3398 2397 3459 2438 se
3492 2381 3682 2452 diligit.
3718 2380 3826 2449 Qui

2235 2474 2380 2529 enim
2430 2474 2597 2546 diligit
2638 2474 2982 2545 iniquitatem,
3034 2473 3141 2529 odit
3183 2473 3407 2528 animum
3447 2488 3590 2528 suam
3639 2469 3825 2544 (Psal.

2236 2578 2292 2631 ι,
2321 2565 2403 2633 6).

2306 2655 2533 2712 CAPUT
2560 2655 2674 2713 VII.
2694 2655 2875 2711 ~10.
2913 2653 2995 2710 De
3016 2671 3134 2710 uera
3161 2656 3443 2718 dilectione,
3471 2671 3562 2726 per
3583 2670 3741 2726 quam
3758 2653 3831 2708 ad

2236 2748 2503 2805 Trinitatis
2565 2749 2902 2820 cognitionem
2946 2749 3251 2819 pervenitur.
3308 2748 3620 2816 Quwrendus
3662 2745 3826 2815 Deus,

2238 2858 2342 2897 non
2371 2842 2613 2909 exterius,
2644 2840 2929 2913 appetendo
2953 2841 3084 2896 mira
3109 2844 3278 2911 facere
3318 2857 3432 2895 eum
3469 2840 3709 2912 Angelis;
3736 2839 3830 2896 sed

2238 2936 2473 3001 interius,
2499 2935 2746 2995 imitando
2771 2935 3013 2988 bonorum
3054 2934 3362 3005 Angelorum
3391 2934 3647 3004 pietatem.
3674 2933 3828 3003 Qua-

2243 3036 2460 3097 propter
2478 3013 2583 3080 n’on
2604 3034 2687 3080 est
2707 3027 2972 3096 praecipue
2993 3025 3280 3080 videndum
3304 3025 3355 3078 in
3383 3024 3481 3078 hac
3499 3024 3823 3094 quastione,

2240 3133 2362 3188 quze
2389 3118 2458 3173 de
2506 3116 2765 3172 Trinitate
2793 3118 2946 3171 nobis
2973 3125 3075 3184 est,
3107 3125 3162 3172 et
3188 3116 3255 3171 de
3292 3114 3668 3186 cognoscendo
3693 3116 3827 3183 Deo,

2242 3208 2342 3263 nisi
2364 3206 2490 3277 quid
2515 3207 2584 3261 sit
2612 3223 2736 3262 vera
2762 3206 2998 3274 dilectio,
3030 3207 3139 3261 imo
3161 3222 3290 3261 vero
3317 3205 3441 3277 quid
3471 3207 3543 3261 sit
3578 3205 3822 3262 dilectio.

2244 3298 2319 3353 Ea
2348 3301 2545 3369 quippe
2586 3298 2804 3353 dilectio
2831 3298 3055 3354 dicenda
3087 3308 3189 3364 est,
3222 3315 3342 3369 qua:
3386 3314 3515 3354 vera
3544 3307 3659 3363 est;
3693 3299 3829 3353 alio-

2243 3392 2369 3459 quin
2398 3388 2660 3458 cupiditas
2685 3400 2766 3443 est
2790 3408 2802 3443 :
2828 3397 2987 3459 atque
3018 3390 3087 3444 ita
3114 3390 3291 3460 cupidi
3319 3390 3545 3444 abusive
3575 3388 3832 3444 dicuntur

2242 3479 2487 3550 diligere,
2516 3478 2963 3549 quemadmodum
2989 3495 3184 3550 cupere
3211 3480 3430 3535 abusive
3459 3479 3716 3535 dicuntur
3741 3480 3833 3550 qui

2244 3571 2491 3641 diligunt.
2524 3571 2648 3626 lla-c
2673 3580 2757 3625 est
2780 3582 2958 3625 autem
2987 3587 3111 3627 vera
3143 3572 3377 3637 dilectio,
3420 3579 3479 3625 ut
3507 3571 3834 3627 inhaerentes

2246 3662 2451 3716 veritati
2474 3662 2619 3731 juste
2656 3663 2898 3716 vivamus
2931 3680 2945 3714 :
2977 3670 3031 3716 et
3069 3661 3189 3717 idco
3216 3673 3628 3718 contemnamus
3655 3663 3834 3731 omnia

2246 3750 2524 3805 mortalia‘
2563 3766 2672 3820 pra:
2716 3766 2901 3806 amore
2950 3751 3251 3818 hominum,
3292 3767 3401 3820 quo
3443 3767 3541 3807 eos
3588 3750 3837 3808 voluimus

2240 3840 2386 3910 juste
2415 3841 2614 3896 vivere.
2646 3840 2722 3895 Ita
2758 3842 2899 3895 enim
2946 3853 3000 3897 et
3043 3845 3176 3897 mori
3211 3858 3307 3912 pro
3336 3843 3587 3898 fratribus
3631 3844 3838 3899 utiliter

2246 3930 2412 4000 parati
2444 3945 2563 3986 esse
2582 3932 2893 4001 poterimus,
2912 3934 3052 4002 quod
3081 3918 3182 3989 nos
3209 3935 3464 3989 Dominus
3486 3933 3647 3989 Jesus
3672 3935 3837 3991 Chri-

2246 4030 2359 4076 stus
2388 4024 2635 4090 excmplo
2677 4038 2776 4077 suo
2823 4023 3024 4078 docuit.
3072 4024 3203 4080 Cum
3243 4027 3384 4081 enim
3429 4027 3535 4081 duo
3567 4036 3839 4097 prmcepta

2246 4113 2352 4167 sint
2391 4115 2443 4168 in
2481 4114 2676 4184 quibus
2703 4124 2809 4169 tota
2837 4116 2946 4171 Lex
2980 4118 3176 4185 pendet
3201 4128 3255 4173 et
3281 4118 3585 4187 Prophetas,
3614 4120 3841 4175 dilectio

2247 4205 2339 4260 Dei
2368 4214 2421 4260 ct
2447 4205 2661 4262 dilectio
2687 4208 2913 4277 proximi
2945 4208 3156 4277 (Matth.
3189 4209 3557 4279 311.5740);
3588 4225 3695 4263 non
3728 4210 3839 4265 im-

2248 4300 2441 4351 merito
2470 4297 2783 4369 plerumque
2804 4300 3077 4369 Scriptura
3104 4317 3199 4371 pro
3221 4310 3447 4373 utroque
3473 4318 3630 4357 unum
3646 4303 3837 4374 ponit:

2246 4390 2363 4445 sive
2392 4400 2595 4445 tantum
2628 4392 2741 4457 Dei,
2774 4394 2928 4447 sicuti
2956 4402 3039 4448 est
3066 4395 3216 4460 illud,
3258 4395 3463 4451 Scimus
3482 4397 3726 4467 quoniam
3753 4398 3839 4453 di-

2248 4482 2512 4577 ligentibus
2556 4481 2723 4577 Deum
2763 4485 2932 4538 omnia
2961 4496 3300 4577 chpewtti
3339 4488 3393 4541 in
3439 4490 3625 4542 bonum
3654 4488 3837 4559 (Rom.

2248 4549 2363 4638 vin,
2394 4571 2521 4644 28);
2553 4584 2609 4628 et
2631 4573 2844 4639 iterum,
2877 4549 3309 4646 Ωιιὶἇιιιὶῖῖιῖίεῖι
3334 4579 3499 4649 diligit
3525 4549 3721 4644 Deum,
3751 4581 3835 4636 Itis

2248 4664 2476 4732 cognitus
2505 4673 2580 4717 est
2618 4664 2679 4717 ab
2707 4666 2795 4719 illo
2824 4666 2864 4736 (Ι
2894 4665 3012 4721 Cor.
3043 4683 3156 4732 vttt,
3188 4666 3281 4739 5);
3311 4679 3364 4724 et
3394 4669 3545 4734 illud,
3580 4669 3845 4736 Quoniam

2248 4756 2470 4809 charitas
2498 4755 2590 4810 Dei
2612 4756 2803 4823 (li/fusa
2830 4767 2901 4813 est
2921 4760 2977 4812 in
2994 4760 3232 4815 cordibus
3254 4762 3437 4816 nostris
3465 4778 3557 4831 per
3581 4761 3842 4833 Spiritum

2248 4856 2475 4900 sanctum
2502 4851 2586 4917 qui
2611 4849 2761 4903 datus
2791 4861 2864 4905 est
2884 4852 3027 4907 nobis
3051 4852 3224 4924 (Rom.
3254 4870 3308 4921 γ,
3335 4856 3426 4926 5);
3448 4856 3623 4911 etalia
3646 4858 3839 4913 multa:

2249 4935 2368 5006 quia
2400 4946 2454 4991 ει
2479 4939 2566 5008 qui
2594 4938 2765 5010 diligit
2798 4942 2959 4997 Deum
2989 4958 3325 5012 consequens
3350 4956 3505 5001 estut
3523 4947 3844 5019 faciatquod

2252 5030 2503 5099 praecepit
2531 5030 2687 5097 Deus,
2719 5043 2773 5088 et
2799 5033 2851 5089 in
2881 5042 3083 5090 tantum
3110 5036 3283 5108 diligit
3311 5039 3362 5091 in
3392 5051 3648 5109 quantum
3686 5042 3842 5109 facit;

2249 5135 2584 5192 consequens
2610 5139 2738 5195 ergo
2764 5137 2841 5181 est
2872 5135 2928 5181 ut
2950 5137 3005 5182 et
3027 5129 3330 5197 proximum
3351 5130 3557 5200 diligat,
3583 5133 3710 5202 quia
3738 5133 3846 5189 hoc

2251 5214 2507 5285 praecepit
2549 5216 2741 5273 Deus:
2788 5217 2904 5275 sive
2959 5228 3161 5275 tantum
3212 5223 3441 5290 proximi
3493 5223 3844 5281 dilectionem

2253 5302 2525 5373 Scriptura
2556 5317 2961 5375 commemorat,
2984 5310 3123 5365 sicut
3144 5319 3229 5365 est
3255 5310 3405 5376 illud,
3436 5310 3663 5367 Invicem
3688 5330 3847 5369 onero

2253 5404 2415 5447 vestra
2439 5405 2651 5465 portate,
2684 5407 2729 5452 et
2752 5399 2825 5452 sic
2868 5399 3203 5472 adimplebitis
3229 5404 3387 5473 legem
3416 5403 3608 5460 Christi
3642 5405 3844 5472 (Colat.

2255 5499 2327 5548 vt,
2354 5484 2446 5555 2);
2470 5496 2524 5539 et
2554 5486 2700 5551 illttd,
2734 5488 2912 5545 Omnis
2936 5493 3069 5546 enim
3095 5493 3177 5547 lca:
3197 5495 3252 5547 in
3274 5511 3375 5548 uno
3397 5511 3630 5552 sermone
3657 5497 3848 5569 imple-

2256 5585 2356 5641 tur,
2385 5576 2517 5630 ineo
2543 5578 2678 5647 quod
2718 5581 2963 5649 scriptum
3009 5592 3100 5648 est,
3133 5582 3327 5654 Diliges
3369 5586 3659 5654 proximum
3700 5597 3849 5641 tuum

2258 5676 2498 5738 tanquam
2523 5676 2569 5722 te
2594 5672 2760 5743 ipsum
2792 5672 2903 5741 (Id.
2931 5690 2983 5740 v,
3017 5676 3137 5745 14);
3169 5686 3220 5731 ct
3245 5676 3295 5730 in
3325 5677 3633 5749 Evangelio.
3660 5679 3849 5734 Omnia

2257 5775 2583 5830 quacumque
2619 5762 2767 5816 vultis
2792 5774 2846 5818 ut
2876 5766 3066 5837 faciant
3094 5768 3229 5824 vobis
3260 5768 3508 5840 Itonttnes,
3554 5770 3628 5827 ita
3667 5780 3717 5827 et
3755 5787 3850 5829 eos

2323 5872 2338 5903 ι
2375 5875 2425 5919 tn
2448 5878 2573 5935 Mss,
2600 5874 2895 5937 temporalia.
