4076 6450
218 446 318 509 957

217 569 366 644 facit:
389 561 528 627 illis;
565 560 672 615 hac
691 557 826 614 enim
850 562 924 612 est
959 553 1069 611 ιη
1103 559 1150 607 et
1177 543 1681 644 Prophettewtxtth:
1703 555 1798 609 vn,

216 635 321 726 ᾖε).
355 657 424 713 Et
449 655 706 728 pleraque
733 651 837 707 alia
867 649 1166 720 reperimus
1191 646 1244 700 in
1270 641 1486 699 Litteris
1506 635 1800 728 sanctis,m

214 749 407 821 quibus
435 727 548 804 sola
574 743 793 802 dilectio
822 741 1046 813 proximi
1073 738 1140 794 ad
1173 735 1550 808 perfectionem
1582 727 1801 800 praecipi

215 842 444 906 videtur,
475 849 530 895 et
559 838 720 894 taceri
759 835 828 891 de
862 833 1148 890 dilectione
1187 829 1312 894 Dei;
1340 840 1462 882 cum
1490 825 1542 879 in
1574 829 1800 889 utroque

214 940 484 1004 praecepto
507 928 619 985 Lex
653 926 880 998 pendeat
905 931 961 980 et
986 920 1288 992 Prophetze.
1319 916 1424 973 Sed
1455 923 1508 970 et
1533 913 1635 968 hoc
1657 910 1796 977 ideo,

213 1025 332 1097 quia
361 1033 420 1081 et
444 1024 534 1096 qui
577 1022 876 1094 proximum
915 1018 1108 1088 diligit,
1139 1027 1475 1085 consequens
1525 1016 1608 1066 est
1645 1017 1705 1062 ut
1745 1016 1800 1061 et

212 1117 382 1188 ipsam
411 1113 678 1187 prtecipue
723 1109 1062 1168 dilectionem
1102 1106 1304 1178 diligat.
1336 1103 1475 1158 Deus
1503 1109 1683 1156 autem
1714 1097 1799 1151 di-

210 1209 358 1264 lectio
386 1217 482 1274 est,
528 1214 577 1262 et
621 1205 707 1274 qui
736 1212 904 1258 manet
951 1203 1004 1256 in
1049 1199 1334 1262 dilectione,
1379 1197 1432 1249 in
1480 1192 1588 1248 Deo
1630 1197 1799 1244 manet

211 1300 250 1370 (Ι
284 1298 446 1354 Joan.
481 1313 554 1365 tv,
591 1296 697 1367 lli).
737 1296 1087 1366 Consequens
1131 1305 1260 1361 ergo
1303 1297 1385 1345 est
1428 1294 1487 1341 ut
1528 1283 1796 1356 praecipue

211 1393 378 1448 Deum
409 1390 610 1461 diligat.
810 1388 823 1398 '
1066 1395 1068 1399 '

278 1485 369 1540 il.
412 1486 768 1553 Quapropter,
798 1479 885 1551 qui
913 1486 1158 1550 qmernnt
1186 1476 1353 1531 Deum
1391 1487 1490 1545 per
1519 1471 1649 1526 istas
1694 1468 1798 1524 Po-

209 1587 450 1643 testates,
482 1591 602 1648 qua:
645 1575 845 1631 mundo
891 1579 1128 1644 prtesnnt
1177 1569 1264 1625 vel
1307 1567 1545 1638 partibus
1590 1561 1794 1628 mundi,

203 1669 522 1725 auferuntur
547 1667 616 1724 ab
641 1683 707 1723 eo
743 1667 1004 1738 longeque
1027 1665 1330 1735 iactantur;
1364 1674 1470 1714 non
1502 1654 1796 1712 intervallis

205 1761 470 1826 locorum,
523 1759 618 1816 sed
663 1759 973 1816 diversitate
1019 1756 1301 1812 affectuum
1332 1752 1604 1807 :exterins
1650 1748 1794 1802 enim

203 1861 468 1910 conantur
498 1852 596 1919 ire,
627 1859 682 1907 ct
712 1850 968 1906 interiora
992 1863 1087 1904 sua
1114 1848 1389 1910 deserunt,
1419 1844 1612 1914 quibus
1653 1843 1793 1897 inte-

203 1947 316 2002 rior
339 1955 425 2002 est
458 1947 616 2001 Dens.
649 1943 833 2015 Itaque
858 1941 1069 1998 etiamsi
1098 1940 1348 2009 aliquam'
1369 1947 1608 1992 sanctam
1631 1935 1794 1990 coele-

200 2047 338 2092 stem
364 2034 695 2093 Potestatem
727 2034 812 2089 vel
839 2033 1124 2099 audierint,
1155 2031 1240 2087 vel
1268 2040 1552 2099 utcumque
1587 2026 1792 2096 cogita-

201 2131 399 2195 verint,
430 2128 565 2186 facta
584 2128 752 2204 magis
771 2127 888 2197 ejus
903 2132 1158 2196 appetunt
1175 2139 1292 2193 quae
1314 2121 1542 2177 humana
1568 2119 1794 2172 miratur

201 2221 508 2285 iulirmitas,
538 2235 642 2274 non
673 2219 950 2273 imitantur
978 2219 1227 2286 pietatem
1244 2227 1346 2282 qua
1373 2211 1550 2266 divina
1577 2207 1792 2278 requies

200 2321 559 2380 comparatur.
587 2311 786 2364 Malunt
813 2309 955 2364 enim
974 2305 1203 2377 superbe
1231 2305 1332 2358 hoc
1353 2317 1510 2373 posse
1532 2299 1672 2371 quod
1695 2313 1792 2353 an-

199 2407 368 2476 gelus,
398 2420 560 2476 quam
587 2404 779 2458 devote
807 2403 908 2456 hoc
935 2398 1215 2470 essequod
1240 2396 1478 2467 angelus.
1503 2393 1621 2448 Non
1645 2391 1788 2447 enim

199 2506 418 2551 sanctus
443 2497 723 2566 quisquam
752 2483 1013 2564 potestate
1039 2505 1130 2546 sua
1157 2489 1368 2560 gaudet,
1394 2485 1486 2541 sed
1502 2487 1619 2555 ejus
1637 2499 1666 2538 a
1683 2495 1792 2553 quo

199 2591 360 2646 habet
407 2603 568 2660 posse
612 2587 866 2658 quidquid
907 2593 1264 2654 congruenter
1293 2590 1467 2652 potest
1501 2598 1514 2634 :
1546 2588 1604 2634 et
1644 2578 1792 2633 novit

198 2682 474 2756 potentius
518 2693 638 2735 esse
676 2678 926 2748 conjungi
976 2673 1338 2745 Omnipotcnti
1381 2673 1465 2742 pia
1493 2671 1787 2734 voluntate,

195 2794 358 2850 quam
415 2774 627 2846 propria
676 2780 941 2843 potestate
970 2771 1057 2825 et‘
1090 2769 1364 2823 voluntate
1413 2779 1591 2836 posse,
1643 2762 1786 2833 quod

196 2868 615 2926 contretriscant
640 2863 730 2934 qni
759 2861 882 2917 talia
914 2877 1018 2916 non
1047 2867 1290 2931 possunt.
1331 2858 1510 2926 Itaque
1539 2856 1652 2925 ipse
1683 2853 1790 2908 Do-

195 2963 378 3018 minus
401 2960 559 3016 Jesus
586 2957 832 3014 Christus
863 2955 984 3009 talia
1013 2953 1231 3018 faciens,
1255 2959 1312 3005 ut
1345 2951 1600 3004 mirantes
1625 2947 1790 3002 doce-

199 3066 278 3112 ret
305 3055 590 3124 ampliora,
614 3060 666 3108 et
696 3047 1081 3120 temporalibus
1107 3045 1336 3101 insolitis
1367 3045 1600 3098 intentos
1631 3050 1791 3110 atque

197 3159 494 3218 suspensos
516 3143 579 3199 ad
610 3153 809 3197 arterna
828 3150 985 3212 atque
1004 3138 1257 3193 interiora
1281 3143 1655 3191 converteret:
1690 3132 1789 3187 γε·

199 3241 323 3306 nite,
346 3236 537 3307 inquit,
565 3235 633 3289 ad
664 3250 760 3299 me,
791 3248 962 3287 omnes
992 3231 1078 3301 qui
1103 3229 1343 3284 laboratis
1367 3237 1412 3282 et
1437 3227 1631 3281 onerati
1651 3225 1787 3290 estis,
1823 3253 1828 3257 ι

197 3341 240 3385 ct
261 3328 496 3398 reﬁciam
526 3343 642 3391 ros;
671 3326 830 3379 tollite
846 3325 1031 3395 jugum
1061 3338 1225 3375 meum
1249 3336 1402 3390 super
1439 3335 1544 3394 vos.
1579 3317 1644 3373 Et
1685 3333 1789 3372 non

204 3423 300 3488 ait,
333 3420 534 3476 Discite
562 3434 591 3472 a
623 3433 706 3472 me
727 3417 848 3488 quia
883 3413 1263 3486 quatriduanos
1290 3421 1529 3465 mortuos
1555 3409 1786 3474 suscito;

203 3513 297 3568 sed
330 3513 425 3576 ait,
459 3509 646 3565 Discite
669 3526 700 3562 a
727 3524 805 3562 me
826 3508 945 3579 quia
973 3506 1104 3559 mitis
1129 3522 1239 3559 sum
1281 3513 1327 3558 et
1371 3502 1576 3557 humilis
1619 3501 1791 3556 corde.

209 3603 488 3658 l'otentior
527 3611 608 3657 est
651 3599 791 3654 enim
837 3606 890 3653 et
940 3597 1102 3652 tutior
1129 3594 1449 3650 solidissima
1497 3591 1791 3657 lnnnilitas,

205 3711 366 3765 quam
401 3693 770 3749 ventosissima
792 3689 1072 3746 celsitudo.
1099 3687 1165 3742 Et
1181 3687 1302 3741 ideo
1317 3685 1558 3757 sequitur
1585 3685 1791 3739 dicens:

208 3789 272 3843 Et
304 3787 567 3842 inrcnietis
596 3787 813 3855 requiem
843 3783 1108 3837 animabus
1148 3781 1321 3834 vestris
1353 3778 1566 3850 (.llattlt.
1598 3793 1670 3841 XI,
1697 3777 1793 3843 28,

201 3882 316 3951 99).
352 3879 568 3935 Dilectio
585 3879 726 3933 enim
755 3894 854 3931 non
876 3877 1083 3946 inﬂatur
1105 3874 1146 3943 (Ι
1177 3873 1292 3927 Cor.
1328 3887 1441 3936 xm,
1474 3871 1532 3941 2i)
1552 3887 1564 3922 :
1587 3867 1797 3924 etDeus

203 3976 408 4030 dilectio
433 3983 504 4028 est
535 3971 575 4044 (1
606 3971 762 4025 Joan.
793 3986 864 4034 tv,
894 3970 948 4040 8)
975 3988 987 4022 ε
1016 3977 1070 4023 et
1113 3967 1286 4036 ﬁdeles
1315 3965 1365 4018 in
1396 3964 1662 4019 dilectione
1705 3978 1794 4015 ac-

203 4075 456 4142 quiescent
481 4071 558 4125 illi
586 4070 742 4141 (Sap.
776 4083 852 4133 Ill,
875 4067 954 4137 9),
985 4063 1217 4120 revocati
1245 4078 1275 4117 a
1305 4061 1527 4130 strepitu
1551 4059 1638 4130 qui
1667 4056 1798 4113 foris

204 4164 376 4220 estad
401 4162 591 4234 gaudia
621 4159 831 4215 silentia
849 4160 892 4212 ¹.
928 4157 1065 4212 Ecce
1097 4155 1231 4209 Deus
1256 4153 1456 4207 dilectio
1481 4159 1589 4206 est:
1610 4149 1799 4220 utquid

207 4258 346 4312 imus
373 4265 428 4311 et
453 4253 718 4309 currimus
749 4252 804 4306 in
832 4248 1080 4305 sublimia
1102 4248 1360 4302 emtor-um
1387 4253 1442 4299 et
1482 4245 1586 4298 ima
1625 4254 1796 4297 terra-

206 4365 348 4412 rum,
376 4354 682 4418 qttarrcnlcs
710 4357 832 4398 eum
857 4341 946 4414 qui
974 4337 1211 4409 estapud
1234 4351 1354 4402 nos,
1383 4335 1428 4390 si
1453 4348 1552 4390 nos
1571 4332 1796 4388 velimus

205 4456 328 4497 esse
348 4437 488 4508 apud
509 4435 666 4491 etnn?

278 4529 507 4586 CAPUT
533 4526 665 4582 VIII.
692 4555 764 4567 —
791 4524 876 4580 12.
906 4521 1057 4590 Quod
1075 4521 1158 4588 qui
1185 4519 1395 4588 fratrem
1417 4515 1602 4587 diligit,
1632 4512 1799 4568 Deum

206 4624 430 4694 diligat;
463 4621 582 4694 quia
611 4627 747 4672 amat
776 4617 939 4687 ipsam
969 4613 1286 4667 dilectionem
1323 4626 1439 4682 qua:
1480 4625 1542 4662 ea:
1566 4607 1674 4661 Deo
1705 4617 1799 4672 est,

206 4726 254 4770 et
300 4715 442 4770 Deus
488 4723 579 4767 est.
637 4711 806 4767 Nemo
849 4709 1034 4764 dicat:
1065 4707 1178 4762 Non
1226 4705 1347 4760 novi
1393 4702 1518 4774 quid
1562 4702 1800 4771 diligam.

210 4809 406 4879 Diligat
427 4806 666 4867 fratrem,
696 4812 748 4859 et
769 4802 950 4872 diliget
978 4799 1220 4855 eamdem
1250 4795 1610 4851 dilectionem.
1643 4793 1805 4863 Magis

208 4902 360 4957 enim
410 4899 560 4954 novit
600 4896 938 4952 dilectionem
983 4907 1096 4963 qna-
1133 4891 1333 4958 diligit,
1387 4903 1544 4960 qnam
1588 4887 1803 4943 fratrem

209 5008 372 5064 quem
402 4991 595 5061 diligit.
629 4989 766 5044 Ecce
791 4987 900 5056 jam
929 4991 1103 5054 potest
1123 4983 1382 5037 noxiorcm
1415 4982 1578 5035 Deum
1609 4979 1805 5034 habere

211 5101 373 5158 quam
404 5084 624 5138 fratrem
658 5098 671 5135 :
701 5080 857 5150 plane
883 5077 1143 5132 notiorem
1169 5115 1184 5138 ,
1212 5074 1332 5144 quia
1362 5071 1760 5142 pmsentiorcm
1785 5085 1801 5135 ;

211 5178 519 5237 notiorem.
563 5173 685 5244 quia
731 5170 1080 5232 interiorem;
1128 5167 1429 5232 notiorem,
1458 5164 1581 5234 quia
1613 5163 1808 5218 certioa

209 5290 351 5331 rem.
407 5271 745 5342 Amplectere
796 5264 1134 5323 dilectionem
1179 5263 1377 5327 Deum,
1423 5267 1480 5314 et
1524 5259 1809 5314 dilectione

209 5367 542 5437 amplectere
572 5362 760 5417 Deum.
789 5358 906 5428 ipsa
932 5364 1016 5412 est
1040 5354 1254 5409 dilectio
1286 5366 1404 5422 qua:
1430 5365 1616 5404 omnes
1632 5349 1810 5403 ‘bonos

214 5458 462 5530 Angelos
484 5497 501 5523 ,
530 5465 584 5511 et
608 5469 796 5509 omnes
826 5452 916 5506 Dei
938 5463 1123 5506 servos
1149 5445 1423 5501 consociat
1451 5443 1661 5498 vinculo
1690 5457 1813 5496 san-

215 5553 421 5611 etitatis
444 5593 462 5621 ,
509 5563 713 5619 nosque
741 5556 794 5602 et
833 5545 950 5601 illos
975 5541 1248 5612 coniungit
1285 5539 1507 5594 invicem
1540 5535 1692 5590 nobis
1712 5577 1726 5599 ,
1759 5542 1814 5590 et

214 5642 501 5716 Sulijungit
527 5639 648 5695 sibi.
676 5638 885 5705 Quanto
908 5635 1064 5706 igitur
1087 5632 1330 5688 saniores
1351 5643 1534 5685 sumus
1554 5641 1583 5681 a
1607 5636 1814 5681 tmnore

291 5804 310 5834 ⁸
347 5807 395 5848 In
417 5805 534 5849 ante
556 5795 700 5846 editis
721 5759 1096 5848 omissumerat,
1121 5791 1345 5851 potestate
1363 5792 1427 5837 et.
1473 5763 1476 5765 Δ

289 5864 312 5894 ε
345 5839 988 5917 ἕᾹίἶίνᾶἆξᾶξῖίΙῖἇίέίιξηιὶή.
1013 5859 1067 5902 At
1084 5839 1212 5901 't'tss.
1248 5848 1433 5914 plures,
1457 5843 1523 5896 ad
1545 5840 1724 5911 gaudia
1747 5839 1815 5894 si-

219 5923 376 5980 lania
418 5913 522 5986 Alii,
546 5913 617 5972 ad
633 5915 799 5986 gaudii
821 5913 1024 5969 silentia.

1579 423 1783 484 LIBER
1819 419 2153 483 OCTAVUS.

1910 541 2207 636 superbia},
2241 551 2400 636 tanto
2432 560 2618 606 sumus
2641 548 2927 610 dilectione
2949 553 3216 626 pleniores
3248 576 3264 616 :
3292 568 3348 618 et
3369 578 3501 636 quo,

1909 631 2014 686 nisi
2058 632 2167 688 Deo
2207 633 2393 706 plenus
2437 648 2560 706 est,
2613 642 2702 713 qui
2749 643 2938 712 plenus
2962 655 3046 702 est
3069 631 3401 710 dilectionel
3429 631 3504 714 At

1909 721 2054 777 enim
2107 723 2422 782 charitatem
2471 729 2666 798 video,
2715 741 2770 789 et
2818 746 3072 806 quantum
3116 756 3332 810 possum
3378 761 3501 804 eam

1908 821 2089 904 mente
2114 818 2389 886 conspicio
2413 860 2427 884 ,
2451 828 2504 875 et
2532 822 2695 878 credo
2724 823 3012 896 Scriptura:
3028 829 3220 886 dicenti
3244 835 3500 904 quoniam

1907 903 2047 960 Deus
2088 907 2312 964 clttrritas
2355 920 2456 979 est,
2498 921 2548 967 et
2583 915 2667 984 qui
2700 928 2867 972 manet
2895 918 2948 972 in
2977 920 3222 976 charitate
3243 903 3271 988 ,ί
3308 925 3362 980 in
3390 926 3500 982 Deo

1907 1009 2071 1053 manet
2101 999 2143 1069 (Ι
2165 999 2322 1056 Joan.
2353 1019 2439 1066 tv,
2466 1005 2556 1076 l6)
2591 1024 2603 1060 :
2632 1008 2726 1063 sed
2764 1025 2884 1065 cum
2926 1012 3068 1067 illam
3112 1015 3289 1083 video,
3309 1033 3415 1074 non
3444 1020 3497 1076 in

1905 1105 1968 1145 ea
1994 1091 2150 1147 video
2179 1093 2514 1152 Trinitatem.
2565 1099 2677 1154 lmo
2704 1117 2834 1156 vero
2878 1104 3026 1160 vides
3063 1105 3376 1166 Trinitatem
3400 1152 3418 1178 ,
3449 1083 3496 1167 si

1904 1183 2218 1241 charitatem
2249 1188 2415 1244 vides.
2460 1188 2565 1246 Sed
2591 1195 2964 1263 commonebo,
3005 1198 3050 1253 si
3081 1209 3268 1270 potero
3291 1243 3306 1269 ,
3336 1213 3395 1258 ut
3418 1204 3499 1259 vi-

1904 1277 2034 1334 dere
2081 1288 2134 1334 te
2177 1281 2402 1337 videas:
2440 1283 2578 1339 adsit
2621 1295 2822 1342 tantum
2874 1288 2983 1358 ipsa
3008 1332 3024 1356 ,
3080 1299 3136 1346 ut
3175 1309 3492 1353 moveamur

1902 1372 2164 1427 charitate
2211 1373 2277 1428 ad
2326 1375 2539 1446 aliquod
2589 1377 2808 1434 bonum.
2863 1381 2996 1449 Quia
3051 1398 3172 1439 cum
3219 1385 3490 1458 diligimus

1901 1465 2237 1535 charitatem,
2269 1470 2468 1541 aliquid
2497 1471 2804 1542 diligentem
2828 1474 3119 1546 diligimus,
3149 1490 3369 1550 propter
3391 1481 3495 1537 hoc

1906 1555 2080 1626 ipsum
2109 1561 2232 1628 quia
2261 1559 2434 1630 diligit
2460 1562 2680 1634 aliquid.
2727 1565 2868 1636 Ergo
2895 1568 3019 1637 quid
3047 1568 3219 1639 diligit
3237 1570 3491 1640 Charitas,

1901 1655 1961 1702 ut
2001 1649 2168 1717 possit
2196 1650 2355 1706 etiam
2403 1651 2517 1721 ipsa
2557 1653 2791 1714 charitas
2818 1657 3012 1728 diligi?
3058 1659 3304 1717 Charitas
3345 1664 3492 1720 enim

1900 1755 2008 1793 non
2033 1749 2118 1795 est
2142 1782 2156 1808 ,
2188 1757 2307 1812 quae
2349 1743 2476 1799 nihil
2502 1745 2690 1818 diligit.
2725 1748 2780 1802 Si
2809 1758 2986 1805 autem
3016 1765 3075 1806 se
3101 1753 3268 1823 ipsam
3296 1753 3489 1828 diligit,

1899 1830 2080 1903 diligat
2105 1834 2304 1905 aliquid
2323 1846 2553 1907 Oportet,
2577 1850 2632 1894 ut
2655 1841 2967 1898 charitatem
2992 1848 3010 1877 ¹
3037 1859 3097 1901 se
3116 1846 3318 1916 diligat.
3342 1847 3494 1906 Sicut

1897 1926 2042 1981 enim
2074 1928 2295 1984 verbum
2320 1930 2516 1986 indicat
2539 1933 2758 2003 aliquid,
2797 1935 2995 1992 indicat
3015 1938 3174 1993 etiam
3202 1954 3262 1996 se
3291 1941 3490 2010 ipsum,

1896 2018 1991 2074 sed
2019 2034 2124 2076 non
2152 2036 2212 2077 se
2239 2023 2459 2077 verbum
2491 2023 2726 2092 indicat,
2770 2026 2872 2082 nisi
2913 2043 2974 2084 se
3009 2029 3208 2100 aliquid
3253 2031 3492 2089 indicare

1898 2107 2101 2166 indicet
2125 2129 2139 2166 ε
2169 2113 2247 2167 sic
2271 2122 2328 2169 et
2352 2113 2586 2170 cbaritas
2613 2116 2784 2187 diligit
2812 2118 3027 2187 quidem
3054 2135 3114 2174 se
3135 2161 3150 2186 ,
3178 2120 3272 2175 sed
3301 2122 3402 2176 nisi
3428 2136 3489 2178 se

1896 2203 2094 2273 aliquid
2121 2204 2430 2274 diligentem
2458 2206 2676 2276 diligat,
2705 2223 2810 2262 non
2851 2208 3165 2264 charitatem
3197 2226 3255 2267 se
3291 2212 3484 2282 diligit.

1896 2294 2034 2363 Quid
2061 2310 2191 2365 ergo
2215 2296 2385 2368 diligit
2419 2296 2651 2353 charitas
2670 2340 2686 2365 ,
2727 2299 2828 2353 nisi
2857 2299 2997 2370 quod
3029 2299 3287 2356 charitate
3311 2301 3490 2374 diligi-

1895 2386 2053 2441 mus?
2082 2386 2135 2442 Id
2165 2395 2366 2455 autem,
2389 2397 2446 2443 ut
2473 2404 2501 2442 a
2527 2391 2769 2458 proximo
2787 2391 3165 2460 provebamur,
3192 2390 3358 2448 frater
3381 2401 3487 2450 est.

1896 2477 2244 2533 Dilectionem
2297 2487 2476 2534 autem
2525 2479 2811 2535 fraternam
2848 2490 3106 2552 quantum
3148 2483 3490 2540 commendet

1895 2569 2128 2626 Joannes
2156 2573 2430 2640 apostolus
2453 2614 2468 2638 ,
2500 2573 2840 2629 attendamus
2868 2591 2882 2628 :
2915 2573 3016 2642 Qui
3039 2575 3240 2646 diligit,
3293 2576 3486 2646 inquit.

1894 2663 2105 2733 fratrem
2139 2679 2308 2730 suum,
2333 2665 2386 2718 in
2407 2665 2596 2719 lumine
2621 2675 2806 2731 manet,
2839 2675 2886 2720 et
2909 2667 3209 2720 scandalum
3230 2667 3282 2720 in
3302 2683 3360 2720 eo
3385 2683 3489 2722 non

1895 2765 1966 2810 est
1993 2755 2104 2826 (Id.
2131 2771 2196 2819 ιι,
2233 2757 2344 2826 10).
2393 2755 2728 2812 Manifestum
2766 2765 2848 2811 est
2891 2756 3033 2827 quod
3065 2757 3286 2828 justitia:
3312 2757 3490 2828 perfe-

1895 2848 2126 2903 ctionem
2175 2849 2226 2903 in
2270 2847 2450 2905 fratris
2492 2849 2773 2904 dilectione
2821 2850 3106 2918 posuerit:
3137 2865 3258 2904 nam
3297 2851 3350 2904 in
3379 2865 3490 2920 quo

1889 2939 2203 2994 scandalum
2245 2955 2352 2995 non
2393 2949 2476 2995 est
2500 2982 2513 3004 ,
2566 2941 2750 3010 utique
2778 2939 3042 3009 perfectus
3071 2950 3172 2994 est.
3205 2940 3272 2996 Et
3306 2949 3485 2998 tamen

1895 3031 2104 3086 videtur
2128 3031 2468 3086 dilectionem
2510 3031 2601 3086 Dei
2633 3031 2861 3086 tacuisse
2891 3049 2904 3084 :
2934 3031 3076 3102 quod
3107 3047 3372 3103 nunquam
3405 3032 3488 3088 fa-

1895 3130 2074 3186 ceret,
2106 3121 2207 3175 nisi
2231 3122 2354 3192 quia
2381 3121 2432 3175 in
2465 3121 2575 3190 ipsa
2613 3121 2846 3176 fraterna
2872 3121 3163 3176 dilectione
3195 3123 3307 3176 vult
3334 3122 3490 3178 intel-

1895 3213 1985 3284 ligi
2014 3213 2200 3269 Deum.
2231 3212 2584 3284 Aper-tissime
2604 3213 2744 3268 enim
2769 3214 2819 3267 in
2847 3213 3035 3268 eadem
3069 3213 3303 3284 Epistola
3333 3214 3489 3284 paulo

1867 3341 1880 3348 -
1898 3315 2016 3377 post
2045 3306 2110 3360 ila
2140 3304 2268 3359 dicit
2297 3323 2314 3359 :
2347 3304 2674 3359 Dilectissimi
2693 3347 2709 3371 ,
2764 3305 3035 3376 diligamus
3073 3305 3322 3372 invicem,
3367 3307 3487 3378 quia

1896 3400 2098 3453 dilectio
2123 3416 2188 3453 ea:
2214 3397 2324 3453 Deo
2351 3411 2452 3464 est;
2500 3408 2548 3452 et
2572 3399 2735 3452 omnis
2762 3399 2849 3470 qui
2873 3400 3072 3468 diligit,
3117 3415 3181 3453 ea:
3211 3398 3314 3452 Deo
3339 3408 3490 3454 natus

1897 3499 2005 3556 est,
2035 3499 2080 3542 et
2105 3490 2360 3559 cognoscit
2403 3487 2586 3542 Deum.
2639 3488 2740 3555 Qui
2761 3506 2861 3542 non
2883 3489 3085 3557 diligit,
3129 3504 3229 3544 non
3257 3490 3489 3559 cognovit

1901 3579 2062 3636 Deum
2077 3595 2098 3646 ,°
2123 3582 2240 3652 quia
2260 3579 2396 3634 Deus
2422 3581 2621 3634 dilectio
2651 3591 2740 3636 est.
2768 3580 2869 3634 Ista
2895 3582 3163 3636 contextio
3185 3581 3314 3634 satis
3333 3596 3490 3648 aper-

1899 3681 2056 3744 teque
2078 3672 2333 3738 declarat,
2364 3672 2608 3727 eamdem
2641 3674 2807 3742 ipsam
2837 3671 3122 3726 fraternam
3148 3670 3487 3727 dilectionem

1899 3764 2043 3836 (nam
2066 3765 2296 3820 fraterna
2323 3764 2537 3819 dilectio
2556 3775 2658 3828 cst,
2682 3779 2782 3834 qua
2809 3762 3078 3834 diligimus
3108 3762 3357 3832 invicem)
3380 3775 3488 3817 non

1899 3859 2072 3914 solum
2101 3875 2166 3914 ex
2193 3859 2303 3913 Deo
2323 3899 2338 3925 ,
2379 3857 2473 3912 sed
2496 3857 2655 3912 etiam
2685 3857 2855 3911 Deum
2887 3871 3006 3910 esse
3032 3857 3052 3886 ¹
3083 3863 3226 3909 tanta
3252 3854 3490 3909 auctori-

1903 3962 2010 4007 tate
2062 3951 2361 4023 przedicari.
2419 3951 2550 4006 Cum
2599 3967 2726 4020 ergo
2776 3951 2845 4006 de
2892 3950 3176 4004 dilectione
3217 3947 3491 4018 diligimus

1901 4045 2121 4100 fratrem
2150 4086 2165 4111 ,
2209 4043 2277 4099 de
2305 4044 2414 4098 Deo
2443 4043 2709 4112 diligimus
2751 4042 2965 4097 fratrem
2999 4058 3011 4094 :
3041 4055 3139 4096 nec
3176 4039 3288 4095 fieri
3315 4048 3494 4110 potest

1902 4146 1959 4192 nt
1984 4137 2228 4192 eamdem
2260 4136 2598 4191 dilectionem
2630 4150 2732 4189 non
2761 4135 3028 4206 praecipue
3056 4133 3356 4203 diligamus,
3386 4146 3491 4202 qna

1903 4229 2121 4286 fratrem
2151 4230 2439 4302 diligimus.
2471 4229 2622 4286 Unde
2650 4226 2952 4298 colligitur,
2981 4226 3086 4280 duo
3113 4227 3201 4281 illa
3225 4233 3493 4297 praecepta

1902 4338 2010 4376 non
2044 4336 2200 4392 posse
2235 4337 2354 4379 esse
2393 4324 2510 4376 sine
2550 4321 2795 4375 invicem.
2842 4319 3102 4388 Quoniam
3131 4318 3328 4388 quippe
3352 4316 3494 4372 Deus

1904 4415 2105 4468 dilectio
2135 4424 2249 4478 est;
2296 4413 2459 4468 Deum
2490 4421 2638 4466 certe
2679 4411 2882 4481 diligit,
2927 4410 3017 4480 qui
3055 4409 3226 4479 diligit
3250 4408 3493 4463 dilectio-

1905 4519 2028 4559 nem
2063 4503 2441 4558 :dilectionem
2486 4509 2664 4557 autem
2706 4516 2926 4556 necesse
2949 4510 3031 4555 est
3068 4509 3126 4556 ut
3153 4499 3374 4571 diligat,
3402 4499 3492 4570 qui

1905 4597 2076 4667 diligit
2114 4595 2354 4651 fratrem.
2405 4595 2471 4650 Et
2500 4595 2620 4650 ideo
2660 4595 2816 4662 lanlo
2856 4602 2973 4664 post
3009 4593 3122 4660 ait,
3171 4592 3294 4647 Non
3332 4602 3496 4662 potest

1905 4689 2072 4745 Deum
2101 4689 2311 4759 diligere
2340 4705 2483 4759 quem
2511 4704 2611 4742 non
2637 4687 2772 4740 videt
2794 4726 2809 4749 ,
2852 4687 2938 4756 qui
2965 4686 3172 4756 fratrem
3199 4700 3343 4755 quem
3363 4684 3498 4737 videt

1907 4799 2008 4837 non
2063 4780 2232 4851 diligit
2287 4779 2305 4853 (
2336 4779 2422 4834 Id.
2464 4795 2515 4834 tv
2537 4821 2553 4846 ,
2583 4779 2636 4846 7,
2663 4778 2697 4832 8
2718 4820 2732 4842 ,
2757 4777 2872 4849 20)
2909 4796 2923 4833 :
2953 4777 3073 4846 quia
3102 4775 3217 4829 haec
3237 4774 3310 4828 illi
3335 4787 3496 4828 causa

1908 4885 1990 4931 est
2021 4890 2126 4930 non
2155 4873 2369 4930 videndi
2395 4874 2558 4926 Deum
2583 4913 2598 4937 ,
2628 4870 2768 4942 quod
2797 4886 2902 4925 non
2929 4869 3098 4938 diligit
3125 4866 3361 4920 fratrem.
3395 4863 3496 4931 Qui

1910 4969 2054 5024 enim
2087 4981 2190 5022 non
2218 4965 2388 5036 diligit
2433 4963 2650 5018 fratrem
2675 5004 2691 5030 ,
2737 4973 2841 5016 non
2869 4970 2950 5015 est
2989 4960 3040 5014 in
3079 4958 3366 5012 dilectione
3395 4974 3411 5010 :
3445 4963 3499 5010 et

1910 5060 2000 5130 qui
2044 5075 2148 5114 non
2189 5067 2273 5115 est
2310 5059 2360 5112 in
2390 5057 2692 5119 dilectione.
2723 5063 2932 5108 nonest
2960 5052 3012 5104 in
3039 5051 3148 5104 Deo
3168 5091 3182 5115 ,
3205 5049 3328 5120 quia
3358 5048 3501 5104 Deus

1912 5154 2128 5208 dilectio
2171 5159 2271 5207 est.
2328 5149 2494 5205 Porro
2521 5147 2608 5218 qui
2654 5161 2757 5200 non
2788 5143 2948 5198 estin
2994 5141 3138 5208 Deo,
3186 5155 3290 5193 non
3331 5147 3414 5194 est
3444 5137 3500 5194 in

1914 5246 2116 5300 lumine
2143 5261 2156 5298 :
2185 5243 2306 5313 quia
2337 5240 2472 5295 Dens
2494 5241 2660 5294 lumen
2690 5246 2782 5302 est,
2805 5244 2852 5290 et
2876 5233 3090 5289 tenebrtc
3111 5233 3165 5286 in
3186 5247 3244 5286 eo
3263 5247 3365 5285 non
3383 5233 3503 5285 sunt

1916 5336 2036 5391 alltc
2069 5334 2177 5407 (Id.
2210 5350 2248 5400 ι,
2279 5335 2356 5404 5).
2397 5331 2496 5399 Qui
2519 5343 2645 5399 ergo
2671 5343 2774 5382 non
2801 5325 2955 5382 estin
2985 5323 3182 5378 lumine
3202 5364 3218 5388 ,
3241 5320 3366 5393 quid
3398 5320 3503 5375 mi-

1917 5443 2033 5483 rum
2062 5427 2106 5481 si
2155 5441 2261 5480 non
2293 5423 2436 5477 videt
2478 5421 2677 5482 lumen,
2725 5416 2774 5471 id
2817 5424 2930 5482 est,
2975 5430 3080 5468 non
3122 5413 3265 5468 videt
3311 5411 3501 5477 Deum,

1917 5521 2040 5593 quia
2067 5520 2118 5574 in
2165 5516 2398 5573 tenebris
2437 5513 2559 5568 est?
2605 5510 2846 5566 Fratrem
2887 5516 3064 5563 autem
3092 5507 3233 5561 videt
3271 5505 3506 5560 humano

1916 5616 2032 5669 visu
2057 5655 2074 5682 ,
2115 5626 2221 5683 quo
2249 5607 2416 5663 videri
2435 5605 2582 5660 Deus
2608 5619 2713 5658 non
2741 5610 2935 5674 potest.
2979 5599 3084 5656 Sed
3114 5600 3158 5654 si
3196 5614 3319 5654 eum
3346 5613 3506 5670 quem

1984 5777 2001 5808 ι
2034 5770 2139 5821 sola
2153 5769 2263 5819 fere
2287 5765 2436 5817 conio
2456 5770 2587 5824 Iov.,
2611 5768 2663 5812 ut
2685 5758 2935 5814 charitate.

1983 5838 2004 5868 ε
2035 5811 2622 5894 ἒῖἶῖἷὶξνιᾶἆδζὺὲιξήιὲὲδὶνέ
2644 5811 2878 5889 inserunt,
2898 5833 3040 5890 quem
3062 5817 3292 5873 videmus.
3319 5813 3409 5872 Sed
3431 5811 3508 5866 ha

1921 5900 2030 5952 duae
2046 5890 2242 5949 voces'a
2265 5901 2370 5945 MSS.
2397 5890 2588 5946 absunt.
