4076 6458
547 417 653 475 959

544 534 691 593 videt
731 533 963 586 humano
986 529 1102 585 visu
1126 571 1140 595 ,
1167 527 1427 598 Spirituali
1461 525 1729 582 eharitate
1746 525 2015 594 diligeret,
2049 522 2130 576 ε’ἱο

551 622 704 679 deret
731 623 894 676 Deum
911 663 926 686 ,
952 621 1039 691 qui
1067 629 1150 674 est
1175 619 1285 689 ipsa
1307 617 1536 674 charitas
1559 659 1573 682 ,
1604 617 1721 671 visu
1750 615 2000 670 interiore
2026 629 2132 682 quo

547 713 714 768 videri
761 719 957 781 potest.
1009 709 1189 778 Itaque
1231 709 1319 778 qui
1364 707 1580 762 fratrem
1625 721 1783 775 quem
1832 704 1974 760 videt
2023 720 2129 759 non

547 803 757 874 diligit,
786 803 946 856 Deum
972 843 987 868 ,
1016 816 1172 871 quem
1201 809 1480 871 propterea
1505 814 1608 854 non
1639 797 1813 863 videt,
1845 796 1967 866 quia
1992 796 2132 850 Dens

548 895 763 950 dilectio
782 902 902 958 est,
948 907 1049 962 qua
1077 900 1224 947 caret
1247 891 1334 961 qui
1376 890 1592 944 fratrem
1626 903 1730 943 non
1757 888 1960 958 diligit,
2002 901 2136 957 quo-

547 978 707 1041 modo
731 993 906 1055 potest
932 984 1197 1054 diligere?
1237 983 1348 1039 Nec
1391 985 1481 1038 illa
1503 984 1612 1054 jam
1647 983 1872 1053 quarstio
1901 989 2132 1045 moveat,

524 1087 801 1148 -quantmn
832 1075 982 1130 fratri
1001 1075 1274 1131 charitatis
1298 1076 1588 1131 debeamus
1610 1074 1937 1145 impendere,
1964 1088 2134 1143 quan-

551 1179 664 1224 tum
714 1170 870 1224 Deo:
905 1169 1394 1239 incomparabiliter
1436 1169 1553 1238 plus
1594 1184 1754 1240 quam
1806 1168 1960 1222 nobis
2005 1167 2132 1230 Deo,

529 1255 702 1315 'l‘ratri
743 1269 919 1316 autem
967 1270 1220 1330 quantum
1261 1262 1414 1316 nobis
1454 1263 1582 1331 ipsis
1615 1279 1628 1315 :
1660 1270 1960 1316 nosautem
1994 1261 2137 1329 ipsos

549 1359 700 1406 tanto
730 1352 897 1422 magis
916 1351 1203 1421 diligimus,
1237 1362 1434 1422 quanto
1456 1353 1916 1422 magisdiligimus
1947 1352 2135 1406 Deum.

551 1442 631 1496 Ex
659 1457 761 1496 una
802 1443 959 1513 igitur
983 1443 1276 1513 eademque
1304 1443 1562 1498 charitate
1601 1443 1764 1498 Deum
1810 1445 2140 1513 proximum.-

551 1551 656 1602 que
678 1535 939 1603 diligimus
969 1553 982 1588 :
1014 1536 1106 1590 sed
1138 1536 1302 1591 Deum
1343 1547 1558 1606 propter
1589 1536 1755 1590 Deum
1775 1575 1792 1603 ,
1841 1550 1940 1590 nos
1961 1546 2138 1590 autem

551 1627 608 1672 et
648 1619 948 1687 proximum
980 1627 1199 1689 propter
1228 1619 1411 1689 Deum:

624 1709 851 1767 CAPUT
874 1710 965 1765 IX.
985 1687 1197 1766 ⁷---’1ὶ⁷›.
1228 1710 1295 1766 In
1326 1687 1640 1766 directionem
1670 1712 1929 1782 jnstorum
1965 1727 2143 1764 accept.-

552 1803 722 1856 dimur
746 1819 808 1856 ea:
832 1803 943 1873 ipsa
973 1803 1236 1857 dilectione
1263 1803 1687 1857 incommutabilis
1718 1802 2140 1873 formazjustitiw.

553 1893 689 1961 Quid
717 1894 858 1949 enim
884 1902 966 1948 est
985 1937 999 1957 ,
1028 1909 1240 1965 quasso,
1275 1894 1414 1964 quod
1437 1893 1834 1950 exardescimus
1858 1935 1872 1957 ,
1899 1909 2020 1948 cum
2051 1908 2142 1946 an-

553 1986 738 2041 dimns
765 1997 817 2041 et
845 1987 1069 2056 legimus
1098 2005 1110 2040 :
1144 1985 1275 2040 Ecce
1297 2004 1429 2040 nunc
1459 1997 1653 2056 tempus
1683 1985 2006 2055 acccptabile,
2036 2000 2147 2040 ecce

555 2095 690 2132 nunc
717 2079 822 2132 dies
847 2078 1025 2132 salutis
1056 2094 1081 2131 τ
1104 2079 1298 2132 nullam
1324 2079 1376 2131 in
1415 2094 1664 2148 quoquam
1703 2078 1878 2132 dantes
1903 2077 2144 2144 olfensio-

556 2187 671 2223 nem
695 2213 708 2234 ,
736 2179 790 2222 ut
816 2186 913 2223 non
953 2171 1353 2239 reprehendatur
1389 2171 1717 2224 ministerium
1763 2181 1987 2224 nostrum
2015 2189 2029 2234 ;
2059 2172 2147 2226 sed

557 2262 609 2314 in
639 2260 871 2314 omnibus
901 2261 1301 2315 commendantes
1324 2263 1652 2332 nosmetipsos
1677 2276 1728 2314 ut
1757 2261 1849 2316 Dei
1873 2263 2145 2329 ministros,

556 2352 610 2405 in
640 2353 797 2405 multa
820 2352 1060 2422 patientia
1084 2395 1098 2416 ,
1129 2353 1180 2405 in
1205 2352 1610 2406 tribulationibus
1629 2393 1644 2419 ,
1676 2353 1728 2405 in
1755 2353 2144 2414 necessitatibus,

558 2442 611 2496 i‘n
637 2443 883 2512 angustiis
903 2485 915 2505 ,
948 2445 1001 2497 in
1028 2443 1212 2514 plagis,
1242 2444 1292 2497 in
1314 2443 1594 2498 carceribus
1613 2484 1628 2508 ,
1653 2445 1706 2497 in
1727 2443 2070 2506 seditionibus,
2099 2444 2149 2496 in

561 2533 814 2588 laboribus
837 2574 860 2600 ,,
884 2533 936 2587 in
965 2535 1148 2603 vigiliis
1170 2576 1185 2600 ,
1216 2535 1266 2588 in
1283 2535 1493 2606 jejuniis
1516 2577 1528 2599 ,
1562 2536 1613 2588 in
1635 2536 1882 2599 castitate,
1912 2537 1962 2588 in
1992 2536 2151 2589 scien-

563 2623 633 2677 tia
653 2665 666 2691 ,
695 2623 746 2678 in
778 2623 1191 2696 longanimitate,
1219 2625 1271 2678 in
1302 2624 1542 2688 bonitate,
1566 2627 1621 2680 in
1649 2625 1847 2697 Spiritu
1873 2637 2067 2691 sancto,
2099 2627 2152 2681 in

561 2716 808 2770 charitate
830 2733 929 2770 non
969 2717 1089 2786 [icta
1108 2760 1122 2784 ,
1151 2717 1204 2772 in
1245 2717 1392 2772 verba
1417 2719 1637 2774 veritatis
1655 2759 1670 2784 ,
1710 2720 1762 2775 in
1802 2720 1982 2774 virtute
2010 2717 2107 2773 Dei
2133 2736 2151 2774 :

565 2823 655 2873 per
679 2824 822 2859 arma
836 2808 1052 2876 justitia:
1076 2850 1090 2874 ,
1124 2825 1154 2861 a
1182 2809 1374 2863 dextris
1400 2821 1448 2865 et
1474 2828 1506 2863 a
1532 2811 1783 2877 sinistris,
1828 2829 1916 2882 per
1935 2812 2153 2882 gloriam

565 2906 612 2949 et
657 2897 1058 2966 ignobilitatem,
1111 2917 1201 2969 per
1239 2901 1503 2970 infamiam
1530 2912 1578 2956 et
1619 2904 1800 2956 bonum
1829 2904 2059 2971 famam;
2100 2913 2155 2960 ut

565 2987 850 3041 seductores
875 3030 888 3049 ,
936 2998 982 3041 et
1008 3005 1243 3056 veraces;
1273 2993 1430 3060 utqui
1459 2993 1750 3061 ignorantur
1769 3033 1784 3058 ,
1830 3003 1875 3046 et
1899 2995 2155 3064 cognosci-

567 3095 712 3143 mur;
754 3079 904 3148 quasi
942 3081 1204 3134 morientes
1231 3122 1244 3144 ,
1277 3090 1322 3134 et
1351 3099 1460 3135 ecce
1498 3084 1736 3145 vivimus;
1768 3093 1819 3136 ut
1845 3085 2047 3136 coerciti
2066 3126 2081 3150 ,
2109 3095 2156 3138 et

568 3184 668 3219 non
699 3169 986 3236 morti/icati
1006 3185 1024 3233 ;
1070 3178 1123 3222 ut
1163 3171 1362 3234 tristes,
1411 3188 1605 3242 semper
1641 3183 1806 3226 autem
1845 3174 2154 3243 gaudentes;

568 3259 696 3310 sicut
723 3259 883 3327 egeni,
924 3259 1109 3312 multos
1134 3269 1298 3313 autem
1324 3261 1576 3326 ditantes;
1622 3273 1857 3332 tanquam
1902 3263 2028 3316 nihil
2066 3263 2159 3315 ha-

569 3345 766 3412 bentes,
810 3356 856 3401 et
889 3349 1060 3403 omnia
1086 3351 1396 3419 possidentes
1425 3352 1489 3420 (ll
1518 3351 1634 3406 Cor.
1667 3369 1716 3406 vi
1735 3395 1748 3416 ,
1780 3353 1840 3406 ‘2-
1861 3354 1940 3422 10)
1966 3355 1988 3407 ?
2019 3332 2184 3421 Quid.

571 3447 652 3489 est
696 3437 835 3506 quod
881 3440 1226 3495 accendimur
1266 3441 1315 3494 in
1361 3442 1699 3498 dilectionem
1731 3443 1876 3498 Pauli
1905 3447 2153 3516 apostoli,

570 3541 691 3580 cum
721 3528 819 3582 ista
847 3529 1097 3599 legimus,
1128 3531 1226 3584 nisi
1246 3531 1388 3601 quod
1408 3533 1674 3588 credimus
1690 3549 1809 3588 eum
1833 3535 1900 3588 ita
1927 3534 2158 3589 vixisse?

571 3618 868 3674 Vivendum
899 3630 1072 3676 tamen
1106 3623 1182 3677 sic
1207 3638 1325 3679 esse
1367 3625 1456 3679 Dei
1487 3625 1743 3678 ministris
1764 3665 1782 3691 ι
1827 3643 1930 3679 non
1960 3626 2026 3680 de
2055 3627 2156 3680 ali-

571 3711 761 3780 quibus
788 3711 1022 3768 auditum
1051 3715 1319 3770 credimus
1344 3757 1358 3780 ,
1406 3716 1498 3770 sed
1547 3717 1688 3771 intus
1727 3718 1864 3787 apud
1910 3734 2006 3772 nos
2027 3761 2041 3780 ,
2072 3721 2157 3775 vel

572 3803 751 3870 potius
788 3817 945 3872 supra
978 3821 1076 3860 nos
1113 3807 1162 3860 in
1194 3807 1306 3875 ipsa
1332 3809 1554 3862 veritate
1579 3810 1955 3876 ('OltSplClmltS.
2009 3810 2153 3862 Illum

578 3907 706 3962 ergo
745 3909 901 3963 quem
932 3895 1008 3950 sic
1050 3896 1247 3951 vixisse
1275 3898 1544 3952 credimus
1567 3941 1580 3962 ,
1617 3916 1679 3953 ex
1715 3900 1813 3953 hoc
1841 3884 1983 3969 quid
2012 3900 2157 3953 vide-

575 3997 696 4036 tnus
725 3984 1013 4056 diligimus.
1063 3987 1131 4040 Et
1170 3987 1268 4041 nisi
1295 3990 1427 4042 hanc
1453 3989 1708 4055 formam,
1752 4006 1908 4061 quam
1940 4005 2152 4060 semper

575 4074 819 4129 stabilem
841 4085 996 4147 atque
1025 4079 1508 4134 incommutabilem
1534 4081 1802 4134 cernimus
1827 4123 1840 4146 ,
1886 4083 2149 4152 pne-cipue

1212 4175 1240 4190 δ

1675 411 1761 468 DE
1801 407 2186 475 TRINITATE,
2225 407 2282 465 S.
2325 405 2690 466 AUCUSTINI

2237 519 2578 590 diligeremus
2601 563 2616 585 ,
2659 536 2763 576 non
2795 521 2915 578 ideo
2938 521 3278 594 diligeremus
3319 523 3464 580 illum
3486 566 3502 590 ,
3548 525 3674 596 quia
3700 527 3822 597 ejus

2239 611 2400 666 vitam
2425 653 2438 675 ,
2465 612 2660 666 eumin
2686 626 2848 668 carne
2871 614 3104 680 viveret,
3157 614 3279 669 huic
3314 614 3496 670 formae
3521 627 3833 686 coaptatsm

2240 710 2294 758 et
2343 712 2721 772 congruentem
2768 703 2965 770 fuisse,
3013 704 3116 760 ﬁde
3153 706 3460 761 retinemus.
3511 706 3626 762 Sed.
3647 709 3833 764 nescio

2240 797 2508 866 quomodo
2535 797 2761 866 amplius
2787 806 2842 852 et
2882 798 2932 851 in
2979 799 3143 868 ipsius
3173 797 3355 854 forma:
3382 799 3700 856 charitatem
3727 816 3836 857 ex-

2239 890 2486 956 citamur,
2519 905 2614 958 per
2642 889 2796 944 fidem
2822 906 2923 959 qua
2945 891 3214 946 credimus
3235 893 3430 948 vixisse
3453 893 3532 949 sic
3558 894 3791 964 aliquem
3814 913 3833 961 ;

2242 988 2296 1033 et
2316 995 2488 1048 spem,
2523 996 2626 1051 qua
2659 996 2756 1036 nos
2777 996 2985 1051 quoque
3017 982 3086 1035 ita
3119 997 3274 1051 posse
3295 983 3504 1049 vivere,
3533 984 3630 1055 qui
3651 985 3836 1040 homil-

2242 1087 2340 1126 ncs
2367 1087 2590 1139 sumus,
2621 1088 2686 1127 ex
2721 1087 2787 1127 eo
2815 1073 2954 1143 quod
2976 1074 3141 1144 aliqui
3182 1074 3427 1130 homines
3461 1075 3532 1130 ita
3559 1079 3832 1144 vixerunt,

2241 1161 2462 1218 minime
2482 1161 2847 1231 desperamus,
2877 1174 2938 1216 ut
2955 1163 3056 1218 hoc
3075 1173 3129 1218 et
3148 1164 3513 1220 desideremus
3533 1165 3835 1231 ardentius,

2243 1262 2299 1308 ct
2330 1252 2579 1307 ﬁdentius
2605 1267 2906 1322 precemur.
2957 1253 3033 1308 lla
3071 1263 3125 1308 ct
3163 1255 3397 1323 ipsorum
3425 1257 3586 1310 vitam
3636 1256 3761 1311 facit
3803 1273 3838 1312 α

2243 1345 2399 1400 nobis
2430 1344 2576 1415 diligi
2625 1345 2806 1399 formze
2837 1345 2976 1399 illius
3019 1345 3275 1413 dilectio,
3322 1347 3618 1402 secundum
3667 1363 3834 1418 quam

2246 1436 2446 1492 vixisse
2469 1435 2780 1495 creduntur.
2813 1445 2867 1490 et
2895 1436 3106 1491 illorum
3135 1438 3240 1491 vita
3271 1437 3471 1492 credita
3503 1439 3554 1492 in
3580 1438 3834 1494 eamdem

2246 1527 2469 1582 formam
2497 1526 2887 1598 ﬂagrantiorem
2929 1528 3130 1582 excitat
3171 1528 3478 1584 charitatem
3510 1548 3524 1584 :
3553 1541 3612 1584 ut
3635 1539 3840 1600 quanto

2247 1619 2554 1688 ﬂagrantius
2579 1618 2847 1690 diligimus
2870 1619 3067 1685 Deum,
3092 1628 3236 1674 tanto
3259 1621 3455 1676 certius
3484 1623 3840 1690 sereniustpte

2247 1710 2522 1764 videamus
2544 1710 2705 1779 ;quia
2732 1709 2793 1765 in
2816 1710 2925 1763 Deo
2951 1709 3312 1780 conspicimus
3343 1711 3840 1768 incommutabilem

2249 1799 2474 1856 formam
2515 1799 2771 1869 justitizn,
2819 1799 3109 1854 secundum
3149 1816 3314 1870 quam
3353 1801 3630 1856 hominem.
3657 1803 3841 1858 vivere

2249 1899 2494 1960 Oportcre
2517 1890 2839 1960 judieamus.
2884 1891 3037 1946 Valet
3057 1907 3186 1961 ergo
3217 1891 3347 1945 lides
3377 1892 3444 1946 ad
3469 1894 3836 1962 cognitionem

2251 1989 2304 2035 et
2323 1981 2387 2035 ad
2414 1981 2752 2038 dilectionem
2778 1983 2894 2050 Dei,
2919 1999 3024 2038 non
3053 1992 3300 2052 tanquam
3323 1984 3540 2038 omnino
3557 1985 3838 2054 incogniti,

2250 2080 2340 2125 aut
2367 2073 2585 2127 omnino
2615 2089 2719 2126 non
2765 2073 2948 2127 dilecti
2974 2090 2989 2138 ;
3035 2073 3128 2128 sed
3161 2089 3264 2143 quo
3288 2083 3637 2144 cognoscatur
3662 2076 3840 2129 mani-

2251 2163 2458 2230 festius,
2490 2172 2544 2219 et
2569 2180 2676 2234 quo
2705 2164 2908 2218 ﬁrmius
2932 2164 3197 2234 diligatur.

2322 2255 2547 2311 CAPUT
2572 2255 2640 2309 X.
2679 2285 2751 2296 --
2789 2256 2875 2310 Η.
2906 2255 3028 2309 Tria
3057 2255 3287 2326 quwdam
3317 2257 3368 2309 in
3391 2256 3638 2310 charitate
3659 2299 3675 2322 ,
3705 2257 3846 2311 velut

2252 2348 2518 2418 vestigium
2544 2346 2830 2400 Trinitatis.
2875 2348 3010 2414 Quid
3037 2356 3120 2402 est
3159 2357 3334 2402 autem
3365 2347 3577 2402 dilectio
3602 2349 3684 2402 vel
3715 2349 3850 2402 cha-

2254 2442 2416 2505 ritas,
2465 2456 2623 2510 quam
2675 2449 2951 2511 tantopere
2995 2440 3266 2509 Scriptura
3315 2440 3492 2494 divina
3551 2439 3736 2494 laudat
3790 2450 3848 2496 et.

2255 2533 2529 2602 prauiicat,
2558 2533 2655 2586 nisi
2680 2549 2832 2586 amor
2855 2533 2975 2586 boni
2998 2533 3020 2586 ?
3046 2534 3211 2587 Amor
3225 2545 3400 2588 autem
3419 2533 3637 2602 alicujus
3657 2548 3849 2586 aman-

2258 2622 2325 2676 tis
2355 2632 2437 2677 est
2465 2663 2480 2688 ,
2529 2631 2583 2677 et
2623 2637 2807 2677 amore
2853 2622 3055 2692 aliquid.
3097 2633 3326 2677 amatur.
3376 2623 3512 2678 Ecce
3551 2623 3650 2676 tria
3682 2632 3845 2689 sunt;

2257 2729 2462 2781 amans,
2489 2723 2542 2767 et
2567 2713 2707 2784 quod
2733 2723 2970 2779 amatur,
2993 2723 3046 2768 et
3071 2700 3242 2769 amor.
3268 2715 3401 2783 Quid
3423 2725 3504 2770 est
3523 2730 3652 2785 ergo
3668 2730 3848 2782 amor,

2257 2805 2356 2859 nisi
2397 2803 2643 2876 quaedam
2681 2805 2790 2860 vita
2815 2803 2922 2860 duo
2951 2804 3127 2876 aliqua
3166 2806 3422 2876 copulatis
3443 2845 3468 2872 ι
3487 2805 3568 2861 vel
3593 2806 3853 2876 capulare

2260 2907 2535 2965 appetens,
2564 2904 2830 2951 amantem
2858 2895 3078 2961 scilicet,
3109 2896 3324 2966 etquod
3351 2897 3600 2950 amatur?
3645 2896 3715 2951 Et
3745 2895 3853 2953 hoc

2259 2988 2416 3042 etiam
2466 2989 2516 3042 in
2557 2990 2794 3044 externis
2820 2991 2834 3020 ί
2867 2989 3274 3058 earnalibusque
3309 2988 3581 3043 amoribus
3620 2989 3692 3042 ita
3718 2999 3805 3044 est
3832 3006 3850 3042 :

2260 3079 2353 3134 sed
2387 3089 2444 3134 ut
2471 3081 2666 3150 aliquid
2697 3081 2880 3150 purius
2915 3091 2968 3134 et
2997 3081 3246 3150 liquidius
3275 3080 3599 3144 hauriamus,
3643 3080 3852 3137 calcata

2260 3184 2422 3223 earne
2447 3170 2799 3224 ascendamus
2825 3170 2889 3224 ad
2929 3169 3186 3223 animum.
3233 3169 3369 3238 Quid
3400 3181 3540 3223 amat
3562 3169 3776 3234 animus
3797 3175 3852 3226 in

2261 3262 2453 3323 amico,
2482 3261 2582 3314 nisi
2615 3262 2888 3315 animum?
2923 3261 2989 3314 Et
3012 3261 3117 3314 illic
3140 3262 3297 3331 igitur
3319 3262 3416 3315 tria
3445 3271 3566 3315 sunt
3595 3277 3608 3313 :
3639 3277 3851 3329 amans,

2262 3364 2314 3408 et
2343 3353 2481 3422 quod
2509 3362 2716 3407 amatur
2735 3395 2750 3420 ,
2770 3361 2845 3407 'et
2882 3369 3052 3407 amor.
3102 3353 3285 3407 Restat
3319 3336 3477 3406 etiam
3507 3352 3630 3406 hinc
3657 3366 3849 3406 ascen-

2263 3445 2391 3500 dere
2413 3486 2426 3506 ,
2454 3453 2510 3498 et
2535 3444 2780 3513 superius
2805 3445 2902 3497 ista
2932 3459 3176 3514 quaerere
3200 3485 3217 3511 ,_
3248 3453 3501 3514 quantum
3531 3442 3733 3497 homini
3759 3442 3857 3496 da-

2265 3549 2370 3594 tur.
2417 3535 2529 3591 Sed.
2555 3537 2640 3590 hic
2665 3535 2930 3606 paululum
2963 3536 3260 3607 requiescat
3288 3535 3511 3588 intentio
3531 3576 3548 3599 ,
3579 3549 3683 3587 non
3708 3543 3766 3587 ut
3794 3548 3854 3588 se

2259 3631 2367 3700 jam
2394 3629 2660 3685 existimet
2689 3627 2954 3683 invenisse
2976 3627 3115 3697 (ιιωά
3143 3628 3332 3698 quau-it
3356 3670 3368 3691 ,
3411 3627 3504 3681 sed
3543 3628 3682 3682 sicut
3716 3627 3854 3680 Solet

2265 3723 2485 3778 inveniri
2519 3723 2664 3776 locus
2689 3763 2704 3786 ,
2737 3720 2825 3775 ubi
2851 3721 3194 3790 quaerendum
3221 3730 3300 3774 est
3329 3721 3526 3790 aliquid
3555 3737 3568 3786 ;
3614 3719 3853 3775 nondum

2265 3816 2392 3872 illud
2419 3818 2687 3872 inventum
2717 3825 2797 3870 est
2817 3859 2839 3884 ,,
2862 3815 2955 3870 sed
2974 3816 3083 3884 jam
3111 3816 3380 3870 inventum
3408 3824 3491 3869 est
3520 3815 3608 3868 tibi
3639 3829 3855 3884 qua-ra-

2268 3917 2351 3960 tur
2387 3926 2398 3960 :
2430 3908 2498 3960 ita
2524 3908 2622 3962 hoc
2645 3907 2844 3962 dixisse
2870 3907 3159 3974 sull‘cecrit,
3188 3918 3242 3961 ut
3266 3919 3511 3977 tanquam
3536 3906 3604 3960 ab
3630 3905 3858 3962 articulo

2267 3999 2487 4067 alicujus
2511 4000 2710 4054 exordii
2742 4009 2930 4054 cetera
2957 4007 3323 4054 contexamus.

2332 4093 2346 4122 ¹
2385 4102 2485 4139 Am.
2512 4098 2586 4139 tlr.
2613 4099 2664 4141 et
2681 4099 2809 4149 Mss,
2835 4091 2883 4141 in
2902 4089 3148 4143 extremis.

574 4207 3855 4232 .___*_____________________.___________________

1654 4288 2137 4394 LIBER
2213 4290 2543 4395 NON
2556 4269 2810 4396 US.

571 4489 855 4541 Trinitatem
879 4491 925 4539 in
949 4490 1165 4562 homine,
1189 4492 1270 4552 qui
1296 4493 1558 4562 imagqpci
1586 4502 1678 4552 est,
1704 4493 1958 4562 quamdam
1982 4494 2175 4562 inesse;
2193 4503 2416 4562 ruentem
2437 4493 2641 4554 scilicet,
2668 4502 2720 4562 et
2744 4497 2961 4562 notitiam
2984 4509 3079 4559 qua
3101 4509 3158 4545 se
3182 4497 3334 4554 novit,
3357 4505 3407 4546 et
3435 4510 3860 4562 amorem-quaso

916 4553 1229 4617 notitiamque
1261 4568 1397 4603 suam
1418 4555 1575 4618 diligit
1602 4570 1614 4605 :
1639 4553 1784 4619 atque
1812 4558 1914 4606 luce
1938 4559 2026 4606 tria
2050 4557 2251 4620 aequalia
2278 4557 2406 4605 inter
2427 4571 2503 4619 se,
2528 4566 2579 4607 et
2605 4560 2744 4609 unius
2767 4553 3088 4608 ostendunt'tur
3108 4572 3218 4609 esse
3245 4553 3501 4612 essentia).

645 4765 868 4822 CAPUT
899 4768 1178 4826 PRIMUM.
1209 4800 1283 4811 —
1309 4772 1359 4829 Ι.
1393 4769 1467 4824 De
1509 4770 1751 4825 Trinitate
1789 4773 2038 4842 quomodo
2076 4775 2160 4828 in—

580 4859 901 4928 quirendum.
935 4861 1248 4917 Trinitatem
1279 4871 1424 4918 certe
1451 4863 1762 4932 quaerimus,
1796 4879 1900 4917 non
1932 4867 2160 4934 quamli-

582 4951 710 5015 bet,
740 4951 831 5006 sed
865 4952 1006 5006 illam
1036 4952 1346 5006 Trinitatem
1372 4969 1490 5022 quae
1521 4954 1657 5009 Deus
1683 4964 1781 5019 est,
1816 4971 2076 5025 verasque
2101 4971 2164 5011 ac

580 5056 820 5100 suimnus
847 5053 901 5097 et
931 5044 1081 5099 solus
1111 5044 1272 5100 Deus.
1306 5045 1562 5114 Exspecta
1590 5061 1717 5117 ergo
1738 5089 1751 5108 ,
1784 5049 2022 5118 quisquis“
2052 5050 2165 5104 lucc

581 5133 966 5190 audis:adbuc
1011 5135 1152 5190 enim
1201 5137 1521 5204 quaerimus,
1570 5146 1624 5192 et
1669 5139 1788 5192 talia
1838 5148 2163 5209 quan‘entcn‘t

583 5240 741 5281 nemo
765 5225 909 5295 juste
939 5226 1307 5295 reprehendit;
1339 5228 1383 5283 si
1416 5238 1587 5282 tamen
1621 5229 1668 5282 iu
1697 5229 1798 5284 ﬁde
1829 5231 2164 5290 ﬁrmissimus

589 5325 816 5386 quazrat,
848 5317 989 5390 quod
1019 5327 1109 5372 aut
1136 5335 1294 5374 nosse
1318 5327 1409 5373 aut
1442 5319 1616 5388 eloqui
1660 5320 2032 5376 difficillimum
2061 5333 2162 5376 est.

589 5407 949 5465 Mlirmantem
982 5426 1109 5465 vero
1137 5411 1242 5466 cito
1267 5411 1510 5480 justeque
1539 5411 1901 5480 reprehendit,
1929 5414 2166 5483 quisquis

583 5497 773 5554 melius
800 5500 885 5554 vel
914 5501 1059 5555 videt
1087 5501 1167 5556 vel
1196 5501 1370 5556 docet.
1403 5502 1643 5568 Qua-rite,
1677 5503 1866 5572 inquit,
1899 5503 2084 5570 Deum,
2113 5513 2161 5559 et

580 5589 706 5642 vivet
730 5590 902 5643 anima
939 5602 1102 5645 ucstra
1132 5591 1303 5663 (Psal.
1336 5610 1522 5658 vant,
1553 5595 1666 5663 55).
1700 5594 1764 5648 Et
1791 5611 1856 5650 ne
1884 5596 2164 5665 quisquam

581 5695 644 5736 se
672 5692 918 5752 tanquam
947 5684 1364 5754 apprelieudisse
1409 5697 1609 5742 temere
1637 5686 1860 5757 gaudeat
1884 5705 1894 5740 :
1923 5687 2165 5756 Qumrite,

577 5769 767 5840 inquit,
791 5772 970 5842 faciem
998 5777 1106 5844 ejus
1132 5792 1326 5846 semper
1352 5777 1520 5848 (Psal.
1542 5793 1648 5845 etv,
1669 5779 1744 5849 4).
1769 5779 1833 5833 lit
1852 5780 2165 5850 Apostolus:

574 5858 640 5916 Si
678 5863 791 5933 quis
835 5880 919 5932 se,
964 5865 1167 5937 inquit,
1211 5878 1356 5938 putat
1385 5870 1579 5941 aliquid
1609 5871 1774 5939 scire,
1822 5871 2041 5928 nondum
2071 5873 2165 5930 scit

2267 4773 2690 4844 quemadmodum
2731 4773 2858 4826 scire
2897 4781 3144 4842 oporteat.
3197 4771 3442 4842 Quisquis
3475 4781 3649 4826 autent
3700 4772 3862 4844 diligit

2270 4865 2458 4930 Deum,
2489 4865 2570 4918 hic
2602 4864 2832 4937 cognitus
2860 4873 2931 4917 est
2971 4863 3032 4916 ab
3058 4864 3148 4917 illo
3177 4864 3230 4932 (Ι
3257 4863 3375 4917 Cor.
3403 4878 3517 4922 vut,
3555 4852 3614 4927 ἒ,
3648 4864 3728 4932 5).
3757 4862 3864 4917 Nec

2268 4957 2345 5012 sic
2392 4957 2606 5027 quidem
2654 4957 2824 5022 dixit,
2873 4957 3130 5026 Cognovit
3177 4957 3350 5019 illum;
3403 4972 3521 5024 qua:
3561 4957 3862 5025 periculosa

2269 5049 2614 5120 pra'snmptio
2644 5057 2725 5103 est
2749 5066 2762 5102 :
2787 5048 2878 5102 sed
2906 5089 2920 5111 ,
2953 5049 3182 5118 cognitus
3207 5057 3279 5102 est
3307 5048 3369 5100 ab
3397 5048 3508 5101 illo.
3537 5046 3628 5102 Sic
3654 5055 3713 5102 et
3741 5045 3864 5100 alibi

2269 5156 2388 5195 eum
2419 5140 2661 5206 dixisset,
2697 5139 2850 5194 Nunc
2876 5150 3044 5220 autem
3071 5151 3420 5210 cognoscentes
3455 5139 3653 5204 Deum;
3685 5140 3865 5194 statim

2271 5235 2565 5304 corrigens,
2597 5233 2696 5287 imo
2723 5232 2930 5302 cogniti,
2975 5233 3177 5302 inquit,
3222 5249 3254 5285 a
3299 5231 3406 5285 Deo
3433 5229 3632 5301 (Colat.
3663 5247 3737 5294 tv,
3765 5230 3820 5300 9)
3851 5248 3865 5284 :

2271 5326 2608 5391 maximeque
2635 5323 2730 5377 illo
2752 5324 2897 5387 loco,
2932 5322 3140 5377 Fratres
3164 5365 3179 5387 ,
3223 5323 3422 5392 inquit,
3451 5338 3544 5393 ego
3576 5338 3658 5376 me
3699 5338 3868 5390 ipsum

2271 5433 2370 5470 non
2409 5415 2628 5469 arbitror
2665 5415 3059 5484 amare/tetulisse
3083 5431 3101 5468 :
3123 5431 3277 5469 unum
3320 5423 3485 5467 autem
3505 5455 3520 5478 ,
3572 5429 3700 5484 quc
3729 5423 3865 5466 retro

2271 5507 2474 5570 oblitus,
2506 5507 2556 5559 in
2578 5523 2638 5559 ea
2656 5522 2768 5576 qua:
2795 5515 2910 5560 tmte
2930 5517 3046 5559 sunt
3063 5515 3310 5567 extent-ns,
3333 5506 3608 5558 secmidum
3629 5505 3873 5557 intentio.-

2272 5617 2382 5654 nem
2409 5615 2588 5665 sequor
2602 5599 2670 5651 ad
2691 5600 2915 5670 palmam
2935 5615 3166 5668 superna:
3188 5598 3459 5652 vocationis
3474 5596 3572 5651 Dei
3587 5599 3639 5650 in
3659 5595 3862 5652 Christo

2271 5688 2417 5743 Jesu.
2455 5689 2710 5761 Quotquot
2737 5707 2855 5760 ergo
2886 5689 3129 5760 perfecti,
3172 5689 3266 5742 hoc
3293 5689 3554 5758 sapiamus
3598 5687 3860 5761 (Philipp.

2273 5797 2348 5842 Ill,
2385 5783 2448 5836 15
2481 5782 2545 5835 15
2573 5780 2614 5854 ).
2649 5781 3032 5837 Pcrl‘eetionem
3061 5782 3112 5835 in
3146 5781 3243 5835 hac
3271 5781 3376 5835 vita
3408 5780 3558 5846 dicit,
3588 5795 3694 5834 non
3715 5778 3861 5833 aliud

2274 5891 2430 5945 quam
2463 5889 2526 5930 ea
2552 5888 2669 5945 quae
2700 5882 2844 5930 rctro
2869 5883 2991 5930 sunt
3019 5857 3256 5930 oblivisci
3282 5881 3385 5943 ,ct
3412 5873 3462 5930 iu
3495 5887 3556 5931 ca
3587 5888 3705 5946 qua
3732 5881 3862 5934 ante
