4076 6448
193 338 282 397 tot
1603 325 1806 384 LIBER
1845 287 2084 383 nouus.

193 462 308 511 sunt
347 451 565 509 extendi
611 449 902 508 secundum
945 448 1315 506 intentionem.
1361 443 1647 501 Tutissima
1690 451 1772 498 est

197 547 331 604 enim
361 545 652 616 quan-eatis
697 544 918 598 intentio
944 585 958 608 ,
990 543 1160 597 donec
1190 537 1616 609 apprehendatur
1647 535 1774 590 illud

194 651 292 708 quo
335 635 604 691 tendimus
633 643 688 689 et
734 649 839 704 quo
886 631 1240 688 extendimur.
1275 627 1382 685 Sed
1413 644 1472 682 ea
1505 635 1648 681 recta
1691 625 1774 679 in-

195 731 356 786 tentio
387 739 469 783 est
489 771 503 794 ,
534 741 650 799 que
691 727 1042 798 proliciscitur
1064 743 1092 778 a
1125 725 1246 778 lide.
1275 724 1432 778 Certa
1461 719 1602 775 enim
1645 717 1776 772 ﬁdes

199 833 482 893 utcumque
515 823 728 877 inchoat
756 821 1110 891 cognitionem
1145 835 1156 871 :
1189 817 1424 885 cognitio
1463 828 1593 869 vero
1631 819 1775 866 certa

193 929 288 970 non
323 915 647 984 perficietur,
682 913 780 966 nisi
811 919 930 981 post
959 911 1094 964 itane
1123 909 1304 974 vitam,
1332 903 1776 962 cum'vitlehimus

193 1007 318 1060 facie
344 1005 412 1059 ad
443 1005 629 1059 facient
661 1003 704 1073 (1
729 1002 854 1058 'Cor.
883 1007 1006 1066 ‘x’m,
1039 1000 1149 1071 12).
1181 998 1290 1054 Hoc
1315 1011 1444 1068 ergo
1471 996 1739 1065 sapiamus
1759 1035 1774 1060 ,

194 1106 244 1150 ut
265 1095 574 1150 noverimus
609 1095 855 1149 tutiorem
881 1107 1000 1148 esse
1027 1091 1273 1146 allectum
1307 1103 1428 1144 vera
1465 1085 1736 1157 qumrendi
1760 1125 1776 1148 ,

191 1201 346 1256 quam
397 1186 662 1255 incognita
708 1199 806 1254 pro
843 1183 1068 1254 cognitis
1099 1177 1472 1250 prmsumendi.
1519 1177 1608 1231 Sic
1649 1191 1778 1246 ergo

191 1291 489 1348 quatramus
522 1285 782 1346 ‘tanquam
839 1275 1100 1330 inventuri
1136 1291 1148 1327 :
1183 1281 1234 1327 et
1275 1273 1350 1326 sic
1402 1271 1768 1336 inveniamus,

195 1379 438 1438 tanquam
468 1367 762 1439 qumsituri.
795 1365 921 1420 Cum
962 1366 1102 1420 enim
1143 1363 1560 1418 consummaverit
1588 1363 1736 1414 homo
1759 1401 1774 1427 ,

194 1473 306 1514 tunc
325 1457 514 1531 incipit
545 1457 729 1533 (Ereti.
765 1476 935 1525 vaIt,
959 1458 1047 1529 ‘6).
1082 1459 1157 1513 De
1186 1455 1465 1512 credendis
1489 1455 1631 1509 nulla
1662 1455 1782 1508 iuli-

193 1553 408 1610 delitate
439 1554 771 1619 dubitemus,
808 1554 874 1608 de
909 1551 1262 1622 intelligendis
1296 1550 1436 1604 nulla
1483 1549 1780 1605 temeritate

192 1647 633 1703 allirmemus:in
678 1647 782 1702 illis
833 1647 1121 1702 auctoritas
1165 1643 1400 1699 tenenda
1452 1651 1566 1710 est,
1613 1643 1666 1697 in
1698 1641 1780 1696 his

193 1740 389 1793 veritas
415 1739 760 1810 exquirenda.
788 1737 940 1805 Quod
975 1753 1104 1808 ergo
1142 1737 1205 1791 ad
1251 1736 1406 1790 istam
1434 1735 1779 1805 qua-stionem

195 1832 415 1898 attinet,
445 1832 740 1887 'crcdatnus
768 1832 979 1886 Patrem
1007 1841 1060 1885 et
1088 1829 1274 1883 Filium
1300 1839 1352 1883 et
1378 1829 1634 1900 Spiritum
1657 1842 1782 1881 san-

193 1931 333 1976 ctum
364 1935 488 1978 esse
523 1937 685 1977 unum
719 1923 882 1978 Deum
906 1963 921 1990 ,
953 1921 1214 1976 universae
1240 1929 1497 1975 creaturte
1535 1917 1782 1973 condito-

201 2027 314 2067 rem
343 2023 505 2084 atque
531 2024 792 2070 rectorem
822 2033 834 2069 :
867 2029 966 2069 nec
995 2013 1215 2068 Patrem
1254 2027 1372 2068 csse
1411 2011 1598 2067 Filium
1625 2052 1639 2076 ,
1685 2025 1783 2066 nec

195 2101 452 2172 Spiritum
497 2115 737 2160 sanctum
785 2106 864 2160 vel
897 2105 1255 2161 Patrcm'essc
1290 2105 1370 2160 vcl
1413 2103 1643 2169 Filium;
1689 2103 1782 2159 sed

193 2195 512 2250 Trinitatem
567 2198 849 2251 velatarum
901 2196 969 2250 ad
1023 2197 1250 2250 invicem
1305 2209 1684 2265 personarum,
1731 2203 1786 2250 et

194 2287 455 2342 unitatem
511 2289 730 2358 aequalis
779 2286 1047 2343 essentiac.
1109 2287 1222 2341 lloe
1269 2297 1444 2340 autem
1485 2299 1784 2355 quan-amns

194 2375 498 2448 intelligere
525 2419 540 2444 ,
587 2379 654 2432 ab
695 2391 762 2434 eo
814 2379 932 2448 ipso
974 2393 1130 2448 quem
1171 2377 1466 2445 intelligere
1517 2377 1782 2442 volumus,

193 2469 448 2524 auxilium
483 2477 782 2540 precantes,
813 2481 866 2526 et
891 2479 1146 2540 quantum
1177 2467 1515 2538 tribuitquod
1535 2467 1787 2538 intelligi-

192 2577 310 2615 mus
355 2559 626 2630 explicare
695 2571 836 2614 tanta
889 2575 1015 2615 cura
1070 2571 1122 2616 et
1175 2559 1529 2615 sollicitudine
1578 2557 1788 2630 pietatis

191 2651 539 2724 cupientes",
573 2660 630 2705 ut
654 2651 810 2706 etiam
837 2651 881 2706 si
914 2651 1109 2722 aliquid
1130 2651 1270 2705 aliud
1296 2667 1390 2720 pro
1411 2651 1516 2704 alio
1539 2650 1784 2716 dicimus,

195 2743 332 2796 nihil
377 2753 554 2796 tamen
607 2742 880 2812 indignum
925 2742 1186 2796 dicamus.
1223 2741 1298 2797 'Ut
1347 2742 1390 2796 si
1441 2742 1599 2814 quid,
1641 2741 1786 2796 verbi

198 2834 416 2903 gratia,
467 2834 719 2890 de‘PatI-e
763 2833 991 2889 dicimus
1015 2877 1029 2902 ,
1075 2835 1215 2906 quod
1247 2833 1386 2890 Patri
1429 2836 1642 2906 proprie
1682 2851 1786 2889 non

192 2929 523 2996 conveniat,
555 2940 645 2983 aut
669 2927 808 2984 Filio
837 2930 1122 2984 conveniat
1145 2971 1160 2996 ,
1197 2938 1289 2983 aut
1315 2928 1532 2999 Spiritui
1571 2937 1785 2994 sancto,

195 3029 290 3074 aut
336 3019 438 3090 ipsi
484 3021 728 3076 Trinitati
762 3039 776 3076 :
810 3031 865 3077 et
905 3022 948 3076 si
993 3020 1116 3092 quid
1147 3021 1214 3076 de
1256 3021 1423 3086 Filio,
1472 3020 1612 3090 quod
1655 3019 1789 3076 Filio

197 3114 422 3181 proprie
463 3127 568 3166 non
614 3124 904 3184 congruat,
951 3113 1140 3168 saltem
1193 3123 1448 3184 congruat
1495 3113 1666 3178 Patri,
1698 3122 1792 3168 aut.

197 3203 424 3272 Spiritui
454 3213 660 3269 sancto,
688 3215 776 3259 aut
797 3205 1047 3260 'l‘rinitati
1073 3223 1086 3258 :
1113 3205 1236 3260 item
1271 3207 1316 3260 si
1343 3201 1467 3275 quid
1497 3205 1564 3261 de
1590 3205 1789 3276 Spiritu

196 3305 411 3361 sancto,
441 3296 581 3364 quod
613 3297 992 3368 proprietatem
1013 3298 1241 3370 Spiritus
1261 3299 1429 3353 sancti
1450 3314 1558 3353 non
1583 3297 1785 3364 deceat,

202 3403 315 3442 non
348 3397 526 3442 tamen
558 3389 787 3444 alienum
817 3391 943 3444 sita
973 3390 1130 3445 Patre
1170 3397 1262 3444 aut
1305 3406 1336 3444 a
1381 3389 1548 3454 Filio,
1593 3399 1685 3445 aut
1721 3389 1792 3446 ab

197 3495 306 3532 uno
329 3480 442 3534 Deo
474 3479 587 3550 ipsa
625 3481 903 3536 'l‘rinitate.
935 3480 1107 3536 Veluti
1147 3495 1288 3536 nunc
1328 3481 1574 3551 cupimus
1603 3481 1784 3538 videre

195 3582 378 3628 utrum
423 3573 512 3627 illa
559 3573 1003 3630 excellentissima
1048 3573 1281 3628 Charitas
1321 3571 1532 3643 proprie
1566 3573 1792 3644 Spiritus

197 3675 418 3720 sanctus
443 3665 513 3720 sit
537 3684 551 3720 :
575 3666 714 3737 quod
742 3667 784 3720 si
813 3683 918 3721 non
947 3675 1060 3733 est,
1099 3674 1190 3720 aut
1219 3665 1377 3720 Pater
1414 3673 1497 3719 est
1522 3665 1787 3732 charitas,

195 3769 290 3813 aut
315 3757 508 3826 Filius,
540 3771 630 3814 aut
661 3759 772 3829 ipsa
805 3758 1069 3825 Trinitas;
1114 3757 1364 3829 quoniam
1410 3757 1660 3812 resistere
1685 3773 1791 3812 non

199 3866 495 3920 possumus
524 3853 838 3906 certissima
866 3851 1020 3916 ﬁdei,
1049 3860 1102 3906 et
1129 3847 1468 3904 validissima:
1493 3846 1794 3903 auctoritati

199 3941 498 4014 Scriptura:
524 3942 767 4010 dicentis,
798 3941 938 3997 Deus
963 3944 1184 3998 cher-itas
1208 3951 1278 3997 est
1300 3941 1344 4008 (l
1369 3941 1524 3996 Joan.
1552 3933 1630 4020 tv,
1662 3941 1752 4010 i6)
1776 3958 1790 3994 :

201 4049 311 4088 non
335 4044 516 4090 tamen
556 4035 812 4091 debemus
847 4033 1062 4090 deviare
1084 4034 1341 4104 sacrilego
1366 4048 1577 4100 errore,
1609 4040 1666 4088 ut
1692 4033 1794 4088 ali-

202 4127 332 4196 quid
370 4126 440 4182 de
479 4125 744 4182 'l‘rinitate
787 4125 1028 4182 dicamus
1058 4124 1198 4196 quod
1239 4140 1344 4180 non
1383 4123 1654 4190 Creatori,
1699 4123 1794 4180 sed

199 4227 465 4274 creatura:
489 4219 668 4288 potius
695 4217 1018 4283 conveniat,
1050 4226 1140 4272 aut
1166 4215 1310 4272 inani
1339 4217 1659 4289 cogitatione
1688 4215 1794 4270 tin-

197 4321 378 4382 gatttr.
925 4319 928 4322 ’

274 4401 503 4459 CAPUT
545 4401 606 4458 ll.
637 4431 706 4442 —
733 4401 790 4456 2.
825 4400 1206 4456 Consideranda
1242 4401 1338 4455 tria
1373 4400 1464 4456 illa
1499 4415 1612 4466 qua:
1650 4417 1795 4472 repe-

195 4495 408 4548 riuntur
435 4494 490 4547 in
519 4493 783 4548 charitate.
832 4492 960 4562 Qua:
1002 4507 1124 4548 cum
1169 4493 1238 4548 ita
1283 4493 1418 4560 sint,
1459 4491 1796 4546 attendamus

195 4589 306 4644 ista
332 4587 434 4642 tria
455 4629 469 4652 ,
511 4602 630 4656 qua:
661 4585 928 4641 invenisse
968 4585 1124 4641 nobis
1153 4584 1408 4640 videmur.
1455 4582 1698 4638 Nondum
1726 4583 1795 4640 de

195 4681 454 4750 supernis
479 4679 750 4750 loquimur
768 4722 784 4746 ,
829 4681 1064 4746 nondum
1091 4679 1157 4735 de
1185 4679 1296 4734 Deo
1323 4679 1478 4734 Patre
1505 4687 1558 4734 et
1577 4679 1713 4734 Filio
1742 4689 1796 4734 et

192 4774 410 4843 Spiritu
441 4781 656 4839 sancto;
686 4774 780 4828 sed
806 4773 876 4829 de
908 4775 1008 4828 hac
1042 4773 1232 4844 impari
1267 4773 1496 4842 imagine
1516 4814 1530 4838 ,
1555 4783 1794 4828 attamen

195 4863 462 4934 imagine,
495 4863 545 4918 id
574 4875 654 4920 est
682 4863 899 4920 homine
925 4849 1274 4920 :l‘amiliarius
1310 4865 1452 4918 enim
1487 4878 1604 4918 eam
1635 4869 1688 4918 et
1714 4862 1793 4916 fa-

197 4957 366 5012 cilius
383 4955 624 5011 fortassis
647 4957 880 5010 intuetur
905 4956 1100 5010 mentis
1123 4965 1318 5010 nostra:
1339 4954 1635 5010 infirmitas.
1655 4954 1796 5010 Ecce

197 5065 314 5121 ego
341 5049 430 5119 qui
473 5048 576 5102 hoc
604 5064 788 5118 quer
806 5090 820 5114 ,
847 5063 968 5104 cum
993 5046 1190 5116 aliquid
1219 5062 1341 5100 ante
1378 5046 1478 5100 tria
1506 5056 1640 5100 .sunt
1663 5062 1676 5098 :
1698 5061 1796 5116 ego

193 5151 258 5194 et
289 5139 432 5210 quod
460 5155 604 5212 amo,
637 5149 692 5195 et
719 5141 830 5209 ipse
855 5155 1028 5194 amor.
1056 5137 1171 5192 Non
1204 5138 1345 5192 enim
1373 5152 1494 5192 amo
1522 5153 1793 5204 amorem,

193 5233 310 5286 nisi
355 5240 626 5287 amantem
655 5246 828 5286 amem
857 5246 1014 5286 :nam
1059 5243 1166 5284 non
1194 5239 1276 5285 est
1303 5243 1488 5296 amor,
1535 5229 1624 5284 ubi
1663 5229 1795 5284 nihil

189 5334 438 5378 amatur.
467 5324 590 5379 Tria
633 5339 762 5394 ergo
789 5332 942 5388 sunt;
970 5337 1155 5376 amans
1176 5363 1191 5388 ,
1225 5331 1280 5376 et
1303 5322 1444 5392 quod
1479 5331 1710 5390 amatur,
1743 5331 1798 5377 et

193 5431 386 5470 amor.
413 5414 574 5483 Quid,
600 5414 646 5470 si
675 5429 782 5470 non
808 5429 984 5469 amem
1017 5413 1116 5468 nisi
1146 5427 1230 5466 me
1257 5412 1464 5482 ipsum?
1493 5428 1668 5468 nonne
1689 5412 1798 5468 duo

189 5515 402 5570 erunt;
445 5505 585 5576 quod
622 5521 770 5571 amo,
818 5515 874 5561 et
915 5505 1102 5560 amor?
1143 5507 1344 5558 Amans
1383 5504 1527 5558 enim
1572 5503 1795 5574 etquod

188 5607 421 5653 amatur
441 5639 459 5664 ,
505 5597 606 5652 hoc
651 5597 791 5652 idem
832 5605 914 5652 cst
932 5639 947 5662 ,
995 5595 1209 5666 quando
1237 5610 1296 5650 se
1324 5595 1434 5664 ipse
1459 5603 1598 5648 amat
1627 5595 1800 5649 :sicut

187 5706 397 5749 nutare
426 5701 481 5746 et
521 5692 726 5754 amari,
758 5689 946 5746 eodem
977 5688 1136 5746 modo
1169 5687 1396 5758 idipsum
1432 5696 1544 5752 est,
1589 5703 1710 5742 cum
1739 5702 1798 5744 se

271 5807 298 5838 ³
333 5805 558 5866 tta-bum,
584 5802 838 5867 cupientes,
861 5800 1129 5851 addidimus
1151 5813 1214 5851 ex
1239 5800 1490 5851 sexdecim
1515 5807 1618 5848 Mss.

3366 334 3472 395 96'!

1881 443 2104 512 quisque
2147 449 2308 496 amat.
2354 441 2553 498 Eadtm
2602 443 2796 515 quippe
2839 459 2927 500 res
2967 441 3050 500 bis
3089 444 3316 513 dicitur,
3345 464 3470 506 eum

1880 531 2092 597 dicitur,
2126 534 2283 586 Amat
2308 547 2367 588 se
2387 575 2400 598 ,
2432 543 2486 589 et
2511 543 2722 588 amatur
2747 549 2775 587 a
2801 549 2881 588 se.
2911 535 3065 589 Tunc
3089 536 3232 590 enim
3255 553 3362 592 non
3386 549 3470 594 est

1881 625 2024 680 aliud
2051 635 2211 698 atque
2235 627 2398 694 aliud,
2424 644 2605 685 amare
2633 637 2684 684 et
2710 629 2910 696 amari;
2933 629 3080 685 sicut
3103 645 3206 684 non
3229 643 3310 686 est
3332 633 3470 688 alius

1881 728 2038 789 atque
2067 721 2218 784 alius,
2250 735 2433 776 amans
2457 730 2511 776 et
2539 733 2766 778 amatus.
2797 725 2863 778 At
2885 739 3015 779 vero
3044 741 3213 790 amor,
3245 735 3301 781 et
3326 727 3468 797 quod

1882 821 2123 876 amatur,
2167 812 2328 866 etiam
2364 813 2441 868 sic
2467 813 2573 868 duo
2603 823 2749 868 sunt.
2777 813 2892 869 Non
2919 815 3062 870 enim
3093 831 3214 871 cum
3241 819 3470 886 quisque

1883 915 1942 956 se
1967 911 2110 957 amat
2131 917 2284 958 amor
2313 913 2390 958 est
2409 947 2424 972 ,
2453 905 2555 959 nisi
2582 919 2702 960 cum
2731 917 2940 962 amatur
2967 907 3080 978 ipse
3108 923 3276 963 amor.
3307 909 3466 966 Aliud

1883 1001 1964 1046 est
1989 1002 2165 1047 autem
2201 1009 2386 1050 amare
2423 1009 2482 1050 se
2502 1036 2516 1061 ,
2546 995 2686 1050 aliud
2715 1007 2795 1052 est
2816 1013 2994 1053 amare
3013 1013 3258 1055 amorem
3289 1016 3466 1055 suum.

1882 1083 1998 1138 Non
2023 1087 2163 1139 enim
2194 1095 2400 1142 amatur
2421 1103 2590 1154 amor,
2615 1089 2716 1143 nisi
2739 1089 2847 1160 jam
2877 1092 3073 1163 aliquid
3100 1109 3284 1150 amans
3308 1112 3321 1148 :
3345 1095 3468 1165 quia

1885 1176 1972 1230 ubi
2005 1177 2134 1231 nihil
2179 1189 2420 1244 amatur,
2471 1182 2646 1236 nullus
2675 1189 2757 1236 est
2784 1195 2952 1238 amor.
2991 1185 3111 1239 ‘Duo
3143 1203 3278 1257 ergo
3307 1181 3466 1254 sunt,

1883 1281 2004 1322 cum
2031 1285 2088 1324 se
2113 1271 2338 1341 quisque
2374 1283 2555 1338 amat;
2583 1288 2766 1339 amor,
2814 1283 2867 1329 ct
2894 1278 3034 1346 quod
3065 1287 3291 1332 amatur.
3316 1279 3469 1334 Tunc

1883 1362 2025 1416 enim
2053 1379 2239 1418 amans
2265 1373 2318 1418 et
2357 1365 2494 1434 quod
2524 1376 2734 1421 amatur
2759 1385 2919 1422 unum
2955 1377 3054 1424 est.
3077 1370 3235 1427 Unde
3262 1372 3470 1428 videtur

1883 1467 1988 1506 non
2019 1468 2139 1508 esse
2167 1469 2498 1524 consequens
2527 1467 2585 1512 ut
2609 1459 2928 1530 ubicumque
2961 1478 3110 1516 amor
3129 1463 3328 1527 'fucrit,
3356 1466 3467 1534 jam

1885 1547 1982 1600 tria
2016 1547 2393 1619 intelligantur.
2425 1549 2742 1608 Auferamns
2769 1554 2910 1608 enim
2943 1556 3008 1610 ab
3035 1555 3130 1610 hac
3156 1557 3467 1612 considera-

1885 1637 2030 1691 tione
2050 1647 2240 1692 cretera
2273 1655 2388 1709 quze
2417 1641 2579 1694 multa
2597 1651 2766 1710 ﬁunt,
2804 1644 2996 1712 quilms
3027 1645 3186 1699 homo
3217 1657 3425 1702 constat
3452 1665 3465 1703 :

1883 1737 2043 1798 atque
2083 1739 2138 1782 ut
2179 1729 2292 1784 inec
2321 1747 2440 1800 qum
2482 1747 2619 1786 nunc
2645 1733 2984 1802 requirimus,
3028 1745 3280 1804 quantum
3308 1739 3358 1790 in
3389 1736 3471 1793 his

1885 1821 2045 1873 rebus
2075 1835 2376 1888 possumus,
2427 1823 2624 1892 liquido
2663 1823 2991 1892 reperiamus
3011 1867 3024 1888 ,
3053 1826 3119 1880 de
3157 1827 3265 1879 sola
3293 1837 3473 1882 mente

1887 1919 2194 1965 tractemus.
2225 1911 2372 1967 Mens
2401 1913 2558 1983 igitur
2583 1929 2701 1968 cum
2729 1923 2868 1968 amat
2900 1931 2957 1970 se
2983 1915 3171 1986 ipsam,
3204 1917 3308 1971 duo
3329 1933 3474 1987 qure—

1885 2000 2006 2056 dam
2036 2003 2306 2067 ostendit,
2354 2014 2584 2058 mentem
2607 2048 2622 2072 ,
2654 2015 2706 2060 et
2737 2021 2993 2060 amorem.
3027 2009 3164 2076 Quid
3190 2021 3269 2064 est
3294 2020 3472 2064 autem

1886 2107 2070 2148 amare
2098 2109 2176 2156 se,
2210 2095 2308 2148 nisi
2336 2095 2434 2150 sibi
2463 2107 2656 2166 pratsto
2677 2111 2796 2152 esse
2821 2099 2956 2153 velle
2984 2101 3048 2152 ad
3078 2098 3355 2154 fruendum
3380 2101 3474 2156 se?

1888 2183 1956 2238 Et
1982 2201 2101 2243 cum
2127 2195 2332 2240 tantum
2357 2201 2414 2242 se
2453 2189 2563 2242 vult
2591 2205 2729 2254 esse,
2759 2199 3011 2260 quantum
3039 2201 3154 2254 est,
3189 2209 3282 2262 par
3308 2193 3474 2248 menti

1890 2276 2134 2331 voluntas
2164 2287 2285 2344 est,
2330 2287 2384 2334 et
2429 2281 2627 2334 amanti
2669 2295 2819 2336 amor
2845 2285 3080 2353 requalis.
3113 2285 3176 2340 Et
3219 2285 3262 2340 si
3295 2285 3473 2358 aliqua

1889 2367 2184 2422 substantia
2216 2379 2299 2424 est
2324 2385 2476 2425 amor
2499 2412 2512 2432 ,
2553 2387 2658 2426 non
2685 2381 2767 2428 est
2797 2375 2977 2444 utique
3003 2391 3214 2446 corpus,
3245 2377 3339 2432 sed
3369 2378 3479 2448 Spi-

1891 2459 2024 2514 ritus
2052 2477 2064 2512 :
2095 2475 2193 2515 nec
2219 2477 2368 2516 mens
2397 2479 2590 2532 corpus
2614 2506 2629 2532 ,
2677 2465 2772 2520 sed
2819 2467 3034 2538 spiritus
3061 2477 3160 2524 est.
3192 2469 3374 2540 Neque
3399 2479 3479 2524 ta-

1891 2565 2011 2604 men
2040 2566 2191 2605 amor
2213 2563 2268 2606 et
2298 2569 2448 2608 meus
2485 2555 2590 2609 duo
2618 2557 2838 2626 spiritus
2857 2600 2871 2624 ,
2916 2559 3009 2613 sed
3049 2575 3188 2614 unus
3213 2562 3433 2630 spiritus
3459 2579 3474 2626 ;

1893 2655 1990 2695 nec
2021 2645 2266 2698 essentia:
2293 2647 2445 2712 dum,
2487 2647 2580 2702 sed
2629 2664 2730 2702 una
2757 2666 2768 2702 :
2793 2659 2846 2708 et
2877 2659 3050 2705 tamen
3091 2652 3196 2706 duo
3232 2654 3475 2724 qumdam

1893 2747 2056 2786 unum
2090 2745 2235 2801 sunt,
2281 2751 2466 2790 amans
2512 2747 2566 2792 et
2609 2754 2787 2806 amor;
2840 2741 2954 2796 sive
2995 2744 3077 2797 sic
3122 2743 3289 2810 dicas,
3335 2745 3478 2815 quod

1893 2833 2102 2878 amatur
2131 2835 2183 2879 ct
2212 2841 2382 2880 amor.
2413 2827 2476 2880 Et
2505 2827 2619 2882 lucc
2658 2829 2870 2898 quidem
2913 2833 3020 2886 duo
3047 2833 3266 2889 relative
3295 2835 3361 2890 ad
3401 2835 3483 2889 in-

1893 2915 2062 2968 vicem
2089 2915 2358 2971 dicuntur.
2395 2919 2596 2974 Amans
2621 2922 2815 2991 quippe
2849 2923 2914 2978 ad
2947 2939 3182 2980 amorem
3215 2926 3478 2992 refertur,

1893 3013 1949 3060 et
1994 3020 2147 3060 amor
2189 3005 2256 3060 ad
2301 3018 2590 3062 amantem.
2641 3013 2840 3067 Amans
2885 3015 3025 3068 enim
3074 3015 3251 3086 aliquo
3299 3032 3482 3072 amore

1893 3107 2072 3164 autat,
2117 3109 2172 3154 et
2214 3114 2366 3154 amor
2411 3101 2632 3171 alicujus
2680 3105 2907 3159 amantis
2948 3115 3050 3160 est.
3095 3105 3242 3162 Mens
3269 3124 3397 3163 vero
3427 3119 3483 3164 et.

1894 3189 2112 3259 spiritus
2140 3205 2246 3245 non
2274 3191 2490 3248 relative
2519 3194 2784 3258 dicuntur,
2814 3197 2908 3250 sed
2934 3197 3218 3252 essentiam
3252 3201 3478 3254 demou-

1895 3288 2086 3335 strant.
2127 3280 2243 3336 Non
2274 3283 2414 3337 enim
2438 3285 2558 3352 quia
2591 3299 2744 3338 mens
2788 3293 2842 3340 et
2884 3287 3102 3356 spiritus
3129 3287 3355 3360 alicujus
3381 3290 3480 3343 ho-

1895 3370 2054 3426 minis
2079 3381 2163 3427 est
2183 3414 2197 3437 ,
2229 3373 2347 3428 ideo
2377 3389 2531 3429 mens
2560 3385 2614 3428 et
2643 3378 2860 3446 spiritus
2885 3387 2967 3432 est
2987 3379 3028 3431 ¹.
3060 3379 3309 3436 Retracto
3339 3383 3480 3436 enim

1896 3475 1962 3515 eo
2005 3463 2144 3532 quod
2191 3463 2349 3518 homo
2389 3475 2504 3529 est,
2551 3467 2689 3536 quod
2722 3468 2970 3537 adjuncto
2997 3485 3222 3539 corpore
3251 3472 3478 3540 dicitur;

1896 3561 2126 3608 retracto
2166 3570 2291 3624 ergo
2320 3571 2544 3625 corpore
2566 3599 2580 3622 ,
2627 3573 2778 3614 mens
2807 3569 2860 3614 et
2887 3562 3104 3631 spiritus
3132 3557 3311 3620 manet
3337 3583 3349 3620 :
3382 3581 3474 3621 re-

1897 3651 2068 3698 tracto
2107 3655 2284 3700 autem
2331 3657 2576 3714 amante,
2623 3649 2800 3704 nullus
2830 3659 2912 3706 est
2939 3668 3122 3720 amor;
3155 3665 3209 3710 et
3251 3667 3481 3713 retracto

1897 3753 2111 3802 amore,
2142 3739 2317 3795 nullus
2351 3749 2434 3795 est
2461 3755 2667 3797 amans.
2699 3743 2928 3814 Ideoque
2957 3757 3210 3816 quantmn
3239 3750 3306 3804 ad
3345 3752 3483 3804 invi-

1897 3845 2017 3886 cem
2051 3830 2357 3886 referuntur
2381 3875 2393 3898 ,
2437 3833 2543 3888 duo
2576 3845 2698 3889 sunt
2731 3855 2744 3891 :
2777 3837 2918 3907 quod
2949 3850 3126 3894 autem
3166 3843 3230 3897 ad
3272 3859 3330 3898 se
3371 3845 3482 3914 ipsa

1898 3921 2150 3978 dicuntur
2169 3965 2182 3990 ,
2215 3933 2268 3979 et
2293 3925 2496 3996 singula
2522 3927 2764 3998 Spiritus,
2788 3939 2840 3983 et
2861 3931 3016 3984 simul
3043 3941 3322 4004 utrumque
3347 3953 3485 3994 unus
3531 3947 3538 3954 ’

1900 4015 2153 4087 spiritus;
2192 4025 2248 4072 et
2291 4017 2493 4088 singula
2525 4033 2714 4086 mens,
2758 4029 2812 4075 et
2852 4021 3008 4076 simul
3057 4033 3340 4096 utrumque
3383 4045 3485 4083 una

1900 4123 2074 4164 mens.
2099 4108 2196 4165 Ubi
2219 4124 2345 4180 ergo
2370 4109 2616 4165 trinitas?
2642 4111 2991 4169 Attendamus
3018 4125 3272 4184 quantum
3301 4133 3488 4187 possu-

1901 4215 2020 4255 mus
2042 4242 2056 4266 ,
2091 4209 2146 4257 et
2170 4201 2480 4258 invocemus
2507 4202 2680 4258 lucem
2712 4205 3112 4274 sempiternam,
3144 4217 3199 4262 ut
3223 4209 3488 4265 illuminet

1901 4293 2150 4348 tenebras
2179 4303 2418 4358 nostras,
2450 4304 2505 4350 et
2529 4295 2804 4350 videanms
2833 4297 2885 4350 in
2912 4297 3066 4353 nobis
3087 4340 3100 4364 ,
3129 4309 3384 4370 quantum
3408 4303 3486 4356 si-

1901 4383 2098 4452 nimttr,
2134 4385 2416 4455 imaginem
2447 4385 2560 4440 Dei.

1971 4475 2198 4534 CAPUT
2239 4477 2323 4534 Ill.
2343 4506 2415 4517 ——
2435 4479 2485 4532 5.
2519 4477 2782 4534 Trinitatis
2812 4479 2980 4550 imago
3005 4481 3056 4535 in
3084 4491 3248 4537 mente
3269 4483 3488 4538 hominis

1902 4571 2153 4624 noscentis
2193 4587 2247 4624 se
2280 4579 2324 4625 et
2363 4573 2603 4626 amantis.
2650 4571 2796 4626 Mens
2832 4590 2886 4628 se
2919 4575 3083 4644 imam
3125 4593 3216 4646 per
3243 4595 3294 4632 se
3324 4578 3487 4648 ipsam

1905 4663 2057 4716 novit.
2095 4661 2245 4718 Mens
2285 4662 2428 4717 enim
2475 4677 2654 4719 amare
2699 4677 2759 4719 se
2799 4665 2965 4734 ipsam
2997 4683 3102 4722 non
3136 4679 3343 4738 potest,
3385 4671 3486 4724 nisi

1901 4755 2060 4810 etiam
2087 4769 2147 4810 se
2173 4756 2416 4810 noverit:
2442 4771 2563 4810 nam
2613 4757 2881 4827 quomodo
2922 4768 3065 4812 amat
3101 4760 3238 4829 quod
3280 4761 3488 4815 nescit?

1902 4851 2008 4906 Aut
2039 4851 2081 4904 si
2111 4851 2390 4920 quisquam
2430 4849 2559 4905 dicit
2585 4867 2648 4905 ex
2679 4850 2862 4906 notitia
2895 4853 3128 4922 generali
3158 4853 3240 4907 vel
3269 4853 3486 4922 speciali

1903 4953 2136 5000 mentem
2179 4941 2398 4997 credere
2424 4955 2483 4997 se
2511 4955 2632 4998 esse
2663 4943 2822 4997 talem
2844 4984 2858 5006 ,
2889 4943 3075 5012 quales
3112 4943 3244 4997 alias
3268 4953 3486 5013 experta

1903 5045 2005 5100 est,
2033 5044 2088 5090 et
2116 5033 2238 5087 ideo
2263 5047 2443 5088 amare
2467 5047 2527 5088 se
2555 5032 2746 5104 ipsam,
2775 5031 3210 5102 insipientissime
3231 5032 3482 5103 loquitur.

1901 5129 2056 5185 Unde
2082 5129 2224 5184 enim
2255 5143 2409 5184 mens
2448 5127 2680 5198 aliquam
2711 5107 2943 5180 mentem
2974 5127 3154 5192 novit,
3203 5128 3245 5181 si
3290 5143 3348 5182 se
3379 5143 3485 5182 non

1905 5221 2086 5277 novit?
2133 5221 2313 5290 Neque
2361 5220 2504 5274 enim
2550 5228 2607 5272 ut
2660 5201 2848 5272 oculus
2894 5218 3133 5287 corporis
3179 5218 3321 5273 videt
3353 5219 3488 5274 alios

1905 5315 2110 5380 oculos,
2142 5323 2198 5370 et
2225 5330 2284 5370 se
2313 5329 2418 5368 non
2450 5311 2628 5378 videt;
2658 5314 2728 5366 ita
2757 5327 2906 5366 mens
2933 5311 3078 5366 novit
3099 5311 3231 5367 alias
3253 5321 3484 5380 mentes,

1905 5417 1960 5462 et
2011 5407 2218 5477 ignorat
2263 5399 2626 5473 semetipsant.
2672 5401 2777 5456 Per
2827 5401 3010 5457 oculos
3057 5403 3198 5457 enim
3248 5404 3489 5473 corporis

1905 5512 2128 5566 corpora
2161 5495 2400 5549 videmus
2423 5535 2439 5562 ,
2467 5493 2591 5563 quia
2620 5491 2796 5546 radios
2821 5491 2910 5561 qui
2939 5507 3033 5562 per
3057 5507 3150 5547 eos
3173 5493 3407 5548 emicant
3435 5501 3491 5548 et

1905 5588 2162 5662 quidquid
2183 5587 2452 5644 cernimus
2482 5591 2724 5655 tangunt,
2755 5583 3044 5655 refringere
3083 5599 3147 5640 ac
3175 5594 3488 5655 retorquere

1907 5683 1960 5739 in
1991 5683 2134 5754 ipsos
2157 5695 2262 5734 non
2290 5693 2576 5750 possumus
2596 5720 2608 5744 ,
2644 5677 2743 5732 nisi
2775 5693 2896 5732 cum
2941 5679 3158 5750 specula
3199 5679 3485 5733 intuemur.

1971 5799 1988 5831 ι
2023 5797 2096 5845 sic
2121 5802 2222 5844 Mss.
2249 5799 2303 5844 At
2328 5791 2464 5853 editi,
2488 5796 2533 5842 ct
2549 5789 2748 5855 spiritus
2769 5796 2946 5842 manet.
