4076 6454
581 313 688 371 ωε

580 428 733 499 Quod
762 422 1105 482 subtilissime
1132 417 1621 488 obscurissimeque
1647 415 1952 481 disseritur,
1983 413 2157 469 donec

582 516 914 590 apertissime
937 513 1355 573 demonstretur,
1381 507 1468 564 vel
1496 508 1567 563 ita
1594 521 1653 562 se
1678 522 1791 562 rem
1822 506 2042 571 habere,
2069 503 2159 557 vel

582 626 689 666 non
734 610 827 663 ita.
873 604 981 662 Sed
1027 617 1239 673 quoquo
1288 599 1447 654 modo
1496 613 1556 653 se
1604 597 1796 653 habeat
1824 595 1904 651 vis
1930 610 2033 667 qua
2064 609 2159 663 per

581 701 767 757 oculos
794 697 1095 758 cernimus;
1127 692 1295 762 ipsam
1338 700 1486 746 certe
1526 689 1654 755 vim,
1700 690 1814 744 sive
1849 688 1956 741 sint
1984 686 2117 742 radii
2140 725 2155 751 ,

580 796 695 849 sive
723 789 863 845 aliud
890 786 1088 857 aliquid
1112 827 1127 851 ,
1160 785 1331 838 oculis
1359 798 1580 837 cernere
1608 798 1713 837 non
1754 781 2027 844 valemus;
2064 778 2159 834 sed

582 891 760 939 mente
786 878 1093 945 quaerimus,
1119 883 1175 930 et
1215 875 1257 929 si
1291 874 1403 928 ﬂeri
1437 882 1628 943 potest,
1659 872 1817 927 etiam
1849 872 1949 926 hoc
1978 878 2159 926 mente

581 966 1105 1041 comprehendimus.
1151 965 1298 1020 Mens
1324 978 1450 1033 ergo
1477 964 1587 1033 ipsa
1618 964 1755 1017 sicut
1780 975 2158 1031 corpurearum

580 1076 758 1118 rerum
789 1059 1001 1114 notitias
1033 1072 1126 1127 per
1150 1072 1337 1110 sensus
1358 1054 1597 1122 corporis
1622 1053 1841 1122 colligit,
1872 1052 1949 1106 sic
1977 1051 2156 1105 incor-

581 1168 864 1226 porearum
904 1166 998 1220 per
1043 1149 1403 1216 scmetipsam.
1436 1144 1576 1213 Ergo
1615 1152 1670 1198 et
1696 1142 2035 1210 semetipsam
2063 1155 2160 1209 per

580 1261 640 1301 se
667 1245 834 1315 ipsam
871 1242 1035 1305 novit,
1067 1239 1316 1309 quoniam
1346 1245 1429 1292 est
1458 1237 1791 1305 incorporea.
1820 1232 1951 1287 Nam
1980 1232 2025 1287 si
2052 1246 2159 1287 non

578 1353 639 1394 se
671 1335 836 1396 novit.
866 1348 970 1387 non
1001 1346 1060 1386 se
1086 1337 1249 1383 amat.

650 1425 876 1483 CAPUT
899 1422 985 1478 IV.
1026 1452 1097 1463 —-
1132 1422 1183 1477 4.
1214 1419 1336 1473 Tria
1362 1434 1517 1473 unum
1537 1425 1583 1472 et
1603 1417 1833 1488 wqualia,
1861 1432 1999 1471 mens
2024 1415 2158 1485 ipsa,

581 1529 629 1575 et
657 1536 819 1585 amor,
848 1514 1087 1569 etnotitia
1107 1514 1239 1582 ejus.
1264 1509 1387 1564 Tria
1407 1510 1579 1563 eadem
1609 1508 2003 1563 substantialiter
2031 1521 2157 1570 esse,

580 1627 643 1665 ac
671 1609 873 1663 relative
900 1607 1018 1659 dici.
1069 1600 1191 1658 Tria
1228 1602 1400 1656 eadem
1453 1616 1561 1654 esse
1610 1597 1985 1668 inseparabilia.
2043 1595 2163 1650 Tria

581 1700 756 1755 eadem
800 1715 901 1752 non
939 1696 1154 1767 partium
1199 1695 1358 1746 instar
1389 1670 1573 1761 juncta
1614 1698 1658 1742 et
1701 1688 1971 1742 commixta
2017 1700 2163 1748 esse;

583 1790 672 1847 sed
696 1806 801 1844 esse
841 1789 986 1841 unius
1019 1784 1263 1849 assentiar,
1310 1798 1369 1834 ac
1396 1781 1624 1834 relativa.
1658 1778 1805 1833 Sicut
1841 1787 2016 1831 autem
2056 1776 2163 1829 duo

582 1882 826 1955 qttrcdam
855 1886 1013 1943 sunt,
1042 1892 1191 1931 mens
1234 1885 1287 1929 et
1315 1888 1465 1927 amor
1494 1873 1630 1942 ejus,
1653 1885 1773 1926 cum
1802 1884 1861 1925 se
1889 1876 2060 1932 amat;
2092 1868 2164 1921 ita

583 1972 825 2045 quasdam
852 1971 957 2025 duo
981 1976 1124 2031 sunt,
1151 1980 1302 2021 mens
1326 1974 1379 2019 et
1404 1964 1587 2017 notitia
1615 1962 1751 2032 ejus,
1775 1976 1893 2015 cum
1912 1975 1969 2013 se
1996 1958 2160 2013 novit.

584 2064 745 2135 Igitur
766 2065 876 2133 ipsa
905 2076 1055 2115 mens
1075 2069 1127 2113 ει
1151 2072 1302 2111 amor
1324 2064 1377 2111 et
1402 2055 1585 2110 notitia
1612 2055 1726 2123 ejus
1752 2094 1766 2118 ,
1796 2054 1893 2108 tria
1922 2051 2162 2122 qumdam

584 2163 730 2220 sunt,
772 2164 828 2208 et
866 2152 980 2207 hazc
1006 2153 1102 2205 tria
1136 2166 1293 2204 unum
1322 2159 1476 2214 sunt;
1509 2154 1564 2202 ει
1589 2163 1711 2201 cum
1764 2144 1993 2215 perlecta
2016 2151 2161 2209 sunt,

585 2245 807 2317 aequalia
837 2250 978 2297 sunt.
1009 2241 1063 2296 Si
1090 2240 1229 2295 enim
1257 2240 1431 2293 minus
1474 2252 1533 2291 se
1574 2244 1718 2290 amat
1756 2251 1915 2306 quam
1960 2228 2062 2300 est,
2104 2241 2164 2287 ut

584 2337 731 2392 verbi
759 2335 944 2406 gratia,
969 2341 1171 2386 tantum
1203 2346 1260 2385 se
1286 2337 1427 2383 amet
1448 2327 1681 2383 hominis
1706 2343 1877 2391 mens,
1901 2334 2158 2396 quantum

584 2428 868 2484 amandum
893 2434 973 2481 εει
994 2440 1185 2493 corpus
1208 2421 1461 2487 hominis,
1488 2436 1605 2476 cum
1633 2419 1748 2489 plus
1775 2419 1843 2473 sit
1868 2418 1980 2487 ipsa
2005 2431 2163 2486 quant

585 2535 808 2590 corpus;
840 2527 1059 2589 peccat,
1092 2524 1147 2571 et
1168 2531 1272 2570 non
1298 2523 1380 2569 est
1409 2513 1671 2583 perlectus
1699 2525 1849 2565 amor
1874 2510 2009 2580 ejus.
2036 2509 2165 2564 ltetu

583 2614 629 2669 si
656 2612 880 2681 amplius
900 2625 959 2665 se
984 2618 1123 2664 amat
1144 2623 1302 2679 quant
1324 2614 1425 2672 est,
1452 2605 1598 2659 velut
1623 2604 1665 2657 si
1696 2611 1896 2657 tantum
1918 2615 1975 2655 se
2002 2608 2159 2665 amet,

580 2712 841 2776 quantum
883 2692 1140 2756 amandus
1178 2709 1258 2754 est
1304 2698 1461 2761 Dens,
1509 2710 1629 2751 cum
1683 2690 2167 2763 incomparabiliter

590 2800 766 2853 minus
795 2797 862 2851 sit
887 2795 996 2865 ipsa
1024 2808 1180 2863 quam
1214 2791 1386 2854 Deus;
1413 2789 1571 2843 etiam
1600 2787 1677 2841 sic
1710 2785 1925 2839 nimium
1958 2790 2162 2853 peccat,

583 2898 769 2945 etnon
813 2902 895 2958 pe:
914 2885 1104 2940 fectum
1146 2882 1307 2937 habet
1350 2893 1586 2933 amorem
1632 2877 1733 2932 sui.
1765 2875 1961 2944 Majore
1989 2885 2165 2927 autem

586 2981 935 3054 perversitate
961 2987 1013 3032 ει
1045 2975 1317 3045 iniquitate
1346 2980 1525 3042 peccat
1550 3010 1565 3036 ,
1593 2985 1713 3024 cum
1740 2982 1935 3038 corpus
1963 2974 2164 3020 tantum

586 3082 765 3138 amat,
813 3078 1065 3140 quantum
1111 3065 1367 3120 amandus
1420 3072 1502 3119 εει
1530 3063 1687 3116 Deus.
1734 3060 1861 3115 Item
1908 3058 2090 3113 notitia
2121 3057 2166 3112 si

586 3164 763 3219 minor
787 3172 1065 3231 est,qnatn
1110 3168 1191 3213 est
1240 3155 1368 3211 illud
1416 3153 1555 3224 quod
1610 3152 1865 3217 noscitur,
1912 3159 1967 3206 et
2013 3150 2168 3219 plene

586 3257 732 3314 nosci
766 3263 936 3325 potest
961 3294 973 3315 ,
1002 3251 1233 3323 perfecta
1279 3263 1384 3303 non
1415 3254 1515 3301 est.
1559 3246 1615 3300 Si
1642 3254 1815 3299 autem
1848 3242 2017 3311 major
2062 3250 2165 3309 est,

582 3349 692 3421 jam
735 3346 979 3417 superior
1021 3352 1104 3398 εει
1132 3350 1314 3397 natura
1346 3355 1464 3410 qua:
1506 3339 1672 3403 novit,
1724 3352 1881 3407 quam
1932 3336 2019 3390 illa
2047 3350 2167 3406 qua:

586 3449 711 3494 nota
758 3446 840 3493 est
881 3454 896 3491 :
935 3436 1070 3490 sicut
1115 3432 1284 3503 major
1327 3440 1409 3485 est
1457 3430 1640 3483 notitia
1697 3426 1955 3498 corporis,
2008 3440 2167 3497 quam

587 3530 760 3599 ipsum
795 3540 991 3597 corpus
1038 3524 1178 3594 quod
1223 3537 1283 3575 ca
1315 3520 1500 3575 notitia
1555 3529 1737 3573 notum
1769 3528 1869 3573 est.
1903 3517 1992 3571 Illa
2023 3516 2166 3571 enim

585 3622 690 3676 vita
715 3619 953 3690 qu:edam
980 3626 1061 3672 est
1088 3618 1139 3671 in
1170 3616 1376 3693 ratione
1403 3611 1772 3682 cognoscentis
1802 3629 1815 3664 :
1847 3625 2042 3681 corpus
2068 3625 2166 3664 au-

588 3721 694 3768 tem
721 3728 826 3766 non
867 3719 949 3766 cst
992 3711 1116 3763 vita.
1168 3710 1232 3763 Et
1261 3708 1361 3761 vita
1403 3705 1653 3777 quaelibet
1686 3705 1919 3774 quolibet
1943 3718 2168 3773 corpore

587 3804 760 3873 major
784 3812 885 3869 est,
913 3817 1018 3856 non
1047 3801 1205 3862 mole,
1232 3798 1326 3854 sed
1346 3798 1416 3851 vi.
1447 3797 1594 3851 Mens
1614 3812 1740 3850 vero
1768 3809 1889 3849 cum
1916 3809 1973 3849 se
1999 3795 2168 3863 ipsam

585 3894 886 3965 aignoscit;
915 3909 1018 3947 non
1040 3906 1096 3945 se
1113 3896 1329 3960 supcrat
1356 3887 1536 3941 notitia
1558 3901 1684 3950 sua;
1710 3885 1827 3956 quia
1843 3885 1951 3955 ipsa
1968 3899 2167 3955 cogno-

588 3988 710 4053 scit,
753 3986 865 4053 ipsa
893 3982 1244 4053 cognoscitur.
1271 3980 1405 4034 Cum
1445 3993 1571 4048 ergo
1596 3992 1655 4031 se
1686 3985 1846 4031 totam
1874 3974 2165 4047 cognoscit,

590 4092 762 4148 neque
781 4090 961 4130 secum
985 4073 1270 4143 quidquam
1292 4068 1454 4134 aliud,
1479 4084 1573 4138 par
1594 4066 1666 4121 illi
1688 4066 2012 4136 estcognitio
2036 4079 2130 4119 sua
2152 4080 2166 4118 :

590 4169 714 4240 quia
740 4182 912 4238 tteque
934 4180 1004 4220 ex
1035 4165 1136 4218 alia
1187 4172 1373 4216 natura
1401 4169 1483 4215 est
1523 4160 1638 4228 ejus
1675 4160 1927 4229 cognitio.
1959 4173 2079 4213 cum
2108 4172 2168 4247 se

592 4263 761 4334 ipsam
788 4257 1080 4330 cognoscit.
1116 4256 1179 4309 Et
1201 4268 1322 4308 cum
1362 4267 1420 4306 se
1460 4259 1623 4305 totam
1666 4250 1901 4321 nihilque
1942 4251 2169 4320 amplius

591 4352 838 4425 percipit,
870 4363 969 4406 nec
998 4349 1169 4402 minor
1200 4360 1299 4400 nec
1322 4344 1493 4414 major
1519 4353 1620 4399 est.
1649 4344 1815 4400 Recte
1845 4345 2002 4415 igitur
2025 4343 2168 4398 dixi-

591 4464 735 4512 mus,
769 4446 881 4501 haec
905 4444 1007 4499 tria
1033 4456 1154 4497 cum
1186 4438 1421 4512 perfecta
1449 4447 1591 4505 sunt,
1636 4452 1755 4493 esse
1779 4445 2171 4508 consequenter

591 4537 835 4609 aqualia.

664 4631 719 4686 5.
765 4626 930 4685 Simul
961 4627 1119 4681 etiam
1146 4623 1517 4687 admonemur,
1561 4621 1605 4678 si
1654 4630 1940 4693 utcumque
1988 4621 2173 4676 videre

572 4736 895 4796 possumus,
938 4720 1050 4772 hazc
1076 4718 1127 4771 in
1149 4716 1320 4770 anima
1347 4715 1574 4770 existere
1598 4755 1612 4778 ,
1644 4724 1697 4769 ει
1740 4722 1985 4783 tanquam
2015 4712 2170 4767 invo-

593 4816 702 4872 luta
753 4811 924 4869 evolvi
956 4817 1013 4863 ut
1032 4808 1325 4863 sentiantur
1348 4814 1401 4859 et
1428 4805 1828 4859 dinumerentur
1853 4803 2171 4858 substantia-

592 4907 732 4973 lilcr,
766 4905 869 4970 vel,
900 4911 955 4957 ut
981 4902 1049 4957 ita
1078 4900 1272 4963 dicam,
1300 4897 1672 4963 cssentialiter,
1704 4912 1808 4952 non
1841 4906 2088 4965 tanquam
2117 4896 2168 4951 in

592 4998 852 5068 subjecto,
896 5003 956 5049 ut
1000 4993 1166 5055 color,
1217 5000 1306 5044 ant
1350 4989 1511 5059 ﬁgura
1565 4989 1615 5042 in
1657 5003 1913 5057 corpore,
1946 4998 2035 5043 aut
2064 4989 2169 5044 ulla

590 5088 695 5145 alia
742 5087 967 5158 qualitas
1006 5091 1097 5138 aut
1134 5082 1417 5152 quantitas.
1463 5079 1723 5149 Quidquid
1751 5079 1893 5134 enim
1924 5080 2027 5134 tale
2065 5089 2167 5146 est,

594 5195 701 5234 non
743 5176 952 5234 excedit
994 5173 1289 5243 subjectum
1331 5170 1382 5225 in
1423 5186 1526 5239 quo
1566 5179 1667 5224 cst.
1709 5169 1824 5225 Non
1853 5171 1993 5224 enim
2024 5170 2171 5227 color

594 5272 693 5327 iste
722 5277 815 5323 aut
842 5268 1009 5338 ﬁgura
1035 5266 1188 5334 hujus
1213 5261 1453 5333 corporis
1496 5268 1672 5330 potest
1710 5275 1829 5314 esse
1871 5270 1925 5314 ει
1953 5262 2169 5317 alterius

593 5360 851 5431 corporis.
910 5357 1055 5412 Mens
1097 5365 1271 5409 autem
1311 5366 1493 5407 amore
1537 5366 1640 5419 quo
1687 5364 1744 5404 se
1782 5359 1944 5417 amat,
2000 5360 2172 5421 potest

546 5502 552 5511 .
595 5465 777 5506 amare
806 5457 859 5503 et
883 5447 1023 5502 aliud
1059 5453 1249 5515 prmter
1276 5459 1354 5498 se.
1386 5443 1514 5496 Item
1543 5456 1646 5495 non
1673 5456 1731 5495 se
1770 5441 1938 5495 solam
1973 5456 2170 5512 cogno-

595 5542 695 5598 scit
724 5553 898 5604 mens,
929 5537 1023 5592 scd
1054 5544 1107 5589 et
1133 5535 1233 5588 alia
1290 5533 1472 5586 multa.
1498 5531 1855 5599 Quamobrem
1886 5548 1989 5586 non
2020 5546 2171 5586 amor

593 5644 649 5690 et
682 5631 912 5702 cognitio
954 5638 1203 5698 tanquam
1232 5626 1283 5679 in
1325 5624 1565 5693 subjecto
1607 5624 1787 5678 insunt
1841 5623 2041 5688 menti;
2074 5626 2167 5680 sed

594 5721 1010 5781 substantialiler
1050 5719 1209 5775 etiam
1260 5716 1357 5771 ista
1403 5712 1547 5783 sutit,
1599 5713 1736 5769 sicut
1786 5713 1898 5785 ipsa
1946 5729 2097 5770 mens
2151 5732 2165 5769 :

1707 304 1797 358 DE
1833 298 2221 367 TRINITATE,
2259 299 2317 356 S.
2358 296 2722 369 AUGUSTINI

3748 308 3856 365 εει

2268 412 2391 483 quia
2417 422 2473 471 et
2497 414 2543 469 si
2568 415 2792 473 relative
2818 415 3068 473 dicuntur
3096 416 3163 472 ad
3188 416 3442 485 invicem,
3470 418 3524 473 in
3544 434 3641 475 sua
3669 429 3851 479 tamen

2264 514 2391 561 sunt
2428 506 2636 577 singula
2665 524 2889 580 quasque
2915 510 3229 565 substantia.
3284 511 3395 567 Nec
3435 513 3571 568 sicut
3617 516 3769 571 color
3794 526 3847 571 et

2264 596 2558 651 coloratum
2584 597 2806 654 relative
2848 599 2920 653 ita
2949 599 3196 654 dicuntur
3222 601 3287 654 ad
3316 600 3540 657 invicem
3568 643 3583 668 ,
3611 612 3672 657 ut
3703 604 3856 660 color

2266 684 2317 741 in
2342 688 2579 758 subjecto
2610 691 2846 746 colorata
2882 692 2971 757 sit,
3005 708 3110 747 non
3154 692 3359 750 habens
3388 693 3441 748 in
3480 709 3539 751 se
3580 696 3696 766 ipso
3723 712 3854 767 pro-

2264 779 2431 849 priam
2457 781 2832 847 substantiam;
2871 786 3119 853 quoniam
3147 787 3441 841 coloratum
3484 803 3679 859 corpus
3716 792 3851 845 sub-

2265 872 2459 927 stantia
2482 882 2563 927 est
2585 915 2601 940 ,
2632 874 2722 929 ille
2763 884 2941 930 autem
2973 876 3025 929 in
3063 876 3365 932 substantia
3394 896 3407 931 :
3435 878 3530 934 sed
3573 882 3710 936 sicut
3739 881 3849 936 duo

2264 964 2419 1020 amici
2446 966 2606 1021 etiam
2634 965 2741 1021 duo
2782 976 2905 1022 sunt
2936 967 3215 1035 homines,
3270 985 3389 1040 qua:
3424 980 3553 1029 sunt
3600 975 3850 1028 substan-

2264 1055 2385 1121 tize;
2416 1070 2536 1110 cum
2561 1056 2802 1113 homines
2815 1073 2921 1112 non
2946 1058 3165 1115 relative
3190 1059 3456 1127 dicantur,
3484 1062 3640 1117 amici
3663 1070 3845 1120 autem

2264 1144 2502 1200 relative.

2336 1235 2389 1290 6.
2446 1235 2551 1291 Sed
2602 1236 2726 1292 item
2779 1238 3019 1308 quamvis
3066 1240 3359 1297 substantia
3411 1242 3481 1297 sit
3524 1257 3711 1298 amans
3763 1243 3848 1298 rei

2263 1325 2458 1391 sciens,
2481 1327 2773 1383 substantia
2824 1329 2893 1383 sit
2936 1331 3175 1392 scientia,
3204 1333 3517 1396 substantia,
3550 1336 3617 1388 sit
3658 1349 3847 1401 amor,

2264 1416 2357 1473 sed
2389 1434 2573 1473 amans
2596 1430 2652 1475 et
2676 1434 2845 1486 amor,
2876 1431 2968 1477 aut
2993 1424 3166 1477 sciens
3191 1434 3246 1478 et
3273 1425 3492 1480 scientia
3517 1428 3739 1484 relative
3778 1429 3850 1484 ad

2265 1522 2325 1563 se
2348 1508 2593 1563 dicantur
2621 1511 2756 1565 sicut
2800 1513 2957 1567 amici
2983 1529 2997 1578 ;
3030 1529 3182 1568 mens
3205 1530 3334 1569 vero
3373 1526 3463 1570 aut
3491 1518 3710 1585 spiritus
3738 1536 3849 1575 non

2266 1600 2373 1654 sint
2410 1601 2650 1668 relativa,
2684 1603 2820 1658 sicut
2865 1619 2964 1660 nec
3008 1605 3249 1661 homines
3276 1608 3493 1663 relativa
3535 1621 3662 1667 sunt
3692 1629 3707 1663 ε
3739 1628 3849 1669 non

2266 1697 2443 1745 tamen
2466 1691 2603 1746 sicut
2639 1694 2793 1748 amici
2822 1693 3064 1751 homines
3100 1708 3321 1766 possunt
3355 1715 3598 1755 seorsum
3636 1716 3760 1758 esse
3784 1703 3853 1757 ab

2267 1784 2492 1839 invicem
2517 1826 2533 1850 ,
2576 1785 2653 1841 sic
2679 1801 2866 1842 amans
2903 1796 2957 1843 et
2982 1804 3152 1855 amor,
3185 1800 3277 1845 aut
3312 1791 3487 1846 sciens
3515 1802 3567 1847 ει
3602 1795 3850 1851 solstitia.

2266 1873 2575 1944 Quanquam
2598 1885 2650 1931 et
2688 1878 2843 1932 amici
2871 1894 3096 1949 corpore
3123 1880 3370 1937 videntur
3396 1886 3629 1954 separari
3667 1901 3850 1956 posse,

2266 1979 2373 2019 non
2418 1966 2617 2030 animo,
2660 1968 2712 2022 in
2757 1977 3011 2038 quantum
3054 1971 3213 2027 amici
3243 1983 3366 2027 sunt
3414 1990 3430 2027 ε
3483 1986 3854 2033 verumtamen

2268 2055 2387 2109 ﬁeri
2427 2066 2601 2125 potest
2628 2068 2683 2111 ut
2708 2060 2913 2113 amicus
2934 2060 3162 2116 amicum
3187 2062 3349 2117 etiam
3388 2062 3565 2120 odisse
3604 2066 3850 2136 incipiat,

2267 2155 2322 2201 ει
2342 2161 2407 2200 eo
2431 2146 2543 2216 ipso
2563 2147 2764 2202 amicus
2780 2165 2898 2205 esse
2914 2150 3145 2214 desinat,
3170 2154 3443 2209 nesciente
3464 2154 3574 2221 illo,
3600 2164 3653 2210 et
3672 2158 3854 2212 adhuc

2267 2249 2498 2294 amante.
2532 2241 2696 2294 Amor
2724 2251 2899 2297 autem
2941 2258 3047 2313 quo
3085 2258 3143 2298 se
3170 2260 3319 2299 mens
3343 2255 3513 2311 amat,
3542 2248 3586 2301 si
3611 2262 3732 2302 esse
3757 2248 3856 2302 de-

2268 2330 2427 2397 sinat,
2455 2331 2608 2385 simul
2636 2341 2689 2386 ct
2732 2332 2818 2387 illa
2849 2334 3056 2389 desinet
3084 2349 3204 2390 esse
3248 2350 3455 2391 amans.
3501 2337 3629 2392 Item
3661 2340 3856 2394 notitia

2269 2436 2370 2492 qua
2391 2438 2450 2477 se
2472 2438 2621 2478 mens
2649 2424 2812 2491 novit,
2843 2424 2888 2479 si
2918 2440 3039 2480 esse
3058 2426 3286 2493 desinat,
3316 2428 3473 2482 simul
3503 2438 3556 2484 et
3582 2430 3667 2483 illa
3692 2444 3859 2485 nosse

2267 2527 2327 2568 se
2354 2513 2578 2570 desinet.
2610 2513 2760 2571 Sicut
2782 2527 2938 2587 caput
2964 2518 3179 2587 capitati
3208 2519 3431 2589 alicujus
3479 2520 3656 2591 utique
3692 2530 3858 2597 caput

2268 2612 2370 2671 est,
2399 2613 2453 2658 et
2468 2604 2686 2660 relative
2706 2607 2771 2661 ad
2789 2623 2848 2663 se
2869 2608 3132 2675 dicuntur,
3158 2613 3397 2680 quamvis
3413 2612 3572 2666 etiam
3597 2613 3855 2668 substan-

2268 2697 2355 2751 tia:
2380 2695 2485 2750 sint
2516 2711 2531 2750 :
2557 2711 2679 2751 nam
2718 2706 2773 2752 et
2818 2706 2976 2767 caput
3028 2713 3222 2769 corpus
3266 2710 3385 2767 est,
3427 2709 3481 2756 ει
3528 2712 3852 2771 capuatum;

2269 2795 2323 2842 ει
2350 2787 2394 2841 si
2427 2802 2530 2843 non
2561 2788 2631 2842 sit
2676 2797 2836 2859 caput
2867 2791 2919 2856 ί,
2964 2804 3061 2845 ιιεε
3105 2792 3391 2861 capitatam
3434 2794 3556 2847 erit.
3598 2793 3704 2848 Sed
3737 2794 3856 2848 lucc

2268 2877 2580 2950 prmcisione
2594 2877 2663 2933 ab
2690 2879 2919 2934 invicem
2940 2881 3174 2950 separari
3198 2891 3450 2952 possunt,
3474 2882 3558 2937 illa
3593 2898 3701 2938 non
3728 2897 3857 2953 pos-

2268 2980 2412 3023 sunt.

2341 3060 2394 3116 7.
2422 3060 2573 3130 Quod
2601 3061 2646 3116 si
2676 3069 2799 3116 sunt
2826 3061 3001 3134 aliqua
3031 3076 3253 3133 corpora
3279 3078 3398 3135 quae
3426 3065 3593 3119 secari
3630 3064 3855 3121 omnino

2270 3162 2326 3209 ct
2351 3153 2513 3209 dividi
2549 3164 2852 3223 nequeunt;
2895 3163 3070 3210 tamen
3112 3156 3213 3209 nisi
3244 3156 3480 3225 partibus
3506 3156 3618 3211 suis
3642 3165 3857 3212 consta-

2270 3253 2409 3306 rent,
2440 3260 2666 3315 corpora
2699 3260 2801 3299 non
2826 3255 3023 3300 essent.
3048 3246 3175 3300 Pars
3202 3262 3328 3317 ergo
3345 3247 3411 3301 ad
3429 3255 3597 3303 totum
3618 3247 3855 3304 relative

2270 3336 2493 3401 dicitur;
2522 3337 2645 3408 quia
2686 3337 2861 3392 omnis
2892 3352 3017 3409 pars
3054 3339 3274 3409 alicujus
3306 3341 3468 3394 totius
3511 3355 3634 3410 pars
3662 3350 3768 3408 est,
3798 3351 3856 3395 et

2271 3433 2440 3480 totum
2459 3428 2704 3481 omnibus
2726 3428 2965 3496 partibus
2978 3436 3141 3482 totum
3161 3437 3263 3484 εει.
3280 3429 3381 3485 Sed
3399 3431 3646 3499 quoniam
3660 3442 3712 3486 et
3726 3446 3857 3502 pars

2271 3531 2463 3587 corpus
2475 3526 2574 3584 est,
2590 3527 2643 3571 et
2657 3526 2851 3583 totum;
2874 3533 2978 3574 non
3001 3528 3201 3574 tantum
3228 3521 3323 3575 ista
3346 3520 3567 3577 relative
3582 3522 3852 3590 dicuntur.

2272 3607 2366 3662 sed
2406 3607 2562 3662 etiam
2577 3608 2991 3665 substantialiter
3005 3620 3144 3665 sunt.
3164 3610 3427 3667 Fortassis
3443 3628 3569 3684 ergo
3591 3630 3745 3670 mens
3774 3624 3857 3670 to-

2275 3706 2384 3752 tum
2398 3706 2498 3764 est,
2514 3711 2566 3753 et
2578 3699 2693 3769 ejus
2714 3700 2861 3770 quasi
2878 3711 3054 3769 partes
3069 3718 3219 3756 amor
3239 3718 3343 3773 quo
3356 3720 3414 3760 se
3428 3714 3592 3771 amat,
3610 3707 3821 3761 etscien
3832 3733 3854 3747 ο

2276 3791 2347 3843 tia
2381 3805 2560 3860 quase
2584 3794 2749 3858 novit,
2795 3792 2988 3861 quibus
3031 3793 3235 3849 duabus
3266 3797 3499 3865 partibus
3524 3797 3652 3852 illud
3686 3808 3853 3854 totum

2272 3882 2515 3937 constat?
2557 3884 2637 3937 An
2668 3892 2779 3937 tres
2821 3894 2945 3938 sunt
2968 3886 3199 3955 aequales
3224 3899 3435 3958 partes,
3464 3890 3658 3962 quibus
3686 3900 3854 3948 totum

2272 3988 2436 4028 unum
2482 3974 2819 4043 completur?
2850 3974 2955 4030 Sed
3000 3978 3137 4031 nulla
3172 3993 3293 4047 pars
3319 3988 3485 4036 totum
3506 4023 3520 4047 ,
3552 3981 3707 4052 cujus
3730 3997 3858 4052 pars

2272 4077 2371 4133 est,
2416 4068 2786 4136 complectitur
2820 4085 2834 4123 :
2875 4083 3026 4123 mens
3055 4085 3186 4124 vero
3216 4085 3337 4125 cum
3379 4086 3436 4126 se
3480 4082 3641 4128 totam
3680 4074 3853 4140 novit,

2275 4156 2374 4211 hoc
2403 4156 2736 4225 estperl’cctc
2755 4160 2917 4223 novit,
2943 4174 3039 4229 per
3056 4168 3221 4212 totum
3246 4159 3360 4229 ejus
3376 4171 3457 4215 est
3486 4163 3667 4216 notitia
3694 4163 3810 4232 ejus
3836 4180 3858 4231 ;

2272 4258 2327 4303 ct
2354 4263 2473 4302 cum
2501 4262 2559 4303 se
2589 4257 2821 4317 pcrlccte
2860 4257 3022 4315 amat,
3064 4259 3224 4304 tolam
3268 4265 3325 4304 sc
3352 4265 3530 4317 amat,
3558 4261 3609 4307 et
3636 4268 3734 4321 per
3763 4263 3859 4306 to-

2273 4347 2385 4394 tum
2415 4338 2531 4407 ejus
2561 4348 2645 4394 est
2695 4355 2848 4393 amor
2871 4340 3007 4409 ejus.
3040 4341 3175 4395 Num
3218 4357 3346 4413 ergo
3374 4345 3507 4397 sicut
3534 4358 3601 4399 ex
3644 4344 3773 4398 vino
3796 4353 3863 4400 et

2273 4446 2407 4501 aqua
2429 4439 2483 4485 et
2512 4430 2669 4485 melle
2699 4447 2803 4484 una
2830 4432 2888 4485 tit
2909 4433 3074 4500 potio,
3093 4442 3147 4487 et
3161 4434 3364 4503 singula
3396 4449 3488 4504 per
3512 4444 3682 4489 totum
3704 4445 3859 4502 sunt,

2273 4533 2331 4579 et
2361 4535 2539 4577 tamen
2580 4523 2679 4577 tria
2730 4531 2857 4577 sunt
2881 4526 2898 4578 t
2925 4525 3069 4579 nulla
3114 4526 3261 4580 enim
3296 4542 3418 4596 pars
3468 4536 3553 4582 est
3595 4528 3864 4598 potionis,

2274 4630 2393 4685 qua:
2422 4631 2526 4668 non
2556 4612 2749 4668 habeat
2772 4614 2886 4668 lucc
2915 4614 3048 4678 tria;
3088 4630 3194 4668 non
3222 4618 3365 4670 enim
3390 4617 3599 4686 juncta,
3637 4618 3783 4673 velut
3812 4619 3865 4672 si

2274 4723 2409 4777 aqua
2448 4716 2503 4761 et
2536 4706 2711 4761 oleum
2740 4716 2937 4772 essent,
2973 4707 3065 4762 sed
3113 4709 3328 4762 omnino
3364 4709 3655 4765 commixta
3695 4719 3863 4775 sunt;

2273 4807 2328 4853 et
2368 4797 2680 4852 substantiae
2720 4807 2845 4851 sunt
2882 4811 3105 4864 omnes,
3155 4806 3209 4852 ct
3240 4806 3378 4852 totus
3428 4798 3513 4851 ille
3544 4798 3725 4869 liquor
3751 4814 3865 4853 una

2273 4889 2515 4959 qumdam
2537 4895 2711 4941 estex
2752 4887 2918 4942 tribus
2945 4886 3183 4942 conlecta
3213 4886 3543 4962 substantia)
3567 4906 3582 4954 ;
3631 4891 3734 4946 tale
3757 4892 3868 4946 ali-

2274 4979 2398 5050 quid
2428 4977 2787 5034 arbitrandum
2834 4988 2916 5034 est
2944 4994 3061 5035 esse
3084 4979 3242 5034 simul
3283 4981 3396 5035 hzec
3422 4980 3521 5035 tria
3547 5023 3562 5047 ,
3597 4992 3866 5050 mentem,

2273 5088 2531 5137 amorem,
2566 5071 2843 5126 notitiam?
2887 5071 2989 5128 Sed
3035 5088 3139 5128 non
3181 5074 3333 5128 unius
3363 5074 3679 5131 substantia:
3708 5086 3867 5146 sunt,

2276 5178 2431 5233 aqua,
2466 5163 2667 5225 vinum,
2689 5170 2743 5216 ct
2773 5162 2899 5227 mel,
2918 5165 3157 5232 quamvis
3179 5181 3243 5220 cx
3261 5180 3444 5221 eorum
3470 5168 3871 5226 commixtione

2277 5252 2367 5307 ﬁat
2388 5268 2488 5307 una
2518 5254 2808 5307 substantia
2830 5254 3077 5322 potionis.
3102 5255 3392 5322 Quomodo
3426 5270 3602 5313 autem
3633 5260 3717 5313 illa
3751 5262 3869 5316 tria

2275 5359 2380 5397 non
2412 5342 2517 5397 sint
2553 5342 2790 5410 ejusdem
2820 5342 3151 5407 substantias,
3180 5359 3288 5399 non
3314 5346 3498 5409 video;
3550 5361 3667 5401 cum
3694 5363 3872 5403 mens

2275 5435 2388 5504 ipsa
2434 5449 2492 5488 sc
2530 5441 2691 5496 amet,
2736 5442 2899 5502 atque
2929 5434 3039 5502 ipsa
3070 5448 3128 5489 se
3158 5438 3391 5499 noverit;
3439 5446 3597 5504 atque
3626 5437 3691 5490 ita
3745 5440 3876 5495 sint

2276 5526 2389 5581 lucc
2416 5527 2513 5581 tria
2532 5565 2548 5592 ,
2578 5533 2634 5579 ut
2671 5540 2774 5579 non
2805 5525 2957 5578 alteri
2982 5524 3140 5580 alicui
3178 5541 3350 5583 rerum
3379 5540 3533 5581 mens
3564 5526 3643 5581 vel
3670 5540 3873 5586 amata

2345 5725 2359 5755 ι
2395 5721 2529 5783 Editi,
2547 5727 2592 5771 et
2610 5721 2653 5772 si
2673 5733 2763 5770 non
2785 5718 2846 5771 sit
2868 5731 3059 5783 corpus.
3084 5722 3137 5769 At
3157 5728 3280 5783 vss,
3306 5727 3465 5783 caput.
