4076 6454
199 295 295 358 965

201 409 277 466 vel
299 416 426 464 nota
453 403 545 462 sit.
576 403 744 462 Unius
769 416 899 474 ergo
922 399 1269 474 ejusdemque
1287 400 1536 459 essentiae
1564 414 1786 457 necesse

202 513 279 561 est
320 501 440 558 lucc
472 499 572 555 tria
611 499 755 554 sint:
788 507 843 553 et
883 497 1004 553 ideo
1041 497 1085 553 si
1127 507 1377 568 tanquam
1403 495 1787 552 commistione

202 593 415 650 cinifusa
440 601 651 654 essent;
677 589 823 644 nullo
845 587 1005 644 modo
1028 597 1210 645 essent
1234 589 1355 654 tria,
1380 602 1478 644 nec
1509 585 1694 642 referri
1722 583 1790 640 ad

205 689 425 744 Invicem
451 693 688 757 possem.
713 681 1170 752 Quemadmodum
1200 681 1243 736 si
1269 697 1332 736 es
1367 695 1472 734 uno
1495 677 1792 748 eodemque

208 793 336 835 auro
382 789 495 833 tres
531 776 759 832 annulus
786 773 988 829 similes
1023 772 1202 838 facias,
1249 771 1494 844 quamvis
1519 782 1794 824 connexos

205 853 300 927 sibi
329 911 346 933 .
402 867 706 924 referuntur
755 865 821 921 ad
871 865 1134 931 invicem,
1189 864 1329 936 quod
1383 863 1587 918 similes
1634 872 1792 925 sunt;

205 962 374 1018 clunis
400 977 545 1017 ctum
577 958 764 1015 similis
782 959 950 1013 "alicui
990 957 1182 1013 similis
1205 968 1317 1018 est;
1363 967 1416 1011 et
1451 955 1663 1011 trinitas
1692 969 1794 1007 an-

210 1055 453 1110 nulotmn
475 1063 579 1114 est,
610 1061 664 1106 ct
697 1065 859 1106 unum
888 1065 1077 1104 aurmu
1111 1067 1124 1102 :
1156 1059 1207 1102 at
1250 1049 1293 1103 si
1323 1047 1647 1102 misceantur
1671 1046 1793 1112 sibi,

208 1158 258 1203 ct
307 1164 398 1216 per
430 1157 595 1200 totam
645 1143 836 1214 singuli
885 1157 1113 1198 massam
1145 1156 1293 1195 suam
1343 1148 1794 1210 conqiergautur,

209 1237 486 1294 intetnlet
511 1237 594 1290 illa
623 1235 852 1301 trinitas,
881 1245 932 1290 ct
960 1231 1177 1288 omnino
1206 1248 1311 1286 non
1339 1232 1467 1296 erit;
1491 1247 1551 1286 ac
1579 1246 1683 1286 non
1712 1246 1800 1285 so-

211 1330 314 1384 lum
351 1345 514 1383 ntnnn
544 1316 732 1381 aurum
762 1325 989 1390 dicetur,
1016 1325 1152 1380 sicut
1185 1326 1235 1378 in
1269 1324 1369 1379 illis
1393 1325 1561 1379 tribus
1583 1322 1794 1377 auuufis

209 1420 504 1480 dicebatur,
537 1417 630 1475 sed
656 1417 764 1488 jam
789 1417 929 1471 nulla
953 1432 1114 1470 aurea
1137 1417 1256 1470 tria.

273 1511 509 1570 CAPUT
553 1512 613 1565 \'.
657 1541 723 1551 —
763 1511 816 1566 8.
867 1510 941 1564 hu
972 1510 1069 1563 tria
1111 1525 1217 1564 esse
1259 1509 1459 1580 singula
1494 1507 1543 1562 in
1577 1524 1628 1562 se
1653 1507 1795 1577 ipsis,

206 1617 248 1662 rt
273 1606 489 1660 int-irent
510 1615 614 1659 tota
638 1603 690 1658 in
713 1603 848 1658 totis.
878 1603 944 1656 At
987 1602 1037 1655 itt
1072 1601 1176 1655 illis
1199 1599 1386 1663 tribus,
1412 1615 1531 1654 cum
1561 1613 1618 1653 sc
1649 1597 1801 1650 novit

208 1711 356 1752 tuens
385 1707 441 1752 ct
468 1706 610 1750 amat
639 1710 717 1759 se,
737 1703 913 1748 manet
943 1692 1547 1754 lrinitas,mens,amor,
1579 1688 1799 1751 notitia;

205 1797 255 1843 ct
305 1787 452 1843 nulla
501 1784 881 1840 cotmnixtione
928 1781 1266 1837 confunditur
1297 1799 1308 1836 :
1335 1780 1581 1850 quamvis
1615 1787 1668 1832 et
1694 1778 1804 1832 sin-

203 1878 328 1948 gula
355 1876 463 1931 sint
494 1878 546 1930 in
576 1875 901 1946 semetipsis,
931 1885 985 1930 et
1011 1873 1236 1928 invicem
1265 1882 1374 1926 tota
1405 1871 1456 1925 in
1487 1871 1610 1924 totis
1631 1910 1648 1936 ,
1687 1869 1802 1925 sive

204 1966 417 2038 singula
450 1967 502 2020 itt
535 1965 696 2031 binis,
742 1966 858 2019 sive
889 1964 1009 2018 bina
1039 1963 1090 2017 in
1123 1962 1363 2034 singulis.
1405 1961 1582 2031 Itaque
1625 1959 1802 2014 omnia

206 2059 254 2116 in
282 2061 560 2116 oumihus.
591 2059 720 2114 Nam
751 2068 806 2116 et
831 2073 982 2113 mens
1001 2069 1080 2113 est
1111 2055 1294 2127 utique
1331 2056 1381 2110 in
1412 2069 1471 2109 se
1499 2055 1631 2124 ipsa,
1673 2070 1806 2123 qun-

207 2154 353 2209 niam
380 2152 447 2206 ad
476 2167 534 2207 se
562 2151 730 2221 ipsam
776 2165 927 2205 mens
985 2147 1177 2204 dicitur
1207 2166 1220 2202 ε
1266 2147 1512 2218 quamvis
1553 2160 1801 2210 noscens,

205 2244 285 2300 vel
319 2253 469 2310 nota,
498 2243 580 2297 vel
613 2241 886 2296 noseibilis
912 2239 978 2294 ad
1004 2256 1152 2295 suam
1185 2237 1426 2293 notitiam
1473 2236 1690 2292 relative
1717 2235 1802 2290 di-

205 2345 360 2391 catur
382 2351 398 2400 ;
420 2348 607 2388 amans
635 2348 845 2403 quoque
874 2341 929 2387 ct
957 2341 1130 2386 antata
1159 2331 1240 2385 vel
1269 2328 1515 2383 amabilis
1541 2327 1604 2381 ad
1647 2341 1802 2381 amo-

207 2417 324 2484 rem
353 2426 637 2490 referatur,
677 2439 784 2495 quo
812 2440 871 2479 se
899 2431 1062 2477 amat.
1092 2421 1158 2476 Et
1184 2421 1367 2475 notitia
1394 2419 1634 2490 quamvis
1665 2418 1806 2474 refe-

209 2527 364 2573 ratur
387 2516 457 2570 ad
505 2526 740 2571 mentem
769 2521 1178 2585 cognoscentem
1210 2512 1291 2566 vel
1315 2511 1602 2582 cognitam,
1629 2519 1804 2565 tamen

206 2618 258 2672 et
283 2607 357 2662 ad
381 2622 440 2662 se
466 2606 635 2676 ipsam
661 2615 786 2659 nota
807 2614 861 2660 et
887 2619 1110 2660 noscens
1132 2602 1356 2659 dicitur:
1388 2618 1492 2656 non
1527 2601 1668 2657 enim
1699 2601 1803 2656 sibi

214 2710 299 2756 est
348 2698 619 2768 incognita
649 2697 863 2762 notitia,
910 2712 1014 2766 qua
1056 2712 1115 2751 se
1163 2711 1315 2750 mens
1357 2697 1466 2766 ipsa
1513 2693 1805 2766 cognoscit.

208 2794 273 2848 Et
307 2808 466 2848 amor
493 2792 736 2862 quamvis
757 2790 1018 2845 referatur
1045 2788 1108 2843 ad
1139 2798 1369 2844 mentem
1401 2797 1688 2852 amantem,
1715 2802 1809 2840 cn-

204 2871 298 2955 j'us
331 2900 486 2938 amor
514 2892 628 2949 est;
659 2891 833 2938 tanmn
865 2889 918 2936 et
944 2881 1008 2934 ad
1049 2896 1108 2936 se
1139 2881 1309 2951 ipsum
1339 2890 1417 2936 est
1449 2895 1619 2947 amor,
1655 2888 1710 2934 ut
1739 2880 1811 2963 sit

207 2970 378 3032 etiam
407 2977 459 3031 in
486 2989 547 3030 se
573 2975 687 3046 ipso
721 2992 734 3028 :
763 2975 882 3044 quia
904 2984 957 3029 et
979 2989 1130 3028 amor
1166 2982 1377 3028 amatur
1397 3015 1412 3038 ,
1446 2989 1543 3028 nec
1571 2974 1676 3028 alio
1705 2973 1809 3028 nisi

207 3084 403 3124 amore
429 3069 594 3122 amari
641 3075 834 3138 potest,
865 3065 920 3129 id
940 3078 1019 3120 est
1047 3081 1106 3120 se
1132 3066 1266 3135 ipso.
1303 3064 1374 3118 Ita
1404 3074 1528 3118 sunt
1556 3063 1671 3118 lucc
1699 3063 1812 3118 sin-

209 3161 341 3231 guia
368 3160 423 3213 in
464 3174 523 3214 se
553 3158 701 3230 ipsis.
736 3158 791 3212 In
835 3157 1054 3211 alternis
1082 3164 1259 3210 autem
1307 3155 1378 3210 ita
1418 3163 1561 3221 sunt,
1603 3155 1723 3225 quia
1757 3163 1813 3210 ct

210 3266 373 3306 mens
401 3265 587 3304 amans
609 3250 659 3304 iu
687 3264 868 3304 amore
887 3258 987 3314 est,
1009 3257 1060 3303 et
1082 3263 1231 3301 amor
1262 3248 1312 3302 in
1340 3250 1569 3304 amantis
1593 3247 1806 3312 notitia,

209 3359 267 3405 et
295 3348 486 3404 notitia
507 3347 558 3401 in
582 3356 759 3401 mente
786 3352 1059 3399 noscente.
1081 3340 1302 3413 Singula
1325 3341 1375 3396 in
1403 3341 1545 3397 binis
1567 3341 1638 3396 ita
1660 3349 1806 3409 sunt,

209 3441 340 3510 quia
367 3453 520 3494 meus
549 3452 667 3508 qua:
695 3450 754 3490 se
785 3434 933 3489 novit
959 3441 1014 3488 et
1043 3442 1208 3498 amat,
1243 3432 1295 3486 in
1323 3447 1509 3486 amore
1535 3438 1594 3487 et
1621 3433 1808 3488 notitia

209 3545 313 3586 sua
362 3537 485 3595 cst;
517 3537 748 3582 clamor
797 3524 1024 3579 amantis
1070 3524 1266 3578 mentis
1311 3537 1534 3592 seseque
1572 3523 1808 3584 scicntis.

213 3620 269 3675 in
318 3628 504 3674 mente
548 3617 840 3686 notitiaque
881 3614 998 3685 ejus
1037 3623 1150 3680 est;
1181 3623 1238 3669 et
1287 3613 1474 3668 notitia
1515 3614 1712 3688 ruentis
1753 3627 1813 3669 se

211 3700 444 3767 scientis
474 3719 528 3764 ct
552 3709 781 3765 amantis
809 3709 860 3763 in
890 3716 1067 3763 mente
1091 3715 1250 3778 atque
1275 3706 1328 3760 in
1355 3719 1537 3760 amore
1561 3705 1678 3774 ejus
1705 3715 1810 3773 est,

211 3783 341 3872 quia
367 3802 629 3857 scientem
653 3816 712 3856 se
736 3807 900 3865 amat,
935 3807 991 3854 et
1028 3809 1295 3852 amantem
1323 3811 1383 3852 se
1413 3797 1578 3852 novit.
1611 3799 1687 3851 Ac
1718 3811 1814 3867 per

215 3893 325 3950 hoc
353 3903 409 3949 et
456 3893 578 3948 bina
609 3893 660 3947 in
703 3890 926 3961 singulis
949 3932 964 3958 ,
997 3890 1118 3961 quia
1164 3904 1317 3945 mens
1341 3905 1459 3959 qua:
1507 3903 1567 3943 se
1596 3889 1739 3943 novit
1759 3894 1816 3943 et

213 3993 389 4046 amat.
445 4000 568 4039 cum
608 3997 704 4037 sua
754 3983 940 4037 notitia
983 3990 1068 4036 est
1096 3981 1148 4034 in
1179 3995 1397 4044 amore,
1445 3988 1501 4034 et
1544 3994 1667 4034 cum
1716 3993 1814 4034 suo

213 4089 410 4130 amore
452 4074 504 4128 in
536 4073 721 4127 notitia
767 4090 782 4127 :
823 4087 978 4126 amor
1019 4086 1231 4141 quoque
1287 4070 1303 4102 ⁸
1362 4070 1476 4140 ipse
1525 4078 1582 4124 et
1629 4069 1814 4126 notitia

211 4167 383 4225 simul
409 4174 536 4221 sunt
562 4170 613 4220 in
640 4166 839 4232 mente,
868 4179 987 4235 qua:
1007 4178 1065 4218 se
1093 4170 1237 4218 amat
1261 4170 1313 4217 et
1335 4163 1500 4217 novit.
1530 4161 1660 4217 Tota
1687 4176 1815 4216 vero

214 4259 272 4315 in
305 4259 435 4314 totis
463 4255 908 4329 quemadmodum
937 4256 1064 4320 sint,
1106 4253 1218 4324 jam
1259 4268 1419 4324 supra
1461 4253 1810 4320 ostendimus,

211 4367 347 4408 cum
379 4366 440 4406 se
465 4359 628 4405 totam
661 4362 812 4403 meus
849 4357 1031 4414 amat,
1059 4354 1114 4402 et
1157 4354 1320 4401 totam
1354 4345 1522 4412 novit,
1563 4354 1618 4401 et
1647 4354 1814 4402 totum

211 4457 465 4497 amorem
491 4456 644 4496 suum
676 4439 844 4506 novit,
877 4448 1148 4509 totamque
1172 4445 1316 4492 amat
1354 4437 1592 4493 notitiam
1620 4452 1770 4492 suam
1795 4479 1813 4506 ,

207 4533 439 4606 quando
462 4533 560 4588 tria
587 4531 686 4588 ista
711 4531 778 4586 ad
808 4545 867 4586 se
889 4531 1001 4601 ipsa
1025 4529 1258 4600 perfecta
1281 4537 1426 4584 sunt.
1469 4529 1604 4585 Miro
1632 4530 1814 4601 itaque

209 4625 389 4681 modo
417 4623 518 4678 tria
547 4623 644 4677 ista
671 4621 1043 4692 inseparabilia
1087 4629 1211 4676 sunt
1235 4635 1268 4674 a
1292 4620 1616 4690 semetipsis,
1649 4629 1701 4675 et
1732 4628 1816 4674 ta-

206 4734 347 4774 men
388 4731 577 4772 eorum
605 4716 872 4787 singulum
913 4713 1165 4785 quodque
1190 4712 1486 4769 substantia
1515 4720 1617 4780 est,
1660 4721 1718 4768 et
1743 4712 1820 4768 si-

206 4815 332 4869 mul
357 4813 540 4868 omnia
566 4827 667 4866 una
704 4810 999 4866 substantia
1043 4810 1131 4866 vel
1161 4810 1416 4876 essentia,
1447 4825 1568 4866 cum
1595 4809 1816 4867 relative

202 4908 474 4964 dicantur
499 4904 565 4959 ad
596 4906 840 4959 invicem.

283 4995 528 5052 CAPUT
581 4995 670 5050 Vl.
708 5025 781 5036 -—
818 4995 871 5052 9.
904 4995 1022 5049 Atia
1059 4994 1238 5050 notitia
1270 4995 1343 5050 rei
1370 4993 1423 5050 in
1449 4995 1564 5066 ipsa
1591 5013 1681 5063 re,
1711 4996 1817 5053 alia

199 5089 262 5144 in
294 5089 417 5159 ipsa
440 5095 629 5142 (eterna
652 5086 876 5144 veritate.
907 5085 1055 5151 Quod
1091 5101 1156 5141 ea:
1182 5094 1384 5141 ωεστ-ηαξ
1406 5087 1630 5143 veritatis
1663 5105 1817 5161 regu-

201 5185 277 5240 lis
291 5183 556 5256 judicium
576 5181 639 5235 de
664 5181 810 5236 rebus
839 5181 986 5235 etiam
1024 5180 1277 5250 corporeis
1304 5181 1416 5249 ﬁat.
1439 5179 1547 5236 Sed
1584 5197 1704 5236 cum
1757 5197 1817 5238 se

202 5279 402 5350 ipsam
433 5273 580 5329 novit
604 5274 833 5327 lmmaua
864 5275 1017 5328 mens
1041 5280 1092 5327 et
1114 5281 1257 5327 amat
1280 5287 1338 5328 se
1365 5273 1554 5343 ipsam,
1583 5289 1690 5328 non
1720 5275 1816 5329 ali-

197 5368 354 5444 quid
392 5365 827 5423 incommutabile
869 5365 1013 5421 novit
1043 5372 1098 5420 et
1119 5375 1263 5419 amat
1301 5383 1314 5419 :
1353 5365 1612 5435 aliterque
1653 5381 1817 5422 unus-

195 5463 453 5534 quisque
479 5459 640 5514 homo
665 5457 933 5528 loquendo
954 5458 1195 5514 enuntiat
1220 5466 1452 5514 mentem
1483 5473 1658 5527 snam,
1687 5460 1812 5530 quid

194 5556 261 5612 in
314 5568 382 5610 se
410 5553 527 5624 ipso
555 5561 742 5624 agatur
784 5551 1097 5618 attendens;
1129 5551 1283 5608 aliter
1309 5561 1486 5608 autem
1525 5553 1812 5610 humanam

193 5658 463 5708 mentem
489 5646 710 5722 speciali
739 5654 831 5700 aut
865 5645 1100 5717 generali
1141 5646 1443 5717 cognitione
1471 5646 1676 5703 definit.
1711 5647 1813 5705 fta-

267 5764 296 5797 ⁸
339 5761 481 5824 mni,
505 5773 638 5812 amor
660 5759 848 5826 quippe.
875 5762 1157 5812 Couctnnius
1179 5767 1307 5824 Mss,
1332 5775 1466 5814 amor
1488 5775 1690 5828 quoque.

1583 285 1788 345 LIBER
1825 283 2072 345 NONUS.

3378 298 3484 359 906

1901 415 2007 471 que
2030 415 2151 456 eum
2179 399 2307 458 mihi
2335 401 2405 460 de
2431 417 2528 460 sua
2557 406 2768 478 propria
2798 406 3049 480 loquitur,
3082 419 3257 470 utrum
3283 414 3486 474 intelli-

1897 503 1988 564 gat
2017 493 2118 550 hoc
2155 505 2249 551 aut
2275 497 2436 563 illud,
2469 514 2536 554 an
2565 515 2672 555 non
2703 501 2981 576 intelligat,
3027 512 3081 561 et
3121 515 3296 563 utrum
3333 512 3482 580 velit,

1897 597 1964 638 an
1993 585 2122 640 nolit
2154 585 2254 643 hoc
2279 597 2371 643 aut
2399 589 2562 658 illud,
2591 592 2754 647 credo
2786 610 2800 646 :
2846 609 2966 650 cum
2995 612 3122 652 vero
3156 597 3224 654 de
3253 599 3485 658 lntmana

1899 679 2200 748 specialiter
2242 691 2333 736 aut
2374 684 2693 753 generaliter
2735 703 2920 742 verum
2965 688 3113 756 dicit,
3158 706 3391 763 agnosco
3432 705 3490 753 et

1899 770 2154 838 approbo.
2189 770 2338 828 Unde
2365 774 2706 831 manifestum
2737 786 2849 846 est,
2879 779 3021 835 aliud
3053 797 3487 858 unumquemque

1901 859 2081 917 videre
2112 861 2163 916 in
2193 878 2250 919 se
2273 906 2289 931 ,
2317 865 2458 934 quod
2486 867 2587 921 sibi
2631 869 2766 923 alius
2793 870 2990 926 dicenti
3021 874 3225 941 credat,
3255 892 3361 932 non
3411 887 3492 935 ta-

1902 967 2026 1007 tnen
2058 953 2265 1020 videat;
2297 955 2439 1011 aliud
2467 967 2641 1014 autem
2670 960 2721 1014 in
2747 960 2858 1030 ipsa
2893 964 3138 1032 veritate,
3166 969 3307 1037 quod
3351 970 3491 1026 alius

1901 1057 2114 1113 quoque
2155 1046 2323 1115 possit
2360 1047 2548 1103 intueri
2580 1065 2594 1102 :
2641 1065 2866 1120 quorum
2897 1054 3122 1110 alterum
3170 1061 3363 1115 mutari
3395 1077 3493 1132 per

1905 1145 2183 1206 tempora,
2236 1138 2462 1194 altermn
2505 1141 2920 1202 inconnnutabili
2968 1153 3266 1209 aeternitate
3309 1157 3492 1211 consi-

1905 1236 2071 1283 stere.
2100 1227 2282 1299 Neque
2331 1232 2475 1285 enim
2528 1234 2698 1289 oculis
2739 1239 3014 1307 corporeis
3050 1241 3244 1298 multas
3287 1255 3494 1301 mentes

1905 1317 2132 1372 videndo
2153 1361 2167 1385 ,
2202 1335 2296 1390 per
2324 1322 2723 1381 similitudinem
2753 1329 3053 1400 colligimus
3075 1337 3378 1404 generalem
3409 1338 3494 1395 vel

1904 1409 2191 1477 Spccialetn
2240 1414 2434 1468 mentis
2479 1414 3008 1477 ltnmanze'notitiam
3044 1427 3178 1482 :sed
3226 1430 3495 1487 intuemur

1906 1498 2265 1558 inviolabilem
2315 1506 2613 1574 veritatem,
2664 1525 2733 1564 ex
2782 1528 2886 1582 qua
2933 1515 3185 1586 perfecte,
3234 1530 3494 1590 quantum

1907 1607 2210 1662 possumus,
2259 1596 2596 1664 definiamus,
2633 1617 2736 1657 non
2775 1607 2946 1674 qualis
2987 1608 3055 1661 sit
3085 1611 3498 1686 uniuscujusque

1908 1681 2139 1739 hominis
2168 1703 2342 1753 mens,
2371 1689 2465 1750 sed
2493 1691 2664 1762 qualis
2689 1708 2810 1750 esse
2829 1699 3170 1768 sempiternis
3196 1681 3496 1763 rationibus

1906 1773 2123 1830 debeat.
2343 1782 2355 1792 '

1982 1868 2067 1922 l0.
2098 1868 2246 1925 Unde
2280 1874 2437 1928 etiam
2466 1875 2773 1945 phantasias
2799 1895 2977 1937 rerum
3018 1888 3371 1956 corporalium
3403 1906 3499 1962 per

1907 1959 2147 2027 Corporis
2182 1977 2397 2017 sensum
2426 1963 2666 2035 haustas,
2716 1979 2771 2024 et
2811 1973 3038 2042 quodam
3090 1979 3248 2033 modo
3296 1959 3501 2038 infusas

1907 2049 2203 2115 memoria},
2245 2069 2308 2106 ex
2357 2055 2552 2123 quibus
2593 2059 2752 2114 etiam
2794 2077 2854 2115 ea
2887 2079 3004 2133 qum
3051 2082 3157 2122 non
3188 2070 3297 2124 visa
3350 2080 3496 2140 sunt,

1911 2139 2036 2193 ficto
2067 2141 2433 2210 phantasmate
2459 2149 2779 2218 cogitantur,
2811 2154 2923 2210 sive
2968 2156 3124 2213 aliter
3163 2177 3317 2227 quam
3351 2177 3498 2230 sunt,

1909 2231 2023 2286 sive
2058 2232 2273 2289 fortuitu
2315 2236 2470 2292 sicuti
2500 2249 2643 2308 sunt,
2690 2243 2808 2299 aliis
2849 2248 3067 2302 omnino
3115 2253 3308 2322 regulis
3338 2271 3500 2326 supra

1911 2333 2145 2380 mentem
2184 2335 2420 2384 nostram
2470 2331 2977 2393 incommutabiliter
3001 2343 3339 2400 manentibus
3366 2388 3382 2413 ,
3414 2349 3501 2403 vel

1910 2417 2209 2486 approbare
2236 2420 2374 2488 apud
2394 2426 2771 2494 nosmetipsos,
2799 2428 2878 2483 vel
2902 2429 3204 2500 improbare
3231 2437 3504 2494 convinci-

1914 2524 2054 2574 nmr,
2083 2523 2203 2564 cum
2226 2521 2369 2567 recte
2384 2513 2588 2585 aliquid
2613 2519 2971 2587 approbamus
2999 2532 3090 2578 aut
3119 2524 3499 2596 improbamus.

1914 2597 2046 2654 Nam
2087 2609 2287 2657 etcum
2341 2606 2521 2661 recolo
2541 2607 2878 2680 Carthaginis
2917 2615 3111 2669 mmnia
3147 2633 3266 2688 qnze
3292 2621 3423 2687 vidi,
3448 2631 3503 2679 et

1914 2704 2034 2744 eum
2055 2691 2194 2762 fingo
2221 2693 2584 2751 Alexandrize'
2602 2714 2720 2768 quae
2741 2716 2847 2756 non
2869 2704 2995 2772 vidi,
3013 2707 3334 2780 easdemque
3366 2711 3504 2769 ima-

1914 2781 2148 2849 ginarias
2175 2784 2370 2860 formas
2389 2787 2643 2856 quasdam
2669 2791 2982 2861 quibusdam
3006 2797 3314 2867 pra'fereus,
3337 2805 3504 2860 ratio-

1918 2875 2163 2931 nabiliter
2188 2877 2448 2947 prwfero;
2474 2880 2612 2951 viget
2631 2891 2683 2938 et
2697 2884 2857 2940 claret
2882 2887 3112 2959 desuper
3125 2891 3383 2961 judicium
3413 2911 3508 2952 vc-

1915 2965 2108 3033 ritatis,
2129 2982 2193 3022 ac
2209 2970 2287 3022 sui
2303 2969 2441 3038 juris
2457 2971 2926 3043 ineorruptissimis
2943 2981 3137 3050 regulis
3155 2982 3364 3038 firmum
3382 2995 3465 3042 est
3486 3005 3502 3041 :

1917 3065 1974 3111 et
2023 3058 2068 3112 si
2117 3062 2472 3130 corporalium
2519 3063 2806 3135 imaginum
2838 3071 2988 3140 quasi
3041 3074 3270 3143 quodam
3323 3079 3506 3135 nubilo
3587 3152 3594 3154 _

1915 3149 2221 3205 subtexitur
2245 3194 2259 3218 ,
2283 3168 2390 3208 non
2422 3162 2598 3211 tamen
2631 3156 2915 3216 involvitur
2943 3170 3101 3234 atque
3130 3167 3494 3225 confunditur.

1991 3241 2080 3296 11.
2113 3241 2216 3297 Sed
2245 3243 2466 3300 interest
2496 3257 2676 3303 utrum
2705 3265 2804 3320 ego
2833 3254 2934 3308 sub
2970 3255 3060 3310 illa
3091 3257 3175 3312 vel
3215 3259 3266 3314 in
3299 3258 3384 3316 illa
3411 3275 3505 3317 ca-

1918 3329 2082 3403 ligine
2104 3375 2118 3399 ,
2150 3344 2398 3406 tanquam
2428 3353 2459 3393 a
2484 3341 2624 3396 caelo
2653 3346 2934 3414 perspicuo
2959 3349 3239 3416 secludar;
3271 3367 3337 3406 an
3368 3353 3507 3410 sicut

1917 3423 1970 3478 in
1999 3426 2274 3483 altissimis
2303 3431 2576 3487 montibus
2595 3435 2838 3492 accidere
2864 3439 3020 3503 solet,
3055 3441 3195 3495 inter
3222 3452 3506 3516 utrumque

1916 3529 2042 3570 aere
2069 3517 2237 3571 libero
2267 3517 2470 3586 fruens,
2499 3532 2553 3578 et
2580 3524 2980 3581 serenissimam
3023 3529 3194 3585 lucem
3223 3546 3380 3602 supra
3403 3575 3419 3600 ,
3450 3543 3507 3590 et

1915 3607 2263 3664 densissimas
2305 3611 2528 3669 nebulas
2564 3615 2750 3671 subter
2787 3619 3062 3688 aspiciam.
3106 3621 3238 3677 Nam
3271 3626 3409 3680 unde
3449 3626 3503 3682 in

1917 3715 2003 3755 me
2027 3699 2247 3757 fraterni
2277 3706 2478 3761 amoris
2503 3707 2862 3765 iuflannnatur
2884 3713 3063 3780 ardor,
3091 3731 3211 3770 eum
3235 3719 3393 3774 audio
3421 3721 3504 3777 vi-

1917 3808 2036 3848 rum
2062 3795 2294 3866 aliquem
2320 3812 2414 3865 pro
2442 3798 2560 3854 fidei
2587 3802 2982 3870 pulchritudine
3001 3817 3054 3861 et
3081 3808 3331 3866 firmitate
3359 3815 3504 3870 acria

1919 3891 2185 3940 tormenta
2238 3887 2539 3944 tolerasse?
2585 3891 2653 3946 Et
2697 3893 2742 3948 si
2794 3895 2923 3948 mihi
2975 3896 3142 3968 digito
3192 3903 3508 3960 ostendatur

1917 3974 2032 4045 ipse
2057 3975 2218 4032 homo
2241 4019 2255 4041 ,
2290 3978 2480 4035 studeo
2508 3981 2637 4036 mihi
2665 3985 2991 4056 conjungere
3011 4029 3026 4054 ,
3067 3999 3251 4046 notum
3289 3991 3465 4050 facere
3488 4037 3505 4063 ,

1917 4067 2153 4122 amicitia
2180 4069 2453 4140 colligare.
2498 4071 2680 4143 Itaque
2708 4075 2753 4130 si
2800 4077 3021 4131 facultas
3047 4078 3238 4146 datur,
3271 4085 3504 4152 accedo,

1917 4158 2188 4230 alloquor,
2233 4176 2534 4218 sermonem
2560 4163 2809 4232 confero,
2854 4167 3103 4225 affectum
3147 4189 3322 4229 meum
3355 4176 3406 4231 in
3439 4177 3508 4232 il—

1918 4249 2026 4305 lum
2057 4251 2251 4322 quibus
2279 4254 2458 4310 verbis
2497 4271 2712 4326 possum
2743 4260 3018 4329 exprimo,
3062 4263 3404 4337 vicissimque
3452 4269 3504 4323 iu

1919 4358 1984 4399 eo
2015 4343 2128 4399 ﬁeri
2160 4361 2316 4417 quem
2347 4346 2400 4402 in
2429 4364 2513 4402 me
2545 4348 2738 4405 habeat
2765 4361 2926 4423 atque
2952 4357 3176 4424 exprimi
3206 4360 3356 4422 volo,
3399 4362 3510 4431 spi-

1919 4435 2272 4507 ritualemque
2298 4440 2642 4510 complexum
2671 4443 2942 4500 credendo
2967 4447 3160 4502 molior
3182 4489 3198 4513 ,
3230 4451 3353 4519 quia
3381 4467 3509 4522 per.

1919 4528 2185 4598 vestigare
2220 4538 2326 4584 tam
2367 4531 2476 4585 cito
2502 4541 2556 4587 et
2595 4548 2821 4589 cernere
2855 4537 3071 4606 penitus
3107 4539 3225 4609 ejus
3256 4541 3511 4618 interiora

1919 4632 2026 4673 non
2070 4633 2309 4689 possum.
2354 4620 2491 4676 Amo
2531 4621 2710 4693 itaque
2753 4623 2964 4681 fidelem
3005 4635 3062 4683 et
3104 4629 3295 4686 fortem
3338 4633 3509 4689 virum

1919 4725 2103 4767 amore
2128 4721 2276 4767 casto
2302 4723 2463 4784 atque
2487 4729 2762 4784 germano.
2806 4718 2960 4788 Quod
2989 4723 3032 4776 si
3063 4721 3192 4777 mihi
3231 4724 3366 4780 inter
3411 4741 3510 4780 no-

1919 4813 2056 4856 stras
2085 4802 2324 4871 loquelas
2363 4805 2626 4871 fateatur,
2670 4818 2763 4862 aut
2806 4808 3050 4867 incautus
3079 4814 3098 4844 ²
3125 4814 3305 4884 aliquo
3350 4817 3511 4873 modo

1919 4907 2040 4949 sese
2069 4893 2266 4950 indicet
2284 4935 2301 4962 ,
2331 4896 2471 4966 quod
2499 4899 2584 4954 vel
2612 4899 2679 4955 dc
2709 4900 2818 4957 Deo
2848 4902 3030 4958 credat
3058 4903 3346 4975 incongrua
3371 4949 3390 4976 ,
3416 4919 3503 4966 at-

1920 5002 2024 5059 que
2058 4989 2110 5043 in
2142 4989 2234 5045 illo
2261 5005 2476 5061 quoque
2519 4995 2735 5050 carnale
2772 4995 2970 5065 aliquid
2999 4996 3297 5064 desideret,
3328 5011 3383 5057 et
3411 5019 3512 5074 pro

1923 5080 2012 5136 tali
2039 5095 2223 5137 errore
2248 5083 2333 5138 illa
2365 5085 2680 5153 pertulerit,
2711 5087 2796 5142 vel
2828 5098 3055 5157 Sperata:
3085 5093 3325 5160 pecunia:
3351 5099 3507 5167 cupi-

1921 5171 2106 5238 ditate,
2153 5173 2236 5229 vel
2283 5174 2424 5230 inani
2473 5176 2725 5232 aviditate
2779 5177 2953 5232 laudis
2996 5179 3280 5245 humanm:
3326 5190 3506 5244 statim

1920 5279 2072 5319 amor
2099 5265 2209 5332 ille,
2234 5282 2342 5337 quo
2371 5268 2423 5322 in
2449 5283 2570 5324 eum
2600 5267 2846 5336 ferebar,
2874 5271 3130 5343 offensus,
3159 5285 3214 5332 et
3239 5280 3387 5349 quasi
3419 5297 3509 5337 re-

1918 5372 2234 5428 percussus,
2275 5369 2436 5429 atqne
2470 5361 2540 5415 ab
2569 5361 2784 5431 indigno
2825 5364 3039 5422 homine
3079 5369 3321 5439 ablatus,
3354 5375 3406 5430 in
3437 5392 3502 5432 ea

1920 5448 2088 5503 forma
2121 5459 2398 5520 permanet
2423 5451 2444 5483 ³
2463 5493 2480 5519 ,
2521 5469 2585 5507 ex
2615 5469 2718 5523 qua
2755 5469 2876 5510 eum
2907 5459 3062 5514 talem
3095 5462 3322 5522 credens
3349 5482 3498 5524 ama-

1984 5580 2000 5612 ί
2035 5586 2109 5650 Er.
2135 5580 2427 5650 Lngd._vcn.
2453 5589 2561 5650 tpv.
2587 5583 2785 5646 addunt,
2824 5589 3019 5644 inmitia.
3059 5600 3108 5643 tn
3143 5600 3190 5643 Β.
3216 5595 3360 5649 deest
3403 5599 3510 5650 haec

1920 5644 2110 5718 vo§,de
2131 5641 2226 5718 qua
2249 5641 2307 5691 ad
2331 5645 2598 5718 marginem
2619 5641 2810 5698 notatur
2834 5664 2847 5700 :
2876 5669 2897 5697 ι
2912 5641 3376 5718 subau'diﬁna‘niagn
3404 5641 3504 5712 "fit:

1981 5705 2002 5736 ³
2035 5705 2165 5763 Apud
2189 5711 2320 5761 Lov.,
2345 5705 2599 5758 incautius.

1983 5765 2004 5798 ³
2035 5765 2170 5827 Editi,
2194 5778 2285 5818 non
2303 5767 2352 5817 in
2371 5781 2430 5818 ea
2449 5769 2606 5832 [arma
2623 5781 2902 5837 permanet;
2923 5777 3080 5832 addita
3103 5788 3266 5832 contra
3288 5789 3506 5836 mentem
