4076 6454
550 441 754 505 ὺοτίιιιι.
785 444 900 501 ΝΞδί
931 444 1065 500 forte
1102 442 1167 499 ad
1196 441 1295 496 hoc
1320 453 1442 494 amo
1463 436 1572 508 jam
1594 479 1609 504 ,
1642 445 1697 491 ut
1726 436 1845 490 talis
1872 435 1940 490 sit
1964 475 1977 497 ,
2010 448 2132 486 cum

550 542 710 595 talem
740 553 845 593 non
876 552 996 593 esse
1020 546 1355 603 comperero.
1405 530 1472 584 At
1520 529 1573 583 in
1618 528 1709 582 illo
1741 526 1959 580 homine
2000 522 2131 577 nihil

550 640 810 687 mutatum
835 638 919 684 est
950 646 963 681 :
998 627 1187 681 mutari
1213 634 1389 678 tamen
1421 630 1616 691 potest,
1644 628 1701 672 ut
1731 617 1820 671 fiat
1848 614 1990 686 quod
2013 630 2133 668 eum

545 724 655 793 jam
683 736 804 776 esse
842 717 1199 774 credideram.
1244 715 1299 768 lu
1332 722 1510 767 mente
1548 721 1724 765 autem
1770 723 1885 763 mea
1932 714 2133 761 mutata

550 824 637 871 est
661 815 840 883 utique
876 812 988 880 ipsa
1016 808 1367 869 existimatio,
1402 821 1521 875 quae
1557 803 1625 859 de
1654 803 1744 857 illo
1769 801 1926 855 aliter
1951 814 2009 854 se
2039 798 2135 853 ha—

555 907 717 961 bebat
740 946 752 969 ,
784 912 838 957 et
865 902 1023 956 aliter
1053 900 1212 954 habet
1244 916 1256 952 :
1289 898 1536 965 idemque
1568 910 1720 947 amor
1747 892 1815 946 ab
1842 886 2135 946 intentione

555 995 859 1068 perfruendi
900 994 963 1048 ad
1001 992 1351 1048 intentionem
1404 985 1752 1050 consulendi,
1784 985 2137 1038 incommuta-

549 1090 641 1144 bili
669 1088 899 1158 desuper
932 1085 1133 1155 justitia
1171 1084 1391 1151 jubcntc
1434 1078 1673 1133 deﬂexus
1715 1084 1817 1130 est.
1853 1076 1965 1143 Ipsa
2007 1086 2135 1125 vero

549 1180 719 1235 forma
754 1179 1082 1232 inconcussre
1109 1189 1170 1227 ac
1191 1172 1395 1227 stabilis
1420 1168 1679 1233 veritatis,
1703 1177 1757 1220 et
1782 1166 1831 1218 in
1859 1179 1960 1234 qua
1991 1162 2136 1216 frue-

549 1288 639 1327 rer
669 1271 886 1325 homine
918 1268 1113 1322 bomun
1145 1280 1266 1318 eum
1299 1260 1556 1325 credens,
1586 1268 1641 1313 et
1681 1259 1733 1312 in
1774 1272 1875 1326 qua
1914 1254 2136 1309 consulo

555 1372 615 1417 ut
643 1362 816 1417 bonus
854 1361 941 1425 sit,
990 1358 1176 1413 eadem
1222 1356 1339 1409 luce
1381 1349 1796 1420 incorruptibilis
1838 1345 2135 1401 sincerissi-

558 1470 769 1525 marque
800 1451 1018 1507 rationis
1048 1460 1100 1505 et
1130 1464 1263 1503 mea:
1303 1446 1495 1500 mentis
1534 1452 1847 1513 aspectum,
1895 1448 1949 1493 et
1991 1438 2136 1491 illam

550 1548 845 1619 phantasia:
885 1545 1113 1608 nubem,
1154 1556 1312 1611 quam
1340 1536 1569 1607 desuper
1608 1550 1802 1599 cerno,
1836 1547 1956 1585 cum
1984 1545 2132 1585 eum-

554 1640 676 1695 dem
706 1638 972 1692 hominem
1003 1649 1160 1703 quem
1204 1632 1438 1686 videram
1470 1627 1646 1698 cogito
1669 1668 1681 1689 ,
1713 1622 2136 1695 imperturbabili

552 1731 849 1786 mternitate
894 1724 1159 1795 perfundit
1187 1726 1227 1775 ¹.
1275 1721 1404 1776 llem
1455 1735 1575 1775 cum
1605 1733 1787 1772 arcum
1830 1713 2049 1785 pulchre
2076 1728 2139 1766 ac

552 1822 885 1892 mquabiliter
912 1819 1167 1873 intortum
1189 1859 1203 1881 ,
1236 1830 1393 1886 quem
1423 1812 1565 1877 vidi,
1596 1809 1741 1865 verbi
1771 1807 1971 1878 gratia,
2010 1802 2138 1858 Car-

552 1915 789 1984 thagine,
820 1912 997 1965 animo
1028 1909 1243 1963 revolvo
1263 1948 1278 1971 ,
1312 1920 1398 1959 res
1424 1900 1667 1973 quatdam
1695 1899 1857 1955 menti
1898 1895 2139 1951 nuntiata

554 2019 653 2074 per
695 2002 913 2065 oculos,
967 1996 1346 2065 memorimqne
1398 1988 1707 2057 transfusa,
1768 1985 2136 2058 imaginarium

552 2101 896 2163 conspectum
928 2090 1070 2143 facit.
1100 2087 1203 2141 Sed
1232 2083 1374 2140 aliud
1407 2092 1585 2138 mente
1613 2080 1883 2150 conspicio
1902 2120 1916 2143 ,
1944 2092 2137 2133 secun-

550 2185 678 2241 dum
706 2184 845 2255 quod
880 2182 1006 2236 mihi
1037 2197 1170 2249 Opus
1200 2179 1327 2232 illud
1360 2178 1563 2247 placet;
1593 2174 1734 2229 unde
1764 2168 2136 2235 etiam,sidis-

554 2279 809 2348 pliccret,
870 2274 1217 2343 corrigerem.
1262 2269 1443 2337 Itaque
1483 2266 1550 2320 de
1584 2264 1701 2319 istis
1736 2261 2029 2317 secundum
2070 2260 2137 2313 il-

554 2371 659 2425 lam
692 2366 766 2440 (a)
792 2368 1111 2437 iudicamus,
1139 2373 1193 2419 et
1224 2364 1363 2416 illam
1390 2360 1659 2415 cernimus
1688 2355 1965 2412 rationalis
1991 2369 2139 2407 men-

552 2464 625 2516 tis
665 2462 879 2515 intuitu.
923 2458 1023 2512 lsta
1070 2472 1195 2511 vero
1238 2464 1329 2508 aut
1374 2451 1655 2522 prmseutia
1695 2464 1853 2503 sensu
1898 2444 2139 2515 corporis

556 2552 844 2622 tangimus,
879 2559 968 2603 aut
1009 2549 1264 2616 imagines
1294 2543 1591 2598 absentium
1627 2543 1755 2596 lixas
1787 2540 1838 2592 in
1880 2535 2138 2591 memoria

551 2643 933 2704 recordamur,
977 2648 1067 2693 aut
1107 2655 1169 2693 ex
1202 2652 1384 2691 carum
1430 2632 1778 2688 similitudine
1810 2628 1931 2684 talia
1982 2626 2137 2697 fingi-

554 2751 707 2801 mus,
740 2734 911 2804 qualia
954 2747 1047 2784 nos
1078 2730 1174 2800 ip~i
1201 2770 1214 2792 ,
1253 2729 1294 2781 si
1324 2726 1582 2779 vellemus
1620 2735 1779 2792 atque
1817 2735 2095 2790 possemus
2119 2760 2135 2785 ,

553 2826 715 2879 etiam
742 2840 902 2893 Opere
924 2821 1237 2876 moliremur
1262 2837 1273 2871 2
1303 2819 1458 2871 aliter
1489 2816 1775 2884 figurautcs
1800 2812 1977 2865 animo
2004 2811 2138 2863 ima-

553 2917 705 2988 gines
752 2928 1072 2982 corporum,
1118 2919 1208 2963 aut
1255 2924 1346 2977 per
1385 2921 1579 2975 Corpus
1609 2919 1832 2973 corpora
1863 2902 2135 2965 videntes;

550 3007 705 3060 aliter
731 3014 907 3059 autem
937 3004 1169 3057 rationes
1195 3012 1470 3067 artemque
1499 2997 1835 3050 iucfl'abiliter
1864 2994 2136 3063 pulchram

552 3097 733 3149 talium
769 3098 1051 3165 figurarum
1080 3107 1240 3162 super
1273 3090 1445 3144 aciem
1479 3085 1672 3141 mentis
1713 3084 1941 3155 simplici
1974 3084 2133 3139 intel-

553 3188 766 3259 ligentia
794 3187 1087 3256 Cupientes.

624 3277 850 3333 CAPUT
890 3276 998 3330 VII.
1022 3306 1091 3315 —
1116 3274 1200 3329 12.
1236 3272 1453 3327 Verbum
1474 3273 1608 3327 intus
1628 3288 1691 3325 ex
1716 3270 1861 3324 rebus
1882 3271 1931 3323 in
1953 3278 2141 3325 (eterna

553 3368 757 3423 veritate
767 3367 1042 3435 conspectis
1058 3364 1368 3434 concipimus
1386 3372 1429 3415 et
1451 3363 1721 3433 gignimus.
1738 3359 1951 3413 Verbum
1969 3375 2142 3414 amore

550 3460 833 3532 concipitur
873 3462 975 3511 sive
1020 3467 1266 3513 creatura:
1306 3456 1408 3508 sive
1446 3453 1721 3508 Creatoris.
1770 3453 1824 3507 In
1863 3454 1948 3507 illa
1986 3453 2141 3522 igitur

553 3563 749 3607 :etcrua
783 3552 1025 3612 veritate,
1062 3566 1126 3603 ex
1149 3564 1249 3619 qua
1287 3548 1595 3616 temporalia
1630 3546 1759 3600 facta
1788 3555 1910 3600 sunt
1938 3544 2138 3612 omnia,

554 3648 779 3702 formam
813 3644 1105 3700 secundmn
1136 3659 1293 3713 quam
1322 3656 1506 3695 sumus
1528 3681 1542 3703 ,
1574 3650 1627 3693 et
1658 3638 1950 3693 secundum
1980 3653 2139 3709 quam

552 3740 637 3794 vel
670 3740 720 3793 iu
750 3738 901 3792 nobis
927 3736 1007 3790 vel
1047 3736 1098 3789 in
1147 3734 1462 3804 corporibus
1504 3747 1628 3787 vera
1660 3740 1713 3784 el
1760 3740 1903 3785 recta
1934 3731 2142 3786 ratione

550 3831 750 3902 aliquid
781 3846 1083 3900 Operamur,
1114 3829 1227 3882 visu
1258 3826 1449 3880 mentis
1476 3825 1761 3893 aSpieimus
1792 3832 1991 3893 :atque
2018 3822 2142 3881 inde

552 3933 865 3992 conceptam
913 3936 1091 3975 rerum
1137 3933 1382 3974 veracem
1424 3916 1698 3979 notitiam,
1735 3922 1984 3984 tanquam
2016 3930 2139 3967 vcr-

552 4017 675 4072 bum
705 4015 842 4088 apud
876 4030 970 4069 nos
1001 4014 1260 4068 habemus
1281 4054 1296 4077 ,
1326 4020 1380 4065 et
1405 4007 1633 4063 dicendo
1665 4007 1805 4061 intus
1840 4005 2137 4077 gignimus;

552 4124 650 4163 nec
680 4123 707 4161 τι
741 4107 892 4160 nobis
934 4103 1201 4159 nascendo
1239 4100 1484 4157 discedit.
1523 4100 1657 4155 Cum
1695 4111 1872 4153 autem
1906 4097 1972 4152 ad
2004 4098 2139 4152 alios

552 4199 853 4269 loquimur,
903 4196 1067 4251 verbo
1120 4196 1262 4249 intus
1307 4192 1542 4246 manenti
1590 4190 1943 4246 ministerium
1993 4189 2138 4244 vocis

552 4289 888 4353 adhibemus,
910 4295 1000 4339 aut
1022 4284 1245 4354 alicujus
1268 4280 1400 4353 signi
1426 4281 1739 4350 corporalis,
1766 4292 1823 4334 ut
1841 4296 1932 4348 per
1952 4294 2139 4350 quam-

558 4380 675 4436 dam
714 4376 1275 4434 commemorationem
1317 4372 1621 4426 sensibilem
1673 4370 1778 4424 tale
1806 4369 2005 4439 aliquid
2049 4369 2138 4423 fiat

556 4472 714 4526 etiam
746 4470 796 4523 in
829 4469 1007 4522 animo
1041 4465 1340 4529 audientis,
1372 4464 1526 4535 quale
1553 4462 1619 4516 de
1650 4463 1916 4533 loquentis
1959 4462 2137 4516 animo

551 4575 656 4617 non
688 4558 909 4614 recedit.
940 4557 1080 4611 Nihil
1114 4558 1288 4625 itaque
1318 4556 1523 4625 agimus
1550 4570 1643 4623 per
1672 4552 1910 4608 membra
1942 4568 2135 4621 corpo-

553 4653 627 4707 ris
654 4652 706 4706 in
734 4652 882 4706 factis
909 4649 1172 4719 dictisque
1201 4648 1414 4709 nostris,
1444 4646 1636 4717 quilms
1664 4644 1745 4699 vel
1774 4645 2138 4714 approbantur

551 4744 632 4799 vel
679 4742 1043 4814 improbantur
1085 4754 1263 4793 mores
1301 4738 1595 4799 hominum,
1640 4734 1781 4805 quod
1826 4751 1928 4788 non
1971 4735 2136 4789 verbo

552 4834 690 4905 apud
737 4849 832 4887 nos
872 4833 1015 4886 intus
1060 4830 1203 4886 edito
1231 4829 1608 4901 praeveniuuts.
1639 4826 1807 4881 Nemo
1851 4826 1993 4879 enim
2038 4840 2136 4879 vo-

552 4924 667 4982 lens
696 4922 896 4995 aliquid
937 4922 1091 4987 facit,
1125 4920 1266 4992 quod
1297 4936 1401 4974 non
1449 4918 1499 4972 in
1537 4916 1702 4973 corde
1736 4932 1833 4971 suo
1878 4919 2025 4987 prius
2050 4916 2134 4970 di-

553 5017 708 5074 xerit.

550 5112 555 5115 ’
626 5110 707 5163 13.
739 5105 891 5175 Quod
922 5105 1143 5159 verbum
1173 5118 1353 5157 amore
1376 5100 1829 5173 concipitur,ﬂsive
1850 5108 2131 5165 creaturm,

552 5199 664 5254 sive
689 5198 979 5258 Creatoris,
1020 5196 1070 5249 id
1101 5204 1200 5257 est,
1232 5204 1323 5248 aut
1352 5202 1551 5247 natura:
1584 5192 1853 5246 mutabilis
1874 5234 1888 5259 ,
1934 5202 2023 5244 aut
2054 5192 2136 5245 iu-

550 5288 939 5344 commutabilis
968 5286 1226 5341 veritatis.

550 5397 557 5403 “
623 5381 846 5437 CAPUT
881 5380 1011 5435 Vlll.
1042 5410 1113 5419 —-
1152 5378 1414 5448 Cupiditas
1465 5386 1511 5430 et
1555 5375 1775 5430 cliaritas
1833 5390 1930 5445 quo
1988 5372 2136 5440 diffe-

549 5481 685 5529 runt.
742 5473 883 5544 Ergo
926 5482 1016 5528 aut
1058 5471 1367 5542 cupiditate,
1411 5480 1503 5525 aut
1543 5469 1838 5525 charitate:
1880 5483 1984 5521 non
2030 5482 2136 5537 quo

549 5614 799 5678 Augustini
817 5612 1050 5676 particula
1063 5620 1298 5673 negante,
1315 5624 1408 5675 qua
1427 5611 1575 5660 nostri
1600 5622 1771 5660 onmes
1784 5608 2015 5679 carebant
2033 5615 2134 5679 uss.

614 5682 630 5709 ³
666 5679 738 5727 sic
764 5685 860 5724 Am.
888 5682 940 5724 et
961 5682 1067 5723 Mss.
1097 5687 1271 5735 magno
1289 5687 1547 5723 consensu.
1573 5681 1626 5724 At
1652 5680 1725 5722 Er.
1754 5679 1805 5722 et
1829 5678 1960 5732 Lov.,
1986 5678 2137 5733 a‘qut-

549 5748 641 5793 tate
666 5736 930 5801 perfundit.

613 5755 930 5867 (efﬁgia:
953 5798 1155 5861 formam
1177 5803 1372 5847 (eterna:
1394 5795 1615 5847 veritatis.

1650 321 1737 382 DE
1773 317 2164 386 TRINITATE,
2204 317 2261 375 S.
2302 313 2669 376 AUGUSTINI

3730 319 3839 377 968

2254 446 2359 487 non
2425 431 2494 488 sit
2550 434 2566 465 ⁸
2614 432 2838 487 amanda
2892 443 3175 499 creatura;
3231 433 3326 489 sed
3378 434 3422 489 si
3486 433 3554 489 ad
3606 433 3840 490 Creato-

2245 538 2359 577 rem
2412 523 2638 579 refertur
2682 526 2769 580 ille
2795 541 2975 590 amor,
3009 542 3113 581 non
3140 526 3249 597 jam
3279 526 3563 595 cupiditas,
3588 527 3682 582 sed
3706 527 3842 583 cha-

2246 614 2374 668 ritas
2413 616 2532 669 erit.
2562 616 2711 671 Tunc
2744 617 2883 671 enim
2917 626 3001 671 est
3029 616 3292 687 cupiditas
3318 658 3332 683 ,
3361 631 3481 671 cum
3517 626 3740 687 propter
3780 634 3841 673 se

2243 716 2451 760 amatur
2498 718 2760 762 creatura.
2803 708 2953 763 Tunc
3004 723 3109 762 non
3151 719 3389 763 utentem
3435 708 3689 778 adjuvat,
3742 710 3839 764 sed

2242 800 2538 867 corrumpit
2611 800 2896 855 fruentem.
2948 801 3079 855 Cum
3144 816 3272 870 ergo
3324 810 3414 854 aut
3476 816 3573 869 par
3638 801 3838 867 nobis,

2243 897 2337 943 aut
2375 890 2592 945 inferior
2629 901 2871 946 creatura
2911 892 3019 955 sit,
3067 891 3319 946 inferiore
3349 891 3601 945 utendum
3647 901 3733 944 est
3770 891 3839 945 ad

2247 980 2442 1045 Deum;
2475 982 2583 1051 pari
2615 990 2791 1038 autem
2824 982 3130 1045 fruendmn,
3159 982 3251 1036 sed
3282 983 3331 1036 in
3362 982 3491 1036 Deo.
3517 980 3669 1037 Sient
3690 983 3838 1037 enim

2246 1081 2295 1126 te
2325 1073 2456 1142 ipso,
2489 1091 2591 1127 non
2621 1074 2671 1127 in
2706 1086 2755 1129 te
2784 1074 2900 1143 ipso
2934 1074 3034 1128 frui
3066 1074 3251 1139 debes,
3292 1073 3383 1128 sed
3419 1074 3470 1127 in
3502 1089 3567 1128 eo
3592 1074 3683 1143 qui
3714 1072 3837 1127 fecit

2246 1174 2330 1227 te;
2357 1167 2432 1219 sic
2456 1168 2612 1219 etiam
2638 1167 2728 1221 illo
2764 1178 2926 1235 quem
2949 1167 3124 1236 diligis
3158 1177 3395 1233 tanquam
3440 1177 3489 1220 te
3521 1166 3720 1234 ipsum.
3769 1164 3840 1219 Et

2245 1257 2398 1311 nobis
2424 1274 2551 1328 ergo
2593 1268 2647 1312 et
2677 1258 2930 1313 fratribus
2964 1261 3015 1312 in
3054 1260 3280 1312 Domino
3307 1258 3545 1311 fruantur
3565 1299 3579 1321 ,
3623 1267 3681 1311 et
3710 1258 3840 1311 inde

2244 1364 2342 1404 nos
2374 1364 2471 1404 nec
2511 1351 2575 1404 ad
2609 1352 2965 1419 nosmetipsos
2994 1350 3267 1404 remittere
3287 1390 3301 1413 ,
3337 1358 3388 1402 et
3415 1349 3565 1420 quasi
3593 1348 3841 1402 relaxare

2242 1441 2491 1496 deorsum
2531 1458 2717 1497 versus
2743 1443 3054 1497 audeamus.
3083 1442 3329 1496 Nascitur
3356 1451 3532 1495 autem
3570 1441 3794 1496 verbum
3820 1482 3836 1505 ,

2242 1548 2362 1587 cum
2390 1532 2745 1605 excogitatum
2770 1536 2950 1606 placet
2976 1578 2990 1602 ,
3022 1544 3111 1588 aut
3153 1534 3217 1587 ad
3251 1534 3578 1605 peceandmn
3599 1575 3614 1598 ,
3644 1544 3739 1588 aut
3769 1535 3837 1588 ad

2244 1636 2389 1679 recte
2432 1627 2753 1680 faciendum.
2789 1627 3021 1681 Verbum
3050 1641 3178 1697 ergo
3223 1636 3462 1681 nostrum
3503 1637 3557 1681 et
3595 1638 3835 1682 mentem

2242 1718 2309 1773 de
2338 1735 2439 1789 qua
2466 1721 2717 1789 gignitur,
2748 1722 2899 1791 quasi
2923 1720 3130 1775 medius
3154 1736 3308 1774 amor
3329 1720 3623 1790 conjungit,
3666 1734 3838 1791 seque

2242 1830 2361 1869 cum
2390 1816 2469 1872 eis
2502 1819 2714 1872 tertium
2744 1819 3027 1889 complexu
3056 1811 3393 1890 incorporeo,
3419 1819 3536 1875 sine
3564 1819 3671 1874 ulla
3696 1833 3835 1890 con—

2243 1907 2451 1963 stione
2477 1909 2816 1981 constringit.
2868 1885 2885 1889 —
3209 1885 3222 1890 ⁷
3766 1885 3848 1917 χ’

2313 1998 2541 2057 CAPUT
2580 1994 2670 2055 ΙΧ.
2701 2030 2773 2040 -
2812 2000 2898 2054 ﬂ.
2933 1998 2999 2054 In
3040 2016 3212 2054 amore
3244 1999 3591 2071 spiritualium
3628 2000 3835 2053 verbum

2244 2099 2419 2144 natum
2456 2090 2591 2143 idem
2633 2090 2770 2160 quod
2805 2099 3104 2160 conceptum
3128 2106 3147 2143 .'
3176 2106 3318 2144 secus
3344 2089 3397 2143 ia
3436 2106 3607 2143 amore
3644 2105 3836 2141 carna-

2243 2181 2389 2235 lium.
2428 2180 2755 2249 Conceptum
2801 2192 2979 2234 autem
3023 2181 3244 2235 verbum
3294 2189 3348 2235 et
3390 2190 3569 2234 natum
3601 2179 3835 2248 idipsum

2242 2281 2357 2334 est,
2390 2286 2509 2325 cum
2543 2264 2786 2325 voluntas
2828 2271 2878 2325 in
2912 2273 3023 2341 ipsa
3056 2273 3238 2325 notitia
3270 2272 3637 2341 conquiescit,
3683 2271 3835 2340 quod

2244 2363 2301 2417 fit
2330 2364 2380 2417 in
2427 2379 2609 2417 amore
2635 2364 3010 2434 spiritualium.
3056 2364 3156 2432 Qui
3198 2366 3377 2430 enim,
3428 2366 3572 2419 verbi
3617 2366 3829 2435 gratia,

2245 2454 2477 2524 perferte
2505 2455 2669 2520 novit,
2695 2438 3035 2525 perfecieque
3060 2466 3201 2509 amat
3222 2456 3504 2524 justitiam,
3531 2456 3634 2525 jam
3652 2456 3837 2525 ju~tus

2243 2554 2343 2609 est,
2371 2545 2579 2599 etiamsi
2624 2548 2766 2600 nulla
2796 2547 2990 2601 existat
3033 2547 3327 2601 secundum
3368 2546 3485 2625 eam
3529 2547 3835 2600 forinsecus

2244 2652 2339 2707 per
2370 2637 2607 2691 membra
2642 2639 2884 2708 corporis
2910 2638 3165 2710 opcrandi
3211 2639 3519 2693 neceSsitas.
3549 2638 3605 2692 In
3647 2652 3838 2692 amore

2241 2736 2422 2784 autem
2464 2728 2757 2783 carnalium
2810 2730 3291 2802 temporaliumque
3338 2745 3557 2793 rerum,
3603 2728 3745 2782 sicut
3782 2729 3834 2782 in

2243 2820 2373 2889 ipsis
2398 2820 2707 2874 animalium
2754 2821 2947 2875 fetibus
2969 2862 2982 2885 ,
3034 2822 3169 2875 alius
3204 2830 3287 2877 est
3320 2830 3607 2893 conceptus
3637 2819 3790 2874 verbi
3812 2858 3834 2885 .

2251 2914 2387 2966 alius
2416 2924 2619 2983 partus.
2650 2913 2765 2969 Illic
2811 2916 2951 2967 enim
2994 2915 3137 2985 quod
3181 2914 3445 2985 cupiendo
3489 2914 3832 2982 concipitur,

2243 3007 2587 3076 adipiscendo
2614 3010 2872 3061 nascitur.
2919 3009 3050 3074 Quo:
3078 3009 3179 3061 iam
3209 3024 3314 3062 non
3354 3008 3549 3062 sufficit
3591 3007 3836 3060 avaritia:

2246 3114 2402 3152 nosse
2422 3108 2475 3153 et
2500 3115 2678 3154 amare
2703 3115 2910 3160 aurum.
2944 3100 3041 3153 nisi
3064 3110 3117 3153 et
3143 3101 3363 3163 habeat;
3390 3115 3562 3168 neque
3593 3114 3757 3152 nosse
3780 3108 3838 3153 et

2244 3205 2425 3245 amare
2454 3190 2618 3254 vesci,
2651 3201 2742 3245 aut
2786 3192 3181 3257 concumbere,
3230 3190 3330 3244 nisi
3377 3191 3536 3245 etiam
3579 3190 3630 3244 id
3676 3198 3834 3259 agat;

2246 3300 2416 3352 neque
2446 3299 2605 3337 nosse
2635 3294 2690 3339 et
2718 3301 2899 3338 amare
2938 3285 3170 3339 honores
3198 3294 3248 3338 et
3293 3286 3544 3353 imperia,
3576 3285 3676 3337 nisi
3708 3301 3838 3353 pro-

2243 3375 2478 3428 veniant.
2524 3373 2653 3444 Qua:
2698 3386 2873 3430 tamen
2918 3377 3135 3440 omnia,
3180 3391 3277 3430 nec
3315 3376 3506 3445 adepta
3539 3376 3835 3430 sufﬁciunt.

2249 3466 2349 3533 Qui
2378 3470 2508 3519 enim
2541 3466 2716 3520 biberit
2746 3484 2807 3519 rx
2848 3468 2943 3518 hac
2968 3507 2984 3534 ,
3030 3467 3232 3536 inquit,
3275 3484 3409 3538 aqua
3434 3509 3448 3531 ,
3491 3469 3625 3522 sitiet
3655 3470 3839 3522 iterum

2246 3554 2426 3627 (Joan.
2458 3572 2509 3610 tv
2529 3598 2544 3625 ,
2576 3558 2689 3628 15).
2736 3555 2965 3627 Ideoque
2993 3566 3046 3610 et
3075 3558 3124 3609 iu
3156 3556 3369 3613 Psahno
3398 3575 3410 3609 :
3445 3556 3721 3624 Concepit,
3758 3574 3840 3612 tn-

2245 3651 2397 3719 quit,
2425 3650 2652 3703 dolorem
2673 3691 2688 3715 ,
2722 3658 2768 3702 et
2798 3650 2991 3719 peperit
3027 3650 3342 3717 iniquitatem
3371 3649 3549 3720 (Psal.
3581 3666 3676 3712 vtt,
3719 3650 3835 3720 151.

2246 3741 2491 3797 Dolorem
2520 3743 2599 3796 vel
2628 3742 2861 3797 laborem
2884 3740 3013 3795 dicit
3039 3740 3269 3810 concipi,
3295 3757 3414 3796 cum
3440 3758 3501 3797 ea
3528 3744 3841 3811 concipiun-

2246 3845 2333 3890 tur
2373 3851 2489 3903 qute
2530 3848 2687 3887 nosse
2731 3848 2793 3887 ac
2836 3833 2971 3888 velle
3016 3847 3119 3886 non
3164 3833 3398 3898 sufficit,
3445 3842 3495 3887 et
3547 3833 3843 3888 inardescit

2250 3934 2410 3995 atque
2437 3932 2660 3997 a'grotat
2690 3924 2899 3978 animus
2927 3923 3213 3994 indigentia
3240 3964 3255 3990 ,
3298 3923 3469 3977 donec
3498 3923 3563 3976 ad
3604 3940 3667 3978 ea
3711 3940 3841 3994 per-

2244 4018 2439 4078 veniat,
2475 4026 2529 4071 et
2553 4017 2701 4086 quasi
2745 4016 2913 4087 pariat
2953 4032 3037 4071 ea.
3074 4016 3223 4071 Unde
3264 4018 3535 4087 eleganter
3577 4018 3629 4070 in
3673 4018 3840 4073 latina

2245 4108 2421 4178 lingua
2453 4120 2597 4177 parta
2624 4109 2874 4165 dicuntur
2899 4118 2951 4163 et
2980 4119 3187 4179 reperta
3210 4119 3368 4179 atque
3395 4120 3690 4178 comperta,
3718 4127 3842 4180 qua:

2244 4200 2403 4255 verba
2431 4201 2579 4271 quasi
2608 4216 2636 4253 a
2665 4211 2814 4270 partu
2840 4201 2996 4255 ducta
3023 4210 3293 4257 reSonaut.
3322 4201 3453 4268 Quia
3475 4190 3845 4271 concupiscam?

2244 4291 2313 4344 tia
2338 4308 2453 4345 cum
2479 4293 2780 4362 conceperit,
2807 4293 2939 4360 parit
2960 4303 3221 4363 peccatum
3250 4292 3451 4362 (Jacobi
3478 4309 3513 4355 ι,
3545 4293 3650 4363 15).
3680 4292 3844 4349 Unde

2244 4385 2499 4440 Dominus
2527 4387 2739 4450 clamat,
2781 4383 2955 4437 Venite
2979 4386 3047 4438 at!
3075 4402 3171 4451 me,
3206 4402 3376 4437 omnes
3406 4386 3492 4455 qui
3521 4384 3761 4437 laboratis
3790 4396 3845 4441 et

2244 4479 2436 4533 onerati
2466 4478 2583 4531 estis
2616 4475 2829 4547 (.lIatt/t.
2862 4493 2910 4530 χι
2936 4519 2951 4542 ,
2981 4476 3076 4548 28)
3108 4495 3121 4530 ;
3154 4487 3205 4531 et
3236 4478 3340 4529 alio
3373 4477 3489 4530 loco
3510 4517 3525 4535 ,
3576 4474 3671 4529 Va:
3704 4494 3842 4544 pra:-

2239 4569 2512 4642 gnautibus
2557 4578 2601 4621 et
2652 4569 3037 4621 mammantibns
3079 4572 3130 4620 in
3176 4566 3277 4621 illis
3308 4566 3480 4621 diebus
3512 4565 3625 4636 (Id.
3667 4583 3794 4621 XXIV
3822 4610 3840 4635 ,

2244 4662 2353 4729 19).
2384 4662 2513 4714 Cum
2547 4661 2721 4731 itaque
2761 4660 2825 4714 ad
2873 4669 3081 4729 partum
3112 4660 3257 4713 verbi
3288 4660 3510 4713 referret
3540 4660 3722 4713 omnia
3754 4660 3844 4715 vel

2242 4762 2387 4807 recte
2416 4752 2547 4804 facta
2571 4751 2651 4803 vel
2678 4760 2912 4819 peccata,
2944 4748 3026 4803 Ex
3056 4767 3161 4815 ore,
3195 4750 3382 4819 inquit,
3414 4762 3498 4802 tuo
3515 4751 3844 4823 justiﬁmbeo

2242 4847 2332 4907 ris,
2363 4854 2407 4898 et
2435 4861 2497 4898 ea:
2526 4860 2609 4897 ore
2634 4853 2717 4895 tuo
2746 4843 3158 4896 condemnaberis
3188 4842 3298 4913 (Id.
3342 4860 3409 4899 xu
3430 4885 3444 4909 ,
3478 4844 3569 4909 57)
3605 4861 3617 4897 :
3655 4858 3716 4895 os
3745 4858 3847 4895 vo.

2246 4937 2359 4990 lens
2389 4934 2632 5005 intelligi,
2663 4950 2768 4989 non
2800 4933 2899 4989 huc
2931 4934 3161 5001 visibile,
3195 4934 3289 4990 sed
3312 4935 3539 4991 interius
3571 4935 3847 4990 iuvisibiTe

2245 5028 2582 5097 cogitationis
2614 5035 2665 5079 et
2690 5025 2888 5079 cordis.

2312 5118 2538 5178 CAPUT
2578 5117 2648 5176 Χ.
2673 5147 2743 5156 -
2772 5117 2857 5171 15.
2890 5119 2965 5169 An
2994 5117 3102 5169 sola
3129 5118 3303 5171 notitia
3333 5127 3503 5171 amata
3540 5118 3605 5170 sit
3635 5117 3849 5172 verbum

2244 5213 2440 5268 mentis.
2472 5212 2633 5265 lleete
2649 5209 3069 5283 ergoqua'ritur,
3099 5219 3271 5268 utrum
3300 5210 3472 5262 intutis
3500 5210 3686 5264 notitia
3715 5225 3850 5263 vcr-

2243 5306 2367 5361 bum
2398 5347 2410 5367 ,
2444 5320 2507 5356 an
2541 5314 2737 5356 tantum
2770 5312 2941 5355 amata
2987 5303 3188 5359 notitia.
3222 5302 3473 5355 Novimus
3503 5304 3645 5356 enim
3688 5313 3743 5356 et
3779 5320 3851 5358 ea

2244 5414 2361 5471 qua:
2388 5396 2597 5450 odimus
2631 5411 2643 5446 :
2672 5391 2765 5445 sed
2798 5406 2894 5445 nec
2933 5402 3186 5463 concepta
3213 5435 3226 5459 ,
3270 5408 3368 5446 nec
3414 5402 3562 5461 parta
3610 5394 3851 5447 dicendi

2244 5499 2367 5545 sunt
2395 5489 2593 5549 animo,
2626 5502 2741 5558 qme
2774 5483 2924 5541 nobis
2966 5484 3265 5553 displicent.
3308 5484 3423 5538 Non
3465 5487 3606 5539 enim
3653 5490 3850 5541 omnia

2245 5601 2363 5669 qua:
2392 5596 2603 5652 quoquo
2633 5578 2790 5632 modo
2820 5588 3074 5646 tangunt,
3108 5578 3479 5648 concipiuntur
3513 5597 3525 5633 :
3559 5580 3649 5633 sed
3676 5579 3797 5637 alia
3827 5581 3852 5615 ‘

2312 5727 2329 5758 ι
2362 5730 2493 5778 ιον,
2518 5729 2609 5771 non
2632 5714 2757 5779 quod
2782 5727 2873 5764 non
2894 5714 2974 5767 sit.

2314 5789 2336 5821 ι
2364 5794 2413 5835 ιιι
2448 5775 2589 5832 editis
2622 5775 2749 5827 male
2771 5780 3000 5827 omissum
3024 5785 3147 5843 erat,
3175 5778 3259 5830 sed
3282 5778 3398 5833 alio.
