4104 6496
282 452 390 518 969

281 581 343 629 ut
368 576 576 627 tantum
604 574 731 627 nota
752 567 881 636 sint,
907 581 1016 626 non
1040 572 1219 627 tamen
1241 564 1407 625 verba
1426 566 1703 635 dicantur;
1731 569 1871 624 sicut

283 667 383 722 ista
422 665 491 721 de
533 664 728 736 quibus
765 678 908 720 nunc
948 663 1177 736 agimus.
1228 664 1397 719 Aliter
1435 664 1576 720 enim
1620 663 1868 719 dicuntur

282 756 443 813 verba
472 772 591 827 quae
622 757 792 828 spatia
816 765 1116 828 temporum
1139 756 1356 828 syllabis
1379 763 1588 824 tenent,
1611 755 1724 811 sive
1745 769 1871 827 pro-

284 850 615 915 nuntientur,
649 848 767 905 sive
794 848 1126 920 cogitentur;
1152 849 1305 904 aliter
1332 864 1492 905 omne
1519 848 1662 921 quod
1687 857 1871 903 notum

284 952 400 1007 est,
430 940 652 997 verbum
676 939 873 997 dicitur
909 940 1089 997 animo
1124 941 1442 1012 impressum
1466 981 1482 1008 ,
1522 939 1775 1012 quamdiu
1805 939 1873 996 de

284 1034 543 1093 memoria
571 1033 797 1105 proferri
826 1044 880 1090 et
905 1033 1114 1089 deﬁniri
1134 1042 1334 1106 potest,
1368 1033 1614 1105 quamvis
1638 1048 1727 1089 res
1755 1033 1871 1103 ipsa

287 1128 600 1199 displiceat;
634 1127 789 1182 aliter
814 1141 936 1182 cum
964 1127 1139 1197 placet
1165 1125 1310 1198 quod
1342 1136 1523 1183 mente
1552 1125 1870 1197 concipitur.

283 1218 589 1276 Secundum
632 1219 776 1290 quod
816 1235 985 1291 genus
1030 1219 1181 1276 verbi
1220 1219 1589 1291 accipiendum
1619 1218 1873 1291 estquod

283 1314 358 1369 ait
382 1312 695 1385 Apostolus,
725 1311 891 1368 Nemo
915 1312 1056 1379 dicit,
1079 1311 1331 1368 Dominus
1350 1312 1523 1378 Iesus,
1548 1313 1647 1367 nisi
1669 1312 1723 1367 in
1751 1311 1876 1384 Spi-

284 1408 385 1462 ritu
432 1414 608 1461 sancto
661 1404 706 1477 (ι
750 1404 869 1461 Cor.
916 1421 1015 1471 xu,
1062 1406 1117 1477 3)
1153 1422 1167 1460 :
1209 1420 1333 1461 cum
1378 1403 1668 1461 secundum
1714 1403 1873 1459 aliam

282 1496 434 1554 verbi
463 1497 736 1553 notionem
766 1496 947 1553 dicant
973 1496 1076 1551 hoc
1103 1504 1159 1552 et
1187 1496 1286 1563 illi,
1317 1496 1387 1553 de
1412 1497 1605 1568 quibus
1631 1495 1746 1567 ipse
1770 1495 1875 1552 Do-

285 1591 465 1648 minus
491 1589 587 1658 ait,
627 1587 751 1644 Non
790 1588 954 1644 omnis
984 1588 1070 1660 qui
1112 1588 1235 1642 dicit
1262 1589 1423 1655 mihi,
1465 1588 1721 1655 Domine,
1760 1584 1874 1643 Do-

285 1682 439 1751 mine,
468 1682 674 1737 intrabit
694 1683 749 1737 in
771 1698 983 1752 regnum
1005 1682 1244 1738 caelorum
1277 1682 1488 1754 (Matth.
1517 1698 1612 1751 vu,
1629 1682 1744 1756 2|).
1764 1682 1876 1740 Ve-

285 1784 588 1832 rumtamen
613 1789 736 1831 cum
765 1782 821 1829 et
855 1773 944 1829 illa
972 1788 1093 1844 qute
1118 1774 1351 1842 odimus,
1380 1783 1528 1830 recte
1553 1773 1871 1845 displicent,

286 1873 542 1937 recteque
564 1864 953 1936 improbantur,
977 1864 1302 1936 approbatur
1320 1880 1507 1921 eorum
1532 1864 1872 1936 improbatio,

286 1966 340 2012 et
363 1957 539 2028 placet
558 1998 574 2023 ,
609 1965 666 2012 et
688 1957 912 2014 verbum
941 1964 1041 2013 est.
1072 1956 1255 2028 Neque
1278 1956 1529 2013 vitiorum
1558 1957 1748 2014 notitia
1773 1973 1873 2013 no—

287 2050 371 2107 bis
396 2050 679 2121 displicet,
709 2049 808 2107 sed
843 2051 958 2123 ipsa
1000 2052 1149 2108 vitia.
1176 2050 1309 2107 Nam
1354 2052 1526 2123 placet
1563 2053 1694 2109 mihi
1732 2052 1875 2125 quod

286 2145 410 2200 novi
457 2152 513 2199 et
552 2142 750 2199 deﬁnio
772 2130 911 2215 quid
956 2144 1026 2200 sit
1072 2144 1511 2216 intemperantia;
1561 2146 1753 2202 ethoc
1790 2155 1876 2203 est

287 2234 509 2291 verbum
538 2234 673 2305 ejus.
715 2234 883 2291 Sicuti
924 2244 1048 2292 sunt
1078 2236 1130 2291 in
1157 2246 1272 2294 arte
1295 2246 1426 2293 nota
1454 2238 1579 2294 vitia
1598 2280 1615 2305 ,
1646 2246 1701 2295 et
1729 2248 1875 2296 recte

287 2328 611 2400 approbatur
631 2343 819 2385 eorum
841 2329 1048 2396 notitia,
1070 2337 1189 2385 cum
1209 2330 1465 2387 discernit
1484 2333 1729 2404 cognitor
1753 2348 1876 2404 spe-

287 2421 421 2476 ciem
450 2421 910 2492 privationemque
932 2421 1145 2478 virtutis
1163 2464 1179 2491 ,
1211 2423 1350 2479 sicut
1373 2424 1518 2481 aierc
1542 2433 1597 2481 et
1634 2440 1832 2497 negare
1854 2467 1870 2493 ,

288 2527 405 2569 esse
433 2521 489 2569 et
530 2528 638 2570 non
680 2528 803 2572 esse
834 2532 848 2570 :
878 2521 1113 2571 attamen
1148 2514 1344 2571 virtute
1387 2516 1582 2587 privari
1621 2526 1780 2588 atque
1808 2518 1872 2585 in

284 2607 472 2662 vitium
500 2606 751 2677 deﬁcere,
781 2606 1085 2665 damnabile
1110 2616 1212 2664 est.
1242 2608 1308 2664 Et
1346 2608 1571 2666 deﬁnire
1609 2612 1875 2680 intempea

285 2698 513 2754 rantiam
536 2740 552 2768 ,
579 2700 911 2771 verbumque
946 2700 1064 2771 ejus
1087 2698 1269 2779 dicere
1286 2743 1302 2769 ,
1350 2703 1581 2772 pertinet
1604 2703 1671 2759 ad
1700 2712 1872 2760 artem

284 2803 495 2844 morum
524 2808 538 2845 :
567 2804 687 2847 esse
712 2800 892 2847 autem
930 2792 1376 2863 intemperantem
1398 2835 1414 2861 ,
1452 2792 1520 2849 ad
1551 2794 1601 2849 id
1642 2794 1874 2864 pertinet

283 2882 425 2954 quod
452 2883 543 2939 illa
569 2891 688 2942 arte
714 2886 976 2957 culpatur.
1020 2886 1169 2943 Sicut
1198 2902 1360 2944 nosse
1394 2900 1458 2943 ac
1494 2886 1717 2944 definire
1746 2889 1873 2960 quid

282 2973 353 3031 sit
379 2974 746 3046 solmcismus,
775 2976 1009 3049 pertinet
1045 2978 1115 3034 ad
1157 2989 1329 3036 artem
1369 2979 1621 3051 loquendi
1656 2999 1669 3037 :
1698 2980 1874 3039 facere

282 3075 493 3137 autem,
532 3069 720 3125 vitium
762 3079 846 3126 est
887 3071 1031 3143 quod
1072 3071 1259 3130 eadem
1297 3082 1413 3130 arte
1440 3074 1870 3146 reprelienditur.

285 3157 519 3217 Verbum
543 3170 626 3219 est
649 3162 829 3235 igitur,
853 3164 996 3235 quod
1016 3181 1159 3222 nunc
1179 3165 1487 3224 discernere
1511 3183 1575 3224 ac
1596 3168 1873 3228 insinuare

286 3252 567 3320 volumus,
613 3269 735 3310 cum
772 3271 956 3313 amore
993 3257 1202 3313 notitia.
1230 3258 1366 3315 Cum
1405 3261 1603 3331 itaque.
1626 3275 1686 3316 se
1719 3275 1873 3317 mens

282 3345 431 3401 novit
470 3354 526 3401 et
553 3355 734 3414 amat,
762 3348 1002 3419 jungitur
1039 3352 1089 3407 ei
1132 3365 1315 3408 amore
1358 3352 1582 3409 verbum
1621 3353 1758 3425 ejus.
1803 3354 1874 3412 Et

282 3438 534 3510 quoniam
560 3449 704 3497 amat
731 3442 975 3499 notitiam
1006 3452 1061 3501 et
1086 3446 1234 3501 novit
1263 3461 1503 3504 amorem
1524 3489 1539 3514 ,
1567 3456 1623 3505 et
1645 3448 1870 3506 verbum

281 3528 340 3586 in
384 3546 568 3589 amore
611 3541 711 3600 est,
765 3543 820 3591 et
864 3550 1017 3593 amor
1058 3537 1111 3593 in
1160 3538 1345 3609 verbo,
1391 3548 1447 3596 ει
1486 3549 1772 3613 utrumque
1815 3541 1872 3600 in

284 3633 499 3681 amante
527 3634 687 3696 atque
715 3627 947 3685 dicente.

353 3738 583 3797 CAPUT
620 3740 711 3797 XI.
739 3742 923 3799 --16.
952 3743 1141 3801 Mentis
1176 3761 1231 3801 se
1263 3745 1430 3818 ipsam
1456 3748 1705 3805 noscentis
1743 3749 1874 3805 ima-

283 3830 451 3904 ginem
477 3848 567 3887 seu
588 3832 791 3889 verbum
819 3836 1041 3909 genitum
1065 3836 1165 3908 ipsi
1192 3839 1385 3909 (equale
1408 3856 1533 3895 esse.
1564 3840 1670 3897 Sed
1699 3842 1873 3898 omnis

284 3925 581 3981 secundum
628 3927 861 3998 speciem
889 3930 1108 3998 notitia,
1142 3931 1330 3989 similis
1375 3941 1459 3989 est
1512 3933 1562 3990 ei
1589 3935 1667 3991 rei
1710 3951 1871 4007 quam

285 4018 452 4073 novit.
482 4018 577 4075 Est
603 4020 745 4077 enim
787 4023 887 4078 alia
918 4024 1104 4080 notitia
1142 4026 1433 4082 secundum
1476 4027 1824 4098 privationem
1854 4074 1869 4099 ,

285 4124 448 4181 quam
473 4126 593 4166 cum
622 4112 1005 4183 improbamus,
1025 4115 1304 4187 loquimur.
1331 4116 1399 4173 Et
1424 4117 1537 4175 baac
1564 4121 1873 4191 privationis

286 4200 607 4273 improbatio
635 4207 867 4276 speciem
902 4208 1107 4278 laudat,
1138 4209 1364 4281 ideoque
1391 4213 1735 4282 approbatur.
1762 4215 1872 4272 Ha-

288 4291 377 4350 bet
393 4309 523 4366 ergo
540 4298 745 4353 animus
758 4299 1063 4355 nonnullam
1082 4301 1277 4371 speciei
1293 4312 1433 4358 nota:
1448 4304 1870 4377 similitudinem,

287 4386 399 4443 sive
435 4404 555 4444 cum
584 4404 647 4446 ea
673 4391 877 4463 placet,
906 4392 1017 4448 sive
1046 4408 1167 4448 cum
1197 4393 1313 4464 ejus
1356 4396 1580 4465 privatio
1606 4397 1870 4470 displicet.

288 4477 546 4545 Quocirca
574 4482 626 4536 in
654 4490 908 4553 quantum
938 4484 1101 4540 Deum
1130 4486 1392 4551 novimus,
1419 4487 1620 4546 similes
1645 4504 1830 4546 sumus
1856 4507 1871 4546 :

289 4569 381 4625 sed
409 4587 514 4628 non
546 4572 614 4627 ad
642 4574 1000 4644 mqualitatem
1023 4575 1243 4644 similes,
1267 4578 1389 4648 quia
1413 4594 1510 4635 nec
1527 4588 1728 4636 tantum
1751 4597 1874 4637 eum

290 4663 567 4731 novimus,
598 4675 851 4736 quantum
892 4666 1005 4737 ipse
1043 4682 1121 4723 se.
1155 4667 1224 4723 Et
1267 4670 1714 4739 quemadmodum
1754 4687 1875 4729 cum

290 4769 386 4826 per
413 4772 629 4813 sensum
657 4761 900 4831 corporis
926 4760 1153 4817 dicimus
1183 4777 1406 4834 corpora
1428 4803 1445 4832 ,
1476 4763 1533 4819 ﬁt
1562 4779 1747 4821 eorum
1778 4766 1876 4821 ali-

290 4864 391 4920 qua
435 4850 727 4907 similitudo
756 4853 809 4908 in
852 4854 1031 4910 animo
1057 4864 1269 4923 nostro,
1302 4872 1421 4927 qua:
1450 4856 1727 4928 phantasia
1756 4875 1873 4915 me-

290 4941 473 4996 moriae
517 4951 599 4999 est
630 4962 645 4999 :
675 4960 779 4999 non
830 4945 972 5000 enim
1018 4949 1234 5004 omnino
1262 4948 1376 5018 ipsa
1402 4964 1624 5021 corpora
1662 4949 1716 5006 in
1755 4950 1875 5006 ani-

289 5048 377 5087 mo
400 5046 548 5100 sunt,
570 5049 691 5090 cum
712 5050 775 5092 ea
795 5037 1107 5108 cogitamus;
1124 5039 1220 5096 sed
1245 5054 1433 5097 eorum
1459 5041 1834 5099 similitudines
1858 5059 1873 5098 :

290 5127 468 5199 itaque
486 5145 618 5205 cum
644 5144 735 5186 eas
764 5146 865 5203 pro
891 5130 999 5187 illis
1026 5133 1403 5203 approbamus,
1433 5149 1694 5201 erramus;
1726 5150 1878 5193 error

289 5235 520 5290 namque
560 5230 643 5277 est
683 5238 781 5293 pro
806 5222 915 5278 alio
941 5223 1160 5280 alterius
1188 5227 1500 5296 approbatio
1533 5244 1546 5282 :
1578 5228 1766 5284 melior
1794 5236 1879 5285 est

289 5320 465 5368 tamen
500 5314 805 5387 imaginatio
841 5317 1082 5388 corporis
1112 5317 1164 5373 in
1195 5318 1374 5374 animo
1394 5360 1407 5383 ,
1438 5334 1595 5390 quam
1638 5320 1725 5375 illa
1752 5334 1877 5390 spe-

287 5406 399 5461 cies
427 5409 689 5478 corporis,
718 5410 771 5465 in
799 5419 1051 5482 quantum
1083 5412 1198 5467 haec
1224 5412 1275 5467 in
1300 5411 1520 5469 meliore
1546 5421 1731 5468 natura
1756 5424 1875 5483 est,

288 5497 340 5554 id
368 5510 467 5567 est,
496 5502 548 5556 in
579 5502 876 5560 substantia
904 5504 1071 5571 vitali,
1103 5505 1257 5561 sicuti
1287 5504 1495 5560 animus
1517 5516 1600 5562 est
1624 5524 1637 5561 :
1662 5506 1731 5562 ita
1757 5521 1879 5564 cum

290 5589 458 5648 Deum
492 5594 739 5651 novimus
760 5636 778 5663 ,
809 5597 1051 5667 quamvis
1096 5596 1343 5654 meliores
1381 5596 1679 5653 efﬁciamur
1718 5614 1879 5670 quam

288 5697 507 5740 eramus
531 5695 815 5759 antequam
842 5703 1125 5745 nossemus
1143 5730 1157 5757 ,
1182 5692 1518 5761 maximeque
1545 5705 1667 5747 cum
1691 5691 1880 5748 eadem

289 5777 482 5834 notitia
513 5782 671 5837 etiam
701 5781 893 5852 placita
913 5782 1174 5854 digneque
1193 5792 1369 5840 amata
1398 5783 1619 5840 verbum
1646 5792 1761 5852 est,
1791 5784 1881 5840 ﬁt-

286 5882 394 5938 que
422 5870 597 5942 aliqua
634 5872 729 5929 Dei
757 5873 1047 5929 similitudo
1074 5874 1163 5928 illa
1191 5875 1379 5931 notitia
1411 5894 1425 5931 :
1456 5884 1634 5932 tamen
1663 5875 1882 5933 inferior
1982 5873 1990 5882 ’

282 5968 407 6032 est,
439 5963 561 6034 quia
606 5964 660 6019 in
707 5965 959 6022 inferiore
996 5973 1182 6022 natura
1228 5977 1349 6038 est;
1397 5976 1638 6027 creatura
1683 5968 1883 6043 quippe

534 6056 763 6121 Sacr.
808 6060 1089 6124 Auens'r.
1133 6058 1299 6124 VIII.

1701 444 1909 511 LIBER
1945 448 2187 513 NONUS.

3464 451 3572 520 970

1978 568 2217 636 animus,
2238 567 2463 627 Creator
2487 578 2663 628 autem
2682 561 2854 629 iniens.
2883 568 2965 629 Ex
2993 585 3100 646 quo
3125 572 3413 646 colligitur,
3442 580 3571 648 quia

1974 674 2099 716 cum
2148 674 2207 717 se
2261 676 2414 717 mens
2460 662 2574 733 ipsa
2628 664 2775 719 novit
2817 672 2976 735 atque
3022 664 3318 736 approbat,
3365 667 3444 722 sic
3485 675 3572 724 est

1963 740 2164 809 eadem
2208 755 2392 810 notitia
2439 757 2662 813 verbum
2703 758 2852 829 ejus,
2879 770 2936 813 ut
2961 759 3010 815 ei
3035 758 3105 814 sit
3130 775 3227 830 par
3254 761 3475 816 omnino
3519 769 3575 816 et

1978 846 2205 916 aequale,
2226 856 2383 918 atque
2409 848 2697 906 identidem
2718 868 2731 904 :
2750 851 2873 921 quia
2898 866 3072 921 neque
3095 851 3361 908 inferioris
3381 867 3570 909 essen-

1980 938 2069 993 tiaa
2098 938 2284 994 notitia
2306 949 2408 1006 est,
2438 940 2580 996 sicut
2603 942 2874 1012 corporis;
2902 958 3076 1014 neque
3095 943 3410 1015 superioris,
3432 944 3574 1001 sicut

1981 1028 2095 1085 Dei.
2142 1029 2212 1084 Et
2252 1045 2374 1086 cum
2412 1031 2604 1087 haheat
2650 1032 2837 1088 notitia
2892 1033 3293 1090 similitudinem
3340 1035 3409 1091 ad
3452 1050 3573 1093 eam

1978 1136 2093 1178 rem
2122 1136 2280 1193 quam
2316 1124 2498 1193 novit,
2526 1123 2631 1180 hoc
2656 1130 2766 1190 est,
2796 1124 2946 1195 cujus
2971 1126 3156 1181 notitia
3182 1134 3301 1191 est;
3331 1126 3448 1182 haec
3470 1126 3573 1182 ha-

1980 1212 2074 1270 bet
2122 1215 2411 1286 perfectam
2467 1226 2523 1274 et
2567 1218 2825 1289 aequalem
2854 1258 2871 1287 ,
2898 1234 3001 1290 qua
3046 1233 3199 1275 mens
3238 1219 3353 1291 ipsa
3380 1221 3421 1287 ί,
3450 1235 3572 1291 qua

1980 1306 2160 1373 novit,
2189 1316 2273 1363 est
2318 1318 2465 1365 nota.
2512 1307 2743 1381 Ideoque
2782 1317 2838 1366 et
2884 1310 3059 1383 imago
3096 1320 3153 1367 et
3194 1311 3415 1368 verbum
3441 1322 3525 1368 est
3552 1353 3572 1381 ,

1978 1398 2105 1470 quis
2153 1398 2221 1455 de
2268 1399 2357 1456 illa
2402 1401 2717 1473 exprimitur
2744 1444 2761 1471 ,
2805 1417 2929 1460 cum
2975 1404 3346 1476 cognoscendo
3393 1403 3574 1460 eidem

1978 1495 2285 1562 coaequatur
2314 1531 2330 1560 ,
2363 1500 2417 1548 ct
2469 1500 2553 1549 est
2602 1493 2842 1566 gignenti
2894 1495 3096 1567 aequale
3144 1495 3286 1567 quod
3336 1498 3574 1569 genitum

1977 1594 2080 1641 est.

2049 1674 2275 1733 CAPUT
2292 1676 2409 1733 XII.
2426 1707 2498 1720 —
2512 1679 2600 1735 17.
2618 1678 2723 1735 Cur
2738 1679 2869 1735 sicut
2892 1681 3071 1738 notitia
3091 1681 3269 1737 mentis
3287 1692 3359 1738 est
3380 1684 3572 1755 proles,

1977 1787 2081 1825 non
2110 1772 2260 1826 etiam
2284 1788 2429 1827 amor
2462 1781 2638 1845 partus
2674 1772 2900 1845 ejusdem
2927 1776 3011 1829 sit.
3037 1775 3237 1831 Salutio
3262 1779 3571 1845 quaestionis.

1981 1860 2239 1918 Trinitatis
2266 1864 2456 1936 imago,
2480 1880 2619 1919 mens
2648 1880 2765 1919 cum
2790 1880 2886 1919 sua
2910 1866 3071 1937 ipsius
3096 1867 3272 1922 notitia
3302 1878 3349 1923 et
3376 1886 3571 1928 amore.

1977 1954 2115 2023 Quid
2153 1972 2281 2028 ergo
2317 1958 2501 2013 amor?
2524 1972 2630 2014 non
2659 1957 2762 2013 erit
2786 1958 3003 2030 imago?
3030 1974 3137 2016 non
3165 1960 3387 2016 verbum
3412 1963 3435 2016 ἱ)
3462 1977 3574 2018 non

1978 2048 2230 2120 genitus?
2258 2048 2368 2104 Cur
2406 2048 2550 2105 enim
2578 2063 2730 2105 mens
2758 2050 3001 2106 notitiam
3031 2065 3180 2107 suam
3211 2054 3417 2125 gignit,
3447 2069 3573 2110 cum

1979 2154 2039 2195 se
2064 2140 2243 2205 novit;
2273 2149 2327 2196 et
2356 2152 2594 2198 amorem
2622 2156 2776 2197 suum
2800 2156 2906 2197 non
2934 2142 3121 2213 gignit,
3151 2158 3274 2199 cum
3304 2158 3362 2200 se
3389 2146 3573 2202 amat?

1977 2228 2111 2285 Nam
2137 2230 2184 2286 si
2208 2238 2488 2302 propterea
2509 2243 2590 2287 est
2615 2231 2849 2289 notionis
2878 2247 2989 2288 suae
3015 2248 3175 2289 causa
3201 2278 3215 2301 ,
3243 2236 3366 2306 quia
3396 2238 3571 2293 noscis

1976 2321 2098 2380 bilis
2122 2334 2204 2379 est
2225 2339 2241 2390 ;
2266 2323 2463 2380 amoris
2486 2323 2647 2380 etiam
2673 2324 2753 2380 sui
2776 2338 2937 2380 causa
2963 2334 3075 2393 est,
3110 2325 3232 2397 quia
3259 2336 3339 2381 est
3365 2328 3573 2384 amabi-

1977 2416 2063 2473 lis.
2089 2415 2195 2473 Cur
2237 2428 2521 2488 utrumque
2568 2418 2746 2489 itaque
2784 2432 2891 2473 non
2938 2419 3216 2490 genuerit,
3244 2417 3460 2475 difﬁcile
3486 2427 3574 2476 est

1976 2508 2177 2564 dicere.
2206 2509 2331 2564 Haec
2360 2509 2504 2564 enim
2530 2510 2755 2578 quaestio
2780 2510 2938 2565 etiam
2978 2510 3045 2565 de
3071 2510 3183 2580 ipsa
3214 2525 3420 2567 summa
3446 2511 3572 2567 Trio

1976 2601 2162 2667 nitate,
2186 2600 2708 2672 omnipotentissimo
2731 2611 2972 2658 creatore
2997 2602 3129 2670 Deo,
3160 2603 3226 2658 ad
3253 2604 3405 2674 cujus
3433 2604 3571 2661 ima-

1975 2695 2152 2766 ginem
2181 2694 2341 2749 homo
2369 2692 2538 2749 factus
2559 2702 2674 2761 est,
2706 2694 2844 2750 solet
2873 2710 3091 2750 movere
3122 2696 3367 2752 homines
3390 2738 3404 2761 ,
3434 2711 3572 2768 quos

1976 2789 2172 2844 veritas
2192 2787 2285 2843 Dei
2304 2802 2399 2858 per
2419 2787 2704 2842 humanam
2730 2780 3049 2843 locutionem
3078 2787 3271 2843 invitat
3295 2789 3361 2844 ad
3384 2788 3569 2858 ﬁdem,

1977 2896 2071 2938 cur
2096 2897 2202 2937 non
2231 2882 2460 2953 Spiritus
2488 2897 2703 2954 quoque
2732 2891 2949 2938 sanctus
2976 2898 3005 2937 a
3038 2883 3196 2938 Patre
3224 2885 3333 2939 Deo
3358 2886 3572 2955 genitus

1976 2976 2060 3031 vel
2090 2975 2325 3031 creditur
2346 2975 2429 3032 vel
2466 2976 2777 3047 intelligitur
2799 3018 2814 3042 ,
2846 2986 2904 3031 ut
2930 2976 3067 3031 ﬁlius
3096 2978 3254 3032 etiam
3288 2977 3403 3048 ipse
3426 2979 3574 3035 «lica-

1977 3069 2261 3136 tur?Quod
2283 3084 2422 3125 nunc
2437 3068 2488 3124 in
2505 3079 2685 3124 mente
2706 3068 2930 3124 humana
2950 3078 3234 3140 utcumque
3252 3071 3571 3141 investigare

1976 3178 2265 3230 conamur,
2294 3171 2352 3217 ut
2400 3177 2465 3217 ex
2512 3162 2762 3216 inferiore
2792 3161 3049 3231 imagine.
3086 3160 3136 3214 in
3176 3178 3275 3230 qua
3305 3163 3457 3218 nobis
3484 3163 3570 3218 fa-

1976 3256 2236 3312 miliarius
2257 3262 2443 3310 natura
2466 3255 2579 3325 ipsa
2602 3264 2803 3324 nostra,
2825 3258 2976 3327 quasi
3000 3258 3320 3328 interrogata
3348 3274 3570 3331 respon-

1977 3349 2101 3418 det,
2129 3348 2557 3406 exercitatiorem
2586 3348 2781 3404 mentis
2805 3350 2974 3404 aciem
3006 3350 3073 3403 ab
3102 3350 3392 3404 illuminata
3418 3368 3569 3407 crea-

1977 3450 2097 3499 tura
2136 3442 2203 3499 ad
2248 3443 2425 3498 lumen
2474 3440 2911 3498 incommutabile
2956 3442 3241 3513 dirigamuc
3276 3446 3360 3498 :si
3391 3455 3566 3501 tamen

1978 3538 2176 3593 veritas
2192 3536 2303 3607 ipsa
2319 3536 2813 3608 persuaseritnsicut
2842 3536 2936 3591 Dei
2970 3537 3199 3593 Verbum
3229 3539 3417 3595 Filium
3447 3556 3571 3598 esse

1974 3630 2155 3686 nullus
2177 3629 2500 3685 cbristianus
2525 3628 2729 3685 dubitat
2758 3671 2774 3698 ,
2807 3630 2877 3686 ita
2902 3630 3217 3688 charitatem
3252 3648 3374 3691 esse
3399 3634 3570 3706 Spiri-

1977 3730 2090 3778 tum
2115 3730 2380 3778 sanctum.
2412 3721 2555 3792 Ergo
2585 3721 2652 3777 ad
2682 3722 2965 3793 imaginem
2988 3722 3155 3792 illam,
3178 3740 3298 3796 qum
3320 3736 3568 3783 creatura

1976 3824 2093 3882 est,
2129 3815 2232 3871 hoc
2260 3822 2343 3870 est
2366 3855 2381 3882 ,
2413 3813 2477 3868 ad
2508 3813 2824 3870 rationalem
2862 3824 3097 3871 mentem
3143 3814 3452 3887 diligentius
3495 3817 3567 3874 de

1976 3904 2079 3962 bac
2103 3922 2163 3961 re
2193 3903 2625 3975 interrogandam
2657 3903 3208 3978 consideraudamque
3233 3907 3517 3964 redeamus
3547 3950 3567 3978 ,

1977 3997 2067 4054 ubi
2088 3997 2452 4067 temporaliter
2479 3997 2716 4052 existens
2746 3997 3123 4054 nonnullarum
3147 4015 3326 4056 rerum
3357 4002 3567 4069 notitia,

1977 4106 2097 4162 quae
2125 4098 2281 4146 antea
2310 4104 2415 4146 non
2442 4098 2589 4157 erat,
2615 4097 2669 4145 et
2693 4088 2987 4161 aliquarum
3018 4107 3200 4147 rerum
3226 4107 3377 4149 amor
3400 4137 3414 4162 ,
3448 4111 3571 4165 quas

1978 4191 2132 4238 antea
2163 4198 2266 4237 non
2296 4181 2611 4238 amabantur
2635 4222 2648 4246 ,
2680 4180 2980 4238 distinctius
3021 4182 3176 4239 nobis
3222 4186 3395 4253 aperit
3439 4188 3568 4259 quid

1978 4275 2218 4333 dicamus
2252 4294 2265 4331 :
2292 4275 2416 4346 quia
2445 4282 2499 4329 et
2524 4273 2624 4344 ipsi
2653 4272 2909 4329 locutioni
2941 4275 3308 4346 temporaliter
3333 4277 3569 4349 dirigen-

1978 4370 2063 4426 dae
2090 4371 2132 4437 ',
2162 4368 2369 4425 facilior
2407 4376 2491 4423 est
2526 4366 2593 4422 ad
2621 4367 2995 4437 explicandum
3034 4384 3121 4425 res
3150 4386 3269 4442 qua:
3298 4372 3350 4426 in
3377 4372 3570 4428 ordine

1980 4472 2278 4533 temporum
2308 4459 2796 4530 comprehenditur.

2052 4554 2143 4610 18.
2174 4552 2356 4609 Primo
2382 4551 2559 4622 itaque
2588 4550 2926 4607 manifestum
2955 4552 3054 4620 sit,
3089 4567 3249 4624 posse
3278 4552 3391 4610 ﬁeri
3420 4562 3479 4610 ut
3500 4556 3574 4612 sit

1979 4644 2180 4716 aliquid
2214 4644 2400 4700 scibile
2422 4683 2438 4709 ,
2471 4642 2523 4697 id
2551 4651 2635 4699 est
2661 4684 2677 4710 ,
2708 4642 2848 4714 quod
2904 4643 3030 4699 sciri
3067 4645 3263 4716 possit,
3296 4655 3351 4702 et
3391 4650 3571 4705 tamen

1980 4737 2248 4795 nesciatur
2270 4752 2283 4789 :
2308 4735 2437 4792 illud
2464 4743 2640 4789 autem
2664 4734 2781 4790 ﬁeri
2802 4749 2908 4791 non
2932 4750 3108 4806 posse,
3132 4745 3190 4792 ut
3211 4736 3408 4792 sciatur
3422 4737 3569 4809 quod

1980 4832 2167 4890 scibile
2196 4846 2303 4886 non
2346 4829 2523 4885 fuerit.
2553 4827 2708 4885 Unde
2750 4829 2949 4901 liquido
2975 4829 3266 4889 tenendum
3307 4838 3389 4886 est
3422 4831 3567 4902 quod

1981 4926 2156 4983 omnis
2184 4939 2271 4980 res
2297 4936 2685 4994 quamcumque
2726 4923 3097 4993 cognoscimus
3121 4962 3136 4988 ,
3164 4932 3488 4993 congenerat
3515 4924 3571 4982 in

1982 5016 2137 5073 nobis
2166 5014 2408 5070 notitiam
2447 5013 2551 5068 sui.
2580 5012 2663 5068 Ab
2690 5022 2917 5084 utroque
2941 5012 3083 5069 enim
3115 5013 3301 5069 notitia
3323 5014 3563 5084 paritur,

1981 5124 2014 5165 a
2039 5116 2391 5179 cognoscente
2416 5114 2468 5162 et
2492 5105 2725 5177 cognito.
2757 5105 2939 5177 Itaque
2978 5119 3132 5161 mens
3154 5120 3273 5162 cum
3311 5123 3370 5163 se
3398 5108 3569 5178 ipsam

1981 5200 2293 5273 cognoscit,
2321 5198 2436 5254 sola
2461 5212 2657 5270 parcns
2685 5208 2766 5254 est
2793 5198 2997 5254 notitiae
3035 5213 3145 5253 sure
3171 5216 3185 5253 :
3216 5207 3270 5254 et
3295 5200 3571 5271 cognitum

1984 5292 2126 5349 enim
2152 5299 2209 5347 et
2231 5289 2472 5362 cognitor
2497 5288 2610 5359 ipsa
2637 5297 2738 5344 est.
2767 5287 2897 5343 Erat
2919 5295 3097 5343 autem
3123 5288 3222 5343 sibi
3253 5290 3367 5360 ipsa
3391 5290 3575 5345 nosci—

1984 5384 2127 5451 bilis,
2154 5392 2211 5440 et
2238 5390 2520 5453 antequam
2542 5394 2600 5437 se
2622 5387 2806 5436 nosset
2834 5396 2847 5433 :
2878 5379 2972 5435 sed
2998 5379 3187 5435 notitia
3212 5380 3294 5436 sui
3322 5396 3427 5436 non
3455 5395 3574 5438 erat

1984 5479 2038 5536 in
2065 5493 2129 5535 ea
2147 5518 2164 5545 ,
2187 5492 2309 5533 cum
2339 5492 2399 5532 se
2423 5476 2537 5545 ipsa
2567 5489 2673 5531 non
2698 5482 2940 5529 noverat.
2962 5471 3114 5541 Quod
3144 5488 3272 5545 ergo
3299 5474 3575 5545 cognoscit

1986 5584 2067 5639 se,
2093 5582 2276 5640 parem
2297 5566 2399 5623 sibi
2428 5564 2672 5621 notitiam
2698 5564 2779 5620 sui
2805 5564 3003 5636 gignit:
3028 5564 3150 5635 quia
3176 5580 3283 5620 non
3311 5566 3487 5621 minus
3511 5579 3576 5621 se

1986 5662 2135 5719 novit
2160 5675 2319 5733 quam
2345 5667 2446 5727 est,
2475 5672 2579 5715 nec
2602 5658 2821 5715 alterius
2843 5656 3093 5715 cssentiac
3112 5668 3194 5715 est
3217 5659 3403 5716 notitia
3429 5658 3572 5730 ejus,

1988 5769 2098 5814 non
2126 5754 2296 5811 solum
2327 5752 2449 5825 quia
2476 5751 2592 5824 ipsa
2618 5752 2795 5823 novit,
2823 5752 2919 5811 sed
2944 5752 3103 5810 etiam
3130 5753 3253 5827 quia
3275 5769 3336 5811 se
3360 5754 3530 5826 ipsam
3552 5792 3575 5823 ,

2053 5913 2072 5946 ί
2104 5918 2235 5976 Lov.,
2262 5909 2376 5974 quia
2395 5909 2668 5976 mensipsa.
2692 5908 2829 5963 Male.

2052 5976 2076 6010 ¹
2108 5973 2332 6043 Plerique
2357 5982 2483 6041 Mss,
2507 5973 2805 6039 digerendce.

2903 6054 3382 6141 (Tranio-une.)
