4076 6450
533 371 635 432 971

537 479 674 542 sicut
702 495 864 556 supra
891 475 1142 538 diximus.
1173 474 1312 546 Quid
1340 491 1468 550 ergo
1508 471 1576 558 de
1616 491 1800 534 amore
1834 478 2122 534 dicendum

539 588 639 642 est,
664 593 760 632 cur
785 590 893 631 non
923 573 1082 632 etiam
1109 587 1229 628 cum
1253 585 1312 627 se
1340 580 1503 638 amat,
1533 573 1704 642 ipsum
1735 587 1943 644 quoque
1971 588 2123 626 amo-

536 688 652 728 rem
682 671 764 726 sui
790 669 1038 742 genuisse
1063 665 1338 722 videatur?
1364 666 1492 722 Erat
1520 667 1662 722 enim
1690 666 1934 722 amabilis
1978 655 2121 734 sibi,

536 777 592 824 et
621 775 905 837 antequam
928 778 988 820 se
1011 771 1232 827 amaret,
1266 761 1388 832 quia
1419 768 1629 832 poterat
1657 775 1714 816 se
1745 775 1960 814 amare:
1988 759 2126 814 sicut

533 867 651 928 erat
677 857 778 914 sibi
807 853 1078 911 noscibilis
1102 894 1117 919 ,
1145 861 1200 909 et
1227 861 1509 923 antequam
1533 866 1592 906 se
1620 859 1802 906 nosset
1826 892 1841 918 ,
1873 850 1994 922 quia
2023 865 2124 920 po-

533 958 672 1007 terat
699 965 760 1006 se
783 962 962 1004 nosse.
990 945 1121 1001 Nam
1152 945 1197 1000 si
1221 959 1326 1000 non
1349 941 1451 999 sibi
1478 952 1619 999 esset
1642 942 1917 998 noscibilis
1943 984 1957 1010 ,
1983 957 2121 996 nun-

531 1059 691 1116 quam
729 1057 787 1097 se
825 1055 986 1096 nosse
1025 1039 1286 1110 potuisset
1317 1055 1329 1091 :
1363 1037 1434 1092 ita
1465 1038 1510 1093 si
1536 1051 1641 1092 non
1681 1035 1780 1090 sibi
1806 1044 1948 1091 esset
1971 1050 2120 1089 ama-

527 1137 676 1206 bilis,
703 1149 972 1206 nunquam
999 1148 1058 1188 se
1084 1146 1265 1186 amare
1291 1130 1573 1200 potuisset.
1599 1127 1709 1184 Cur
1737 1129 1915 1200 itaque
1940 1144 2124 1183 aman-

527 1227 601 1283 do
649 1241 708 1282 se
757 1241 861 1280 non
904 1225 1151 1296 genuisse
1196 1222 1402 1278 dicatur
1448 1236 1686 1275 amorem
1746 1235 1944 1286 suum;
1988 1218 2125 1274 sicut

527 1317 904 1390 cognoscendo
923 1330 981 1372 se
1001 1314 1184 1386 genuit
1203 1309 1441 1369 notitiam
1466 1328 1615 1367 suam
1631 1312 1654 1365 ?
1673 1312 1753 1366 An
1781 1327 1846 1366 co
1869 1313 1885 1342 ί
1908 1311 2122 1382 quidem

530 1409 816 1467 manifeste
867 1407 1168 1465 ostenditur
1214 1405 1316 1460 hoc
1364 1405 1562 1459 amoris
1605 1419 1724 1459 esse
1770 1401 2122 1474 principium,

529 1503 675 1559 unde
691 1500 960 1572 procedit:
979 1500 1046 1554 ab
1065 1501 1180 1570 ipsa
1195 1499 1387 1569 quippe
1403 1505 1581 1552 mente
1603 1491 1840 1572 procedit
1859 1514 1871 1550 :
1891 1512 2008 1566 quae
2025 1495 2124 1550 sibi

531 1606 614 1651 est
630 1571 873 1649 amabilis
887 1599 1168 1662 antequam
1187 1605 1245 1646 se
1266 1599 1426 1655 amet;
1446 1598 1605 1659 atque
1621 1588 1690 1642 ita
1712 1571 2024 1659 pi‘iucipium
2043 1596 2126 1642 est

529 1687 731 1742 amoris
768 1685 884 1753 sui,
915 1699 1019 1756 quo
1056 1699 1114 1738 se
1139 1691 1282 1737 amat
1311 1701 1322 1736 :
1352 1681 1446 1737 sed
1479 1680 1596 1735 ideo
1627 1696 1732 1734 non
1762 1688 1904 1734 recte
1933 1679 2125 1734 dicitur

529 1783 743 1853 genitus
764 1779 830 1835 ab
851 1794 934 1844 ea,
953 1779 1089 1834 sicut
1111 1777 1297 1832 notitia
1317 1775 1519 1846 sui'qua
1540 1789 1595 1829 se
1619 1775 1785 1841 novit,
1801 1774 1918 1844 quia
1940 1771 2122 1827 notitia

525 1874 639 1945 jam
663 1873 933 1928 inventum
966 1883 1067 1936 est,
1099 1868 1239 1940 quod
1266 1877 1476 1937 partum
1505 1867 1588 1921 vel
1618 1875 1888 1935 repertum
1911 1863 2119 1930 dicitur,

530 1961 674 2040 quod
704 1981 844 2036 saepe
873 1963 1126 2035 praecedit
1159 1961 1428 2032 inquisitio
1452 1975 1518 2014 eo
1546 1958 1651 2013 fine
1677 1955 1962 2028 quietura?
1992 1955 2121 2010 Nam

528 2060 807 2134 inquisitio
845 2067 926 2113 est
955 2056 1222 2136 appetitus
1264 2051 1569 2108 inveniendi
1596 2093 1620 2118 ,
1643 2049 1782 2121 quod
1813 2049 1954 2105 idem
1986 2049 2124 2102 valet

528 2152 577 2207 si
604 2151 782 2216 dicas,
820 2147 1141 2220 reperiendi.
1175 2146 1304 2212 Quae
1334 2153 1511 2199 autem
1562 2141 1937 2213 reperiuntur,
1971 2140 2123 2210 quasi

528 2243 811 2314 pariuntur
839 2259 853 2296 :
881 2239 1022 2295 unde
1051 2237 1188 2309 proli
1215 2235 1406 2290 similia
1437 2241 1595 2300 sunt;
1627 2232 1752 2297 ubi,
1785 2231 1886 2286 nisi
1918 2231 1968 2285 in
2010 2231 2124 2300 ipsa

526 2336 757 2394 notitia?
786 2335 858 2389 lbi
886 2335 1028 2388 enim
1057 2330 1205 2401 quasi
1235 2342 1485 2400 expressa
1519 2325 1834 2381 formantur.
1865 2322 1996 2378 Nam
2024 2321 2124 2377 etsi

524 2429 636 2502 jam
662 2438 814 2485 erant
838 2442 925 2482 res
944 2442 1074 2496 quas
1095 2422 1380 2495 quazrendo
1403 2421 1720 2485 invenimus,
1745 2418 1928 2472 notitia
1946 2426 2124 2472 tamen

530 2521 646 2594 ipsa
676 2539 780 2577 non
810 2528 960 2586 erat,
983 2534 1140 2590 quam
1169 2519 1308 2572 sicut
1332 2515 1534 2586 prolem
1567 2521 1873 2568 nascentem
1901 2511 2125 2580 deputa-

531 2630 674 2670 mus.
697 2613 866 2669 Porro
887 2609 1154 2683 appetitus
1189 2608 1277 2663 ille
1302 2650 1315 2672 ,
1345 2607 1434 2677 qui
1461 2613 1546 2660 est
1571 2604 1625 2660 in
1655 2602 1942 2674 quaerendo
1962 2643 1977 2670 ,
2000 2617 2126 2672 pro-

529 2706 673 2764 cedit
710 2721 742 2760 a
779 2710 1088 2775 quaerente,
1119 2710 1173 2757 et
1211 2697 1406 2770 pendet
1446 2695 1676 2770 quodam
1715 2693 1875 2750 modo
1909 2735 1923 2762 ,
1953 2707 2125 2763 neque

593 2841 614 2872 ι
645 2838 786 2901 Editi,
809 2846 864 2888 In
882 2849 956 2889 eo.
977 2833 1302 2888 mandantur
1326 2845 1391 2883 ex
1413 2837 1520 2882 uss.

531 2955 1898 2988 _____________________.

1675 363 1762 422 ne
1802 361 2195 456 ramum,
2223 363 2282 456 s.
2315 357 2682 425 AUGUSTINI
3717 361 3824 426 979

2232 480 2518 551 requiescit
2541 479 2648 550 ﬁne
2676 493 2782 552 quo
2809 475 3104 552 intenditur
3123 518 3139 546 ,
3163 474 3266 560 nisi
3295 475 3352 534 id
3379 476 3522 556 quod
3560 481 3825 552 quaeritur

2232 573 2501 629 inventum
2532 576 2789 646 qumrenti
2817 574 3124 644 copuletur._
3142 573 3244 641 Qui
3273 575 3540 646 appetitus
3567 617 3583 642 ,
3613 574 3671 632 id
3708 585 3826 643 est,

2231 665 2498 737 inquisitio
2523 707 2536 732 ,
2568 668 2808 738 quamvis
2835 654 2988 740 amor
3013 680 3133 722 esse
3173 659 3280 721 non
3323 665 3569 742 videatur
3589 707 3607 732 ,
3637 681 3746 738 quo
3771 666 3827 724 id

2229 757 2372 830 quod
2403 767 2586 812 notum
2613 760 2757 826 est‘,
2786 769 3014 824 amatur;
3036 757 3137 812 hoc
3161 756 3305 812 enim
3333 757 3508 828 adhuc
3535 765 3595 813 ut
3617 772 3828 832 cogno-

2229 861 2407 907 scatur
2433 854 2606 924 agitur
2638 870 2651 908 :
2681 862 2858 909 tamen
2891 869 2960 909 ex
2987 852 3178 910 eodem
3203 868 3401 930 genere
3433 853 3691 926 quiddam
3720 863 3827 914 est.

2227 941 2358 997 Nam
2387 939 2630 998 voluntas
2649 943 2759 1014 jam
2787 943 2890 999 dici
2920 954 3128 1016 potest,
3161 945 3285 1015 quia
3320 944 3494 1000 omnis
3519 946 3610 1015 qui
3633 947 3830 1018 quaerit

2229 1035 2469 1092 invenire
2495 1036 2626 1104 vult;
2659 1046 2712 1092 et
2741 1038 2784 1091 si
2811 1036 2863 1092 id
2890 1036 3146 1108 quaeritur
3172 1035 3312 1108 quod
3335 1036 3402 1092 ad
3423 1038 3671 1094 notitiam
3701 1054 3828 1108 per-

2231 1129 2412 1196 tincat,
2437 1131 2609 1185 omnis
2638 1132 2725 1201 qui
2755 1131 2945 1200 quterit
2970 1145 3130 1204 nosse
3153 1129 3282 1200 vult.
3310 1129 3461 1198 Quod
3492 1131 3541 1187 si
3565 1131 3828 1188 ardenter

2229 1231 2387 1292 atque
2429 1222 2688 1277 instanter
2724 1224 2835 1278 vult
2858 1266 2872 1290 ,
2904 1224 3119 1304 studere
3149 1223 3343 1280 dicitur
3372 1243 3386 1279 :
3419 1225 3561 1298 quod
3590 1226 3830 1292 maxime

2227 1316 2280 1370 in
2303 1317 2651 1387 assequendis
2675 1329 2832 1396 atque
2852 1317 3209 1388 adipiscendis
3234 1317 3537 1389 quibusque
3562 1318 3830 1392 doctrinis

2228 1407 2330 1463 dici
2377 1411 2531 1465 solet.
2575 1409 2792 1466 Partum
2833 1397 2962 1481 ergo
3006 1411 3200 1466 mentis
3239 1410 3508 1485 antecedit
3549 1412 3825 1486 appetitus

2229 1501 2465 1574 quidam,
2498 1518 2602 1573 quo
2632 1502 2684 1557 id
2709 1502 2852 1574 quod
2879 1518 3036 1560 nosse
3065 1504 3314 1570 volumus
3342 1503 3636 1576 quaerendo
3662 1513 3718 1560 et
3743 1505 3830 1578 in:

2230 1593 2528 1659 veniendo,
2554 1593 2788 1649 nascitur
2835 1594 3012 1662 proles
3064 1595 3180 1665 ipsa
3221 1595 3411 1649 notitia
3437 1613 3450 1648 :
3476 1609 3542 1649 ac
3579 1610 3681 1666 per
3719 1595 3830 1668 hoc

2229 1685 2493 1754 appetitus
2515 1684 2603 1739 ille
2627 1700 2732 1756 quo
2762 1686 3058 1756 concipitur
3077 1687 3391 1758 pariturque
3411 1687 3620 1756 notitia,
3637 1698 3828 1760 partus

2227 1787 2281 1833 et
2326 1777 2504 1848 proles
2555 1787 2701 1834 recte
2754 1778 2857 1834 dici
2901 1795 3007 1849 non
3035 1788 3244 1850 potest;
3274 1779 3526 1852 idemque
3554 1780 3828 1854 appetitus

2229 1887 2332 1942 quo
2355 1871 2587 1926 inliiatur
2607 1872 2684 1927 rei
2711 1869 3114 1942 cognoscendze,
3145 1872 3206 1926 Iit
3233 1887 3384 1926 amor
3406 1873 3663 1946 cognitte,
3693 1871 3826 1942 dum

2229 1973 2374 2019 tenet
2405 1975 2562 2034 atque
2587 1966 2924 2035 amplectitur
2950 1965 3198 2034 placitam
3221 1965 3426 2035 prolem
3448 2007 3464 2033 ,
3493 1963 3547 2022 id
3571 1973 3690 2034 est,
3727 1979 3830 2034 no:

2229 2059 2427 2121 titiam,
2456 2058 2800 2130 gignentique
2829 2059 3121 2130 conjungit.
3155 2059 3222 2113 Et
3245 2069 3328 2114 est
3354 2058 3599 2130 quaedam
3639 2059 3830 2129 imago

2227 2148 2522 2213 Trinitatis,
2547 2149 2659 2221 ipsa
2686 2166 2855 2220 mens,
2883 2159 2937 2207 et
2965 2151 3154 2206 notitia
3183 2151 3296 2222 ejus
3317 2193 3333 2218 ,
3362 2151 3505 2222 quod
3531 2159 3615 2222 est
3643 2151 3828 2221 proles

2228 2239 2345 2310 ejus
2388 2256 2450 2295 ac
2487 2241 2553 2295 de
2600 2255 2659 2297 se
2700 2241 2815 2312 ipsa
2860 2242 3082 2298 verbum
3114 2242 3257 2316 ejus,
3289 2252 3344 2299 et
3367 2257 3518 2298 amor
3545 2243 3831 2313 tertius,“

2228 2329 2345 2387 limo
2373 2332 2469 2385 tria
2496 2349 2655 2386 unum
2683 2343 2842 2404 atque
2877 2349 2979 2389 una
3010 2335 3327 2393 substantia.
3348 2333 3462 2409 Nec
3488 2337 3668 2406 minor
3691 2328 3827 2406 pro-,

2227 2421 2306 2478 les
2331 2465 2345 2492 ,
2378 2422 2503 2478 dum
2536 2434 2736 2480 tantam
2767 2440 2826 2481 se
2861 2427 3009 2481 novit
3038 2441 3190 2481 mens
3215 2435 3413 2504 quanta
3440 2435 3524 2484 est
3553 2444 3567 2480 :
3593 2441 3694 2482 nec
3718 2427 3830 2483 mi.-

2229 2528 2329 2568 nor
2370 2530 2521 2569 amor
2545 2555 2558 2580 ,
2587 2514 2712 2571 dum
2763 2525 2964 2572 tantum
2992 2532 3052 2574 se
3089 2515 3262 2592 diligit
3305 2528 3561 2596 quantum
3593 2518 3748 2576 novit
3770 2526 3829 2576 et

2229 2617 2425 2681 quanta
2457 2618 2557 2665 est.

2296 2826 2314 2858 ί
2349 2826 2516 2884 ρωπος
2535 2833 2666 2890 uss,
2974 2835 3138 2882 notum
3157 2835 3245 2883 est.

1920 2951 3813 2977 ...Ἀ-...Ἥ

1514 3024 1988 3146 LIBER
2045 3024 2810 3152 DECIMUS,

532 3235 590 3281 ιη
611 3237 712 3291 (ιω)
733 3224 1002 3277 trinitatem
1022 3218 1167 3273 aliam
1185 3219 1238 3272 in
1255 3216 1463 3272 hominis
1493 3221 1661 3266 mente
1697 3213 1862 3263 inesse
1883 3210 2598 3340 οὲιὲὥίὲὶιιέιέκὲῗαιὲἓιιέιοηεε
2626 3216 2984 3269 evidentiorem
3006 3229 3245 3283 apparere
3279 3219 3331 3270 in
3353 3220 3614 3285 memoria,
3641 3213 3826 3276 intem;
3897 3279 3904 3284 _

601 3477 830 3538 CAPUT
859 3473 1146 3536 PRIMUM.
1171 3473 1321 3529 -1.
1348 3471 1582 3527 Amorem
1602 3470 1846 3526 studentis
1866 3471 2043 3538 animi,
2071 3471 2125 3526 id

527 3582 606 3629 est
627 3613 646 3641 ,
677 3571 805 3627 scire
843 3567 1086 3642 cupientis
1107 3609 1124 3635 ,
1149 3581 1250 3620 non
1292 3579 1400 3618 esse
1440 3579 1665 3618 amorem
1703 3563 1813 3634 ejus
1860 3559 1933 3616 rei
1973 3579 2126 3633 quam

529 3667 706 3722 nescit.
738 3664 888 3721 Nunc
916 3661 982 3718 ad
1009 3675 1070 3716 ea
1097 3659 1214 3730 .ipsa
1243 3665 1631 3728 consequenter
1656 3654 1935 3711 enodatius
1958 3656 2128 3728 expli-

528 3759 700 3826 canda
729 3757 961 3812 limatior
979 3750 1200 3808 accedat
1223 3749 1465 3806 intentio.
1489 3749 1566 3803 Ac
1585 3747 1836 3824 primum,
1867 3747 1988 3817 quia
2010 3763 2123 3802 rem

528 3863 752 3922 prorsus
794 3847 1029 3918 ignotam
1066 3857 1250 3898 amare
1293 3839 1510 3896 omnino
1554 3837 1730 3893 nullus
1759 3846 1968 3909 potest,
2000 3838 2123 3894 dili-

531 3951 722 4013 genter
750 3935 1063 3993 intuendum
1083 3943 1167 3990 est
1190 3930 1486 4002 cujusmodi
1515 3930 1584 3984 sit
1599 3945 1750 3984 amor
1772 3928 2120 3997 studentium,

530 4029 586 4088 id
610 4039 689 4085 est
707 4071 723 4097 ,
747 4045 850 4084 non
868 4030 978 4099 jam
1000 4025 1302 4090 scientium,
1321 4021 1414 4077 sed
1443 4020 1617 4076 adhuc
1641 4020 1780 4076 scire
1800 4020 2123 4091 cupientium

531 4135 797 4195 quamque
821 4117 1138 4174 doctrinam.
1171 4115 1240 4169 Et
1264 4115 1316 4168 in
1346 4113 1427 4167 his
1447 4112 1642 4184 quippe
1664 4111 1820 4167 rebus
1848 4111 1898 4165 in
1929 4111 2122 4182 quibus

534 4230 645 4271 non
672 4214 860 4267 usitate
881 4210 1075 4265 dicitur
1099 4206 1352 4272 studium,
1377 4205 1550 4260 solent
1569 4204 1800 4260 existere
1826 4219 2035 4259 amores
2058 4219 2126 4258 ex

531 4308 737 4374 auditu,
757 4305 881 4360 dum
903 4302 1159 4374 cujusque
1175 4296 1581 4371 pulchritudinis
1601 4296 1737 4352 fama
1755 4297 1821 4352 ad
1840 4297 2123 4353 videndum

532 4416 598 4455 ac
649 4397 927 4454 fruendum
983 4394 1194 4448 animus
1241 4390 1552 4446 accenditur
1581 4430 1597 4459 ,
1628 4390 1749 4461 quia
1803 4390 2127 4462 generaliter

534 4493 687 4552 novit
712 4503 997 4560 corporum
1035 4484 1490 4557 pulchritudines,
1518 4499 1584 4539 ex
1610 4498 1676 4538 eo
1699 4483 1841 4554 quod
1871 4483 2126 4554 plurimas

531 4584 684 4649 vidit,
711 4592 763 4637 ct
787 4582 922 4636 inest
949 4579 1267 4634 intrinsecus
1297 4575 1439 4632 unde
1459 4575 1782 4648 approbetur
1805 4617 1820 4641 ,
1845 4575 1930 4630 cui
1955 4574 2124 4630 forin-

532 4693 689 4735 secus
736 4675 987 4730 inliiatur.
1019 4671 1170 4740 Quod
1213 4686 1335 4726 cum
1357 4669 1418 4724 fit
1441 4711 1457 4739 ,
1486 4683 1592 4725 non
1620 4668 1698 4725 rei
1730 4670 1938 4740 penitus
1981 4670 2130 4724 inco-

534 4743 697 4841 g‘nitze
725 4782 876 4822 amor
901 4765 1181 4830 excitatur,
1203 4763 1357 4834 cujus
1382 4775 1549 4832 genus
1566 4762 1638 4816 ita
1667 4769 1849 4815 notum
1871 4770 1972 4816 est.
1991 4759 2126 4814 Cum

535 4875 718 4920 autem
749 4863 919 4916 virum
948 4847 1149 4916 bOnum
1178 4868 1443 4919 amamus,
1473 4852 1622 4924 cujus
1651 4851 1836 4908 faciem
1867 4867 1971 4906 non
1994 4850 2127 4905 vidi-

536 4943 688 5021 inus,
716 4969 782 5010 ex
823 4951 1007 5008 notitia
1034 4948 1287 5004 virtutum
1329 4959 1570 4999 amamus
1599 4983 1618 5014 ,_
1643 4958 1776 5015 quas
1803 4945 2046 4998 novimus
2074 4943 2128 4999 in

534 5048 650 5118 ipsa
674 5045 919 5100 veritate.
952 5041 1030 5098 Ad
1061 5039 1332 5098 doctrinas
1354 5043 1530 5092 autem
1560 5033 1978 5108 cognoscendas,
2009 5035 2128 5110 ple-

534 5119 763 5208 rumque
790 5150 887 5202 nos
915 5131 1243 5190 laudantium
1268 5139 1427 5199 atque
1455 5127 1854 5198 praedicantium
1885 5126 2129 5183 accendit

535 5229 826 5286 auctoritas
850 5245 864 5280 :
891 5235 945 5282 et
965 5234 1143 5280 tamen
1163 5221 1263 5277 nisi
1286 5219 1519 5277 breviter
1535 5219 1848 5290 impressam
1867 5218 2126 5290 cujuSque

538 5321 798 5375 ducll‘itlte
841 5317 1162 5373 haberemus
1203 5314 1254 5368 in
1303 5311 1482 5366 animo
1524 5311 1798 5366 notionem
1824 5353 1838 5376 ,
1871 5311 2018 5366 nullo
2060 5312 2128 5367 ad

537 5428 658 5468 cam
681 5409 986 5466 discendam
1013 5393 1189 5463 studio
1219 5404 1584 5476 flagrarcmus.
1615 5402 1742 5471 Quis
1779 5405 1918 5458 enim
1955 5403 2128 5459 scicn-

539 5504 622 5559 dte
651 5546 665 5570 ,
693 5503 839 5558 verbi
866 5502 1032 5574 gratia
1051 5543 1066 5568 ,
1093 5497 1374 5555 rhetoricae
1414 5495 1574 5551 ullam
1618 5511 1798 5552 curam
1830 5505 1884 5550 et
1909 5510 2125 5565 operam

541 5596 908 5668 impenderet,
939 5579 1038 5648 nisi
1069 5601 1193 5647 ante
1233 5590 1394 5646 sciret
1423 5604 1538 5644 eam
1579 5587 1786 5643 dicendi
1811 5602 1932 5644 esse
1957 5589 2129 5643 scien-

543 5688 714 5744 tiam?
738 5685 1036 5756 Aliquando
1054 5684 1212 5739 etiam
1235 5681 1470 5752 ipsarum
1494 5680 1852 5734 doctrinarum
1881 5678 2010 5734 lines
2037 5695 2130 5733 au-

543 5782 684 5840 ditos
705 5789 1016 5852 expertosvc
1047 5777 1322 5840 miramur,
1350 5782 1404 5828 et
1429 5789 1493 5829 ex
1521 5773 1620 5827 hoc
1641 5772 2023 5827 inardescimus
2046 5771 2128 5826 fa-

543 5874 794 5934 cultatem
825 5883 1136 5941 comparare
1165 5864 1420 5922 discendo
1439 5905 1454 5933 ,
1485 5880 1588 5935 qua
1617 5864 1681 5920 ad
1712 5880 1806 5920 eos
1849 5865 2126 5936 pervenire

2231 3477 2517 3546 possimus.
2546 3477 2820 3551 Tanquam
2845 3481 2890 3538 si
2915 3482 3120 3540 litteras
3137 3485 3395 3542 nescienti
3409 3485 3620 3543 dicatur
3639 3503 3827 3559 quam-

2231 3570 2352 3625 dam
2398 3587 2516 3628 csse
2558 3572 2892 3641 doctrinam,
2924 3592 3026 3648 qua
3069 3579 3296 3650 quisque
3340 3580 3547 3647 valeat,
3580 3582 3827 3651 quamvis

2232 3662 2388 3735 longe
2415 3663 2623 3722 absenti
2648 3709 2664 3734 ,
2693 3669 2854 3736 verba
2887 3668 3100 3726 mittere
3139 3686 3300 3728 manu
3330 3671 3468 3729 facta
3493 3675 3548 3728 in
3576 3673 3820 3741 silentio,

2231 3770 2350 3826 quae
2380 3773 2562 3822 rursus
2585 3758 2671 3814 ille
2695 3760 2779 3815 cui
2806 3761 3103 3828 mittuntur,
3129 3777 3236 3818 non
3260 3763 3496 3831 auribus,
3527 3763 3626 3821 sed
3653 3766 3829 3822 oculis

2231 3847 2480 3919 colligat,
2507 3850 2664 3921 idque
2705 3853 2816 3906 ﬁeri
2849 3853 3060 3920 videat;
3087 3870 3288 3923 nonne,
3314 3857 3440 3912 dum
3488 3859 3831 3930 concupiscit

2231 3957 2391 3998 nosse
2432 3959 2539 4014 quo
2588 3945 2641 4000 id
2687 3947 2885 4018 possit,
2917 3949 3062 4004 omni
3091 3949 3267 4006 studio
3295 3951 3438 4008 circa
3459 3952 3612 4007 illum
3662 3952 3827 4009 tinem

2231 4046 2511 4103 movetur,
2535 4053 2691 4108 quem
2732 4039 2844 4110 jam
2888 4049 3071 4097 notum
3123 4043 3299 4102 tenet?
3326 4043 3415 4100 Sic
3457 4045 3832 4101 accenduntur

2230 4129 2403 4184 studia
2425 4129 2741 4186 discentium
2765 4149 2780 4186 :
2804 4147 2926 4188 nam
2941 4133 3085 4204 quod
3103 4135 3328 4206 quisque
3348 4150 3570 4206 prorsus
3587 4136 3826 4208 ignorat,

2231 4233 2412 4276 amare
2438 4222 2584 4276 nullo
2606 4231 2764 4296 pacto
2789 4232 2981 4294 potest.

2300 4317 2354 4370 2.
2397 4315 2472 4371 Ita
2499 4317 2659 4372 etiam
2685 4316 2896 4388 signum
2918 4318 2962 4372 si
2985 4319 3104 4388 quis
3132 4318 3312 4374 audiat
3330 4318 3674 4390 incognitum,
3699 4319 3832 4375 vel-

2233 4409 2310 4464 uti
2354 4410 2499 4465 verbi
2529 4409 2752 4482 alicujus
2775 4426 2998 4477 sontun,
3029 4427 3136 4482 quo
3158 4412 3286 4482 quid
3313 4413 3642 4484 signiﬁcetur
3671 4413 3850 4483 igno-.

2231 4489 2347 4569 rat,
2375 4504 2518 4574 cupit
2543 4505 2682 4559 scire
2705 4503 2955 4574 quidnam
2980 4505 3082 4573 sit,
3121 4505 3171 4561 id
3193 4515 3294 4571 est,
3327 4521 3490 4561 sonus
3519 4506 3606 4560 ille
3627 4507 3716 4561 cui
3744 4507 3833 4562 rei

2232 4596 2715 4652 commemoranda:
2762 4596 3034 4653 institutus
3072 4598 3184 4654 sit:
3222 4598 3386 4654 veluti
3423 4599 3468 4653 si
3497 4598 3680 4654 audiat
3700 4615 3835 4654 cum

2231 4673 2424 4745 dicitur
2455 4699 2729 4764 temetum,
2766 4700 2822 4746 et
2851 4691 3100 4760 ignorans
3137 4692 3264 4762 quid
3309 4692 3376 4746 sit
3403 4693 3658 4763 requirat.
3703 4691 3838 4747 1am

2231 4782 2411 4853 itaque
2449 4791 2661 4853 oportet
2709 4792 2768 4839 ut
2795 4785 3003 4840 noverit
3043 4785 3251 4855 signum
3293 4800 3441 4851 esse,
3468 4785 3522 4840 id
3561 4794 3684 4853 est,
3716 4801 3841 4843 non

2233 4891 2354 4931 esse
2381 4876 2588 4930 inanem
2621 4875 2765 4930 illam
2796 4891 3014 4941 vocem,
3045 4877 3140 4932 sed
3167 4878 3365 4947 aliquid
3393 4891 3454 4933 ea
3484 4877 3785 4948 significari
3822 4895 3840 4932 :

2232 4967 2462 5038 alioquin
2489 4967 2598 5038 jam
2637 4977 2820 5022 notum
2861 4975 2945 5028 est
2984 4967 3088 5024 boc
3122 4969 3488 5041 trisyllabum,
3530 4979 3584 5024 et
3621 4968 3844 5025 articu-

2234 5059 2393 5116 latam
2419 5060 2650 5132 speciem
2677 5076 2825 5115 suam
2849 5061 3119 5132 impressit
3152 5062 3332 5118 animo
3361 5075 3457 5132 per
3479 5075 3696 5117 sensum
3730 5076 3845 5118 an-

2233 5151 2370 5206 rium
2422 5168 2434 5204 :
2479 5151 2603 5222 quid
2633 5153 2860 5222 amplius
2907 5153 2961 5208 in
3005 5167 3072 5209 eo
3112 5153 3434 5225 requiratur,
3480 5155 3627 5225 quo‘
3655 5155 3848 5227 magis

2234 5243 2550 5309 innmescat,
2589 5244 2739 5314 cujus
2771 5259 2958 5300 omnes
2993 5245 3188 5302 litterae
3212 5246 3498 5316 omniaque
3516 5246 3634 5301 soni
3655 5247 3848 5316 spatia

2235 5348 2358 5394 nota
2384 5347 2538 5404 sunt;
2563 5338 2665 5394 nisi
2689 5339 2810 5410 quia
2841 5339 2999 5394 simul
3023 5339 3254 5396 innotuit
3277 5340 3482 5411 signum
3507 5354 3660 5406 esse,
3711 5356 3848 5396 mo-

2234 5433 2414 5510 vitque
2440 5432 2641 5488 sciendi
2670 5432 3034 5504 cupiditatem,
3062 5432 3213 5504 cujus
3239 5434 3317 5490 rei
3340 5434 3548 5504 signum
3573 5431 3683 5487 sit?
3713 5435 3851 5502 Quo

2234 5525 2394 5600 igitur
2419 5524 2648 5595 amplius
2677 5534 2858 5580 notum
2889 5533 3007 5592 est,
3039 5525 3136 5582 sed
3167 5541 3270 5581 non
3303 5524 3458 5596 plene
3487 5532 3669 5580 notum
3717 5535 3848 5590 est,

2234 5634 2298 5674 co
2327 5620 2471 5690 cupit
2495 5619 2702 5674 animus
2728 5619 2794 5674 de
2823 5619 2912 5676 illo
2937 5634 3097 5676 nosse
3125 5619 3266 5691 quod
3303 5619 3567 5690 reliquum
3619 5625 3729 5674 est.
3787 5619 3854 5676 Si

2234 5714 2375 5770 enim
2410 5711 2774 5768 tantummodo
2808 5728 2927 5769 esse
2950 5712 3106 5768 istam
3142 5727 3328 5770 vocem
3357 5721 3570 5782 nosset,
3600 5726 3854 5785 eamque

2298 5874 2316 5904 ί
2354 5871 2539 5936 Aliquot
2563 5880 2686 5932 uss,
2711 5871 2853 5936 quod.
