4076 6516
132 479 219 541 973

131 593 341 666 alicujus
378 593 458 668 rei
505 591 713 666 signum
742 597 861 648 esse
885 599 990 648 non
1021 593 1232 657 nesset,
1261 588 1392 644 nihil
1419 589 1528 660 jam
1555 603 1703 659 quae-

131 699 290 754 reret,
320 685 558 742 sensibili
601 701 687 764 re,
714 692 968 756 quantum
999 689 1238 754 poterat,
1274 678 1552 736 sentiendo
1581 692 1704 748 per-

130 789 288 850 cepta.
306 777 440 846 Quia
463 792 590 833 vero
609 793 712 832 non
731 767 901 831 Solum
930 789 1048 830 esse
1077 789 1286 840 vocem,
1310 771 1402 827 sed
1420 781 1472 825 et
1497 771 1704 841 signum

128 888 231 928 esse
253 872 369 943 jam
403 871 585 937 novit,
613 868 848 941 perfecte
878 866 931 924 id
979 883 1136 922 nosse
1163 867 1294 921 vult.
1325 865 1506 936 Neque
1543 864 1708 918 ullum

129 964 351 1036 perfecte
397 964 608 1040 signum
654 963 909 1028 noscitur,
958 961 1058 1015 nisi
1090 959 1240 1030 cujus
1283 957 1360 1013 rei
1404 956 1610 1028 signum
1641 954 1711 1010 sit

130 1066 492 1129 cognoscatur.
524 1055 636 1111 Hoc
665 1071 791 1128 ergo
821 1053 908 1126 qui
935 1051 1142 1108 ardenti
1167 1067 1290 1106 cura
1317 1050 1507 1122 qurcrit
1532 1056 1586 1103 ut
1609 1063 1707 1103 no-

128 1151 270 1220 verit,
305 1151 589 1222 studioque
610 1163 865 1205 accensus
887 1148 1098 1212 insistit,
1119 1161 1245 1200 num
1276 1153 1444 1216 potest
1468 1143 1568 1198 dici
1590 1157 1709 1198 esse

127 1244 228 1298 sine
249 1243 468 1298 amore?
491 1241 629 1312 Quid
655 1242 812 1314 igitur
850 1239 1026 1296 amat?
1047 1239 1206 1295 Certe
1244 1239 1383 1294 enim
1412 1237 1578 1292 amari
1608 1236 1708 1290 ali-

125 1334 236 1405 quid
264 1335 368 1389 nisi
400 1343 584 1390 uotum
615 1349 720 1388 non
743 1341 934 1404 potest.
958 1332 1141 1403 Neque
1161 1331 1304 1387 enim
1333 1330 1422 1385 ille
1447 1330 1576 1384 istas
1605 1337 1710 1386 tres

127 1415 354 1502 syllabas
380 1437 554 1494 amat,
585 1441 715 1497 quas
739 1427 849 1496 jam
877 1433 1030 1480 notas
1059 1423 1237 1480 habet.
1266 1421 1417 1492 Quod
1444 1423 1486 1476 si
1517 1421 1618 1476 hcc
1657 1421 1711 1475 in

127 1517 194 1572 eis
219 1526 405 1584 amat,
434 1517 552 1588 quia
597 1517 697 1571 scit
726 1531 817 1570 eas
851 1515 1152 1586 signiﬁcare
1181 1511 1413 1584 aliquid;
1448 1527 1552 1566 non
1588 1511 1712 1566 inde

127 1624 260 1689 nunc
289 1608 484 1680 agitur,
516 1623 623 1663 non
660 1608 801 1664 enim
843 1606 944 1662 hoc
971 1619 1128 1662 nosse
1173 1605 1365 1676 quaerit
1393 1623 1406 1659 :
1435 1603 1528 1660 sed
1569 1603 1622 1658 in
1648 1618 1713 1689 eo

128 1685 258 1773 quod
287 1703 428 1757 scire
453 1700 664 1768 studet,
692 1699 816 1772 quid
853 1707 996 1755 amet
1029 1697 1374 1770 inquirimus,
1406 1696 1547 1768 quod
1586 1685 1712 1768 pro-

129 1795 262 1852 fecto
291 1795 528 1852 nondum
553 1795 698 1849 novit
723 1811 735 1849 :
759 1801 816 1848 et
843 1801 1126 1864 propterea
1154 1791 1410 1848 miramur
1429 1806 1524 1846 cur
1547 1797 1710 1856 amet,

126 1869 376 1959 quoniam
421 1887 724 1942 ﬁrmissime
779 1885 1021 1940 novimus
1061 1885 1230 1939 amari
1281 1883 1382 1940 nisi
1433 1891 1558 1938 nota
1607 1897 1714 1938 non

127 1965 304 2051 posse.
333 1977 472 2049 Quid
493 1995 619 2052 ergo
648 1989 808 2042 amat.
839 1979 942 2034 nisi
969 1979 1091 2050 quia
1121 1978 1269 2032 novit
1293 1986 1453 2050 atque
1479 1977 1716 2031 intuetur

125 2072 176 2128 in
223 2073 523 2128 rationibus
566 2087 745 2128 rerum
789 2087 908 2144 quae
950 2071 1018 2127 sit
1051 2061 1387 2142 pulchritudo
1413 2071 1668 2126 doctrina:
1697 2112 1711 2136 ,

127 2179 223 2234 qua
253 2163 600 2219 continentur
643 2162 846 2218 notitiae
889 2163 1161 2233 signorum
1203 2161 1471 2230 omnium;
1504 2171 1558 2216 et
1597 2177 1715 2232 qua:

125 2255 190 2310 sit
216 2255 424 2313 utilitas
451 2254 506 2310 in
531 2270 594 2311 ea
622 2255 827 2326 peritia,
857 2270 959 2326 qua
981 2255 1122 2309 inter
1147 2269 1207 2310 se
1237 2253 1468 2308 humana
1490 2253 1716 2310 societas

126 2362 280 2404 sensa
312 2349 693 2414 communicat,
713 2364 780 2404 ne
805 2347 906 2403 sibi
931 2347 1206 2403 hominum
1230 2355 1402 2402 coetus
1422 2345 1716 2402 deteriores

123 2441 431 2512 sintquavis
451 2441 757 2508 solitudine,
780 2443 822 2497 si
841 2442 1189 2514 cogitationes
1211 2457 1336 2498 suas
1363 2441 1716 2513 colloqueudo

123 2551 224 2592 non
257 2537 544 2593 misceant.
574 2537 718 2592 lianc
749 2553 877 2610 ergo
906 2535 1138 2607 speciem
1173 2537 1422 2593 decoram
1449 2545 1503 2592 et
1531 2537 1715 2591 utilem

124 2628 290 2684 cernit
319 2629 520 2693 anima,
547 2638 601 2684 et
629 2627 798 2694 novit,
829 2637 883 2685 et
907 2637 1081 2696 amat;
1113 2644 1337 2701 eamque
1367 2631 1418 2684 in
1451 2645 1508 2684 se
1537 2629 1718 2700 perfici

122 2721 338 2790 studet,
373 2729 632 2793 quantum
673 2732 846 2793 poteSt
869 2764 884 2790 ,
917 2723 1156 2794 quisquis
1185 2738 1375 2778 vocum
1411 2722 1721 2794 signiﬁcari»

121 2811 250 2867 tium
303 2827 656 2883 qumcumque
700 2813 970 2884 ignorati,
1011 2813 1245 2885 inquirit.
1288 2813 1442 2869 Aliud
1469 2823 1550 2869 est
1577 2813 1718 2869 enim

119 2903 256 2974 quod
291 2919 413 2958 eam
441 2903 496 2958 in
528 2903 768 2960 veritatis
811 2905 932 2960 luce
970 2905 1258 2976 conspicit,
1310 2903 1454 2960 aliud
1493 2905 1634 2977 quod
1665 2905 1720 2960 in

121 3008 211 3049 sua
242 2993 503 3052 facultate
537 2995 883 3066 concupiscit.
927 2997 1198 3068 Conspicit
1242 3011 1472 3068 namque
1517 2997 1569 3051 in
1601 2995 1719 3052 luce

119 3087 366 3142 veritatis
387 3103 547 3158 quam
571 3102 820 3158 maguum
845 3095 898 3142 et
919 3103 1073 3157 quam
1097 3089 1292 3143 bonum
1311 3089 1379 3142 sit
1395 3103 1584 3144 omnes
1605 3105 1721 3142 om-

119 3179 268 3234 nium
293 3181 534 3252 gentium
564 3179 768 3252 linguas
797 3179 1096 3252 intelligere
1123 3197 1186 3236 ac
1215 3181 1390 3252 loqui,
1415 3181 1720 3252 nullamque

117 3283 178 3327 ut
197 3273 502 3346 alienigena
519 3275 540 3306 ²
564 3273 769 3342 audire,
796 3281 850 3329 et
870 3289 898 3327 a
922 3273 1064 3330 nullo
1086 3275 1156 3330 ita
1176 3273 1368 3330 audiri.
1392 3273 1556 3345 Cujus
1578 3276 1719 3330 uoti-

117 3365 210 3420 tiu:
259 3365 430 3420 decus
476 3365 794 3436 cogitatione
833 3367 940 3438 jam
980 3367 1233 3434 cernitur,
1282 3375 1594 3440 amaturque
1633 3383 1722 3423 res

115 3470 284 3524 nota;
343 3475 464 3530 quae
514 3459 584 3514 ita
629 3459 975 3531 conspicitur,
1020 3468 1181 3531 atque
1224 3457 1520 3514 inflammat
1549 3461 1722 3516 studia

115 3551 472 3616 discentium,
505 3561 563 3606 ut
589 3550 731 3608 circa
756 3566 874 3607 eam
899 3558 1234 3617 moveantur,
1260 3551 1416 3624 eique
1438 3551 1641 3607 inhient
1669 3552 1721 3606 in

113 3644 274 3699 omni
306 3658 470 3713 opera
493 3659 651 3714 quam
683 3642 995 3714 impendunt
1018 3643 1411 3714 consequendce
1439 3643 1526 3698 tali
1554 3643 1722 3699 facul-

113 3736 254 3803 tati,
291 3743 349 3791 ut
373 3735 534 3791 etiam
567 3751 666 3790 usu
693 3735 1082 3807 amplectantur
1107 3735 1248 3806 quod
1273 3737 1480 3790 ratione
1509 3749 1722 3806 prteno-

111 3839 288 3883 scunt
317 3846 336 3900 4:
387 3840 548 3900 atque
589 3830 658 3884 ita
686 3830 909 3901 quisque
933 3872 948 3899 ,
996 3829 1079 3886 cui
1108 3828 1340 3884 facultati
1369 3843 1464 3899 spe
1503 3827 1724 3901 propiu-

111 3931 258 3991 quat
287 3963 302 3988 ,
335 3921 384 3976 ei
427 3921 719 3977 ferventius
758 3936 941 3977 amore
988 3919 1295 3976 inardescit.
1329 3920 1420 3975 Eis
1469 3919 1724 3976 doctrinis

107 4013 328 4086 quippe
372 4012 617 4070 studetur
667 4013 1072 4080 vehementius,
1117 4029 1236 4086 quae
1265 4013 1382 4084 capi
1433 4027 1589 4084 posse
1619 4028 1725 4070 non

105 4105 506 4188 desperamur.
531 4105 662 4162 Nam
682 4105 832 4178 cujus
855 4106 934 4162 rei
956 4105 1309 4178 adipisccndm
1335 4120 1486 4178 spem
1507 4105 1728 4177 quisque

101 4217 228 4257 non
259 4202 444 4274 gerit,
491 4209 583 4256 aut
609 4201 786 4272 tepide
815 4210 984 4268 amat,
1016 4213 1107 4256 aut
1149 4201 1366 4256 omnino
1405 4216 1510 4255 non
1537 4208 1680 4256 amat
1708 4243 1726 4270 ,

101 4296 381 4368 quamvis
404 4311 563 4367 quam
589 4295 807 4366 pulchra
837 4294 906 4350 sit
932 4293 1126 4350 videat.
1159 4293 1416 4361 Quocirca
1434 4335 1449 4360 ,
1468 4293 1591 4364 quia
1615 4309 1730 4350 om-

99 4391 288 4446 nium
319 4391 623 4460 linguarum
649 4388 866 4444 scientia
897 4386 1010 4443 fere
1037 4386 1102 4442 ab
1129 4385 1376 4442 omnibus
1396 4385 1727 4457 desperatur,

97 4496 234 4537 sua:
291 4479 471 4552 gentis
495 4479 720 4552 quisque
745 4478 976 4533 maxime
1002 4475 1212 4546 studet,
1243 4487 1301 4532 ut
1327 4477 1550 4533 noverit.
1577 4477 1730 4546 Quod

91 4575 146 4632 si
199 4584 274 4632 et
321 4574 398 4630 illi
424 4573 490 4630 ad
520 4571 810 4644 perfectum
855 4569 1207 4642 percipiendae
1247 4585 1304 4626 se
1333 4585 1438 4624 non
1483 4569 1732 4626 sufﬁcere

93 4670 322 4735 sentit,
360 4681 520 4722 nemo
548 4675 722 4722 tamen
751 4673 856 4720 tam
885 4663 1183 4720 desidiosus
1212 4673 1295 4720 est
1322 4664 1477 4734 hujus
1505 4665 1728 4732 notitite,

92 4763 196 4835 qui
231 4747 388 4828 non,
417 4776 538 4816 cutu
562 4759 788 4816 audierit
807 4758 1132 4829 incognitum
1157 4757 1396 4826 verbum,
1426 4757 1555 4812 velit
1575 4773 1735 4816 nosse

87 4855 250 4928 quid
281 4853 428 4910 illud
463 4853 564 4918 sit,
591 4861 646 4908 et
682 4852 726 4906 si
760 4859 968 4924 potest,
995 4858 1199 4922 quaerat
1242 4864 1304 4906 ac
1342 4849 1530 4905 discat.
1583 4849 1734 4920 Quod

85 4947 246 5005 dum
287 4945 514 5020 quaerit,
545 4945 727 5014 utique
755 4943 810 4998 in
853 4941 1028 5000 studio
1053 4943 1290 5000 discendi
1319 4951 1419 5012 est,
1451 4953 1505 5002 et
1531 4944 1737 5000 videtur

79 5056 322 5098 amare
371 5053 488 5096 rem
529 5036 886 5108 incognitam;
927 5035 1070 5108 quod
1115 5051 1220 5091 non
1267 5035 1338 5090 ita
1390 5045 1490 5092 est.
1520 5035 1738 5106 Species

77 5145 380 5206 namque
400 5131 491 5186 illa
522 5129 688 5200 tangit
712 5129 969 5194 animum,
1001 5141 1158 5198 quam
1189 5128 1336 5184 novit
1363 5136 1415 5184 et
1440 5127 1654 5198 cogitat,
1685 5129 1740 5184 in

73 5247 202 5304 qua
265 5227 470 5284 elucet
514 5223 675 5280 decus
717 5221 1196 5280 consociandorum
1235 5221 1532 5304 animorum
1563 5224 1616 5277 in
1641 5235 1738 5276 vo-

71 5328 270 5384 cibus
301 5321 463 5380 notis
483 5316 764 5376 audiendis
785 5326 943 5390 atque
961 5314 1284 5372 reddendis:
1307 5330 1478 5388 eaque
1499 5315 1742 5372 accendit

61 5421 304 5478 studio
369 5421 704 5488 quareutem
749 5411 966 5484 quidem
998 5409 1138 5482 quod
1163 5409 1409 5482 ignorat,
1437 5409 1532 5466 sed
1561 5418 1742 5466 notam

61 5516 376 5572 formam
401 5549 418 5576 ,
450 5519 560 5578 quo
607 5504 660 5562 id
687 5503 994 5578 pertineat,
1025 5503 1321 5560 intuentem
1350 5510 1404 5559 et
1449 5509 1740 5560 amantem.

55 5609 312 5682 [tantae
355 5600 404 5656 si
433 5597 731 5672 quaerenti,
778 5595 926 5654 verbi
968 5594 1136 5670 gratia
1161 5639 1178 5664 ,
1219 5595 1344 5668 quid
1373 5597 1442 5652 sit
1489 5604 1744 5652 temetum

55 5701 80 5778 ί
107 5699 260 5758 hoc
295 5690 470 5748 enim
497 5689 726 5762 exempli
755 5703 916 5746 causa
943 5703 1227 5762 posueram
1255 5688 1312 5762 ),
1341 5688 1567 5758 dicatur,
1605 5687 1746 5756 Quid

127 5821 150 5850 ι
199 5815 318 5888 sic
349 5816 462 5888 Am:
495 5811 572 5882 βπ.
597 5813 652 5859 et
681 5814 788 5858 uss.
821 5813 880 5859 At
909 5810 1044 5866 Lov.,
1078 5801 1450 5870 signiﬁcanu'mn
1471 5815 1748 5869 quamcum.

121 5894 170 5978 ξ
195 5874 662 5992 misimus.
685 5937 742 5981 Al.
761 5937 836 5982 Er.
870 5939 922 5994 et
955 5937 1085 5994 tot,
1135 5934 1186 5981 ut
1229 5928 1560 5994 aliwiigcnam.
1607 5935 1747 5980 Forte

31 5991 442 6075 legenduim
461 5993 739 6058 mutuaque
759 5999 812 6044 ut
833 5991 1168 6056 alienigenam.

1481 467 1685 532 LIBER
1725 469 2046 532 DECIMUS.

3302 475 3410 536 974

1819 585 1886 641 ad
1911 595 1961 640 te
1989 581 2259 656 pertinet?
2284 575 2652 656 respondebit,
2682 581 2762 641 Ne
2786 579 2922 640 forte
2947 581 3161 640 audiam
3181 583 3408 657 loquen-

1818 684 1946 742 tem,
1977 685 2030 731 et
2060 691 2165 730 non
2193 675 2504 748 intelligam,
2530 683 2622 731 aut
2651 677 2854 746 uspiam
2881 675 3016 731 forte
3045 676 3097 731 id
3133 677 3326 754 legam,
3348 685 3409 736 et

1818 767 1944 838 quid
1989 767 2217 838 scriptor
2265 769 2522 835 senserit,
2555 769 2809 824 nesciam.
2843 767 2973 836 Quis
3023 767 3233 824 tandem
3280 769 3408 828 huic

1817 859 1980 928 dicat,
2008 859 2125 916 Noli
2182 859 2476 932 intelligere
2521 859 2662 932 quod
2687 860 2839 916 audis
2862 903 2876 927 ,
2913 861 3020 916 noli
3068 877 3229 920 nosse
3263 862 3411 934 quod

1817 937 2006 1024 legis?
2056 949 2315 1008 Omnibus
2361 955 2502 1010 enim
2554 951 2664 1009 fere
2717 953 2907 1008 animis
2959 953 3305 1010 rationalibus
3353 955 3412 1012 in

1777 1107 1791 1114 j
1817 1053 2066 1117 promptu
2096 1054 2177 1102 est
2201 1045 2266 1101 ad
2297 1045 2580 1102 videndum
2609 1045 2766 1118 hujus
2787 1047 2992 1118 peritiae
3021 1047 3362 1118 pulchritudo
3391 1090 3409 1116 ,

1818 1154 1918 1208 qua
1945 1137 2220 1192 hominum
2243 1138 2380 1194 inter
2403 1154 2462 1194 se
2491 1139 2719 1210 cogitata
2740 1181 2756 1208 ,
2779 1139 3189 1216 signiﬁcantium
3215 1157 3410 1198 vocum

1817 1230 2186 1286 enuntiatione
2228 1239 2562 1286 noscuntur:
2593 1241 2810 1302 propter
2853 1231 2954 1287 hoc
2990 1241 3175 1288 notum
3220 1234 3409 1302 decus,

1818 1331 1872 1378 et
1904 1323 1972 1376 ob
1997 1321 2098 1378 hoc
2127 1329 2357 1377 amatum
2384 1323 2504 1394 quia
2533 1333 2737 1389 notum,
2761 1324 2994 1380 studiose
3014 1328 3271 1402 quzeritur
3290 1345 3412 1384 ver-

1818 1413 1946 1468 bum
1973 1413 2100 1470 illud
2126 1416 2382 1488 ignotum.
2415 1415 2598 1486 Itaque
2618 1432 2739 1471 cum
2765 1417 2995 1474 audierit
3018 1432 3177 1492 atque
3206 1436 3410 1494 cogno-

1817 1507 1956 1562 verit
1985 1517 2237 1562 temetum
2262 1524 2290 1562 a
2319 1508 2588 1564 veteribus
2618 1511 2794 1564 viuum
2817 1511 3155 1584 appellatum,
3181 1515 3276 1571 sed
3295 1514 3412 1586 jam

1820 1614 1886 1654 ex
1919 1616 2014 1654 usu
2038 1599 2292 1672 loquendi
2319 1616 2476 1672 quem
2508 1617 2648 1656 nunc
2667 1601 2947 1671 habemus,
2968 1605 3069 1661 hoc
3090 1607 3412 1663 vocabulum

1821 1701 2122 1747 emortuum
2143 1733 2155 1756 ,
2182 1700 2400 1762 propter
2427 1693 2712 1750 nonnullos
2737 1679 3223 1754 fortasselveterum
3245 1699 3414 1758 libros

1820 1781 1919 1838 sibi
1969 1786 2330 1840 necessarium
2359 1785 2655 1856 deputabit.
2688 1787 2744 1844 Si
2785 1797 2962 1872 autem
2990 1799 3044 1846 et
3078 1790 3198 1847 illos
3226 1807 3416 1866 super-

1821 1891 2086 1932 vacaneos
2113 1876 2292 1944 habet,
2324 1877 2463 1935 forte
2478 1879 2587 1952 jam
2609 1896 2710 1936 nec
2733 1881 2950 1954 dignum
2977 1884 3118 1955 quod
3139 1887 3418 1942 memoria:

1821 1971 2162 2028 commendet
2207 1974 2513 2042 existimat,
2567 1976 2688 2048 quia
2722 1975 2866 2032 videt
2911 1977 2978 2032 ad
3007 1979 3149 2033 illam
3177 1963 3414 2049 Speciem

1821 2065 2079 2122 doctrinae
2118 2083 2279 2138 quam
2327 2079 2506 2126 notam
2550 2077 2731 2126 mente
2771 2070 3003 2128 intuetur
3037 2082 3197 2144 atque
3225 2081 3413 2141 amat,

1821 2157 2040 2214 minime
2065 2159 2355 2230 pertinere.

1894 2251 1948 2308 5.
1988 2251 2348 2322 Quamobrem
2393 2254 2567 2310 omnis
2613 2269 2766 2311 amor
2796 2255 3060 2314 studentis
3084 2259 3286 2326 animi,
3312 2259 3418 2318 hoc

1823 2351 1906 2400 est
1933 2345 2162 2400 volentis
2188 2345 2326 2402 scire
2355 2347 2497 2419 quod
2527 2348 2716 2416 nescit,
2751 2365 2855 2404 non
2889 2359 2971 2406 est
2997 2366 3148 2406 amor
3176 2352 3291 2424 ejus
3338 2354 3420 2410 rei

1823 2451 1982 2506 quam
2011 2437 2178 2492 nescit
2202 2480 2216 2504 ,
2245 2437 2339 2494 sed
2374 2438 2491 2510 ejus
2517 2454 2674 2510 quam
2705 2440 2842 2507 scit,
2871 2451 3092 2512 propter
3120 2457 3277 2514 quam
3303 2443 3421 2498 vult

1823 2529 1962 2583 scire
1999 2529 2140 2600 quod
2186 2529 2377 2586 nescit.
2430 2533 2537 2586 Aut
2579 2533 2625 2587 si
2655 2539 2760 2586 tam
2791 2534 3034 2588 curiosus
3061 2542 3141 2588 est
3164 2576 3180 2602 ,
3211 2543 3270 2589 ut
3308 2551 3418 2590 non

1825 2631 2042 2694 propter
2066 2639 2280 2678 causam
2309 2624 2467 2680 aliam
2489 2633 2690 2690 notam,
2719 2625 2814 2681 sed
2837 2625 2954 2682 solo
2973 2641 3156 2682 amore
3181 2629 3422 2698 rapiatur

1825 2713 2091 2788 incognita
2136 2714 2373 2782 sciendi;
2417 2716 2804 2772 discernendus
2849 2717 3063 2788 quidem
3089 2727 3172 2776 est
3198 2717 3267 2774 ab
3303 2727 3416 2776 stu-

1825 2807 1962 2864 diosi
2005 2810 2220 2866 nomine
2271 2810 2372 2866 iste
2413 2810 2656 2868 curiosus
2681 2851 2698 2880 ,
2725 2809 2820 2867 sed
2863 2826 2963 2867 nec
3001 2811 3118 2882 ipse
3164 2821 3306 2868 amat
3331 2813 3418 2868 in-

1825 2904 2033 2974 cognita
2055 2945 2071 2970 ,
2124 2905 2232 2960 imo
2283 2906 2667 2982 congruentius
2696 2905 2911 2972 dicitur,
2941 2904 3067 2960 Odit
3105 2905 3374 2976 incognita
3399 2949 3418 2972 ,

1824 3010 1944 3068 quae
1969 2993 2114 3050 nulla
2135 3009 2255 3052 esse
2277 2996 2408 3062 vult,
2440 2996 2567 3052 dum
2595 2995 2706 3051 vult
2739 2997 2916 3052 omnia
2945 2997 3174 3070 cognita.
3204 2996 3309 3054 Sed
3349 3015 3418 3056 ne

1825 3088 2106 3160 quisquam
2159 3087 2314 3144 nobis
2370 3087 2728 3144 difﬁciliorem
2782 3077 2980 3146 referat
3028 3090 3420 3162 quaestionem,

1825 3197 2076 3240 asserens
2098 3189 2206 3238 tam
2233 3197 2343 3238 non
2367 3197 2526 3254 posse
2551 3197 2872 3254 quemquam
2920 3182 3100 3260 odisse
3142 3183 3282 3256 quod
3326 3200 3422 3240 ne-

1827 3275 1962 3346 scit,
1993 3290 2151 3346 quam
2199 3290 2306 3331 non
2337 3283 2513 3346 potest
2550 3271 2730 3330 amare
2757 3273 2901 3348 quod
2937 3276 3150 3342 nescit,
3183 3292 3290 3332 non
3335 3292 3422 3332 re-

1826 3369 2064 3426 sistimus
2085 3371 2228 3426 veris
2253 3370 2269 3400 ²
2302 3388 2315 3424 :
2339 3368 2434 3426 sed
2463 3369 2867 3442 intelligendum
2893 3379 2995 3438 est,
3021 3385 3126 3426 non
3155 3370 3258 3426 hoc
3277 3371 3422 3428 idem

1827 3462 1935 3518 dici
1977 3479 2100 3519 cum
2127 3463 2342 3532 dicitur,
2376 3463 2534 3518 Amat
2572 3462 2712 3518 scire
2753 3462 3048 3536 incognita,
3077 3478 3142 3519 ac
3183 3465 3230 3520 si
3267 3464 3422 3520 diee-

1827 3563 1998 3622 retur,
2041 3555 2201 3610 Amat
2249 3555 2536 3625 incognita.
2587 3553 2718 3610 illud
2766 3556 2906 3630 enim
2941 3555 3060 3612 ﬁeri
3101 3563 3312 3626 potest,
3361 3565 3422 3614 ut

1828 3657 1970 3704 amet
1991 3647 2213 3718 quisque
2233 3648 2370 3703 scire
2388 3647 2652 3724 incognita
2673 3665 2686 3702 :
2707 3657 2764 3703 ut
2781 3656 2960 3718 autem
2971 3650 3418 3721 ametincognita,

1829 3757 1935 3796 non
1967 3748 2160 3812 potest.
2199 3739 2319 3796 Non
2349 3739 2493 3794 enim
2543 3741 2738 3796 frustra
2763 3740 2836 3796 ibi
2861 3731 2945 3798 est
2969 3741 3200 3812 positum
3228 3742 3369 3798 scire
3401 3761 3422 3800 :

1829 3833 2078 3904 quoniam
2104 3833 2193 3904 qui
2221 3831 2360 3888 scire
2382 3839 2525 3886 amat
2547 3832 2836 3904 incognita,
2860 3847 2966 3890 non
2993 3833 3107 3906 ipsa
3129 3834 3428 3906 incognita,

1830 3926 1922 3984 sed
1954 3927 2127 3998 ipsum
2171 3926 2309 4000 scire
2337 3933 2502 3982 amat.
2537 3926 2688 3994 Quod
2719 3927 2824 3984 nisi
2861 3927 3084 3984 haberet
3111 3928 3381 4000 cognitum
3403 3971 3446 3998 ,,

1831 4033 2005 4089 neque
2031 4018 2170 4076 scire
2190 4033 2248 4074 se
2277 4018 2560 4090 quisquam
2581 4027 2764 4092 posset
2780 4019 3006 4076 fidenter
3025 4019 3222 4085 dicere.
3247 4037 3426 4094 neque

1832 4110 2060 4166 nescire.
2101 4109 2218 4166 Non
2267 4111 2440 4166 solum
2471 4112 2614 4168 enim
2662 4110 2754 4184 qui
2793 4111 2952 4178 dicit,
2983 4111 3107 4170 Scio
3135 4123 3190 4170 et
3235 4129 3426 4170 verum

1833 4201 2000 4270 dicit,
2027 4215 2248 4259 necesse
2273 4212 2358 4260 est
2391 4210 2448 4260 ut
2485 4204 2612 4276 quid
2652 4205 2723 4260 sit
2765 4205 2904 4272 scire
2929 4204 3064 4262 sciat
3093 4224 3108 4262 :
3141 4206 3236 4262 sed
3263 4208 3428 4264 etiam

1833 4297 1925 4368 qui
1946 4296 2074 4353 dicit
2097 4337 2114 4365 ,
2147 4296 2338 4354 Nescio
2364 4339 2378 4365 ,
2413 4297 2571 4368 idque
2615 4297 2844 4366 ﬁdenter
2883 4309 2938 4355 et
2964 4314 3148 4356 verum
3177 4299 3342 4367 dicit,
3371 4309 3430 4358 et

1833 4391 1934 4448 scit
1959 4405 2144 4448 verum
2172 4406 2231 4447 se
2255 4389 2434 4446 dicere
2460 4433 2474 4457 ,
2502 4389 2602 4446 scit
2629 4391 2810 4462 utique
2843 4390 2972 4462 quid
3001 4391 3071 4446 sit
3097 4391 3238 4446 scire
3261 4409 3276 4446 :
3301 4391 3430 4462 quia

1836 4493 1890 4540 et
1913 4484 2172 4540 discernit
2197 4483 2264 4540 ab
2293 4483 2496 4540 sciente
2521 4483 2848 4539 nescientem
2873 4523 2890 4551 ,
2927 4499 3050 4540 cum
3077 4484 3339 4540 veraciter
3366 4499 3430 4540 se

1836 4577 2047 4634 intuens
2073 4577 2221 4642 dicit,
2251 4575 2472 4642 Nescio;
2505 4585 2704 4631 etcum
2735 4575 2788 4632 id
2809 4591 2868 4632 se
2895 4576 2996 4632 scit
3017 4593 3204 4636 verum
3223 4578 3428 4646 dicere,

1838 4669 1979 4724 unde
2005 4668 2187 4734 sciret,
2215 4669 2260 4724 si
2289 4667 2411 4738 quid
2435 4668 2503 4722 sit
2529 4668 2665 4724 scire
2687 4669 2957 4724 nesciret?

1909 4759 2135 4818 CAPUT
2174 4757 2238 4814 ll.
2267 4789 2340 4800 --
2386 4760 2439 4814 4.
2496 4757 2660 4814 Nemo
2707 4775 2916 4830 prorsus
2963 4769 3100 4816 amat
3148 4761 3426 4833 incognita.

1839 4855 2071 4926 Quilibet
2099 4854 2257 4924 igitur
2285 4852 2553 4908 studiosus
2571 4893 2586 4918 ,
2617 4853 2838 4923 quilibet
2874 4853 3118 4910 curiosus
3143 4869 3249 4918 non
3279 4863 3430 4912 amat.

1843 4947 2130 5019 incognita,
2183 4945 2342 5002 etiam
2397 4960 2518 5000 cum
2575 4944 2952 5002 ardentissimo
2979 4946 3220 5016 appetitu
3261 4946 3430 5002 instat

1841 5042 1980 5096 scire
2008 5038 2148 5110 quod
2175 5039 2364 5096 nescit.
2389 5037 2496 5094 Aut
2519 5037 2660 5094 enim
2687 5031 2798 5108 jam
2823 5051 3020 5108 genere
3057 5045 3242 5094 notum
3267 5037 3436 5094 habet

1843 5131 1986 5204 quod
2010 5139 2183 5198 amat,
2215 5127 2375 5202 idque
2418 5145 2578 5186 nosse
2623 5128 2846 5200 expetit,
2881 5127 3040 5184 etiam
3071 5126 3125 5184 in
3171 5129 3348 5200 aliqua
3372 5144 3436 5186 re

1844 5223 2070 5295 singula,
2094 5221 2180 5278 vel
2207 5223 2258 5277 in
2289 5221 2512 5292 singulis
2539 5220 2721 5287 rebus,
2749 5234 2868 5290 quae
2909 5219 2984 5274 illi
3013 5219 3250 5276 nondum
3289 5229 3436 5278 notat

1847 5317 1982 5373 forte
1997 5315 2302 5380 laudantur,
2324 5313 2578 5386 fingitque
2597 5311 2778 5368 animo
2805 5311 3174 5382 imaginariam
3203 5313 3433 5370 formam

1846 5425 1948 5482 qua
1965 5408 2237 5466 excitetur
2261 5407 2316 5462 in
2338 5419 2596 5462 amorem.
2632 5402 2780 5460 Unde
2809 5411 2986 5470 autem
3015 5403 3187 5477 ﬁngit,
3230 5405 3332 5460 nisi
3363 5421 3438 5462 ex

1847 5504 1913 5560 iis
1937 5519 2056 5575 qua:
2077 5502 2186 5572 jam
2213 5500 2470 5556 noverat?
2489 5497 2652 5568 Cujus
2673 5504 2850 5552 tamen
2879 5495 3065 5554 forma:
3087 5497 3268 5554 animo
3295 5497 3438 5570 ﬁgu—

1849 5604 1978 5652 rata:
2006 5604 2165 5666 atque
2193 5595 2250 5650 in
2278 5589 2599 5664 cogitatione
2627 5588 2936 5656 notissimae,
2965 5589 3150 5648 sicam
3177 5606 3298 5662 quae
3323 5591 3444 5648 lau-

1849 5689 2072 5746 dabatur
2115 5684 2427 5742 dissimilem
2469 5682 2762 5749 iuvenerit,
2803 5680 3030 5740 fortasse
3057 5699 3164 5740 non
3215 5686 3436 5742 amabit.

1851 5779 2001 5848 Quod
2048 5779 2092 5834 si
2141 5775 2440 5842 amaverit,
2485 5789 2552 5830 ex
2602 5774 2692 5830 illo
2736 5787 2916 5830 amare
2963 5774 3181 5848 incipiet
3225 5791 3292 5831 ex
3331 5791 3442 5846 quo

1851 5873 2052 5944 didicit.
2084 5869 2248 5928 Paulo
2278 5876 2404 5936 ante
2441 5868 2640 5940 quippe
2682 5866 2784 5922 alia
2823 5875 2940 5924 erat
2969 5881 3088 5938 quae
3122 5867 3438 5940 amabatur,

1917 5989 1932 6020 ι
1968 5988 2040 6034 sic
2064 5983 2288 6048 plerique
2311 5988 2418 6033 Mss.
2452 5982 2570 6052 Editi
2593 5994 2734 6046 vero,
3157 5978 3330 6034 verbis.
