4076 6520
609 509 715 568 9Ἲῦ
1413 526 1444 532 “

610 645 770 702 quam
800 622 898 681 sibi
949 622 1158 678 animus
1187 619 1424 676 formans
1445 615 1698 674 exhibere
1736 623 2107 671 consueverat.
2138 613 2194 668 Si

610 719 787 778 autem
814 719 883 773 illi
908 717 1092 770 formae
1118 712 1344 770 similem
1370 712 1630 767 invenerit
1653 724 1810 781 quam
1834 710 1968 762 fama
1998 706 2192 778 prazdi-

610 824 846 875 carcrat,
873 812 954 864 cui
983 825 1107 863 vere
1137 808 1306 879 possit
1329 807 1530 872 dicere,
1558 805 1674 860 Jam
1707 813 1758 859 te
1783 803 2056 868 amabam;
2095 817 2196 858 nec

607 915 734 961 tunc
765 904 946 971 utique
969 901 1181 956 amabat
1205 899 1547 968 incognitam,
1571 913 1730 967 quam
1760 897 1812 950 in
1839 896 1928 950 illa
1950 896 2195 950 similitu-

607 997 732 1052 dine
780 1002 1023 1048 noverat.
1059 994 1163 1047 Aut
1192 992 1244 1046 in
1275 991 1454 1061 specie
1501 989 1840 1058 sempiternae
1869 987 2086 1041 rationis
2114 986 2194 1041 vi-

604 1087 794 1142 demus
821 1083 1018 1155 aliquid
1047 1094 1103 1139 et
1151 1083 1222 1138 ibi
1252 1096 1522 1146 amamus,
1556 1079 1700 1151 quod
1729 1095 1849 1134 cum
1880 1093 2194 1148 expressum

603 1179 659 1233 in
688 1177 864 1246 aliqua
907 1175 980 1229 rei
1013 1174 1320 1244 temporalis
1344 1172 1522 1244 efligie
1547 1213 1560 1237 ,
1587 1171 1688 1226 illis
1721 1170 1812 1241 qui
1841 1172 2042 1240 experti
2072 1181 2196 1225 sunt

601 1271 942 1332 laudantibus
993 1279 1045 1324 et
1072 1268 1376 1334 credimus,
1419 1276 1474 1323 et
1524 1281 1804 1330 amamus,
1850 1280 1956 1320 non
1995 1263 2195 1335 aliquid

603 1381 850 1422 amamus
873 1361 1199 1434 incognitum
1222 1404 1236 1427 ,
1269 1359 1408 1415 unde
1428 1359 1538 1428 jam
1577 1374 1736 1429 supra
1779 1358 1908 1413 satis
1935 1357 2195 1412 disserui-

603 1472 726 1512 mus
751 1473 764 1509 :
793 1464 884 1510 aut
913 1453 1110 1524 aliquid
1137 1461 1321 1506 notum
1343 1465 1606 1514 amamus,
1633 1457 1852 1518 propter
1876 1447 2017 1516 quod
2040 1446 2194 1515 igno-

603 1555 719 1602 tum
749 1545 944 1615 aliquid
966 1543 1253 1614 quaerimus
1279 1559 1290 1593 ε
1316 1540 1467 1610 cujus
1498 1539 1664 1611 ignoti
1691 1554 1843 1592 amor
1860 1552 2194 1608 nequaquam

605 1654 708 1696 nos
740 1647 903 1701 tenet,
934 1636 1026 1690 sed
1056 1635 1194 1690 illius
1220 1633 1452 1704 cogniti,
1484 1647 1591 1703 quo
1619 1631 1886 1701 pertinere
1914 1629 2191 1694 novimus,

605 1741 666 1787 ut
697 1731 822 1786 illud
850 1731 1008 1784 etiam
1038 1727 1178 1799 quod
1208 1727 1384 1782 adhuc
1409 1727 1646 1797 ignotum
1675 1725 1962 1791 quaerimus
1982 1765 1998 1792 ,
2028 1737 2195 1778 nove-

605 1824 809 1889 rimus;
837 1823 976 1878 sicut
1011 1821 1078 1875 de
1116 1820 1386 1890 incognito
1429 1817 1591 1872 verbo
1635 1817 1791 1887 paulo
1819 1825 1940 1870 ante
1989 1815 2197 1869 locutus

607 1933 748 1972 sum.
784 1917 886 1969 Aut
917 1915 1088 1984 ipsum
1115 1912 1252 1967 scire
1291 1911 1516 1982 quisque
1545 1918 1708 1973 amat,
1729 1908 1870 1978 quod
1900 1907 2029 1962 nulli
2059 1907 2198 1962 scire

605 2009 803 2081 aliquid
849 2008 1081 2078 cupienti
1128 2021 1247 2062 esse
1295 2005 1620 2076 incognitum
1663 2011 1859 2074 potest.
1891 2003 1984 2057 His
2024 2001 2198 2056 causis

604 2103 854 2156 videntur
899 2114 1079 2154 amare
1119 2098 1383 2168 incognita
1412 2139 1425 2164 ,
1477 2097 1566 2167 qui
1615 2097 1753 2152 scire
1781 2095 1979 2166 aliquid
2015 2094 2200 2150 volunt

605 2194 749 2264 quod
769 2195 1033 2257 nesciunt,
1058 2200 1111 2247 et
1129 2200 1347 2262 propter
1367 2189 1725 2245 ardentiorem
1745 2187 2016 2259 quaerendi
2037 2203 2200 2258 appe-

603 2287 758 2342 titum
788 2286 902 2340 sine
929 2300 1111 2339 amore
1141 2299 1260 2340 esse
1282 2283 1384 2338 dici
1425 2298 1530 2337 non
1558 2292 1800 2353 possunt.
1826 2281 1931 2337 Scd
1960 2296 2118 2353 quam
2142 2295 2200 2336 se

604 2395 694 2434 res
732 2378 884 2434 aliler
923 2377 1148 2443 habeat,
1195 2391 1370 2446 neque
1399 2376 1619 2430 omnino
1663 2373 1951 2445 quidquam
1993 2382 2201 2428 ametur

606 2471 959 2540 incognitum,
981 2468 1214 2522 arbitror
1241 2484 1325 2522 me
1349 2466 1676 2536 persuasisse
1706 2481 1890 2520 verum
1917 2464 2201 2535 diligenter

605 2562 955 2618 intuentibus.
983 2559 1089 2614 Sed
1117 2559 1238 2629 quia
1279 2557 1520 2626 exempla
1553 2572 1673 2626 quae
1701 2555 1944 2611 dedimus
1966 2597 1982 2622 ,
2013 2568 2200 2609 eorum

605 2662 750 2717 sunt,
784 2652 872 2721 qui
902 2649 1100 2721 aliquid
1149 2648 1292 2720 quod
1343 2649 1439 2718 ipsi
1463 2664 1566 2703 non
1598 2656 1721 2701 sunt
1749 2661 1908 2702 nosse
1942 2646 2198 2715 cupiunt;

605 2739 894 2801 videndum
921 2753 1092 2799 estne
1117 2743 1252 2797 forte
1277 2741 1489 2812 aliquod
1517 2755 1710 2794 novum
1731 2753 1899 2811 genus
1925 2745 2199 2809 appareat,

605 2851 726 2892 cum
757 2850 816 2889 se
842 2836 951 2904 ipsa
982 2848 1134 2887 mens
1158 2847 1316 2887 nosse
1341 2830 1628 2886 desiderat.
1689 2838 1692 2841 ‘

681 2925 907 2982 CAPUT
962 2923 1046 2978 Ill.
1072 2955 1141 2964 ——
1165 2925 1217 2980 5.
1263 2922 1413 2990 Quod
1435 2939 1573 2978 mens
1596 2930 1726 2976 amet
1747 2938 1800 2975 se
1819 2921 1985 2992 ipsam
2001 2937 2102 2975 non
2121 2921 2203 2976 in-

609 3020 862 3092 cognitam
890 3017 1004 3072 sibi.
1033 3015 1170 3084 Quid
1198 3030 1326 3084 ergo
1348 3025 1490 3070 amat
1513 3030 1687 3081 mens,
1711 3030 1832 3070 cum
1865 3014 2116 3070 ardenter
2143 3029 2202 3070 se

607 3113 782 3182 ipsam
831 3108 1022 3178 quaerit
1064 3115 1124 3161 ut
1166 3107 1416 3172 noverit,
1448 3106 1574 3161 dum
1618 3106 1886 3177 incognita
1929 3105 2032 3161 sibi
2077 3106 2203 3161 est?

609 3202 752 3257 Ecce
796 3201 937 3255 enim
966 3213 1118 3254 mens
1161 3198 1502 3269 semetipsam
1532 3197 1726 3268 quaerit
1771 3206 1828 3251 ut
1871 3198 2116 3265 noverit,
2149 3204 2205 3253 et

608 3292 969 3350 inﬂammatur
994 3292 1097 3345 hoc
1121 3289 1315 3346 studio.
1347 3291 1506 3344 Amat
1527 3288 1684 3360 igitur
1715 3307 1729 3343 :
1755 3287 1847 3344 scd
1871 3288 1995 3358 quid
2017 3290 2202 3344 amat?

607 3385 681 3442 Se
704 3383 913 3454 ipsam?
942 3381 1223 3450 Quomodo
1248 3423 1263 3448 ,
1291 3396 1412 3436 cum
1464 3396 1522 3436 se
1552 3379 1787 3435 nondum
1830 3381 2071 3447 noverit,
2103 3395 2203 3436 nec

607 3477 886 3548 quisquam
917 3475 1088 3545 possit
1110 3489 1292 3529 amare
1321 3472 1463 3542 quod
1493 3472 1697 3528 nescit?
1724 3474 1805 3526 An
1835 3473 1883 3526 ci
1907 3471 2043 3526 fama
2065 3487 2203 3542 prae-

606 3569 809 3626 dicavit
837 3569 1068 3638 speciem
1099 3582 1248 3622 suam
1274 3609 1290 3630 ,
1333 3567 1471 3620 sicut
1509 3565 1578 3620 de
1619 3565 1926 3620 absentibus
1966 3565 2202 3620 solemus

607 3662 830 3719 audire?
861 3661 1024 3716 Forte
1066 3676 1195 3732 ergo
1243 3673 1304 3716 se
1353 3675 1462 3714 non
1509 3669 1692 3726 amat,
1730 3659 1823 3714 sed
1866 3659 2008 3729 quod
2048 3659 2115 3714 de
2144 3673 2203 3714 se

606 3756 778 3827 ﬁngit,
811 3755 913 3810 hoc
941 3765 1101 3821 amat,
1132 3755 1291 3825 longe
1322 3752 1548 3808 fortasse
1577 3752 1719 3806 aliud
1745 3768 1903 3822 qualn
1928 3753 2040 3822 ipsa
2071 3762 2153 3808 cst
2185 3769 2198 3806 :

605 3858 702 3904 aut
745 3849 790 3903 si
824 3862 884 3903 se
931 3863 1083 3903 mens
1132 3847 1213 3901 sui
1244 3845 1476 3900 similem
1507 3845 1689 3916 lingit,
1717 3854 1772 3900 et
1803 3845 1924 3900 ideo
1947 3860 2068 3900 cum
2102 3845 2204 3901 hoc

608 3939 920 4012 ﬁgmentum
951 3947 1113 4001 amat,
1145 3952 1202 3993 se
1227 3946 1372 3992 amat
1401 3945 1685 4008 antequam
1712 3938 1950 4002 noverit;
1986 3937 2107 4007 quia
2150 3935 2202 3992 id

607 4036 752 4106 quod
799 4035 880 4088 sui
935 4033 1109 4088 simile
1158 4041 1242 4087 est
1295 4031 1530 4088 intuetur
1584 4049 1598 4084 :
1661 4031 1808 4086 novit
1870 4031 2029 4101 igitur
2072 4031 2202 4086 alias

608 4133 818 4179 mentes
845 4140 913 4178 ex
945 4123 1138 4194 quibus
1175 4137 1235 4177 se
1264 4121 1460 4193 ﬁngat,
1483 4131 1538 4178 et
1561 4137 1756 4192 genere
1782 4121 1899 4192 ipso
1934 4121 2033 4176 sibi
2077 4131 2200 4176 nota

608 4223 712 4272 est.
739 4215 849 4270 Cur
886 4230 1013 4285 ergo
1042 4229 1161 4268 cum
1203 4213 1334 4268 alias
1377 4223 1582 4268 mentes
1624 4213 1810 4279 novit,
1843 4228 1902 4268 se
1951 4228 2056 4266 non
2097 4229 2202 4267 no-

608 4308 721 4375 vit,
763 4323 886 4362 cum
925 4321 984 4362 se
1032 4307 1144 4376 ipsa
1175 4305 1303 4360 nihil
1347 4305 1447 4361 sibi
1486 4305 1653 4377 possit
1681 4320 1801 4360 esse
1842 4306 2201 4375 praseutius?

610 4399 763 4470 Quod
790 4401 833 4454 si
866 4409 921 4454 ut
949 4400 1116 4454 oculis
1143 4400 1382 4468 corporis
1427 4398 1596 4468 magis
1613 4397 1700 4452 alit
1729 4396 1868 4452 oculi
1902 4397 2010 4450 noti
2041 4407 2198 4466 sunt,

610 4508 769 4562 quam
798 4491 893 4560 ipsi
921 4491 1056 4558 sibi;
1091 4506 1195 4546 non
1236 4506 1294 4545 se
1324 4505 1450 4561 ergo
1479 4497 1683 4560 quaerat
1708 4504 1977 4560 nunquam
2018 4489 2202 4544 inven-

611 4593 751 4639 tura.
783 4582 1060 4654 Nunquam
1091 4583 1233 4638 enim
1265 4598 1323 4638 se
1366 4581 1503 4636 oculi
1553 4589 1748 4651 praeter
1793 4581 2009 4651 specula
2058 4581 2202 4637 vide-

609 4676 745 4732 bunt
786 4693 800 4730 :
847 4689 944 4730 nec
991 4674 1098 4729 ullo
1146 4673 1304 4728 modo
1357 4672 1649 4742 putandum
1701 4681 1783 4728 est
1829 4674 1989 4729 etiam
2039 4674 2201 4730 rebus

609 4768 940 4840 incorporeis
981 4765 1404 4836 contemplandis
1444 4765 1547 4820 tale
1591 4764 1790 4836 aliquid
1834 4765 2113 4831 adhiberi,
2144 4775 2204 4822 ut

609 4876 766 4916 mens
791 4870 1039 4930 tanquam
1082 4858 1133 4912 in
1163 4856 1380 4926 speculo
1419 4871 1476 4912 se
1508 4857 1736 4910 noverit.
1783 4857 1864 4911 An
1903 4857 1955 4911 in
1996 4857 2200 4914 ratione

609 4952 850 5008 veritatis
879 4960 1094 5006 aeternae
1132 4947 1276 5002 videt
1316 4961 1474 5020 quam
1500 4948 1799 5017 speciosum
1827 4948 1898 5002 sit
1925 4963 2086 5004 nosse
2111 4964 2199 5004 se-

611 5047 893 5116 metipsam
915 5086 928 5109 ,
958 5052 1012 5098 et
1039 5042 1140 5098 hoc
1183 5049 1328 5096 amat
1363 5041 1504 5112 quod
1525 5040 1711 5109 videt,
1743 5041 2028 5112 studetquc
2054 5043 2108 5096 in
2141 5058 2201 5099 se

612 5139 766 5195 ﬁeri?
791 5139 911 5207 quia
939 5135 1182 5208 quamvis
1209 5135 1308 5190 sibi
1337 5143 1460 5190 nota
1479 5150 1584 5189 non
1613 5135 1715 5202 sit,
1744 5143 1926 5190 notum
1951 5145 2127 5191 tamen
2149 5135 2199 5191 ci

611 5240 694 5286 est
719 5245 876 5300 quam
905 5230 1098 5284 bonum
1142 5228 1249 5292 sit,
1278 5236 1335 5281 ut
1371 5227 1471 5282 sibi
1496 5235 1619 5281 nota
1646 5227 1734 5282 sit.
1766 5227 1834 5281 Et
1859 5227 1958 5282 hoc
1983 5227 2197 5299 quidem

608 5322 953 5396 permirahile
977 5329 1079 5385 est,
1111 5319 1346 5375 nondum
1373 5335 1430 5374 se
1454 5333 1634 5384 nosse,
1659 5328 1712 5373 et
1739 5334 1894 5388 quam
1917 5320 2198 5396 pulchrum

612 5393 683 5470 sit
709 5430 767 5470 se
795 5428 988 5479 nosse,
1017 5412 1122 5481 iam
1152 5426 1330 5468 nosse.
1362 5413 1442 5464 An
1475 5409 1704 5480 aliquem
1735 5410 1890 5465 linem
1915 5393 2196 5480 Optimum,

616 5508 669 5561 id
699 5517 781 5562 est
825 5508 1167 5562 securitatem
1209 5515 1264 5560 et
1300 5503 1682 5559 beatitudinem
1713 5519 1863 5557 suam
1895 5504 2072 5570 videt,
2107 5521 2202 5574 per

615 5599 901 5669 quamdam
941 5598 1203 5654 occultam
1238 5597 1548 5651 memoriam
1573 5638 1588 5664 ,
1618 5611 1736 5666 quae
1766 5597 1816 5649 in
1865 5595 2148 5667 longinqua
2181 5597 2198 5628 ί

610 5707 731 5748 eam
764 5706 1096 5761 progressam
1134 5705 1239 5744 non
1281 5688 1632 5754 deseruit,'et
1656 5690 1826 5746 credit
1854 5690 1919 5745 ad
1951 5691 2201 5746 eumdem

611 5785 772 5842 tinem
797 5827 811 5851 ,
843 5785 943 5840 nisi
987 5798 1048 5839 se
1085 5784 1253 5854 ipsam
1292 5783 1640 5854 cognoverit,
1683 5799 1742 5838 se
1772 5784 2050 5865 pervenire
2094 5800 2201 5840 non

613 5877 814 5947 posse?
853 5876 929 5931 Ita
963 5875 1090 5931 dum
1127 5874 1258 5930 illud
1295 5883 1470 5943 amat,
1501 5874 1606 5934 hoc
1640 5876 1833 5947 quaerit
1869 5893 1884 5932 a
1921 5883 1977 5934 et
2015 5885 2203 5936 notum
2254 5915 2276 5926 ι

678 5991 698 6023 ι
731 5991 953 6055 Plerique
973 5995 1104 6054 uss,
1121 5989 1177 6044 in
1197 5987 1520 6053 (comm.

1739 495 1830 556 DE
1868 491 2263 569 TRINITATE,
2303 497 2361 557 s.
2401 497 2772 558 AUGUSTINI
3374 470 3378 474 ’
3791 498 3886 561 976

2305 625 2447 670 amat
2492 617 2654 683 illud,
2694 624 2909 686 prepter
2948 618 3090 687 quod
3133 616 3322 688 quaerit
3365 613 3624 690 ignotum.
3651 617 3761 675 Sed
3799 631 3884 674 cur

2302 710 2558 764 memoria
2585 707 2931 764 beatitudinis
2956 725 3065 765 suae
3087 711 3276 782 potuit,
3307 720 3362 766 et
3383 713 3638 767 memoria
3664 712 3748 766 sui
3772 725 3881 766 cum

2303 815 2365 855 ea
2395 800 2687 870 perdurare
2718 816 2821 856 non
2849 802 3060 872 potuit,
3109 811 3167 858 ut
3191 812 3296 857 tam
3325 818 3384 858 se
3426 812 3610 859 nosset
3635 820 3757 876 quae
3782 803 3885 860 vult

2303 893 2616 961 pervenire,
2645 909 2803 962 quam
2831 895 2977 948 novit
3010 893 3139 950 illud
3178 910 3286 966 quo
3315 895 3427 950 vult
3452 897 3772 966 pervenire?
3808 898 3883 951 An

2301 999 2424 1040 cum
2454 1000 2511 1041 se
2543 1001 2701 1042 nosse
2737 997 2899 1052 amat,
2926 1002 3031 1042 non
3054 1002 3114 1041 se
3139 1003 3297 1058 quam
3325 986 3562 1043 nondum
3607 988 3774 1057 novit,
3795 989 3884 1044 sed

2302 1077 2475 1148 ipsum
2525 1094 2684 1135 nosse
2741 1087 2920 1145 amat;
2973 1081 3322 1152 acerbiusque
3371 1081 3560 1136 tolerat
3616 1096 3678 1138 se
3727 1081 3884 1152 ipsam

2301 1172 2490 1228 deesse
2516 1174 2753 1229 scientias
2775 1190 2906 1243 suae,
2929 1191 3034 1246 qua
3050 1175 3161 1230 vult
3181 1185 3369 1231 cuncta
3398 1175 3886 1247 comprehendere?

2301 1262 2458 1318 Novit
2500 1274 2678 1320 autem
2714 1266 2838 1336 quid
2869 1266 2939 1320 sit
2963 1281 3120 1322 nosse
3144 1308 3160 1334 ,
3191 1276 3246 1322 et
3286 1266 3411 1322 dum
3443 1266 3544 1322 hoc
3579 1274 3726 1322 amat
3753 1266 3886 1339 quod

2301 1357 2478 1424 novit,
2506 1359 2667 1412 etiam
2693 1372 2751 1412 se
2774 1358 2918 1427 cupit
2948 1372 3128 1414 nosse.
3155 1357 3256 1413 Ubi
3284 1373 3412 1429 ergo
3442 1372 3601 1414 nosse
3620 1374 3774 1414 suum
3799 1371 3888 1413 no-

2302 1449 2411 1515 vit,
2450 1449 2494 1504 si
2523 1464 2710 1504 senon
2737 1449 2922 1504 novit?
2955 1449 3088 1504 Nam
3119 1451 3266 1505 novit
3290 1449 3431 1520 quod
3450 1450 3551 1504 alia
3579 1450 3810 1516 noverit,
3835 1464 3889 1506 se

2302 1553 2478 1597 autem
2496 1557 2600 1597 non
2620 1543 2827 1598 noverit
2855 1561 2868 1597 ε
2897 1542 3020 1598 hinc
3041 1545 3184 1598 enim
3211 1543 3358 1598 novit
3382 1552 3436 1598 et
3461 1543 3589 1614 quid
3614 1544 3687 1598 sit
3713 1559 3888 1600 nosse.

2302 1636 2420 1703 Quo
2451 1644 2604 1705 pacto
2655 1636 2812 1706 igitur
2857 1649 2916 1690 se
2958 1635 3155 1706 aliquid
3199 1636 3456 1690 scientem
3505 1635 3639 1702 scit,
3680 1651 3800 1706 quae
3838 1651 3893 1691 se

2303 1728 2472 1798 ipsam
2502 1727 2716 1783 nescit?
2739 1727 2922 1798 Neque
2951 1727 3096 1783 enim
3122 1727 3342 1783 alteram
3370 1737 3606 1784 mentem
3634 1728 3892 1784 scientem

2303 1821 2422 1887 scit,
2455 1820 2549 1876 sed
2576 1837 2632 1876 se
2670 1821 2861 1891 ipsam.
2892 1819 3004 1876 Scit
3035 1820 3194 1891 igitur
3225 1835 3283 1876 se
3323 1820 3513 1890 ipsam.
3549 1819 3752 1875 Deinde
3775 1835 3894 1876 cum

2304 1929 2363 1970 se
2401 1913 2591 1984 quaerit
2621 1923 2678 1968 ut
2706 1915 2949 1981 noverit,
2983 1922 3313 1984 quaerentem
3353 1929 3412 1968 se
3447 1913 3558 1984 jam
3585 1912 3754 1968 novit.
3781 1911 3894 1968 Jam

2304 2019 2364 2060 se
2392 2020 2520 2076 ergo
2547 2005 2711 2060 novit.
2744 2004 3080 2076 Quapropter
3101 2021 3207 2060 non
3234 2012 3412 2075 potest
3449 2004 3668 2059 omnino
3689 2004 3897 2061 nescire

2303 2113 2384 2165 se,
2413 2113 2530 2168 quae
2559 2097 2685 2152 dum
2709 2113 2767 2152 se
2785 2097 3111 2153 nescientem
3137 2097 3257 2164 scit,
3286 2113 3345 2154 se
3373 2098 3553 2168 utique
3578 2097 3699 2153 scit.
3721 2097 3783 2152 Si
3807 2112 3897 2154 au-

2306 2198 2411 2244 tem
2434 2204 2492 2243 se
2513 2189 2835 2244 nescientem
2855 2189 3075 2257 nesciat,
3093 2204 3196 2243 non
3212 2204 3269 2244 se
3287 2189 3479 2260 quaerit
3495 2197 3554 2244 ut
3583 2189 3738 2244 sciat.
3758 2189 3900 2258 Qua-

2305 2289 2522 2351 propter
2544 2296 2607 2335 co
2638 2281 2754 2351 ipso
2779 2297 2885 2352 quo
2911 2297 2969 2337 se
2997 2283 3223 2352 quaerit,
3257 2297 3424 2354 magis
3482 2297 3541 2338 se
3576 2282 3676 2338 sibi
3711 2292 3898 2338 notam

2305 2390 2462 2443 quam
2495 2376 2724 2445 ignotam
2759 2391 2879 2430 esse
2907 2376 3261 2430 convincitur.
3297 2375 3454 2430 Novit
3482 2375 3623 2431 enim
3651 2390 3709 2430 se
3754 2391 3900 2446 qua:-

2306 2475 2510 2520 rentem
2542 2476 2700 2537 atque
2728 2467 3073 2532 nescientem,
3097 2467 3223 2520 dum
3249 2482 3308 2522 se
3335 2466 3526 2536 quaerit
3555 2476 3612 2520 ut
3641 2468 3871 2522 noverit.

2377 2559 2458 2614 CA
2471 2561 2602 2616 PUT
2632 2561 2720 2615 IV.
2743 2591 2814 2600 —
2843 2562 2895 2616 6.
2933 2561 3195 2628 Quomodo
3223 2576 3360 2616 mens
3389 2578 3489 2613 non
3518 2576 3579 2614 ex
3607 2570 3777 2630 parte,
3807 2558 3900 2614 sed

2308 2659 2460 2704 totam
2493 2668 2546 2704 se
2585 2660 2869 2722 cognoscat.
2917 2650 3054 2717 Quid
3081 2667 3208 2721 ergo
3237 2649 3518 2705 dicemus?
3556 2666 3623 2704 an
3653 2649 3801 2720 quod
3830 2666 3900 2705 ex

2307 2752 2457 2813 parte
2487 2758 2546 2798 se
2586 2745 2761 2812 novit,
2791 2761 2858 2799 ex
2889 2753 3037 2815 parte
3075 2761 3178 2799 non
3224 2745 3410 2799 novit?
3453 2743 3560 2800 Sed
3603 2743 3901 2799 absurdum

2306 2843 2391 2890 est
2417 2835 2619 2901 dicere,
2650 2851 2754 2891 non
2782 2851 2899 2891 eam
2933 2845 3098 2890 totam
3129 2835 3264 2892 scire
3289 2835 3430 2907 quod
3459 2836 3576 2891 scit.
3607 2835 3727 2891 Non
3754 2836 3899 2904 dico,

2308 2925 2500 2982 Totum
2540 2927 2676 2992 scit;
2728 2927 2823 2983 sed
2865 2927 3006 2998 quod
3051 2929 3180 2994 scit,
3226 2936 3334 2983 tota
3379 2927 3497 2982 scit.
3539 2926 3673 2982 Cum
3721 2928 3908 2996 itaque

2311 3018 2512 3090 aliquid
2541 3019 2608 3074 de
2631 3034 2692 3074 se
2723 3019 2854 3086 scit,
2884 3018 3025 3090 quod
3054 3019 3154 3074 nisi
3198 3028 3305 3074 tota
3337 3034 3441 3073 non
3482 3025 3692 3090 potest,
3735 3025 3907 3072 totam

2308 3128 2368 3170 se
2397 3115 2498 3169 scit
2521 3115 2560 3167 ί.
2592 3113 2702 3167 Scit
2731 3124 2908 3168 autem
2941 3128 2998 3169 se
3028 3113 3228 3183 aliquid
3257 3113 3513 3168 scientem
3535 3153 3552 3179 ,
3583 3126 3684 3166 nec
3727 3119 3911 3181 potest

2308 3205 2598 3277 quidquam
2619 3206 2757 3260 scire
2783 3205 2885 3260 nisi
2913 3214 3039 3260 tota.
3065 3203 3176 3261 Scit
3203 3220 3261 3261 se
3290 3205 3451 3276 igitur
3476 3212 3662 3258 totam.
3694 3202 3914 3259 Deinde

2307 3299 2435 3369 quid
2465 3299 2580 3369 ejus
2606 3299 2655 3354 ei
2698 3306 2803 3353 tam
2845 3305 3030 3354 notum
3073 3308 3175 3364 est,
3220 3314 3378 3370 quam
3424 3313 3482 3354 se
3509 3297 3734 3353 vivere?
3783 3296 3916 3354 Non

2308 3400 2483 3463 potest
2513 3401 2690 3446 autem
2736 3399 2789 3446 ct
2828 3406 2979 3455 meus
3023 3405 3174 3456 esse,
3217 3400 3270 3446 et
3301 3405 3406 3444 non
3445 3391 3656 3455 vivere,
3687 3388 3918 3460 quando

2307 3485 2472 3540 habet
2514 3485 2676 3540 etiam
2728 3484 2955 3555 amplius
3004 3493 3061 3538 ut
3106 3483 3406 3554 intelligat:
3436 3497 3558 3537 nam
3606 3490 3660 3538 et
3707 3483 3921 3538 animal:

2307 3576 2600 3633 bestiarum
2645 3577 2848 3640 vivunt,
2907 3575 3003 3632 sed
3049 3591 3155 3630 nou
3204 3574 3525 3646 intelligunt.
3579 3573 3729 3631 Sicut
3773 3589 3921 3645 ergo

2307 3685 2461 3725 meus
2492 3679 2599 3724 tota
2645 3685 2797 3726 mens
2827 3678 2938 3734 est,
2970 3669 3048 3724 sic
3078 3676 3186 3723 tota
3213 3668 3360 3722 vivit.
3403 3666 3558 3723 Novit
3601 3675 3780 3720 autem
3813 3667 3922 3720 vi-

2306 3777 2433 3816 vere
2476 3775 2554 3815 se.
2601 3759 2790 3814 Totam
2835 3775 2893 3814 sc
2937 3759 3096 3829 igitur
3141 3759 3304 3814 novit.
3356 3758 3634 3813 Postremo
3677 3773 3798 3812 cum
3846 3771 3927 3813 se

2308 3868 2468 3908 nosse
2495 3867 2648 3906 meus
2672 3851 2881 3922 quaerit,
2916 3859 3150 3906 mentem
3179 3866 3238 3907 se
3265 3866 3384 3906 esse
3409 3851 3518 3920 jam
3546 3853 3695 3904 novit
3729 3869 3742 3904 :
3769 3849 3933 3905 alio-

2307 3945 2434 4016 quin
2465 3953 2640 4000 utrum
2671 3959 2730 4000 se
2759 3953 2963 4014 quaerat
2999 3945 3234 4015 ignorat,
3266 3952 3320 3999 et
3355 3943 3499 3998 aliud
3530 3959 3626 4013 pro
3651 3943 3759 3998 alio
3788 3942 3934 3998 for-

2309 4038 2448 4092 sitan
2497 4039 2764 4108 quaerat‘.
2818 4035 2957 4091 Ficri
3003 4037 3145 4092 enim
3195 4045 3371 4107 potest
3417 4043 3474 4090 ut
3522 4037 3636 4105 ipsa
3685 4051 3792 4090 non
3847 4037 3947 4094 sit

2309 4146 2498 4196 mens,
2537 4140 2695 4202 atque
2724 4131 2794 4185 ita
2831 4129 2956 4184 dum
2986 4137 3221 4184 mentem
3260 4144 3418 4184 nosse
3447 4129 3673 4199 quaerit,
3706 4143 3821 4184 non
3861 4144 3948 4187 Ie

2307 4225 2478 4293 ipsam
2532 4231 2753 4293 quaerat.
2811 4222 3184 4292 QuaprOpter,
3232 4222 3481 4292 quoniam
3532 4237 3652 4276 cum
3708 4224 3954 4290 quaerit

2309 4330 2462 4370 mens
2493 4314 2617 4386 quid
2649 4315 2718 4368 sit
2750 4329 2936 4380 mens,
2970 4313 3118 4368 novit
3147 4313 3287 4383 quod
3315 4328 3374 4368 se
3402 4319 3616 4383 quaerat,
3651 4309 3956 4381 profecto

2307 4409 2456 4464 nevit
2484 4407 2626 4480 quod
2670 4407 2780 4477 ipsa
2812 4407 2881 4462 sit
2926 4422 3096 4461 mens.
3147 4407 3314 4461 Porro
3341 4407 3386 4461 si
3429 4405 3529 4461 hoc
3573 4404 3627 4459 in
3661 4417 3725 4459 se
3754 4408 3964 4464 novit

2306 4501 2449 4573 quod
2494 4517 2646 4557 mens
2690 4510 2792 4566 est,
2839 4510 2894 4556 et
2937 4507 3046 4554 tota
3090 4514 3244 4554 mens
3275 4507 3378 4564 est,
3426 4507 3592 4553 totam
3635 4513 3696 4553 se
3731 4501 3960 4557 novit.

2279 4591 2412 4648 “Sed
2444 4607 2570 4648 ecce
2617 4607 2722 4647 non
2767 4605 2827 4646 se
2867 4589 3075 4646 noverit
3113 4605 3233 4645 esse
3263 4598 3496 4645 mentem
3519 4631 3534 4656 ,
3567 4603 3689 4644 eum
3720 4601 3970 4649 autem

2307 4701 2366 4740 se
2394 4684 2615 4756 quaerit,
2647 4682 2748 4738 hoc
2776 4680 3145 4738 tantummodo
3171 4682 3379 4737 noverit
3415 4681 3558 4752 quod
3587 4695 3648 4737 se
3675 4696 3970 4752 quanrat.

2308 4778 2490 4834 Potest
2519 4776 2662 4832 enim
2694 4776 2962 4830 etiam"sic
2991 4773 3133 4829 aliud
3165 4789 3261 4845 pro
3292 4774 3399 4829 alio
3427 4788 3694 4844 quaerere,
3725 4776 3794 4830 si
3835 4775 3982 4834 hoc

2307 4871 2478 4926 nescit
2506 4888 2518 4923 :
2554 4879 2609 4924 ut
2636 4877 2815 4925 autem
2844 4883 2949 4924 non
2979 4875 3184 4938 quaerat
3205 4867 3356 4923 ttiiud
3399 4882 3500 4938 pro
3540 4866 3647 4921 alio
3670 4907 3685 4932 ,
3718 4871 3982 4936 procul

2307 4961 2470 5018 dubio
2511 4961 2661 5016 novit
2689 4961 2816 5032 quid
2860 4970 3081 5030 quaerat.
3130 4961 3200 5015 At
3231 4961 3275 5015 si
3318 4959 3468 5014 novit
3505 4958 3633 5030 quid
3675 4974 3990 5034 quaerat,

2307 5063 2362 5112 et
2391 5069 2449 5108 se
2477 5055 2646 5124 ipsam
2672 5053 2884 5125 quaerit,
2913 5067 2972 5109 se
3000 5052 3169 5124 ipsam
3201 5053 3382 5122 utique
3410 5051 3579 5107 novit.
3610 5050 3772 5119 Quid
3817 5071 3995 5126 ergo

2308 5146 2481 5201 adhuc
2506 5145 2740 5216 quaerit?
2782 5143 2936 5213 Quod
2975 5145 3019 5200 si
3062 5161 3128 5200 ex
3160 5154 3311 5215 parte
3339 5159 3400 5200 se
3429 5145 3616 5212 novit,
3644 5158 3722 5198 ex
3784 5157 4007 5218 parte

2308 5248 2486 5296 autem
2512 5238 2686 5293 adhuc
2714 5237 2921 5308 quaerit,
2953 5253 3059 5293 non
3085 5253 3142 5293 se
3171 5239 3361 5308 ipsam,
3395 5237 3489 5293 sed
3518 5246 3747 5307 partem
3789 5254 4005 5300 suam

2307 5332 2515 5403 quaerit.
2546 5331 2681 5386 Cum
2708 5329 2850 5386 enim
2877 5345 2939 5386 ea
2967 5331 3079 5400 ipsa
3108 5329 3323 5394 dicitur,
3354 5338 3464 5384 tota
3493 5328 3727 5383 dicitur.
3782 5331 4013 5392 Dein-

2308 5425 2376 5481 de
2403 5427 2524 5496 quia
2553 5425 2703 5480 novit
2734 5423 2968 5479 nondum
2996 5438 3054 5478 se
3081 5437 3110 5476 a
3136 5437 3196 5478 se
3223 5424 3491 5478 inventam
3524 5430 3702 5477 totam
3737 5467 3764 5494 ,
3809 5434 4020 5487 novi;

2309 5527 2505 5588 quanta
2535 5517 2604 5572 sit
2631 5525 2762 5571 tota.
2793 5518 2967 5586 Atque
3008 5515 3079 5569 ita
3111 5516 3303 5585 quaerit
3328 5513 3472 5586 quod
3499 5513 3649 5570 deest
3681 5555 3706 5580 ,
3751 5534 4026 5590 quem-

2309 5611 2595 5666 admodum
2646 5611 2880 5665 solemus
2931 5624 3192 5679 quaerere,
3242 5618 3299 5664 ut
3338 5611 3520 5662 veniat
3564 5609 3614 5660 in
3671 5591 4030 5676 ηιθηῶ-

2310 5704 2454 5775 quod
2481 5702 2697 5767 excidit,
2729 5717 2829 5758 nec
2859 5712 3036 5757 tamen
3066 5702 3276 5772 penitus
3305 5699 3546 5766 excedit;
3573 5700 3739 5769 quia
3783 5720 4039 5778 potest

2312 5797 2640 5868 recognosci,
2675 5811 2798 5851 cum
2828 5795 3058 5864 venerit,
3091 5794 3193 5852 hoc
3218 5809 3341 5852 esse
3369 5792 3510 5866 quod
3535 5799 4038 5863 quaerebatur.

2376 5932 2395 5965 ι
2429 5929 2644 5980 Nonnulli
2667 5936 2796 5990 Mss,
2821 5935 2918 5980 tota
2937 5942 2990 5982 se
3009 5928 3116 5982 scil.

2378 5993 2412 6054 ί,
2431 5999 2575 6045 Juxta
2594 5999 2722 6056 ιω,
2747 5992 2937 6057 quaerit.
3007 6000 3061 6044 at.
