4076 6446
556 401 665 463 919

636 519 721 576 to.
763 514 823 575 lu
852 515 937 573 bis
962 514 1208 572 omnibus
1232 508 1509 569 sententiis
1530 510 1768 581 quisquis
1786 508 1932 565 videt
1954 511 2150 567 mentis

560 620 807 670 naturam
831 618 1020 667 etesse
1040 604 1390 662 substantiam
1414 645 1431 671 ,
1463 611 1517 659 et
1534 618 1641 658 non
1662 616 1781 658 esse
1800 616 2111 672 corpoream
2132 643 2149 670 ,

559 707 618 762 id
649 713 770 771 est,
814 718 918 758 non
966 700 1175 755 minore
1219 698 1302 754 sui
1342 704 1494 767 parte
1534 696 1710 751 minus
1751 709 2013 765 occupare
2049 695 2150 749 loci

561 798 797 869 spatium
822 836 836 860 ,
867 793 1145 864 majusque
1169 791 1406 862 majore;
1438 788 1595 845 simul
1617 795 1829 859 oportet
1852 787 2031 843 videat
2058 800 2151 842 eos

557 891 653 962 qui
678 890 962 962 opinantur
988 901 1107 943 esse
1130 900 1444 955 corpoream
1472 925 1488 952 ,
1529 898 1636 938 non
1681 881 1748 937 ob
1791 881 1893 936 hoc
1931 895 2112 936 errare
2133 922 2148 947 ,

560 981 705 1053 quod
737 994 887 1035 mens
913 978 1053 1036 desit
1075 992 1262 1035 eorum
1291 978 1496 1032 notitiae
1522 1017 1535 1042 ,
1563 975 1659 1030 sed
1689 973 1831 1044 quod
1859 972 2153 1044 adjungunt

559 1089 628 1130 ea
655 1074 771 1129 sine
799 1072 995 1143 quibus
1018 1071 1218 1127 nullam
1242 1077 1462 1141 possunt
1484 1068 1717 1139 cogitare
1738 1074 2000 1122 naturam.
2025 1064 2152 1121 Sine

555 1164 862 1238 .phantasiis
912 1162 1055 1220 enim
1099 1176 1383 1233 corporum
1435 1158 1691 1232 quidquid
1729 1158 1864 1229 jussi
1910 1156 2106 1212 fuerint
2126 1157 2151 1189 νι

562 1258 802 1328 cogitare
825 1297 841 1324 ,
868 1256 1001 1313 nihil
1021 1256 1241 1311 omnino
1267 1269 1387 1311 esse
1413 1252 1759 1309 arbitrantur.
1788 1250 2021 1321 Ideoque
2044 1264 2152 1305 non

563 1362 627 1404 se
650 1390 665 1413 ,
698 1357 951 1420 tanquam
979 1349 1082 1405 sibi
1110 1349 1288 1417 desit,
1338 1361 1490 1403 mens
1528 1346 1788 1417 requirat.
1828 1344 1966 1414 Quid
2010 1344 2152 1400 enim

563 1448 675 1495 tam
701 1442 991 1514 cognitioni
1018 1441 1206 1508 adest,
1231 1455 1391 1511 quam
1418 1438 1471 1494 id
1490 1438 1633 1510 quod
1658 1437 1822 1493 menti
1850 1435 2042 1492 adest?
2062 1446 2155 1492 aut

565 1533 692 1605 quid
734 1543 840 1589 tam
892 1535 1054 1589 menti
1094 1534 1284 1600 adest,
1329 1548 1487 1603 quam
1534 1532 1647 1602 ipsa
1689 1530 1886 1587 mens?
1917 1529 2065 1586 Unde
2100 1537 2155 1584 et

559 1624 680 1697 ipsa
708 1642 826 1695 quae
856 1627 1148 1699 appellatur
1181 1626 1416 1682 inventio
1440 1667 1455 1693 ,
1486 1625 1533 1680 si
1576 1623 1727 1679 verbi
1770 1623 2027 1693 originem
2066 1638 2154 1677 re-

562 1726 861 1774 tractemus
882 1760 897 1786 ,
927 1718 1054 1788 quid
1081 1717 1223 1773 aliud
1249 1726 1461 1773 resonat
1485 1757 1500 1784 ,
1530 1716 1629 1771 nisi
1659 1716 1780 1786 quia
1808 1716 2045 1771 invenire
2072 1724 2155 1771 est

562 1810 621 1867 in
652 1811 706 1868 id
734 1811 920 1868 venire
946 1811 1090 1882 quod
1132 1810 1433 1881 quaeritur?
1481 1809 1768 1879 Propterea
1790 1849 1806 1875 ,
1843 1824 1963 1880 quae
2003 1809 2154 1879 quasi

564 1904 710 1960 ultro
740 1905 793 1959 in
821 1911 1057 1960 mentem
1090 1904 1349 1969 veniunt,
1392 1916 1501 1957 non
1542 1902 1735 1958 usitate
1776 1900 2025 1956 dicuntur
2067 1902 2153 1955 in~

565 2006 725 2053 vetita
749 2040 765 2066 ,
794 1998 1036 2069 quamvis
1062 1998 1272 2068 cognita
1300 1996 1405 2051 dici
1433 1994 1676 2066 possint;
1717 1994 1841 2064 quia
1869 2009 1976 2050 non
2007 1995 2062 2049 in
2090 2010 2152 2052 ea

560 2089 857 2160 quaerendo
887 2089 1231 2146 tendebamus
1250 2131 1266 2157 ,
1294 2097 1352 2144 ut
1381 2088 1435 2143 in
1462 2102 1524 2143 ea
1544 2087 1884 2153 veniremus',
1912 2086 2015 2143 hoc
2034 2097 2117 2143 est
2134 2130 2150 2156 ,

566 2195 631 2235 ea
660 2179 1042 2238 inveniremus.
1069 2181 1401 2250 Quapropter
1427 2220 1442 2247 ,
1468 2178 1606 2234 sicut
1631 2193 1695 2235 ea
1723 2194 1841 2249 qua:
1870 2179 2039 2235 oculis
2065 2188 2155 2235 aut

564 2272 677 2329 ullo
704 2273 810 2329 alio
834 2274 1076 2344 corporis
1099 2286 1261 2329 sensu
1283 2272 1626 2343 requiruntur
1647 2312 1662 2336 ,
1688 2272 1801 2342 ipsa
1824 2286 1975 2329 mens
2003 2288 2152 2344 quaso

570 2365 643 2420 rit
671 2365 827 2438 (ipsa
870 2365 1013 2421 enim
1049 2365 1209 2421 etiam
1250 2379 1467 2421 sensum
1510 2364 1689 2420 carnis
1734 2364 1998 2433 intendit,
2030 2370 2153 2421 tunc

562 2464 744 2513 autem
770 2457 974 2514 invenit
998 2499 1015 2525 ,
1036 2472 1159 2513 cum
1184 2457 1239 2512 in
1263 2471 1325 2513 ea
1350 2473 1469 2529 qua:
1492 2458 1832 2528 requiruntur
1860 2458 2000 2513 idem
2030 2474 2155 2514 sen-

566 2562 661 2605 sus
689 2547 916 2620 venit):
948 2548 1026 2603 sic
1051 2549 1155 2603 alia
1184 2563 1302 2619 quae
1334 2564 1441 2604 non
1485 2565 1746 2618 corporeo
1786 2565 1947 2606 sensu
1988 2552 2153 2606 inter.

564 2641 753 2697 nuntio
777 2684 793 2708 ,
824 2641 918 2696 sed
950 2655 1046 2712 per
1069 2656 1128 2696 se
1151 2642 1319 2711 ipsam
1350 2657 1507 2697 nosse
1535 2641 1714 2708 debet,
1739 2657 1862 2697 cum
1890 2643 1940 2696 in
1968 2658 2030 2698 ea
2057 2659 2151 2699 ve—

564 2733 683 2801 nit,
726 2734 962 2798 invenit;
1000 2742 1090 2788 aut
1125 2733 1175 2787 in
1223 2734 1496 2803 superiore
1536 2733 1829 2788 substantia
1854 2775 1867 2799 ,
1902 2733 1953 2788 id
1990 2742 2071 2789 est
2098 2735 2152 2789 in

472 2854 473 2857 η
565 2824 678 2880 Deo
701 2866 717 2890 ,
747 2833 837 2879 aut
866 2826 918 2880 in
943 2825 1154 2880 caeteris
1181 2826 1373 2880 animm
1412 2825 1646 2895 partibus
1671 2868 1687 2893 ,
1734 2826 1870 2883 sicut
1909 2825 1977 2881 de
2024 2826 2152 2895 ipsis

564 2915 885 2986 imaginibus
911 2931 1193 2985 corporum
1219 2932 1339 2972 eum
1363 2915 1565 2986 judicat
1590 2932 1603 2981 ;
1629 2917 1769 2971 intus
1789 2917 1933 2971 enim
1960 2918 2013 2971 in
2038 2918 2153 2971 ani-

563 3022 651 3060 ma
684 3022 776 3063 eas
802 3008 1003 3063 invenit
1028 3023 1124 3077 per
1149 3023 1342 3077 corpus
1370 3008 1677 3077 impressas.

636 3098 861 3153 CAPUT
889 3098 1021 3153 Vlll.
1050 3129 1121 3140 -—
1146 3100 1232 3154 11.
1267 3099 1530 3165 Quomodo
1558 3116 1611 3154 se
1650 3101 1814 3169 ipsam
1855 3100 2026 3153 anima
2066 3100 2150 3154 in-

564 3191 749 3261 quirat.
786 3190 948 3247 Error
970 3194 1152 3248 anima:
1179 3194 1242 3247 de
1265 3210 1319 3247 se
1343 3194 1455 3263 ipsa
1495 3194 1647 3248 unde.
1692 3194 1831 3264 Ergo
1875 3209 1934 3250 se
1980 3195 2150 3265 ipsam

567 3283 1020 3352 quemadmodum
1045 3294 1249 3355 qureret
1269 3295 1321 3340 et
1342 3286 1575 3340 inveniat
1599 3328 1612 3351 ,
1643 3286 1899 3342 mirabilis
1928 3288 2151 3357 quaestio

563 3385 647 3431 est
673 3416 690 3443 ,
719 3392 828 3447 quo
858 3378 1038 3434 tendat
1067 3388 1127 3433 ut
1154 3386 1358 3448 quierat
1377 3421 1391 3446 ,
1426 3388 1516 3433 aut
1562 3395 1666 3449 quo
1708 3382 1885 3435 veniat
1914 3391 1969 3436 ut
1999 3383 2150 3438 inve-

560 3470 693 3523 niat.
724 3468 861 3537 Quid
891 3471 1030 3524 enim
1066 3478 1170 3524 tam
1198 3472 1251 3524 in
1279 3468 1457 3526 mente
1498 3486 1655 3541 quam
1698 3485 1850 3526 mens
1893 3474 2017 3527 est?
2045 3474 2150 3529 Sed

559 3560 685 3631 quia
712 3561 764 3615 in
795 3562 861 3616 iis
883 3571 966 3618 est
993 3578 1110 3633 qua:
1151 3577 1273 3618 cum
1310 3577 1494 3618 amore
1527 3563 1763 3633 cogitat,
1809 3565 2150 3621 sensibilibus

560 3662 741 3708 autem
767 3694 782 3721 ,
813 3653 866 3708 id
892 3663 975 3711 est
1012 3655 1376 3724 corporalibus
1401 3696 1417 3721 ,
1464 3652 1587 3711 eum
1628 3670 1809 3711 amore
1853 3657 2149 3713 assuefaeta

566 3753 652 3802 est
673 3788 689 3814 ,
722 3762 829 3801 non
860 3748 1001 3803 valet
1028 3749 1143 3804 sine
1172 3748 1487 3819 imaginibus
1516 3764 1699 3803 eorum
1727 3764 1845 3805 esse
1873 3750 1924 3806 in
1943 3758 2147 3806 semet-

559 3836 697 3908 ipsa.
731 3838 864 3893 [line
919 3839 967 3895 ei
996 3838 1235 3895 oboritur
1261 3840 1461 3897 erroris
1484 3839 1715 3896 dedecus
1739 3882 1754 3909 ,
1798 3841 1926 3896 dum
1969 3857 2148 3897 rerum

562 3944 843 3986 sensarum
875 3931 1129 4001 imagines
1156 3947 1439 3988 secernere
1465 3948 1496 3986 a
1525 3947 1584 3988 se
1621 3948 1728 3988 non
1765 3942 1973 4003 potest,
2007 3942 2065 3988 ut
2088 3948 2149 3990 se

561 4021 732 4077 solam
762 4021 957 4077 videat.
1002 4021 1351 4079 Cobaeserunt
1397 4025 1539 4079 enim
1588 4025 1899 4081 mirabiliter
1944 4026 2149 4097 glutino

561 4113 761 4167 amoris
792 4132 805 4167 :
832 4122 885 4168 et
913 4114 1027 4169 haec
1054 4124 1135 4170 est
1163 4115 1277 4184 ejus
1316 4115 1651 4170 immunditia
1672 4157 1688 4184 ,
1725 4117 1974 4186 quoniam
2019 4118 2146 4173 dum

560 4219 624 4261 se
652 4205 820 4260 solam
850 4206 1035 4259 nititur
1058 4206 1293 4275 cogitare
1318 4249 1333 4273 ,
1362 4206 1463 4262 hoc
1492 4222 1550 4262 se
1582 4218 1730 4275 putat
1758 4223 1876 4263 esse
1903 4209 2017 4263 sine
2042 4224 2147 4279 quo

560 4312 623 4355 se
651 4313 756 4354 non
784 4306 961 4369 potest
984 4300 1237 4370 cogitare.
1261 4299 1393 4355 Cum
1421 4301 1579 4371 igitur
1600 4302 1650 4357 ei
1677 4304 1980 4371 praecipitur
2006 4313 2061 4359 ut
2089 4319 2148 4361 se

563 4392 737 4464 ipsam
766 4401 1094 4465 cognoscat,
1124 4408 1230 4448 non
1258 4408 1317 4449 se
1357 4402 1604 4464 tanquam
1647 4395 1748 4451 sibi
1793 4396 2027 4451 detracta
2079 4398 2150 4453 sit

562 4493 806 4555 quaerat;
837 4486 931 4541 sed
958 4484 1011 4541 id
1036 4486 1176 4556 quod
1221 4485 1323 4541 sibi
1370 4485 1571 4541 addidit
1607 4487 1871 4542 detrahat.
1922 4488 2149 4543 Interior

562 4584 647 4632 est
674 4576 817 4631 enim
848 4577 958 4646 ipsa
984 4617 999 4644 ,
1031 4591 1135 4632 non
1166 4576 1338 4631 solum
1363 4592 1520 4648 quam
1563 4578 1663 4634 ista
1710 4579 1981 4636 sensibilia
2029 4597 2147 4651 qua:

557 4669 844 4726 manifeste
871 4670 1001 4725 foris
1020 4679 1178 4737 sunt,
1203 4670 1297 4725 sed
1319 4671 1478 4726 etiam
1506 4686 1662 4741 quam
1684 4672 1942 4744 imagines
1961 4688 2146 4729 eorum

559 4780 682 4834 quae
707 4762 760 4819 in
790 4773 941 4835 parte
963 4764 1191 4835 quadam
1219 4774 1343 4821 sunt
1382 4765 1573 4820 animae
1598 4807 1612 4830 ,
1652 4782 1809 4837 quam
1850 4768 2049 4823 habent
2094 4777 2149 4824 et

560 4858 746 4915 bestiae
772 4900 787 4926 ,
834 4859 1075 4929 quamvis
1113 4859 1714 4935 intelligentiacareant
1738 4901 1754 4928 ,
1795 4874 1913 4930 quae
1953 4862 2147 4918 mentis

558 4959 643 5007 est
682 4951 915 5021 propria.
965 4950 1095 5005 Cum
1143 4965 1271 5021 ergo
1309 4950 1379 5005 sit
1422 4965 1574 5005 mens
1617 4951 1876 5017 interior,
1916 4954 2145 5023 quodam

560 5041 722 5098 modo
748 5043 863 5098 exit
904 5058 936 5097 a
961 5042 1244 5111 semetipsa
1269 5082 1283 5106 ,
1313 5056 1435 5097 cum
1483 5043 1535 5096 in
1576 5042 1693 5098 haec
1738 5044 1888 5113 quasi
1927 5047 2143 5116 vestigia

562 5134 850 5188 multarum
880 5134 1231 5189 intentionum
1262 5133 1460 5188 exserit
1488 5135 1685 5190 amoris
1712 5134 1977 5191 affectum.
2017 5138 2144 5205 Qum

565 5227 781 5297 vestigia
839 5235 1091 5296 tanquam
1145 5225 1518 5295 imprimuntur
1573 5228 1890 5295 memoriae,
1937 5230 2144 5298 quando

563 5316 676 5374 lucc
701 5334 820 5389 quae
862 5318 990 5373 foris
1033 5326 1155 5374 sunt
1198 5318 1489 5389 corporalia
1535 5319 1873 5387 sentiuntur,
1904 5329 1961 5375 ut
1987 5324 2145 5377 etiam

562 5426 683 5464 cum
715 5412 906 5466 absunt
936 5412 1035 5466 ista
1058 5452 1074 5478 ,
1110 5420 1304 5481 praesto
1330 5410 1436 5466 sint
1466 5418 1642 5467 tamen
1675 5412 1933 5483 imagines
1961 5428 2144 5469 eorum

563 5502 939 5571 cogitantibus.
977 5502 1276 5573 Cognoscat
1300 5517 1428 5575 ergo
1457 5505 1796 5573 semetipsam
1825 5546 1839 5571 ,
1870 5520 1969 5559 nec
1998 5507 2144 5573 quasi

563 5596 840 5652 absentem
869 5612 927 5652 se
962 5604 1200 5668 quaerat,
1227 5596 1319 5651 sed
1350 5596 1700 5653 intentionem
1730 5596 2015 5653 voluntatis
2045 5612 2147 5668 qua

560 5703 659 5761 per
686 5688 787 5744 alia
829 5688 1155 5759 vagabatur,
1206 5698 1397 5745 statuat
1435 5689 1489 5743 in
1530 5690 1869 5760 semetipsam
1897 5692 1939 5757 ’,
1990 5700 2043 5745 et
2090 5706 2148 5746 se

627 5830 639 5853 ι
681 5825 813 5887 r‘diti,
838 5822 925 5874 visi
941 5822 1135 5887 fuerint.
1163 5830 1368 5887 AtiMss.,
1384 5823 1513 5887 jussi
1538 5824 1727 5877 fuerint.

627 5886 647 5916 ³
681 5885 901 5945 Plerique
925 5893 1053 5943 διεδ..
1077 5885 1127 5935 in
1149 5899 1198 5936 se
1220 5886 1339 5946 ipsa.

1694 395 1782 453 DE
1820 390 2216 467 TRINITATE,
2256 393 2311 451 S.
2356 392 2722 455 AUGUSTINI

3236 309 3605 410 ...ΨΑ
3589 358 3592 361 Υ

3237 383 3248 389 ο
3260 386 3271 391 ν.
3280 388 3295 397 Γ
3444 394 3451 401 ο
3504 382 3511 391 3

3284 402 3325 414 'Vp’
3394 408 3405 414 ι-
3452 406 3463 414 ,⁷
3486 406 3493 412 π

3750 405 3860 470 980

2259 510 2474 580 cogitet.
2508 510 2583 565 Ita
2609 509 2809 567 videbit
2833 510 2975 583 quod
3008 527 3276 587 nunquam
3305 529 3367 576 se
3398 530 3505 576 non
3546 522 3853 592 amaverit,

2262 617 2530 672 nunquam
2561 603 2812 658 nescierit
2842 622 2855 659 :
2884 604 2977 659 sed
3004 606 3145 661 aliud
3172 621 3353 663 secum
3380 610 3609 667 amando
3634 627 3759 667 cum
3788 628 3855 669 eo

2257 705 2318 748 se
2345 692 2585 749 confudit
2622 702 2675 748 et
2722 696 2993 751 concrevit
3042 697 3273 768 quodam
3325 702 3521 767 modo;
3572 713 3735 775 atque
3781 706 3853 763 ita

2254 785 2382 841 dum
2412 788 2550 843 sicut
2581 804 2743 843 unum
2775 790 2983 845 diversa
3012 793 3422 863 complectitur,
3452 812 3615 851 unum
3645 802 3853 869 putavit

2256 891 2378 935 esse
2407 896 2525 949 quae
2555 880 2770 936 diversa
2797 891 2940 937 sunt.

2329 970 2553 1027 CAPUT
2594 971 2685 1026 IX.
2736 1002 2795 1012 -—
2836 972 2922 1027 12.
2959 974 3105 1030 Mens
3132 992 3187 1031 eo
3211 977 3323 1048 ipso
3352 994 3405 1032 se
3430 982 3723 1050 cognoscit,
3755 1000 3855 1054 quo

2252 1065 2497 1135 intelligit
2526 1077 2831 1138 praeceptum
2859 1085 2911 1123 se
2938 1072 3292 1141 cognoscendi.
3322 1071 3437 1127 Non
3487 1074 3665 1146 itaque
3712 1078 3854 1132 velut

2250 1160 2533 1214 absentem
2556 1175 2615 1215 se
2638 1169 2842 1230 quaerat
2867 1176 3090 1217 cernere
3114 1204 3128 1228 ,
3158 1163 3252 1217 sed
3277 1174 3596 1234 prmsentem
3622 1182 3681 1223 se
3705 1178 3854 1224 curet

2252 1249 2586 1306 discernere.
2618 1251 2728 1307 Nec
2756 1266 2813 1307 se
2835 1254 2985 1323 quasi
3012 1268 3117 1309 non
3149 1256 3289 1310 norit
3315 1265 3639 1328 cognoscat,
3669 1260 3764 1315 sed
3788 1260 3854 1315 ab

2258 1358 2325 1399 eo
2352 1343 2494 1414 quod
2523 1346 2541 1376 ¹
2572 1345 2800 1400 alterum
2833 1346 2980 1401 novit
3008 1347 3302 1418 dignoscat.
3332 1347 3508 1421 Ipsum
3537 1353 3679 1408 enim
3711 1354 3854 1423 quod

2258 1437 2410 1492 audit
2438 1479 2452 1502 ,
2485 1437 2758 1508 Cognosce
2786 1447 2838 1494 te
2869 1440 3036 1509 ipsam
3068 1481 3081 1505 ,
3128 1441 3399 1510 quomodo
3425 1458 3582 1514 agere
3604 1444 3851 1510 curabit,

2259 1530 2305 1585 si
2334 1530 2544 1597 nescit,
2578 1538 2668 1585 aut
2695 1530 2823 1601 quid
2850 1532 2955 1596 sit,
2986 1530 3301 1603 Cognosce;
3332 1542 3422 1589 aut
3459 1535 3585 1605 quid
3630 1538 3742 1603 sit,
3780 1535 3856 1594 Te

2256 1622 2473 1693 ipsam?
2500 1622 2557 1678 Si
2582 1631 2756 1677 autem
2782 1634 3065 1693 utrumque
3088 1624 3239 1678 novit
3262 1666 3278 1691 ,
3313 1628 3455 1680 novit
3477 1635 3533 1681 et
3552 1642 3612 1682 se
3634 1628 3806 1697 ipsam
3836 1646 3850 1683 :

2261 1717 2381 1786 quia
2409 1731 2515 1772 non
2547 1718 2616 1771 ita
2644 1716 2836 1771 dicitur
2861 1717 3026 1771 menti
3051 1759 3065 1783 ,
3090 1717 3366 1787 Cognosce
3396 1728 3447 1773 te
3473 1718 3645 1789 ipsam
3670 1762 3686 1786 ,
3716 1722 3857 1776 sicut

2258 1808 2456 1863 dicitur
2479 1852 2495 1877 ,
2522 1809 2797 1879 Cognosce
2821 1808 3109 1864 Cherubim
3139 1818 3193 1864 et
3217 1808 3493 1881 Seraphim
3524 1828 3537 1864 :
3564 1811 3634 1867 de
3659 1813 3858 1868 absen-

2261 1900 2402 1956 tibus
2431 1903 2572 1956 enim
2602 1902 2709 1956 illis
2738 1901 3005 1958 credimus
3029 1945 3043 1969 ,
3076 1903 3371 1958 secundum
3418 1904 3561 1975 quod
3600 1905 3856 1962 caelestes

2262 1994 2503 2066 quaedam
2558 2004 2846 2066 potestates
2890 2010 3009 2051 esse
3056 1995 3433 2066 praedicantur.
3478 1997 3661 2068 Neque
3715 1999 3858 2054 sicut

2260 2086 2453 2142 dicitur
2480 2130 2496 2156 ,
2545 2086 2817 2157 Cognosce
2854 2088 3181 2143 voluntatem
3225 2088 3366 2143 illius
3410 2088 3691 2145 hominis:
3734 2107 3858 2161 qua:

2258 2181 2415 2235 nobis
2444 2196 2541 2236 nec
2565 2181 2631 2235 ad
2661 2180 2995 2236 sentiendum
3025 2180 3133 2235 ullo
3161 2181 3319 2235 modo
3343 2222 3357 2246 ,
3406 2196 3504 2237 nec
3548 2182 3615 2237 ad
3650 2182 3855 2238 intelli-

2258 2273 2491 2344 gendum
2518 2280 2713 2342 prmsto
2738 2280 2820 2327 est
2846 2314 2860 2339 ,
2905 2272 3006 2325 nisi
3050 2272 3414 2342 corporalibus
3452 2272 3614 2343 signis
3650 2274 3854 2339 editis;

2259 2374 2315 2421 et
2340 2368 2441 2420 hoc
2467 2365 2535 2418 ita
2561 2407 2582 2433 ι
2606 2372 2666 2418 ut
2698 2362 2865 2433 magis
2907 2362 3186 2418 credamus
3210 2405 3225 2429 ,
3267 2378 3425 2433 quam
3468 2364 3854 2435 intelligamus.

2259 2456 2441 2527 Neque
2488 2456 2559 2510 ita
2604 2462 2663 2509 ut
2710 2454 2903 2509 dicitur
2945 2454 3190 2520 homini,
3246 2454 3379 2513 Vide
3424 2453 3611 2510 faciem
3661 2466 3855 2511 tuam:

2258 2548 2401 2619 quod
2433 2549 2534 2604 nisi
2562 2549 2614 2602 in
2657 2548 2874 2619 speculo
2918 2546 3029 2602 fieri
3073 2563 3180 2601 non
3224 2557 3420 2617 potest.
3467 2547 3596 2602 Nam
3636 2557 3691 2603 et
3738 2549 3857 2619 ipsa

2258 2653 2437 2698 nostra
2469 2642 2629 2698 facies
2659 2641 2853 2696 absens
2878 2641 2944 2695 ab
2973 2648 3190 2711 aspectu
3220 2649 3401 2695 nostro
3432 2649 3513 2696 est
3535 2684 3549 2706 ,
3589 2642 3713 2712 quia
3744 2658 3856 2697 non

2259 2736 2330 2791 ibi
2358 2744 2439 2791 est
2465 2751 2570 2805 quo
2596 2736 2684 2790 ille
2714 2734 2868 2805 dirigi
2896 2743 3090 2804 poteSt.
3124 2733 3229 2789 Sed
3265 2749 3387 2789 cum
3423 2734 3618 2788 dicitur
3642 2735 3810 2789 menti
3837 2778 3853 2801 ,

2258 2826 2533 2897 Cognosce
2560 2836 2613 2880 te
2636 2827 2803 2895 ipsam
2831 2866 2847 2893 ,
2876 2840 2943 2880 eo
2970 2826 3076 2879 ictu
3093 2840 3199 2895 quo
3219 2825 3465 2895 intelligit
3485 2826 3626 2896 quod
3648 2826 3854 2881 dictum

2259 2928 2342 2973 est
2367 2959 2381 2982 ,
2412 2917 2486 2973 Te
2518 2918 2683 2988 ipsam
2715 2960 2728 2984 ,
2759 2917 3035 2988 cognoscit
3063 2910 3123 2972 se
3148 2918 3316 2987 ipsam
3346 2935 3359 2983 ;
3408 2932 3506 2972 nec
3551 2917 3623 2972 ob
3666 2918 3811 2973 aliud
3836 2960 3852 2984 ,

2258 3026 2417 3082 quam
2443 3026 2510 3065 eo
2537 3010 2675 3081 quod
2696 3010 2797 3065 sibi
2820 3025 3055 3080 praesens
3074 3019 3175 3065 est.
3202 3010 3260 3065 Si
3285 3019 3460 3065 autem
3481 3009 3622 3080 quod
3648 3011 3855 3067 dictum

2258 3114 2342 3160 est
2367 3120 2473 3159 non
2501 3104 2745 3174 intelligit
2769 3145 2783 3171 ,
2808 3118 2916 3159 non
2939 3103 3121 3174 utique
3148 3102 3289 3158 facit.
3318 3102 3429 3159 Hoc
3456 3104 3614 3175 igitur
3640 3106 3689 3160 ei
3716 3120 3856 3175 prte-

2259 3198 2452 3268 cipitur
2480 3205 2537 3251 ut
2568 3195 2757 3263 faciat,
2785 3196 2925 3267 quod
2952 3212 3071 3250 cum
3094 3196 3269 3267 ipsum
3298 3205 3619 3267 przcceptum
3648 3196 3855 3252 intelli-

2257 3290 2333 3359 git
2356 3331 2369 3353 ,
2404 3290 2543 3343 facit.

2330 3381 2554 3437 CAPUT
2583 3380 2652 3435 Χ.
2678 3410 2751 3421 —
2778 3380 2863 3436 i5.
2894 3379 3044 3435 Mens
3070 3380 3229 3435 omnis
3255 3380 3353 3435 tria
3375 3381 3438 3435 de
3471 3397 3525 3435 se
3559 3381 3675 3452 ipsa
3715 3391 3853 3437 certo

2259 3474 2381 3538 scit,
2420 3473 2734 3544 intelligere,
2783 3489 2923 3537 esse,
2966 3482 3012 3526 et
3049 3473 3229 3527 virere.
3269 3472 3386 3527 Non
3422 3488 3552 3543 ergo
3595 3472 3853 3544 adjungat

2258 3564 2401 3618 aliud
2429 3563 2495 3618 ad
2518 3563 2569 3618 id
2594 3562 2732 3633 quod
2764 3579 2822 3618 se
2847 3565 3014 3633 ipsam
3042 3565 3315 3634 cognoscit
3341 3605 3355 3629 ,
3384 3579 3504 3619 cum
3531 3565 3679 3619 audit
3708 3574 3767 3619 ut
3793 3581 3850 3621 se

2258 3657 2426 3726 ipsam
2471 3664 2777 3727 cognoscat.
2819 3654 2976 3710 Certe
3018 3657 3159 3711 enim
3210 3657 3358 3711 novit
3404 3657 3504 3711 sibi
3552 3657 3698 3723 dici,
3746 3656 3849 3713 sibi

2253 3749 2460 3803 scilicet
2486 3764 2603 3819 qua:
2634 3756 2714 3803 est
2743 3790 2757 3814 ,
2803 3757 2857 3803 et
2896 3749 3062 3814 vivit,
3109 3758 3165 3803 et
3205 3749 3465 3819 intelligit.
3515 3749 3622 3805 Sed
3672 3761 3757 3805 est
3797 3760 3849 3806 et

2257 3839 2483 3894 Cadaver
2507 3881 2521 3905 ,
2552 3839 2679 3892 vivit
2715 3847 2769 3893 et
2808 3852 3009 3908 pecus:
3051 3839 3297 3910 intelligit
3334 3848 3511 3895 autem
3558 3855 3658 3895 nec
3683 3840 3845 3895 cada-

2257 3947 2352 3986 ver
2374 3974 2389 3997 ,
2419 3946 2518 3985 nec
2545 3946 2722 4000 pecus.
2753 3930 2841 3985 Sic
2869 3947 2997 4001 ergo
3023 3946 3083 3987 se
3107 3947 3226 3987 esse
3251 3939 3302 3986 et
3330 3932 3507 3988 vivere
3538 3934 3640 3989 scit
3665 3976 3679 3999 ,
3719 3949 3849 4004 quo-

2257 4023 2418 4077 modo
2446 4029 2528 4076 est
2551 4029 2605 4076 et
2632 4020 2758 4075 vivit
2788 4022 3154 4094 intelligentia.
3184 4023 3316 4077 Cum
3344 4039 3474 4095 ergo
3497 4067 3510 4085 ,
3545 4025 3694 4079 verbi
3724 4041 3814 4095 gra
3834 4052 3851 4070 ν

2257 4114 2328 4167 tia
2353 4154 2367 4179 ,
2400 4128 2551 4168 mens
2579 4129 2758 4169 aerem
2786 4129 2845 4169 se
2872 4123 3021 4183 putat
3046 4157 3060 4182 ,
3104 4129 3281 4171 aerem
3321 4116 3621 4187 intelligere
3660 4128 3845 4189 putat,

2256 4220 2316 4262 sc
2342 4215 2519 4261 tamen
2550 4206 2844 4277 intelligere
2874 4207 3011 4262 scit:
3054 4222 3230 4261 aerem
3268 4218 3445 4263 autem
3486 4224 3543 4264 se
3577 4224 3700 4263 esse
3739 4225 3847 4264 non

2256 4299 2397 4365 scit,
2426 4297 2517 4353 sed
2546 4306 2711 4367 putat.
2744 4296 2998 4354 Secernat
3021 4299 3160 4369 quod
3187 4315 3244 4355 se
3276 4310 3460 4370 putat,
3490 4309 3675 4355 cernat
3701 4301 3849 4372 quod

2256 4391 2357 4445 scit
2387 4408 2398 4442 :
2427 4390 2526 4445 hoc
2548 4390 2595 4445 ei
2623 4401 2934 4457 remaneat,
2964 4390 3105 4446 unde
3133 4407 3199 4445 ne
3224 4392 3297 4446 illi
3324 4391 3535 4463 quidem
3563 4392 3845 4449 dubitavc-

2255 4492 2418 4547 runt,
2449 4483 2538 4553 qui
2564 4482 2708 4536 aliud
2729 4492 2887 4553 atque
2910 4482 3051 4537 aliud
3073 4497 3266 4554 corpus
3287 4499 3405 4539 esse
3431 4493 3668 4539 mentem
3700 4494 3849 4555 puta-

2257 4582 2469 4628 verunt.
2496 4572 2679 4643 Neque
2705 4574 2846 4628 enim
2872 4574 3046 4629 omnis
3076 4590 3226 4629 mens
3262 4590 3435 4630 aerem
3482 4590 3540 4630 se
3584 4592 3709 4632 esse
3732 4578 3845 4631 exi-

2256 4668 2471 4733 stimat,
2526 4666 2618 4722 sed
2667 4666 2785 4721 alia:
2825 4668 3039 4736 ignem,
3089 4667 3207 4722 aliae
3255 4668 3573 4733 cerebrum,
3621 4669 3848 4739 aliaeque

2255 4758 2400 4815 aliud
2427 4773 2619 4828 corpus
2639 4799 2653 4824 ,
2681 4767 2735 4813 et
2759 4758 2902 4813 aliud
2942 4760 3060 4815 aliae
3085 4802 3100 4827 ,
3142 4760 3277 4815 sicut
3319 4774 3478 4828 supra
3515 4775 3850 4816 commemo-

2254 4855 2371 4909 ravi
2404 4870 2415 4907 :
2446 4868 2632 4908 omnes
2663 4861 2839 4907 tamen
2879 4868 2938 4908 se
2978 4853 3269 4924 intelligere
3299 4856 3599 4921 noverunt,
3636 4864 3689 4908 et
3732 4868 3849 4910 esse

2254 4957 2306 5004 cl
2332 4948 2546 5012 vivere;
2575 4946 2668 5002 sed
2703 4948 3002 5019 intelligere
3028 4947 3093 5007 ad
3122 4947 3172 5003 id
3201 4946 3343 5018 quod
3372 4948 3681 5019 intelligunt
3710 4948 3849 5003 refc-

2253 5047 2411 5104 runt,
2436 5053 2555 5095 esse
2584 5047 2760 5094 autem
2790 5047 2845 5094 et
2874 5039 3052 5095 vivere
3085 5039 3150 5093 ad
3190 5054 3247 5094 se
3291 5040 3450 5109 ipsas.
3494 5039 3562 5093 Et
3595 5040 3725 5095 nulli
3766 5049 3853 5093 est

2254 5132 2508 5199 dubium,
2541 5146 2642 5187 nec
2681 5146 2996 5202 quemquam
3044 5132 3340 5202 intelligere
3381 5132 3469 5201 qui
3515 5147 3624 5185 non
3668 5133 3801 5185 vivat
3835 5175 3847 5191 ,

2256 5240 2353 5280 nec
2378 5239 2695 5295 quemquam
2724 5224 2901 5278 vivere
2924 5225 3013 5293 qui
3041 5240 3146 5278 non
3172 5224 3258 5279 sit.
3290 5225 3428 5294 Ergo
3453 5232 3854 5294 consequenter

2254 5328 2307 5372 ct
2334 5332 2451 5372 esse
2476 5325 2529 5371 ct
2555 5317 2733 5371 vivere
2764 5316 2816 5371 id
2845 5317 2984 5386 quod
3013 5316 3255 5387 intelligit
3281 5359 3295 5383 ,
3329 5331 3433 5371 non
3465 5318 3620 5371 sicuti
3648 5326 3723 5371 est
3751 5332 3851 5368 Cn-

2256 5411 2419 5464 daver
2445 5408 2584 5480 quod
2612 5425 2716 5463 non
2738 5409 2865 5463 vivit
2889 5451 2902 5473 ,
2932 5424 3031 5465 nec
3058 5410 3213 5464 sicuti
3243 5410 3369 5463 vivit
3395 5409 3570 5463 anima
3596 5424 3708 5480 qua:
3738 5426 3852 5462 nr-n

2258 5502 2499 5573 intelligit
2524 5545 2537 5567 ,
2562 5502 2654 5557 scd
2679 5502 2897 5572 proprio
2916 5503 3141 5571 quodam
3164 5503 3458 5573 eodemque
3480 5504 3853 5573 praestantiore

2257 5595 2436 5649 modo.
2472 5594 2599 5649 ltem
2628 5595 2763 5651 velle
2790 5609 2849 5650 se
2875 5595 3047 5650 sciunt
3070 5638 3084 5663 ,
3113 5612 3284 5667 neque
3326 5596 3428 5652 hoc
3468 5612 3621 5667 posse
3653 5611 3853 5665 quem-

2257 5703 2414 5757 quam
2445 5690 2531 5757 qui
2560 5702 2663 5741 non
2692 5688 2761 5742 sit
2783 5696 2838 5742 et
2876 5688 2963 5756 qui
3005 5704 3111 5744 non
3156 5690 3335 5757 vivat,
3389 5691 3585 5760 pariter
3625 5687 3801 5743 sciunt
3834 5707 3851 5743 :

2258 5778 2490 5849 itemque
2522 5780 2687 5847 ipsam
2715 5780 3039 5834 voluntatem
3066 5780 3305 5837 referunt
3330 5781 3396 5837 ad
3423 5780 3619 5852 aliquid
3642 5822 3658 5850 ,
3695 5780 3850 5852 quod

2310 5887 2342 5971 3
2378 5890 2448 5938 sic
2467 5896 2569 5939 uss.
2593 5894 2645 5942 At
2667 5888 2805 5950 editi,
2827 5902 2883 5943 eo
2902 5902 3009 5949 quo.
