4104 6448
279 491 376 557 98!

279 633 347 675 ea
371 617 652 676 voluntate
676 619 880 676 volunt.
905 616 1209 674 Meminisse
1247 616 1409 674 etiam
1451 633 1510 674 se
1543 617 1717 674 sciunt
1743 634 1757 681 ;
1789 617 1867 672 si-

279 713 500 784 mulque
523 715 698 770 sciunt
721 713 862 786 quod
887 727 1047 769 nemo
1071 712 1440 778 meminisset,
1477 711 1578 766 nisi
1621 717 1766 766 esset
1807 724 1872 765 ac

280 806 531 863 viveret:
562 807 656 864 sed
682 815 740 864 et
766 807 936 879 ipsam
976 805 1290 861 memoriam
1336 803 1404 860 ad
1446 803 1642 874 aliquid
1683 801 1870 858 referi-

281 914 437 967 mus,
489 899 632 970 quod
683 914 746 954 ea
791 898 1151 955 meminimus.
1205 897 1422 951 Duobus
1470 896 1628 966 igitur
1678 894 1884 950 horum

282 993 444 1048 trium
470 1021 496 1060 ,ι
532 994 792 1049 memoria
834 1002 889 1048 et
931 991 1278 1063 intelligentia
1301 1031 1316 1057 ,
1363 988 1648 1045 multarum
1694 1003 1872 1044 rerum

282 1087 480 1142 netitia.
514 1095 673 1158 atque
714 1087 938 1142 scientia
979 1086 1362 1141 continentur:
1407 1083 1651 1138 voluntas
1682 1091 1870 1154 autem

284 1179 476 1246 adest,
508 1194 606 1250 per
631 1187 791 1250 quam
834 1177 1074 1234 fruam’ur
1114 1178 1194 1234 eis
1233 1177 1318 1232 vel
1353 1184 1584 1232 utamur.
1627 1173 1875 1229 Fruimur

286 1272 427 1327 enim
459 1272 705 1343 cognitis,
725 1273 776 1326 in
806 1259 999 1343 quibus
1019 1271 1266 1327 voluntas
1286 1269 1416 1341 ipsis
1436 1277 1652 1341 propter
1672 1283 1730 1323 se
1758 1268 1873 1337 ipsa

286 1364 548 1419 delectata
577 1364 907 1435 conquiescit
941 1382 954 1418 :
984 1364 1185 1419 utimur
1215 1377 1344 1420 vero
1369 1362 1447 1418 eis
1478 1376 1594 1432 quae
1620 1360 1688 1416 ad
1729 1359 1874 1416 aliud

285 1455 568 1512 referimus
585 1471 692 1528 quo
715 1455 998 1512 fruendum
1015 1463 1117 1512 est.
1131 1454 1238 1511 Nec
1256 1463 1339 1512 est
1358 1455 1462 1510 alia
1473 1455 1579 1509 vita
1595 1453 1872 1509 hominum

285 1545 476 1604 vitiosa
529 1549 688 1621 atque
739 1549 1018 1620 culpabilis
1041 1590 1058 1617 ,
1089 1563 1249 1620 quam
1285 1548 1424 1603 male
1473 1557 1626 1603 utens
1653 1555 1708 1602 et
1736 1546 1875 1600 male

286 1639 489 1696 fruens.
523 1641 598 1696 De
636 1656 739 1711 qua
775 1655 836 1696 re
878 1656 983 1696 non
1028 1649 1113 1696 est
1153 1655 1294 1695 nunc
1328 1638 1626 1696 disserendi
1659 1639 1828 1694 locus.

355 1733 444 1786 μς
488 1730 596 1788 Sed
619 1732 870 1804 quoniam
895 1733 965 1788 de
989 1739 1178 1788 natura
1217 1731 1412 1788 mentis
1452 1731 1624 1802 agitur
1648 1770 1663 1797 ,
1695 1745 1872 1785 remo-

285 1839 506 1880 veamus
531 1839 564 1880 a
587 1824 1014 1881 consideratione
1050 1830 1233 1880 nostra
1274 1837 1477 1879 omnes-
1504 1821 1718 1877 notitias
1757 1835 1876 1890 quae

285 1915 569 1986 capiuntur
595 1916 929 1972 extrinsecus
955 1930 1051 1986 per
1074 1929 1264 1973 sensus
1283 1914 1561 1985 corporis;
1595 1922 1648 1970 et
1668 1927 1730 1968 ea
1757 1929 1876 1984 quae

285 2009 564 2078 posuimus
583 2049 600 2074 ,
630 2023 820 2065 omnes
841 2017 1050 2066 mentes
1072 2008 1145 2065 de
1173 2024 1232 2065 se
1258 2008 1387 2078 ipsis
1413 2022 1572 2063 nosse
1596 2015 1877 2077 certasque

287 2116 445 2168 esse,
476 2101 782 2174 diligentius
808 2101 1166 2158 attendamus.
1211 2099 1402 2155 Utrum
1444 2099 1587 2154 enim
1629 2098 1768 2154 aeris
1809 2098 1879 2154 sit

287 2193 366 2248 vis
417 2193 672 2261 vivendi,
722 2191 1144 2260 reminiscendi,
1199 2190 1568 2262 intelligendi,
1622 2190 1871 2260 volendi,

288 2284 553 2356 cogitandi
577 2325 592 2352 ,
623 2284 825 2341 sciendi
852 2327 868 2354 ,
891 2284 1165 2356 judicandi
1191 2301 1206 2351 ;
1239 2299 1306 2338 an
1331 2284 1470 2355 ignis
1493 2326 1509 2352 ,
1539 2297 1607 2338 an
1629 2284 1872 2352 cerebri,

286 2392 353 2431 an
381 2377 656 2449 sanguinis
677 2419 694 2445 ,
723 2393 791 2432 an
817 2386 1116 2434 atomorum
1140 2419 1156 2445 ,
1187 2392 1254 2432 an
1277 2385 1472 2447 praeter
1513 2377 1704 2431 usitata
1741 2391 1874 2446 qua-

287 2476 410 2523 tuor
435 2469 700 2524 elementa
729 2469 898 2540 quinti
927 2469 1111 2524 nescio
1135 2469 1286 2539 cujus
1313 2468 1552 2537 corporis
1576 2509 1592 2534 ,
1614 2483 1680 2522 an
1709 2469 1877 2539 ipsius

285 2560 463 2616 carnis
490 2568 690 2616 nostra:
712 2574 971 2631 compago
991 2560 1076 2616 vel
1104 2567 1580 2630 temperamentum
1615 2559 1728 2614 haec
1755 2559 1874 2614 effi-

284 2668 410 2709 cere
467 2653 679 2720 valeat,
724 2653 1100 2710 dubitaverunt
1140 2653 1424 2709 homines:
1472 2660 1527 2708 et
1564 2652 1699 2708 alius
1736 2652 1873 2722 hoc,

284 2745 424 2801 alius
446 2745 592 2802 aliud
617 2745 886 2803 afﬁrmare
910 2755 1132 2802 conatus
1159 2754 1260 2802 est.
1300 2745 1492 2800 Vivere
1523 2759 1581 2800 se
1611 2753 1786 2800 tamen
1821 2754 1878 2801 et

284 2838 598 2894 meminisse
621 2879 636 2905 ,
666 2849 720 2893 et
747 2838 1042 2909 intelligere
1065 2879 1080 2903 ,
1112 2845 1169 2892 et
1208 2836 1347 2893 velle
1369 2877 1385 2904 ,
1416 2845 1473 2891 et
1497 2836 1733 2905 cogitare
1754 2876 1770 2900 ,
1822 2843 1879 2892 et

283 2929 424 2984 scire
444 2969 458 2994 ,
489 2937 544 2984 et
563 2928 804 3000 judicare
825 2929 945 2999 quis
965 2927 1212 2984 dubitet?
1239 2926 1680 2998 Quandoquidem
1707 2926 1872 2992 etiam

283 3021 329 3075 si
353 3021 600 3089 dubitat,
630 3021 796 3076 vivit:
828 3021 873 3077 si
899 3021 1107 3077 dubitat
1131 3019 1271 3075 unde
1311 3019 1558 3087 dubitet,
1598 3018 1874 3085 meminit;

281 3113 328 3167 si
357 3112 604 3180 dubitat,
634 3112 880 3169 dubitare
912 3128 972 3168 se
1001 3112 1285 3184 intelligit;
1317 3111 1363 3166 si
1405 3110 1648 3178 dubitat,
1698 3118 1878 3165 certus

282 3224 404 3264 esse
449 3209 602 3275 vult;
644 3210 689 3264 si
732 3209 973 3276 dubitat,
1019 3209 1249 3279 cogitat;
1296 3207 1339 3262 si
1378 3205 1622 3272 dubitat,
1668 3206 1770 3260 scit
1817 3220 1877 3261 se

284 3301 531 3368 nescire;
560 3301 607 3356 si
631 3301 837 3356 dubitat
861 3343 875 3368 ,
897 3299 1099 3371 judicat
1123 3315 1230 3354 non
1257 3314 1315 3354 se
1341 3305 1546 3354 temere
1573 3297 1876 3353 consentire

283 3404 556 3464 oportere.
589 3394 838 3464 Quisquis
867 3393 1024 3465 igitur
1049 3393 1263 3448 aliunde
1285 3392 1529 3458 dubitat,
1555 3391 1622 3446 de
1650 3391 1731 3446 bis
1760 3407 1877 3446 om-

285 3487 444 3544 nibus
467 3485 714 3542 dubitare
737 3501 843 3541 non
867 3485 1026 3542 debet
1051 3501 1067 3540 :
1091 3500 1209 3556 quae
1234 3483 1280 3540 si
1304 3499 1411 3538 non
1433 3491 1614 3540 essent
1635 3523 1652 3550 ,
1682 3483 1749 3538 de
1768 3483 1875 3538 ulla

285 3593 348 3635 re
376 3580 625 3636 dubitare
653 3594 760 3635 non
791 3588 991 3651 posset.

283 3707 285 3710 ι
356 3671 446 3730 lii.
487 3673 614 3729 Haec
641 3673 820 3729 omnia
845 3714 859 3739 ,
884 3673 974 3743 qui
999 3671 1081 3728 vel
1107 3683 1301 3740 corpus
1322 3669 1407 3725 vel
1430 3669 1874 3740 compositionem

284 3783 382 3823 seu
409 3767 852 3838 temperationem
881 3766 1122 3836 corporis
1151 3777 1274 3819 esse
1301 3771 1535 3818 mentem
1569 3767 1756 3832 putant
1776 3802 1791 3827 ,
1821 3761 1874 3815 in

285 3858 530 3929 subjecto
554 3873 674 3913 esse
716 3857 900 3912 volunt
935 3855 1148 3920 videri,
1192 3862 1250 3910 ut
1293 3851 1588 3908 substantia
1632 3851 1700 3906 sit
1739 3865 1831 3905 aer
1857 3891 1872 3918 ,

285 3950 368 4006 vel
397 3949 534 4021 ignis
559 3992 574 4016 ,
605 3949 718 4005 sive
742 3945 956 4019 aliquod
983 3946 1125 4001 aliud
1167 3959 1363 4015 corpus
1385 3983 1403 4008 ,
1450 3941 1592 4013 quod
1640 3949 1875 3996 mentem

285 4052 516 4115 putant;
565 4041 916 4112 intelligentia
968 4054 1098 4095 vero
1152 4039 1222 4092 ita
1273 4036 1399 4090 insit
1449 4034 1572 4089 huic
1619 4032 1872 4103 corpori,

285 4135 424 4191 sicut
450 4133 679 4206 qualitas
714 4133 870 4203 ejus:
923 4140 981 4186 ut
1006 4129 1136 4186 illud
1176 4127 1472 4200 subjectum
1509 4127 1616 4192 sit,
1665 4125 1781 4180 haec
1819 4126 1875 4180 in

285 4227 564 4298 subjecto;
594 4225 890 4296 subjectum
917 4223 1122 4279 scilicet
1147 4236 1300 4276 mens
1330 4233 1487 4290 quam
1520 4231 1713 4287 corpus
1753 4231 1876 4273 esse

285 4319 654 4385 arbitrantur,
707 4320 762 4372 in
813 4315 1056 4386 subjecto
1099 4321 1278 4368 autem
1324 4309 1709 4381 intelligentia,
1744 4307 1875 4388 sive

286 4412 411 4482 quid
437 4411 581 4468 aliud
609 4425 793 4467 eorum
823 4423 941 4480 quae
970 4415 1118 4464 certa
1152 4405 1308 4462 nobis
1336 4419 1455 4460 esse
1483 4417 1874 4460 commemora-

285 4503 480 4560 vimus.
513 4502 674 4560 Juxta
697 4501 984 4574 opinantur
1011 4500 1172 4555 etiam
1202 4498 1276 4553 illi
1305 4497 1396 4566 qui
1435 4504 1667 4551 mentem
1698 4495 1871 4567 ipsam

285 4604 483 4668 negant
509 4610 630 4651 esse
657 4608 852 4666 corpus
876 4634 892 4659 ,
935 4591 1031 4647 sed
1073 4589 1436 4661 compaginem
1475 4597 1567 4643 aut
1606 4595 1870 4658 tempera-

284 4687 486 4742 tionem
513 4685 773 4756 corporis.
797 4683 908 4740 Hoc
929 4681 1070 4739 enim
1091 4683 1314 4737 interest
1336 4722 1350 4746 ,
1379 4679 1521 4750 quod
1541 4679 1615 4734 illi
1635 4687 1870 4734 mentem

286 4778 458 4848 ipsam
485 4777 669 4832 dicunt
697 4790 816 4832 esse
843 4774 1191 4831 substantiam
1217 4815 1232 4840 ,
1278 4773 1332 4827 in
1372 4786 1478 4842 quo
1525 4769 1765 4840 subjecto
1805 4770 1876 4827 sit

287 4868 636 4940 intelligentia
657 4886 669 4922 :
690 4867 776 4922 isti
793 4875 969 4922 autem
990 4865 1155 4935 ipsam
1171 4871 1405 4919 mentem
1428 4863 1478 4917 in
1492 4861 1730 4932 subjecto
1751 4875 1875 4917 esse

285 4962 472 5018 dicunt
496 5004 512 5029 ,
548 4975 774 5031 corpore
795 4960 999 5015 scilicet
1021 4958 1171 5028 cujus
1200 4956 1516 5028 compositio
1550 4956 1634 5011 vel
1664 4963 1872 5025 tempe-

286 5055 424 5108 ratio
444 5062 546 5108 est.
573 5051 726 5109 Unde
745 5057 1137 5120 consequenter
1156 5048 1317 5105 etiam
1333 5047 1728 5118 intelligentiam
1747 5047 1873 5118 quid

287 5144 429 5199 aliud
454 5159 612 5214 quam
641 5143 694 5198 in
717 5142 904 5198 eodem
938 5140 1175 5211 subjecto
1196 5155 1421 5210 corpore
1439 5141 1781 5196 existimant?

358 5216 458 5290 16..
487 5235 586 5303 Qui
617 5247 803 5289 omnes
846 5248 951 5288 non
982 5231 1299 5298 advertunt,
1358 5240 1592 5286 mentem
1626 5245 1785 5286 nosse
1815 5246 1874 5287 se

281 5326 445 5380 etiam
485 5341 606 5381 cum
647 5324 835 5396 quaerit
873 5339 969 5392 se,
1014 5323 1150 5378 sicut
1190 5323 1300 5394 jam
1342 5322 1690 5380 ostendimus.
1720 5323 1874 5380 Nullo

284 5417 447 5472 modo
477 5426 656 5473 autem
685 5425 829 5473 recte
857 5416 1050 5472 dicitur
1080 5413 1203 5472 sciri
1230 5415 1402 5487 aliqua
1432 5431 1518 5472 res
1545 5456 1562 5484 ,
1588 5413 1715 5471 dum
1759 5417 1874 5487 ejus

284 5509 563 5580 ignoratur
587 5508 904 5566 substantia.
936 5508 1272 5578 Quapropter
1295 5549 1309 5574 ,
1354 5522 1474 5562 cum
1507 5521 1565 5562 se
1591 5523 1741 5564 mens
1774 5523 1872 5562 no-

254 5587 362 5681 _‘vit
385 5643 400 5667 ,
432 5601 784 5658 substantiam
811 5615 959 5657 suam
983 5601 1129 5656 novit
1152 5617 1166 5666 ;
1189 5609 1243 5656 et
1265 5615 1384 5656 cum
1406 5599 1473 5656 de
1498 5615 1558 5656 se
1583 5603 1727 5657 certa
1750 5609 1868 5670 est,

244 5692 256 5758 ’,
287 5695 355 5751 tle
382 5695 676 5751 substantia
708 5709 802 5750 sua
828 5702 974 5750 certa
1002 5703 1102 5750 est.
1131 5695 1285 5749 Certa
1328 5702 1410 5748 est
1447 5695 1622 5749 autem
1666 5693 1734 5749 de
1771 5709 1829 5750 se
1852 5735 1867 5762 ,

281 5789 423 5844 sicut
451 5789 772 5844 convincunt
801 5802 862 5844 ea
889 5802 1007 5860 quae
1034 5771 1194 5858 supra
1238 5787 1376 5842 dicta
1423 5797 1566 5842 sunt.
1609 5786 1718 5842 Nec
1756 5801 1870 5842 om-

279 5881 412 5936 nino
438 5892 580 5937 eerta
609 5892 726 5948 est,
762 5890 938 5937 utrum
966 5896 1057 5936 aer
1082 5923 1094 5946 ,
1127 5896 1194 5936 an
1225 5881 1357 5954 ignis
1403 5881 1469 5935 sit
1495 5922 1508 5946 ,
1549 5897 1613 5936 an
1657 5881 1868 5952 aliquod

269 5989 481 6062 corpus
503 6017 519 6048 ,
550 5975 629 6033 vel
656 5973 851 6046 aliquid
894 5975 1150 6046 corporis.
1193 5973 1309 6032 Non
1348 5981 1428 6034 est
1466 5972 1624 6048 igitur
1667 5974 1865 6046 aliquid

1622 495 1821 553 LIBER
1861 495 2178 584 naeuius.

3458 510 3563 570 989

1982 633 2207 686 eorum:
2241 626 2513 692 totumque
2541 621 2669 678 illud
2694 621 2836 694 quod
2875 636 2934 680 se
2966 623 3180 695 jubetur
3222 633 3278 681 ut
3315 627 3562 698 noverit,

1978 711 2045 766 ad
2076 714 2174 766 hoc
2202 713 2430 782 pertinet
2450 725 2508 768 ut
2530 723 2675 770 certa
2695 715 2766 771 sit
2795 731 2902 772 non
2932 730 2992 772 se
3014 717 3349 790 essealiquid
3374 734 3561 776 eorum

1979 802 2046 859 de
2070 803 2259 874 quibus
2284 804 2486 861 incerta
2515 813 2635 873 est,
2666 806 2824 878 idque
2849 807 3023 864 solum
3051 824 3170 866 esse
3199 825 3258 866 se
3283 820 3429 866 certa
3455 811 3524 866 sit
3549 852 3565 876 ,

1978 894 2121 966 quod
2147 897 2318 978 solum
2344 912 2464 953 esse
2491 913 2551 954 se
2577 907 2721 954 certa
2751 908 2854 955 est.
2883 899 2973 956 Sic
2996 900 3138 956 enim
3165 901 3362 974 cogitat
3389 903 3568 974 ignem

1978 997 2070 1044 aut
2097 1003 2277 1044 aerem
2303 1030 2319 1057 ,
2351 997 2404 1044 et
2444 977 2699 1062 quidquid
2731 991 2876 1047 aliud
2917 993 3158 1064 corporis
3182 994 3398 1065 cogitat.
3453 995 3566 1050 Ne-

1980 1096 2082 1150 que
2123 1080 2232 1136 ullo
2274 1081 2435 1162 modo
2470 1081 2584 1138 ﬁeri
2613 1091 2794 1153 posset
2822 1091 2878 1139 ut
2907 1084 2977 1138 ita
3017 1085 3277 1156 cogitaret
3322 1085 3374 1140 id
3419 1085 3565 1158 quod

1980 1174 2092 1244 ipsa
2146 1184 2266 1243 est,
2321 1175 2769 1257 quemadmodum
2825 1177 3059 1248 cogitat,
3118 1176 3172 1233 id
3241 1177 3384 1250 quod
3450 1181 3568 1251 ipsa

1979 1282 2087 1342 non
2114 1275 2216 1324 est.
2258 1268 2361 1324 Per
2389 1268 2723 1339 phantasiam
2745 1270 2944 1342 quippe
2974 1269 3338 1343 imaginariam
3368 1273 3565 1344 cogitat

1981 1359 2098 1415 lucc
2123 1361 2300 1416 omnia
2326 1402 2341 1430 ,
2369 1361 2482 1417 sive
2513 1361 2687 1433 ignem
2715 1403 2730 1428 ,
2767 1363 2881 1418 sive
2912 1378 3093 1419 aerem
3115 1404 3131 1431 ,
3176 1364 3296 1420 sive
3324 1364 3452 1420 illud
3483 1365 3569 1420 vel

1981 1451 2108 1507 illud
2135 1467 2326 1522 corpus
2349 1495 2365 1521 ,
2395 1463 2670 1524 partemve
2697 1455 2840 1510 illam
2866 1496 2881 1524 ,
2905 1469 3002 1510 seu
3028 1457 3395 1528 eompaginem
3427 1465 3566 1512 tem-

1979 1545 2418 1616 perationemque
2442 1545 2683 1615 corporis
2707 1561 2722 1610 ;
2767 1561 2868 1602 nec
2896 1547 3077 1618 utique
3105 1547 3202 1602 ista
3233 1548 3412 1604 omnia
3435 1591 3449 1616 ,
3474 1548 3570 1605 sed

1979 1635 2176 1706 aliquid
2227 1636 2414 1691 horum
2450 1650 2569 1692 esse
2614 1635 2827 1691 dicitur.
2882 1636 2938 1692 Si
2981 1638 3108 1708 quid
3152 1648 3328 1695 autem
3379 1640 3570 1697 horum

1981 1736 2164 1794 esset,
2195 1727 2351 1783 aliter
2378 1728 2431 1784 id
2460 1743 2618 1798 quam
2647 1737 2840 1785 caetera
2870 1731 3171 1801 cogitaret,
3221 1747 3326 1787 non
3366 1734 3572 1791 scilicet

1981 1836 2080 1891 per
2107 1821 2390 1892 imaginale
2417 1821 2728 1894 ﬁgmentum
2754 1864 2770 1891 ,
2799 1823 2937 1878 sicut
2965 1823 3264 1895 cogitantur
3290 1825 3527 1881 absentia
3552 1868 3570 1896 ,

1981 1929 2100 1984 quae
2129 1929 2292 1970 sensu
2316 1915 2557 1985 corporis
2596 1924 2735 1972 tacta
2781 1924 2942 1984 sunt,
2991 1916 3104 1972 sive
3149 1918 3368 1973 omnino
3416 1918 3528 1990 ipsa
3553 1959 3570 1987 ,

1937 2046 1942 2051 ι
1981 2006 2094 2063 sive
2121 2007 2362 2078 ejusdem
2391 2008 2605 2078 generis
2633 2008 2841 2080 aliqua;
2875 2008 2969 2064 sed
3006 2008 3237 2081 quadam
3277 2011 3531 2066 interiore
3553 2053 3568 2078 ,

1981 2114 2088 2155 non
2118 2100 2363 2156 simulata
2390 2142 2405 2168 ,
2435 2100 2530 2156 sed
2558 2115 2682 2156 vera
2714 2101 2996 2172 praesentia
3043 2100 3189 2175 (non
3229 2103 3371 2158 enim
3414 2104 3572 2175 quid-

1981 2209 2138 2264 quam
2165 2195 2240 2249 illi
2270 2203 2352 2249 est
2379 2209 2439 2250 se
2465 2195 2579 2266 ipsa
2623 2197 2940 2265 praesentius
2966 2193 3030 2268 ):
3079 2197 3217 2252 sicut
3254 2199 3449 2268 cogitat
3493 2197 3573 2251 vi-

1980 2300 2107 2340 vere
2135 2299 2194 2340 se
2221 2327 2234 2352 ,
2264 2293 2320 2340 et
2351 2286 2662 2341 meminisse
2688 2328 2705 2354 ,
2748 2296 2798 2342 et
2843 2287 3141 2358 intelligere
3168 2329 3183 2354 ,
3225 2297 3280 2344 et
3311 2289 3450 2344 velle
3489 2305 3569 2344 se.

1980 2378 2139 2434 Novit
2162 2378 2305 2434 enim
2333 2379 2448 2434 lucc
2472 2379 2526 2433 in
2555 2393 2614 2434 se
2639 2421 2653 2444 ,
2683 2393 2782 2434 nec
2809 2379 3128 2450 imaginatur
3153 2381 3306 2452 quasi
3335 2390 3482 2436 extra
3514 2397 3574 2437 se

1982 2471 2069 2526 illa
2099 2487 2258 2528 sensu
2287 2473 2554 2544 tetigerit,
2584 2471 2722 2528 sicut
2750 2461 3047 2543 eorporalia
3075 2488 3302 2546 quaeque
3340 2481 3571 2544 tangun-

1982 2576 2088 2621 tur.
2119 2565 2198 2621 Ex
2228 2581 2456 2636 quorum
2483 2565 2896 2636 cogitationibus
2925 2565 2969 2621 si
2999 2564 3130 2620 nihil
3171 2565 3273 2621 sibi
3309 2565 3526 2636 afﬁngat
3554 2607 3570 2631 ,

1981 2665 2039 2710 ut
2069 2655 2174 2712 tale
2202 2654 2400 2726 aliquid
2426 2670 2545 2711 esse
2570 2669 2629 2710 se
2659 2663 2844 2726 putet,
2889 2655 3145 2727 quidquid
3187 2657 3238 2712 ei
3281 2656 3348 2713 de
3391 2673 3450 2713 se
3479 2671 3569 2712 re-

1981 2755 2199 2813 manet,
2229 2746 2330 2802 hoc
2356 2746 2527 2802 solum
2561 2747 2676 2818 ipsa
2707 2755 2810 2802 est.

1992 2894 1998 2902 ,
2052 2839 2277 2896 CAPUT
2305 2837 2591 2895 XL—l7.
2628 2837 2698 2893 In
2729 2838 2989 2905 memoria,
3026 2839 3374 2911 intelligentia,
3408 2849 3458 2895 et
3480 2855 3574 2894 υο-

1983 2930 2173 2985 luntate
2193 2932 2483 2986 observatur
2510 2930 2789 3003 ingenium,
2813 2932 3045 2986 doctrina
3070 2942 3117 2987 et
3140 2950 3278 2988 usus.
3299 2932 3571 3003 Memoria,
3753 2922 3800 3003 θ’

1980 3023 2312 3095 intelligentia
2339 3033 2385 3078 et
2420 3025 2650 3080 voluntas
2689 3041 2845 3078 unum
2867 3032 2985 3078 sunt
3013 3026 3361 3094 essentialiter,
3394 3035 3440 3080 et
3475 3027 3574 3081 tria
3592 3039 3608 3094 ε

1980 3116 2200 3170 relative.
2253 3115 2489 3170 Remotis
2535 3115 2694 3186 igitur
2735 3115 3003 3186 paulisper
3048 3115 3276 3180 caeteris,
3343 3132 3571 3186 quorum

1981 3221 2134 3262 mens
2153 3208 2219 3262 de
2236 3222 2293 3262 se
2311 3208 2423 3278 ipsa
2451 3217 2595 3262 certa
2628 3216 2730 3272 est,
2759 3209 2856 3262 tria
2889 3207 3004 3262 haec
3023 3207 3359 3278 potissimum
3390 3210 3572 3263 consi-

1981 3300 2167 3381 derata
2193 3309 2503 3368 tractemus,
2552 3302 2887 3370 memoriam,
2916 3302 3340 3372 intelligentiam,
3378 3304 3571 3358 volun-

1981 3400 2163 3448 tatem.
2186 3390 2243 3445 lu
2267 3391 2349 3446 his
2373 3392 2516 3447 enim
2541 3393 2708 3448 tribus
2739 3393 2932 3463 inspici
2966 3395 3140 3449 solent
3165 3397 3323 3449 etiam
3355 3395 3568 3466 ingenia

1980 3484 2322 3554 parvulorum
2366 3483 2664 3561 cujusmodi
2721 3483 3004 3554 praeferant
3046 3485 3302 3541 indolem.
3354 3487 3564 3553 Quanto

1980 3575 2174 3646 quippe
2215 3575 2452 3630 tenacius
2483 3583 2537 3630 et
2560 3573 2768 3630 facilius
2811 3591 2942 3645 puer
2973 3577 3230 3643 meminit,
3260 3587 3567 3650 quantoque

1980 3666 2185 3722 acutius
2210 3665 2520 3737 intelligit‘,
2561 3675 2616 3722 et
2633 3667 2810 3723 studet
2837 3666 3129 3736 ardentius,
3168 3675 3314 3724 tanto
3341 3677 3425 3724 est
3447 3669 3566 3724 lau-

1980 3755 2254 3812 dahilioris
2303 3756 2518 3827 ingenii.
2562 3755 2880 3813 Cum'vero
2929 3759 2996 3812 de
3037 3758 3298 3831 cujusque
3327 3759 3569 3816 doctrina

1979 3848 2254 3919 quzm'ilur,
2278 3865 2384 3904 non
2409 3857 2604 3920 quanta
2625 3848 2875 3906 ﬁrmitate
2896 3865 2957 3906 ac
2976 3849 3224 3908 facilitate
3240 3852 3568 3920 meminerit,

1979 3940 2065 3996 vel
2095 3950 2293 4011 quanto
2339 3941 2586 3997 acumine
2625 3943 2914 4013 intelligat;
2961 3943 3056 3998 sed
3084 3944 3211 4016 quid
3237 3945 3565 4012 meminerit,

1979 4040 2034 4088 et
2053 4032 2178 4103 quid
2204 4032 2462 4104 intelligat
2486 4032 2762 4103 quaeritur.
2797 4033 2866 4088 Et
2896 4034 3018 4103 quia
3045 4049 3149 4090 non
3184 4019 3382 4090 tantum
3407 4050 3566 4106 quam

1979 4122 2166 4181 doctus
2206 4123 2293 4190 sit,
2319 4123 2688 4180 consideratur
2708 4125 2989 4180 laudabilis
3013 4127 3242 4196 animus,
3286 4127 3384 4184 sed
3404 4129 3569 4186 etiam

1980 4229 2139 4287 quam
2163 4216 2335 4271 bonus
2365 4231 2379 4268 :
2410 4229 2520 4272 non
2540 4223 2742 4270 tantum
2767 4215 2894 4286 quid
2923 4216 3226 4273 meminerit
3245 4227 3301 4274 et
3327 4219 3451 4291 quid
3479 4220 3565 4275 in-

1978 4306 2215 4376 telligat,
2267 4321 2451 4361 verum
2507 4307 2666 4362 etiam
2715 4307 2843 4377 quid
2897 4307 3026 4364 velit
3077 4309 3400 4376 attenditur;
3456 4327 3564 4368 non

1978 4407 2173 4470 quanta
2218 4396 2493 4469 ﬂagrantia
2522 4398 2670 4465 velit,
2702 4397 2796 4454 sed
2833 4396 2960 4470 quid
2988 4399 3114 4455 velit
3156 4401 3323 4470 prius,
3370 4401 3568 4459 deinde

1977 4500 2235 4562 quantum
2262 4490 2410 4546 velit.
2438 4489 2588 4546 Tunc
2614 4490 2756 4546 enim
2792 4490 3088 4546 laudandus
3122 4502 3205 4549 est
3232 4493 3443 4550 animus
3465 4509 3565 4551 ve-

1978 4582 2258 4638 hementer
2303 4596 2511 4650 amans,
2565 4595 2685 4637 cum
2743 4581 2796 4636 id
2848 4581 2991 4653 quod
3035 4590 3179 4638 amat
3221 4583 3568 4643 vehementer

1976 4673 2262 4730 amandum
2284 4682 2385 4728 est.
2413 4672 2545 4727 Cum
2563 4686 2690 4743 ergo
2705 4671 2952 4728 dicuntur
2979 4674 3094 4731 haec
3123 4676 3241 4738 tria,
3270 4675 3567 4748 ingenium,

1977 4765 2245 4829 doctrina,
2277 4778 2428 4829 usus,
2468 4763 2700 4834 primum
2740 4763 2933 4819 horum
2972 4765 3341 4820 consideratur
3378 4766 3431 4820 in
3461 4766 3567 4822 illis

1979 4856 2166 4921 tribus,
2197 4854 2322 4925 quid
2347 4854 2517 4924 possit
2542 4854 2767 4924 quisque
2796 4855 3072 4920 memoria,
3109 4854 3481 4925 intelligentia,
3509 4865 3568 4912 et

1977 4947 2301 5003 voluntate”.
2351 4940 2653 5002 Secundum
2678 4945 2867 5001 eorum
2887 4945 3275 5011 consideratur,
3305 4946 3433 5016 quid
3462 4946 3562 5002 ha-

1978 5039 2100 5095 beat
2136 5039 2358 5109 quisque
2387 5038 2438 5092 in
2471 5037 2752 5104 memoria,
2793 5044 2847 5090 et
2875 5035 3219 5107 intelligentia
3241 5077 3256 5102 ,
3311 5052 3420 5107 quo
3443 5046 3564 5093 stu-

1979 5131 2127 5188 diosa
2165 5132 2438 5187 voluntate
2473 5131 2793 5200 pervenerit.
2844 5129 2963 5184 Jam
2987 5143 3117 5184 vero
3142 5144 3269 5184 usus
3295 5131 3481 5185 tertius
3507 5131 3562 5185 in

1978 5225 2254 5279 voluntate
2298 5232 2401 5288 eSt,
2446 5229 2806 5293 pertractante
2847 5221 2933 5276 illa
2965 5235 3082 5292 quae
3128 5223 3189 5282 in
3225 5222 3485 5278 memoria
3511 5235 3568 5279 et

1977 5315 2322 5386 intelligentia
2349 5315 2709 5380 continentur,
2763 5311 2878 5368 sive
2915 5311 2983 5367 ad
3022 5311 3221 5383 aliquid
3252 5328 3314 5368 ea
3343 5314 3562 5383 referat,

1977 5409 2089 5464 sive
2114 5423 2299 5464 eorum
2329 5405 2435 5462 ﬁne
2469 5405 2730 5462 delectata
2760 5403 3122 5474 conquiescat.
3175 5404 3258 5461 Uti
3286 5406 3449 5474 enim,
3477 5417 3563 5463 est

1977 5519 2249 5560 assumere
2287 5500 2488 5572 aliquid
2533 5500 2588 5554 in
2626 5498 2931 5555 facultatem
2963 5499 3255 5556 voluntatis
3285 5516 3306 5556 :
3347 5499 3452 5555 frui
3478 5509 3565 5556 est

1976 5607 2174 5663 autem,
2198 5595 2272 5650 uti
2299 5609 2419 5650 cum
2447 5592 2659 5665 gaudio,
2693 5606 2802 5648 non
2825 5591 3001 5648 adhuc
3028 5592 3164 5663 spei,
3205 5593 3298 5648 sed
3319 5593 3430 5663 jam
3459 5593 3558 5648 rei.

1974 5686 2206 5744 Proinde
2234 5685 2406 5740 omnis
2435 5685 2524 5755 qui
2551 5683 2763 5752 fruitur,
2797 5683 2993 5751 utitur;
3035 5685 3256 5740 assumit
3288 5686 3429 5740 enim
3456 5683 3558 5739 ali-

1974 5779 2100 5850 quid
2130 5779 2180 5832 in
2198 5777 2498 5832 facultatem
2529 5777 2832 5843 voluntatis,
2863 5789 2983 5832 cum
3013 5775 3119 5833 line
3149 5775 3554 5832 delectationis:

2041 5920 2056 5948 ι
2094 5925 2216 5973 λιδςη
2244 5919 2508 5978 quantoque
2530 5911 2692 5964 acrius
2709 5909 2950 5978 intelligit.

2041 5982 2060 6014 ³
2094 5971 2286 6043 Septem
2308 5983 2412 6027 Mss.
2431 5971 2680 6043 omittunt,
2701 5971 3011 6041 ἐπιειιὶᾱϐπωα
3030 5978 3080 6027 α
3097 5971 3350 6028 solm.
3447 5986 3449 5988 ‘
