4076 6502
485 424 596 486 983

484 556 596 598 non
622 547 801 598 autem
842 540 1020 597 omnis
1061 540 1151 612 qui
1172 538 1357 609 utitur,
1404 537 1630 606 fruitur;
1664 538 1712 595 si
1735 538 1826 595 id‘
1854 539 1996 611 quod
2026 540 2078 595 in

487 633 796 691 iacultatein
845 634 1135 691 voluntatis
1186 634 1445 698 assumit,
1499 648 1607 689 non
1670 641 1889 706 propter
1950 631 2080 690 illud

489 727 688 799 ipsum,
720 727 812 783 sed
834 735 1049 797 propter
1072 726 1212 782 aliud
1234 726 1507 798 appetivit.

564 820 649 875 18.
685 820 804 874 llaec
834 818 992 890 igitur
1013 819 1133 886 tria,
1178 808 1459 886 memoria,
1493 817 1861 891 intelligentia,
1891 817 2081 873 volun-

489 923 591 978 tas,
640 914 889 985 quoniam
918 928 1025 968 non
1050 921 1176 968 sunt
1210 922 1319 969 tres
1353 914 1498 981 vitae,
1540 912 1635 969 sed
1661 928 1766 968 una
1791 912 1937 981 vita;
1984 927 2082 969 nec

489 1016 599 1063 tres
630 1015 856 1074 mentes,
882 1004 975 1061 sed
999 1022 1101 1062 una
1134 1022 1286 1062 mens
1313 1024 1328 1062 :
1361 1014 1750 1077 consequenter
1770 1006 1953 1077 utique
1982 1020 2081 1062 nec

488 1110 600 1156 tres
638 1100 950 1155 substantia:
997 1108 1140 1166 sunt,
1178 1099 1276 1155 sed
1321 1116 1424 1156 una
1464 1100 1777 1156 substantia.
1827 1100 2081 1157 Memoria

487 1194 705 1263 quippe,
740 1208 858 1263 quae
883 1192 987 1247 vita
1011 1200 1065 1248 et
1092 1208 1247 1249 mens
1274 1200 1331 1249 et
1354 1193 1648 1249 substantia
1682 1193 1898 1261 dicitur,
1930 1193 1998 1249 ad
2023 1207 2082 1251 se

493 1285 663 1352 ipsam
695 1285 922 1341 dicitur:
949 1285 1088 1356 quod
1112 1301 1240 1342 vero
1268 1288 1525 1342 memoria
1549 1286 1764 1355 dicitur,
1792 1286 1859 1341 ad
1884 1286 2081 1358 aliquid

487 1378 708 1433 relative
736 1378 949 1433 dicitur.
978 1378 1091 1434 Hoc
1116 1378 1185 1435 de
1210 1378 1560 1449 intelligentia
1582 1393 1793 1450 quoque
1820 1387 1871 1435 et
1896 1377 1965 1435 de
1990 1393 2087 1435 vo-

488 1471 692 1526 luntate
730 1470 955 1526 dixerim
986 1491 999 1527 :
1049 1482 1103 1528 et
1132 1473 1476 1544 intelligentia
1516 1472 1712 1543 quippe
1749 1482 1803 1529 et
1835 1473 2083 1529 voluntas

485 1562 553 1617 ad
587 1564 783 1633 aliquid
807 1563 1073 1619 dicuntur.
1102 1563 1224 1619 Vita
1252 1572 1333 1620 est
1358 1571 1537 1619 autem
1566 1580 1895 1637 unaquaeque
1932 1565 1998 1619 ad
2024 1579 2084 1620 se

487 1655 682 1726 ipsam,
729 1666 781 1711 et
819 1674 986 1723 mens,
1041 1667 1096 1713 et
1141 1658 1393 1713 essentia.
1440 1657 1703 1724 Quocirca
1746 1658 1846 1713 tria
1875 1657 1989 1713 hzec
2018 1673 2083 1715 eo

487 1758 616 1802 sunt
654 1764 839 1813 unum,
888 1765 994 1820 quo
1019 1764 1124 1803 una
1153 1750 1281 1817 vita,
1310 1765 1416 1804 una
1442 1765 1615 1816 mens,
1668 1764 1773 1804 una
1808 1750 2036 1805 essentia
2065 1766 2080 1804 :

488 1850 544 1895 ct
572 1842 824 1913 quidquid
863 1843 1001 1898 aliud
1033 1843 1100 1899 ad
1142 1858 1203 1899 se
1229 1844 1342 1914 ipsa
1369 1844 1577 1915 singula
1602 1842 1875 1909 dicuntur,
1923 1843 2082 1899 etiam

488 1934 673 2005 simul,
716 1952 823 1990 non
857 1937 1155 2006 pluraliter,
1184 1936 1278 1992 sed
1307 1936 1646 2007 singulariter
1683 1936 1954 1991 dicuntur.
2005 1936 2085 1992 Eo

486 2042 621 2085 vero
667 2028 786 2094 tria,
842 2044 949 2100 quo
998 2029 1064 2084 ad
1111 2044 1170 2085 se
1212 2030 1440 2085 invicem
1485 2029 1823 2085 referuntur:
1876 2043 1996 2101 qua:
2037 2028 2086 2085 si

488 2121 719 2192 aequalia
750 2137 857 2175 non
884 2128 1087 2187 essent,
1122 2137 1227 2177 non
1258 2121 1433 2177 solum
1460 2120 1667 2193 singula
1702 2120 1945 2193 singulis,
1989 2119 2086 2177 sed

488 2213 650 2269 etiam
679 2212 928 2267 omnibus
954 2213 1160 2284 singula
1189 2229 1203 2277 ;
1244 2228 1349 2269 non
1377 2214 1559 2284 utique
1584 2228 1644 2269 se
1671 2213 1896 2269 invicem
1923 2228 2084 2285 cape-

487 2312 631 2360 rent.
679 2303 865 2374 Neque
888 2304 1030 2358 enim
1075 2301 1279 2359 tantum
1310 2319 1339 2358 a
1379 2303 1601 2376 singulis
1630 2304 1854 2375 singula,
1897 2319 2085 2360 verum

487 2398 652 2455 etiam
698 2412 728 2451 a
756 2397 975 2468 singulis
1003 2397 1182 2453 omnia
1226 2397 1527 2467 capiuntur.
1572 2395 1786 2451 Memini
1811 2396 1955 2452 enim
1996 2410 2086 2453 me

486 2488 692 2545 habere
732 2490 1064 2556 memoriam,
1099 2499 1152 2546 et
1186 2489 1613 2559 intelligentiam,
1641 2497 1694 2545 et
1720 2488 2082 2557 voluntatem;

488 2590 546 2637 et
573 2582 809 2653 intelligo
839 2598 925 2637 me
951 2581 1267 2654 intelligere,
1296 2591 1350 2636 et
1376 2582 1534 2649 velle,
1562 2590 1719 2652 atque
1741 2582 2083 2650 meminisse;

487 2684 546 2732 et
583 2677 705 2731 volo
747 2692 835 2732 me
872 2677 1029 2742 velle,
1071 2687 1128 2733 et
1164 2678 1494 2743 meminisse,
1545 2686 1599 2733 et
1644 2677 1959 2749 intelligere,
2000 2686 2085 2732 to-

490 2779 709 2841 tamque
753 2784 928 2825 meam
975 2770 1313 2837 memoriam,
1362 2777 1418 2824 et
1447 2769 1872 2841 intelligentiam,
1915 2778 2087 2824 ctvo-

489 2862 753 2918 luntatem
805 2863 963 2918 simul
991 2864 1228 2919 memini.
1261 2862 1414 2930 Quod
1451 2863 1594 2919 enim
1640 2863 1911 2917 memoriae
1951 2877 2085 2918 meae

486 2970 598 3009 non
629 2954 865 3019 memini,
898 2970 1004 3009 non
1032 2964 1115 3011 est
1150 2955 1202 3009 in
1239 2956 1496 3010 memoria
1543 2970 1683 3011 mea.
1721 2955 1863 3010 Nihil
1908 2962 2083 3010 autem

488 3052 601 3100 tam
668 3043 722 3099 in
787 3044 1068 3113 memoria,
1121 3059 1280 3116 quam
1329 3046 1442 3115 ipsa
1496 3046 1749 3101 memoria
1798 3054 1897 3100 est.
1975 3045 2086 3100 To-

488 3144 599 3191 tam
642 3137 801 3206 igitur
839 3136 1078 3193 memini.
1132 3137 1262 3193 ltem
1304 3136 1558 3207 quidquid
1601 3137 1857 3207 intelligo,
1889 3137 2086 3192 intelli-

486 3244 618 3301 gere
645 3245 732 3284 me
758 3230 890 3296 scio,
925 3238 978 3285 et
1018 3230 1130 3285 scio
1154 3246 1240 3286 me
1265 3231 1401 3286 velle
1430 3229 1685 3301 quidquid
1712 3232 1833 3285 volo
1872 3249 1885 3285 :
1928 3230 2084 3302 quid-

487 3319 618 3392 quid
644 3328 820 3376 autem
846 3321 959 3377 scio
979 3320 1218 3377 memini.
1250 3320 1443 3376 Totam
1472 3318 1632 3392 igitur
1658 3321 2082 3393 intelligentiam,

486 3423 763 3485 totamque
796 3414 1122 3470 voluntatem
1164 3428 1337 3469 meam
1382 3414 1623 3470 memini.
1666 3412 1922 3469 Similiter
1963 3428 2086 3468 eum

487 3502 609 3564 haec
648 3504 748 3560 tria
780 3504 1037 3577 intelligo,
1084 3512 1194 3561 tota
1222 3506 1382 3561 simul
1412 3506 1670 3577 intelligo.
1714 3504 1898 3576 Neque
1940 3504 2085 3561 enim

485 3596 777 3668 quidquam
847 3597 1259 3668 intelligibilium
1312 3611 1422 3654 non
1472 3597 1730 3670 intelligo,
1793 3597 1895 3653 nisi
1941 3596 2084 3669 quod

487 3686 698 3757 ignoro.
730 3687 883 3757 Quod
924 3698 1103 3743 autem
1131 3689 1340 3758 ignoro,
1388 3703 1489 3744 nec
1530 3687 1769 3755 memini,
1816 3702 1915 3744 nec
1939 3689 2080 3743 volo.

488 3778 755 3854 Quidquid
807 3781 989 3853 itaque
1027 3781 1436 3856 intelligibilium
1465 3798 1573 3841 non
1606 3782 1864 3856 intelligo,
1895 3797 2086 3843 conse-

552 3975 570 4008 ¹
604 3977 676 4027 Sic
691 3982 799 4029 MSS.
813 3983 871 4029 At
893 3978 1031 4042 editi,
1053 3980 1141 4033 sed
1160 3979 1233 4031 id.

1591 419 1684 479 DE
1720 417 2121 493 TRINlTATE,
2160 420 2219 480 S.
2263 421 2633 486 AUGUSTINI

3666 440 3781 500 984

2192 552 2425 613 quenter
2452 546 2611 601 etiam
2628 558 2729 602 nec
2754 544 2995 616 memini,
3020 560 3122 606 nee
3139 547 3282 607 volo.
3314 550 3578 628 Quidquid
3599 570 3787 616 autem

2187 634 2599 708 intelligibilium
2620 640 2838 695 memini
2860 650 2913 696 et
2938 642 3080 710 volo,
3105 657 3496 716 consequenter
3518 651 3783 722 intelligo.

2188 725 2449 786 Voluntas
2495 731 2654 787 etiam
2684 749 2801 789 mea
2851 743 3014 791 totam
3058 738 3457 809 intelligentiam
3509 754 3786 811 totamque

2186 822 2503 877 memoriam
2535 838 2707 880 meam
2735 825 2898 897 capit,
2931 825 3057 882 dum
3085 836 3197 884 toto
3217 838 3339 886 utor
3370 833 3510 903 quod
3541 834 3786 906 intelligo

2187 918 2245 968 et
2278 914 2517 969 memini.
2550 914 2884 988 Quapropter
2914 919 3128 989 quando
3163 920 3388 977 invicem
3417 940 3446 979 a
3476 924 3699 995 singulis
3726 936 3788 984 et

2189 1011 2300 1060 tota
2326 1007 2504 1064 omnia
2533 1009 2832 1081 capiuntur,
2873 1011 3094 1084 atqualja
3124 1023 3247 1068 sunt
3275 1024 3381 1069 tota
3418 1015 3627 1088 singula
3658 1020 3789 1077 totis

2187 1095 2428 1169 singulis,
2473 1107 2528 1156 et
2553 1110 2663 1155 tota
2690 1102 2895 1172 singula
2923 1103 3080 1159 simul
3111 1106 3358 1162 omnibus
3385 1108 3548 1176 totis;
3586 1119 3642 1166 et
3666 1110 3789 1168 haec

2188 1190 2291 1245 tria
2320 1207 2504 1257 unum,
2528 1208 2633 1248 una
2659 1195 2785 1259 vita,
2816 1210 2919 1250 una
2945 1211 3115 1263 mens,
3146 1214 3249 1252 una
3274 1200 3529 1256 essentia.

2262 1280 2488 1339 CAPUT
2512 1282 2789 1340 Xll.—l9.
2814 1285 2959 1342 Mem
2978 1288 3144 1360 imago
3163 1288 3424 1347 Trinitatis
3450 1292 3501 1347 in
3524 1294 3605 1348 sui
3621 1294 3787 1365 ipsius

2190 1374 2454 1440 memoria,
2531 1374 2861 1447 intelligentia
2936 1386 2984 1433 et
3048 1380 3320 1436 voluntate.
3383 1382 3574 1442 Iamne
3624 1386 3787 1457 igitur
3886 1400 3891 1425 ῖ

2190 1465 2585 1522 ascendendum
2613 1477 2698 1524 est
2734 1469 3209 1543 qualibuscumque
3237 1473 3550 1533 intentionis
3574 1479 3783 1538 viribus

2190 1556 2257 1613 ad
2309 1557 2454 1613 illam
2499 1573 2761 1615 summam
2810 1568 2867 1616 et
2922 1561 3234 1619 altissimam
3272 1567 3585 1635 essentiam,
3630 1570 3785 1641 cujus

2189 1651 2365 1724 impar
2392 1653 2567 1726 imago
2591 1663 2673 1711 est
2700 1654 2929 1709 humana
2953 1670 3129 1724 mens,
3158 1657 3251 1713 sed
3276 1667 3452 1716 tamen
3478 1661 3690 1733 imago?
3711 1679 3787 1721 an

2190 1745 2364 1802 adhuc
2414 1746 2605 1803 eadem
2673 1746 2771 1802 tria
2816 1746 3118 1804 distinctius
3169 1748 3490 1807 declaranda
3548 1762 3675 1810 sunt
3727 1756 3787 1813 in

2190 1839 2387 1907 anima,
2420 1856 2516 1911 per
2542 1840 2630 1896 illa
2662 1855 2782 1912 quae
2804 1841 3138 1899 extrinsecus
3162 1857 3324 1900 sensu
3348 1846 3593 1918 corporis
3631 1850 3789 1927 capi-

2190 1947 2329 1999 mus,
2352 1933 2444 1989 ubi
2468 1935 2833 2006 temporaliter
2851 1935 3175 2006 imprimitur
3198 1950 3376 1993 rerum
3401 1954 3787 2012 corporearnm

2191 2027 2414 2084 notitia?
2440 2027 2671 2085 Mentem
2700 2029 2896 2101 quippe
2925 2030 3095 2102 ipsam
3136 2031 3189 2085 in
3215 2032 3474 2087 memoria
3499 2043 3554 2090 et
3582 2035 3787 2093 intelli-

2192 2118 2367 2190 gentia
2393 2128 2447 2175 et
2470 2121 2741 2177 voluntate
2781 2121 3143 2193 suimetipsius
3166 2123 3327 2179 talem
3360 2125 3785 2195 reperiebamus,

2192 2218 2247 2266 ut
2266 2212 2514 2283 quoniam
2532 2227 2743 2283 semper
2758 2227 2819 2270 se
2841 2228 3003 2269 nosse
3023 2228 3342 2285 semperque
3366 2230 3427 2271 se
3446 2216 3612 2288 ipsam
3644 2219 3789 2275 velle

2190 2303 2762 2375 comprehendebatur,
2775 2305 2933 2361 simul
2947 2306 3105 2361 etiam
3122 2322 3336 2378 semper
3352 2310 3434 2363 sui
3452 2310 3786 2378 meminisse,

2190 2411 2508 2469 semperque
2554 2413 2613 2454 se
2658 2400 2825 2469 ipsam
2872 2398 3168 2471 intelligere
3215 2408 3270 2455 et
3315 2416 3495 2457 amare
3533 2418 3789 2474 compre-

2191 2491 2549 2559 henderetur;
2582 2492 2824 2563 quamvis
2858 2507 2963 2547 non
2991 2507 3207 2562 semper
3231 2508 3290 2550 se
3316 2495 3550 2565 cogitare
3573 2496 3791 2552 discre-

2190 2591 2299 2640 tam
2326 2582 2394 2639 ab
2418 2583 2496 2639 eis
2516 2599 2634 2655 quae
2667 2599 2773 2638 non
2800 2592 2945 2650 sunt,
2984 2584 3127 2656 quod
3153 2585 3266 2655 ipsa
3298 2595 3382 2641 est
3412 2602 3426 2640 :
3475 2602 3537 2641 ac
3563 2602 3659 2658 per
3685 2588 3793 2646 hoc

2190 2675 2405 2732 difﬁcile
2427 2676 2479 2730 in
2503 2690 2565 2732 ea
2590 2675 2921 2747 dignoscitur
2943 2676 3198 2732 memoria
3224 2676 3330 2742 sui,
3358 2686 3417 2733 et
3436 2677 3791 2749 intelligentia

2191 2767 2294 2822 sui.
2326 2766 2488 2837 Quasi
2513 2767 2653 2823 enim
2683 2783 2789 2821 non
2818 2767 2928 2823 sint
2952 2767 3066 2823 hzec
3090 2767 3219 2835 duo,
3256 2767 3351 2823 sed
3381 2770 3544 2824 unum
3568 2769 3789 2826 duobus

2190 2860 2460 2915 vocabulis
2499 2859 2817 2931 appelletur,
2852 2860 2930 2916 sic
2972 2869 3193 2931 apparet
3220 2860 3273 2915 in
3314 2875 3376 2915 ea
3407 2876 3467 2917 re
3500 2861 3589 2917 ubi
3626 2863 3789 2920 valde

2193 2952 2292 3008 ista
2341 2952 2621 3024 conjuncta
2661 2962 2802 3021 sunt,
2854 2962 2910 3009 et
2936 2953 3080 3008 aliud
3123 2953 3227 3008 alio
3273 2953 3423 3009 nullo
3465 2955 3833 3024 prmceditur-

2192 3052 2465 3115 tempore:
2507 3060 2763 3115 amorque
2804 3045 2917 3115 ipse
2962 3060 3067 3100 non
3108 3045 3179 3100 ita
3220 3046 3448 3102 sentitur
3471 3061 3614 3114 esse,
3662 3063 3789 3105 cum

2191 3151 2314 3192 eum
2354 3151 2459 3191 non
2485 3136 2664 3207 prodit
2688 3136 2997 3207 indigentia,
3029 3136 3281 3207 quoniam
3311 3152 3526 3207 semper
3544 3139 3559 3170 ²
3587 3151 3789 3210 ιιι-ωειο

2190 3236 2275 3285 est
2314 3228 2456 3299 quod
2493 3238 2719 3285 amatur.
2766 3228 3100 3300 Quapropter
3143 3230 3302 3285 etiam
3342 3229 3664 3287 tardioribus
3700 3232 3789 3287 di-

2191 3319 2461 3377 lucescere
2507 3321 2621 3378 hme
2664 3331 2905 3394 possunt,
2948 3320 3075 3377 dum
3111 3336 3172 3377 ea
3215 3330 3512 3379 tractantur
3558 3339 3680 3395 qua:
3715 3325 3788 3381 ad

2191 3412 2426 3468 animum
2478 3421 2718 3485 tempore
2759 3412 3020 3469 accedunt
3065 3422 3121 3468 et
3154 3428 3273 3485 qute
3311 3413 3388 3469 illi
3419 3417 3788 3487 temporaliter

2191 3502 2458 3572 accidunt,
2509 3520 2632 3561 cum
2678 3504 2922 3561 meminit
2945 3504 3088 3576 quod
3116 3514 3287 3562 antea
3309 3520 3416 3562 non
3443 3507 3784 3580 meminerat,

2189 3603 2246 3653 et
2269 3610 2392 3652 cum
2434 3596 2580 3653 videt
2607 3597 2750 3669 quod
2779 3606 2933 3653 antea
2980 3613 3088 3654 non
3115 3597 3347 3666 videbat,
3396 3605 3452 3654 et
3487 3614 3611 3655 cum
3640 3611 3787 3659 amat

2190 3688 2334 3761 quod
2362 3696 2518 3745 antea
2549 3705 2655 3744 non
2680 3688 2914 3744 amabat.
2946 3688 3053 3745 Sed
3081 3688 3223 3745 aliud
3252 3689 3371 3745 haec
3398 3691 3649 3747 tractatio
3672 3693 3785 3766 jam

2189 3781 2362 3853 poscit
2392 3780 2698 3849 exordium,
2728 3789 2946 3852 propter
2967 3780 3126 3852 hujus
3152 3780 3316 3837 libelli
3341 3781 3583 3838 modum.

2192 3922 2273 4033 es:
2291 3920 2455 4033 amni:
2470 3932 2565 3971 non
2585 3931 2789 3985 semper.
2815 3918 3033 3972 Delenda
3054 3916 3290 3983 particula
3306 3931 3516 3987 negans,
3545 3933 3661 3985 qua:
3696 3922 3783 3973 ab-

1374 4182 1851 4290 LIBER
1917 4180 2348 4290 UNDE
2362 4180 2667 4288 CLM
2673 4179 2881 4287 US.

552 4366 976 4429 'lrinitatisimago
998 4365 1220 4429 quaedam
1241 4374 1531 4429 monstratur
1555 4368 1701 4417 etiam
1725 4368 1772 4415 in
1798 4368 2050 4418 exteriore
2072 4365 2270 4429 homine
2292 4365 2485 4429 :primo
2505 4364 2716 4429 quidem
2740 4365 2787 4412 in
2812 4364 2888 4413 bis
2910 4377 3022 4428 quae
3054 4373 3321 4429 cernuntur
3354 4368 3694 4427 extrinsecus;
3718 4385 3783 4423 ex

493 4441 699 4492 corpore
724 4427 1059 4492 scilicet‘quotl
1087 4428 1303 4492 videtur,
1323 4436 1374 4478 et
1396 4428 1547 4478 fomta
1566 4442 1677 4492 quae
1698 4429 1810 4477 inde
1834 4429 1883 4476 in
1908 4430 2011 4477 acie
2035 4428 2286 4477 cernentis
2303 4427 2615 4492 imprimitur,
2640 4434 2691 4492 et
2706 4427 2973 4492 utrumque
3004 4427 3274 4492 copulantis
3304 4430 3574 4479 intentione
3609 4433 3782 4483 volun-

490 4490 636 4537 tatis:
664 4490 854 4538 tametsi
874 4488 988 4554 haec
1001 4491 1092 4538 tria
1115 4503 1278 4554 neque
1294 4491 1422 4539 inter
1445 4504 1502 4540 se
1525 4488 1727 4554 aequalia
1750 4492 1871 4547 sint,
1900 4503 2064 4553 neque
2085 4492 2229 4554 unius
2243 4489 2544 4554 substantiae.
2570 4488 2753 4554 Deinde
2775 4488 2825 4536 in
2849 4488 2954 4554 ipso
2976 4488 3134 4554 animo
3156 4489 3218 4554 ab
3242 4490 3316 4554 his
3338 4503 3447 4553 qua:
3471 4495 3787 4548 extrinsecus

492 4562 642 4599 sensa
663 4551 955 4624 sunt,_velut
977 4550 1249 4624 introducta
1270 4554 1560 4624 observatur
1582 4550 1736 4603 altera
1756 4554 1960 4624 trinitas,
1983 4550 2085 4623 seu
2118 4551 2209 4600 tria
2239 4551 2462 4624 quaedam
2496 4551 2643 4624 unius
2673 4550 2984 4624 substantiae;
3028 4550 3305 4624 imaginatio
3334 4550 3417 4601 cor

3509 4556 3552 4603 is
3583 4570 3697 4618 qnce
3738 4562 3785 4608 in

489 4613 725 4683 memoria
750 4620 844 4683 est,
866 4613 1055 4683 etinde
1074 4612 1341 4683 informatio
1358 4628 1468 4683 cum
1486 4615 1544 4665 ad
1562 4628 1670 4664 eam
1692 4615 1989 4683 convertitur
2012 4614 2144 4683 acies
2158 4612 2435 4683 cogitantis,
2461 4618 2513 4661 et
2528 4619 2789 4683 utrumque
2804 4612 3335 4683 coniungens‘intentio
3358 4612 3620 4667 voluntatis
3640 4633 3652 4666 :
3672 4633 3784 4683 qua;

489 4673 718 4741 nimirum
741 4673 895 4724 altera
918 4676 1108 4725 trinitas
1128 4676 1187 4725 ad
1212 4677 1515 4727 exteriorem
1535 4690 1734 4741 quoque
1752 4677 1998 4728 hominem
2020 4673 2276 4738 pertinere
2301 4674 2477 4725 dicitur
2513 4673 2641 4738 quod
2672 4673 2738 4723 de
2769 4673 3056 4736 corporibus
3091 4674 3223 4725 illata
3252 4677 3332 4738 sit,
3368 4690 3479 4741 quae
3505 4673 3783 4735 sentiuntur

1971 4798 2287 4854 «om»

486 4736 818 4787 extrinsecus.

560 4914 785 4972 CAPUT
807 4913 1092 4971 PRIMUM.
1106 4917 1242 4971 -1.
1264 4914 1537 4989 Vestigium
1560 4914 1821 4972 Trinitatis
1845 4917 1996 4973 etiam
2024 4920 2077 4973 in

487 5010 732 5066 exteriore
761 5009 981 5062 homine.
1009 5007 1222 5063 Nemini
1246 5007 1464 5063 dubium
1490 5017 1595 5076 est,
1618 5010 2078 5066 sicutinteriorem

487 5100 758 5155 hominem
789 5099 1159 5169 intelligentia,
1188 5099 1267 5154 sic
1292 5100 1612 5155 exteriorem
1648 5116 1808 5157 sensu
1838 5104 2080 5173 corporis

490 5191 794 5262 praeditum.
817 5190 1059 5245 Nitamur
1079 5189 1256 5269 igitur,
1279 5190 1325 5246 si
1348 5204 1649 5260 possumus,
1673 5192 1724 5247 in
1748 5193 1851 5249 hoc
1870 5209 2079 5266 quoque

488 5283 757 5339 exteriore
784 5282 1033 5353 indagare
1058 5282 1446 5354 qualecumque
1476 5284 1753 5353 vestigium
1782 5285 2075 5354 Trinitatis,

488 5390 597 5430 non
626 5375 749 5445 quia
769 5382 824 5430 et
842 5375 955 5444 ipse
980 5373 1169 5430 eodem
1200 5374 1361 5430 modo
1380 5375 1452 5431 sit
1470 5375 1642 5447 imago
1664 5376 1779 5433 Dei.
1804 5377 2079 5435 Manifesta

489 5476 579 5524 est
595 5468 790 5538 quippe
815 5467 1103 5538 apostolica
1125 5467 1408 5536 sententia,
1436 5484 1555 5540 quae
1575 5469 1879 5526 interiorem
1904 5472 2079 5528 homi-

489 5574 616 5615 nem
645 5560 886 5614 renovari
909 5559 961 5614 in
985 5559 1078 5614 Dei
1100 5560 1370 5631 agnitione
1393 5562 1408 5593 ¹
1439 5560 1655 5633 (Calais.
1678 5578 1757 5629 ιιι,
1784 5563 1870 5635 10)
1903 5564 2082 5620 decla-

490 5660 574 5708 rat
594 5650 885 5710 secundum
911 5652 1195 5724 imaginem
1225 5653 1340 5723 ejus
1365 5654 1455 5725 qui
1478 5655 1679 5710 creavit
1697 5671 1819 5711 eum
1845 5673 1856 5710 :
1880 5671 2001 5713 cum
2026 5667 2081 5716 et

490 5744 597 5798 alio
618 5744 737 5799 loco
760 5742 920 5811 dicat,
952 5742 1077 5797 Etsi
1107 5745 1322 5799 exterior
1353 5745 1501 5800 homo
1523 5757 1690 5801 noster
1715 5750 2075 5822 corrumpitur,

492 5842 660 5891 tamen
679 5836 885 5890 interior
906 5846 1174 5890 renovatur
1194 5836 1255 5890 de
1274 5836 1356 5891 die
1402 5840 1454 5891 in
1480 5838 1611 5894 diem
1644 5838 1711 5912 (ll
1733 5840 1848 5897 Cor.
1871 5857 1945 5911 tv,
1962 5842 2076 5913 16).

464 5985 466 5991 ν
558 5925 579 5956 ⁸
612 5923 833 5981 Nonnulli
852 5931 983 5991 κει,
1006 5924 1057 5977 in
1077 5925 1168 5979 Dei
1184 5926 1489 5993 agnitionem.

2182 4918 2241 4974 ln
2266 4917 2371 4973 hoe
2390 4929 2521 4987 ergo
2548 4913 2638 4986 qui
2666 4912 3049 4985 corrumpitur,
3079 4929 3399 4986 qumramus,
3425 4923 3787 4991 quemadmo-

2182 5010 2308 5066 dum
2336 5021 2643 5080 possumus,
2690 5005 2976 5077 quamdam
3020 5005 3296 5064 Trinitatis
3334 5010 3585 5081 efﬁgiem,
3640 5027 3696 5072 et
3736 5019 3787 5075 si

2181 5118 2288 5158 non
2316 5100 2727 5172 expressiorem,
2783 5107 2956 5153 tamen
2993 5098 3234 5155 fortassis
3260 5102 3325 5156 ad
3352 5103 3781 5175 dignOseendum

2182 5192 2497 5249 faciliorem.
2528 5191 2711 5261 Neque
2746 5190 2889 5245 enim
2928 5188 3123 5245 frustra
3159 5200 3213 5247 et
3244 5193 3343 5248 iste
3373 5194 3535 5250 homo
3564 5202 3789 5272 θερείην,

2183 5284 2289 5339 nisi
2329 5283 2451 5354 quia
2484 5283 2625 5338 inest
2674 5281 2724 5336 ei
2752 5281 3004 5336 nonnulla
3048 5281 3317 5338 interioris
3355 5286 3673 5346 similitudo.
3710 5295 3793 5351 Et

2182 5376 2273 5433 illo
2301 5376 2419 5447 ipso
2447 5374 2635 5431 ordine
2655 5373 2976 5430 conditionis
2999 5384 3194 5430 nostrae
3214 5392 3319 5448 quo
3340 5383 3601 5437 mortales
3618 5395 3791 5457 atque

2181 5470 2426 5525 carnales
2478 5466 2652 5523 ell'ecti
2683 5480 2902 5533 sumus,
2939 5466 3145 5523 facilius
3177 5479 3225 5523 et
3270 5473 3424 5539 quasi
3464 5474 3787 5540 familiarius

2182 5559 2595 5629 visibiliaquam
2628 5557 2978 5628 intelligibilia
3026 5570 3410 5631 pertractamus
3451 5582 3463 5617 :
3510 5583 3631 5623 cum
3682 5574 3799 5631 ista

2184 5651 2572 5719 sintexterius,
2601 5651 2690 5706 illa
2720 5650 2961 5713 interius,
2991 5661 3045 5706 et
3071 5652 3165 5706 ista
3196 5669 3355 5710 sensu
3373 5662 3614 5727 corporis
3641 5680 3786 5719 scn-

2185 5743 2399 5809 tiamus,
2444 5742 2532 5795 illa
2564 5749 2743 5797 mente
2784 5741 3168 5811 intelligamus;
3221 5761 3423 5817 nosque
3466 5750 3565 5819 ipsi
3610 5757 3800 5817 animi

2182 5851 2287 5890 non
2312 5833 2589 5889 sensibiles
2621 5834 2806 5899 simus,
2836 5834 2888 5888 id
2918 5842 3024 5901 est,
3068 5850 3311 5904 corpora,
3346 5844 3438 5895 scd
3466 5845 3799 5918 intelligibi-

2184 5928 2283 5996 les,
2315 5928 2568 5999 quoniam
2596 5926 2703 5983 vita
2729 5940 2917 5999 sumus
2947 5946 2960 5983 :
2992 5936 3191 6015 tamen,
3219 5940 3278 5988 ut
3302 5932 3433 6006 dixi,
3470 5945 3617 6005 tanta
3636 5942 3801 6005 facta
