4076 6442
235 468 340 530 985

235 596 317 645 est
353 586 408 642 in
438 585 752 657 corporibus
798 585 1148 654 consuetudo,
1203 593 1259 643 et
1310 585 1384 642 ita
1435 584 1489 641 in
1538 584 1652 640 haec
1686 583 1824 639 miro

235 678 396 734 modo
437 679 684 734 relabens
725 677 868 734 foras
895 694 956 736 se
1001 687 1184 735 nostra
1224 677 1448 750 proiecit
1473 677 1718 742 intentio,
1768 685 1828 731 ut

239 785 356 826 cum
395 770 466 824 ab
495 771 697 826 incerto
733 786 1021 842 corporum
1047 770 1223 826 ablata
1250 769 1432 837 fuerit,
1482 777 1541 824 ut
1578 768 1633 823 in
1671 766 1827 837 spiri-

241 871 346 916 tum
369 861 386 891 ⁸
415 861 583 916 multo
607 861 836 916 certiore
875 877 939 917 ac
966 861 1241 916 stabiliore
1279 859 1584 931 cognitione
1609 857 1822 929 ﬁgatur,

187 970 191 1010 :
237 953 464 1024 refugiat
509 951 578 1007 ad
616 953 738 1021 ista,
768 961 824 1008 et
849 953 921 1010 ibi
964 959 1180 1025 appetat
1215 951 1454 1022 requiem
1493 949 1634 1004 unde
1661 947 1828 1004 traxit

238 1044 621 1100 inﬁrmitatem.
654 1045 821 1116 Cujus
845 1043 1146 1116 a'gritudini
1175 1041 1574 1116 congruentium
1603 1051 1685 1098 est
1715 1059 1728 1097 :
1773 1049 1828 1096 ut

237 1137 280 1191 si
305 1135 523 1205 quando
553 1136 806 1192 interiora
832 1135 1125 1207 spiritualia
1155 1133 1610 1192 accommodatius
1639 1132 1828 1188 distin-

237 1241 398 1298 guere
423 1235 586 1298 atque
611 1227 816 1284 facilius
847 1228 1121 1284 insinuare
1143 1241 1419 1294 conamur,
1445 1225 1512 1282 de
1531 1224 1826 1296 corporali-

238 1319 335 1375 bus
363 1319 720 1375 exterioribus
743 1319 1154 1377 similitudinum
1185 1319 1505 1375 documenta
1531 1319 1824 1389 capiamus.

239 1410 406 1468 Sensu
433 1412 594 1482 igitur
621 1411 863 1482 corporis
908 1411 1145 1467 exterior
1171 1411 1336 1467 homo
1375 1408 1627 1481 prazditus
1665 1407 1831 1463 sentit

239 1517 462 1574 corpora
487 1519 500 1556 :
533 1511 588 1558 et
614 1503 712 1559 iste
737 1519 946 1569 sensus,
977 1503 1116 1574 quod
1143 1502 1299 1560 facile
1323 1502 1641 1570 advertitur,
1673 1501 1830 1573 quin-

239 1597 567 1668 quepartitus
604 1604 719 1661 est;
755 1595 1018 1664 videndo,
1045 1595 1340 1664 audiendo,
1372 1594 1698 1662 olfaciendo,
1727 1610 1828 1666 gu-

239 1689 462 1756 stando,
507 1689 789 1761 tangendo.
833 1689 940 1746 Sed
981 1701 1036 1746 et
1081 1691 1308 1746 multum
1352 1697 1468 1757 est,
1501 1697 1556 1745 et
1592 1703 1700 1744 non
1729 1703 1828 1744 ne-

238 1782 550 1846 cessarium,
597 1791 658 1838 ut
705 1797 893 1839 omnes
935 1782 1034 1838 bos
1071 1784 1304 1854 quinque
1349 1796 1541 1838 sensus
1583 1781 1638 1837 id
1685 1779 1830 1853 quod

239 1875 530 1946 qumrimus
545 1877 953 1948 interrogemus.
973 1877 1124 1944 Quod
1149 1878 1291 1933 enim
1310 1877 1464 1932 nobis
1485 1891 1624 1932 unus
1643 1891 1829 1933 eorum

238 1966 530 2032 renuntiat,
557 1968 717 2022 etiam
748 1969 802 2022 in
831 1969 1042 2025 caeteris
1075 1967 1240 2024 valet.
1280 1967 1464 2039 Itaque
1495 1967 1830 2040 potissimum

239 2059 549 2115 testimonio
577 2069 789 2115 utamur
831 2061 1130 2117 oculorum.
1169 2060 1220 2114 ls
1261 2061 1404 2116 enim
1430 2075 1622 2116 sensus
1640 2075 1835 2132 corpo-

239 2149 312 2206 ris
355 2152 592 2208 maxime
639 2152 871 2218 excellit,
909 2163 965 2208 et
1001 2161 1084 2208 est
1128 2152 1322 2208 visioni
1363 2153 1557 2208 mentis
1605 2167 1705 2225 pro
1750 2152 1832 2208 sui

241 2243 453 2313 generis
477 2243 789 2300 diversitate
808 2244 1052 2300 vicinior.

261 2372 264 2375 -
303 2334 539 2391 CAPUT
596 2334 664 2388 ll.
684 2365 757 2376 —
778 2335 834 2389 2.
900 2335 1121 2390 Trinitas
1144 2334 1376 2405 quedam
1393 2335 1447 2389 in
1474 2335 1682 2389 visione.
1711 2333 1836 2389 Tria

239 2443 347 2498 qua
377 2431 432 2481 in
457 2428 647 2482 uisione
672 2437 809 2493 sunt,
829 2436 1014 2482 natura
1032 2443 1126 2482 sua
1153 2426 1378 2495 differre.
1413 2427 1676 2494 Quomodo
1704 2444 1765 2482 ex
1782 2442 1838 2482 re

240 2519 420 2574 visibili
449 2519 688 2590 gignatur
737 2519 887 2585 uisio,
906 2535 993 2574 seu
1018 2519 1186 2590 imago
1225 2519 1333 2590 ejus
1369 2519 1443 2573 rei
1469 2535 1582 2588 qua:
1619 2519 1833 2573 videtur.

239 2607 494 2680 Επεπιριο
524 2611 714 2665 clarius
739 2627 819 2665 res
847 2611 1238 2666 demonstratur.
1263 2611 1530 2678 Quomodo
1546 2611 1644 2664 tria
1666 2611 1758 2666 illa
1781 2612 1837 2666 in

238 2717 400 2757 unum
429 2712 634 2758 coeunt.
684 2701 816 2758 Cum
864 2702 1024 2774 igitur
1066 2702 1280 2775 aliquod
1321 2718 1517 2776 corpus
1560 2703 1834 2773 videmus,

239 2793 356 2850 haec
382 2794 483 2850 tria
504 2837 520 2862 ,
564 2795 706 2866 quod
736 2795 1044 2852 facillimum
1072 2805 1190 2864 est,
1222 2797 1607 2854 consideranda
1634 2808 1756 2854 sunt
1783 2807 1839 2855 et

239 2887 622 2959 dignoscenda.
651 2888 852 2956 Primo,
876 2890 988 2960 ipsa
1011 2905 1101 2946 res
1123 2907 1284 2962 quam
1309 2892 1554 2949 videmus
1570 2933 1586 2960 ,
1616 2895 1730 2949 sive
1755 2893 1837 2950 la-

238 2981 420 3053 pidem
442 3021 459 3048 ,
488 2980 602 3036 sive
629 2981 858 3053 aliquam
885 2981 1154 3039 flammam
1173 3026 1188 3052 ,
1215 2985 1329 3040 sive
1374 2985 1501 3056 quid
1529 2985 1671 3040 aliud
1695 2986 1839 3057 quod

240 3074 410 3130 videri
441 3073 612 3130 oculis
635 3084 842 3146 potest;
873 3076 1014 3147 quod
1057 3077 1240 3148 utique
1276 3077 1387 3148 jam
1431 3093 1551 3134 esse
1594 3087 1836 3149 poterat,

238 3173 294 3223 et
319 3174 608 3235 antequam
636 3165 910 3222 videretur
938 3184 953 3222 :
996 3165 1212 3235 deinde,
1243 3166 1399 3235 visio,
1431 3184 1550 3239 quae
1577 3183 1683 3224 non
1723 3177 1840 3224 erat

237 3257 552 3328 priusquam
598 3271 712 3314 rem
759 3257 902 3313 illam
944 3258 1206 3328 obiectam
1251 3259 1430 3314 sensui
1470 3260 1836 3316 sentiremus:

239 3349 430 3416 tertio,
477 3348 620 3420 quod
664 3349 716 3405 in
744 3364 806 3405 ea
836 3366 897 3406 re
925 3366 1044 3421 quae
1073 3351 1305 3417 videtur,
1335 3353 1585 3422 quamdiu
1631 3353 1840 3410 videtur

237 3456 459 3499 sensum
488 3441 693 3499 detinet
733 3443 1042 3510 oculorum,
1087 3443 1141 3499 id
1176 3453 1288 3512 est,
1316 3444 1479 3500 animi
1508 3445 1749 3501 intentio.
1781 3447 1839 3503 In

238 3532 322 3588 bis
353 3535 516 3604 igitur
543 3533 746 3601 tribus,
774 3550 879 3590 non
919 3537 1092 3591 solum
1119 3543 1203 3590 est
1228 3537 1505 3592 manifesta
1535 3537 1838 3606 distinctio,

238 3625 332 3681 sed
359 3627 521 3682 etiam
550 3627 779 3682 discreta
809 3635 1016 3681 natura.
1045 3626 1279 3681 Primum
1322 3628 1518 3698 quippe
1557 3628 1686 3684 illud
1714 3643 1840 3684 cor-

245 3732 346 3789 pus
383 3718 597 3774 visibile
621 3717 782 3788 longe
816 3718 1035 3774 alterius
1060 3727 1264 3773 natura:
1291 3727 1401 3785 est,
1448 3733 1607 3789 quam
1651 3735 1842 3777 sensus

237 3809 557 3876 oculorum,
606 3825 713 3880 quo
755 3809 970 3866 sibimet
999 3810 1268 3867 incidente
1315 3811 1375 3866 ﬁt
1418 3811 1574 3868 visio.
1616 3811 1842 3883 Ipsaque

237 3903 377 3960 visio
404 3902 534 3974 quid
562 3902 742 3971 aliud,
771 3918 932 3974 quam
959 3918 1152 3960 sensus
1179 3920 1243 3959 ex
1270 3919 1333 3960 ea
1363 3919 1422 3960 re
1449 3920 1568 3974 quae
1613 3905 1840 3962 sentitur

238 3991 563 4050 informatus
608 3993 872 4064 apparet?
937 3993 1190 4062 Quamvis
1235 4009 1296 4050 re
1346 3995 1540 4051 visibili
1597 3995 1837 4051 detracta

239 4086 384 4142 nulla
412 4085 518 4152 sit,
566 4101 665 4142 nec
707 4085 812 4141 ulla
841 4089 1058 4142 omnino
1101 4100 1220 4142 esse
1256 4086 1426 4157 possit
1454 4086 1573 4142 talis
1599 4087 1764 4155 visio,
1795 4087 1841 4144 si

239 4193 440 4250 corpus
471 4191 578 4232 non
604 4177 675 4233 sit
701 4177 846 4249 quod
873 4177 1042 4234 videri
1069 4188 1230 4249 queat
1257 4195 1271 4233 :
1301 4179 1450 4234 nullo
1479 4180 1636 4235 modo
1662 4188 1842 4242 tamen

240 4269 487 4341 ejusdem
515 4271 829 4326 substantia:
869 4280 954 4328 est
979 4286 1174 4342 corpus
1213 4288 1320 4343 quo
1347 4272 1607 4328 formatur
1651 4288 1841 4330 sensus

241 4366 521 4421 oculorum
541 4406 558 4433 ,
591 4380 713 4421 cum
758 4365 899 4421 idem
928 4381 1124 4438 corpus
1157 4366 1386 4436 videtur,
1432 4378 1486 4423 et
1529 4369 1642 4439 ipsa
1671 4367 1840 4424 forma

239 4473 357 4528 qua:
381 4457 453 4514 ab
476 4455 668 4514 eodem
699 4459 1022 4530 imprimitur
1047 4461 1262 4525 sensui,
1289 4476 1410 4530 quae
1439 4461 1574 4516 visio
1597 4470 1837 4517 vocatur.

239 4549 450 4621 Corpus
495 4550 638 4605 enim
688 4551 900 4606 visum’
952 4551 1006 4605 in
1049 4565 1144 4606 sua
1172 4559 1361 4606 natura
1389 4553 1686 4622 separabile
1709 4561 1793 4609 est
1822 4569 1838 4608 :

243 4658 438 4700 sensus
471 4651 650 4698 autem
672 4644 762 4715 qui
785 4643 896 4714 jam
923 4653 1040 4700 erat
1068 4644 1121 4700 in
1150 4644 1450 4710 animante,
1479 4646 1639 4701 etiam
1668 4648 1843 4716 prius-

241 4751 402 4808 quam
432 4736 640 4792 videret
669 4736 810 4808 quod
842 4737 1027 4793 videre
1054 4745 1269 4808 posset,
1300 4753 1421 4794 eum
1448 4739 1502 4793 in
1529 4737 1728 4810 aliquid
1756 4741 1840 4794 vi-

241 4829 396 4884 sibile
443 4826 776 4895 incurreret,
808 4827 891 4884 vel
921 4828 1058 4884 visio
1096 4843 1216 4898 qua:
1240 4827 1300 4883 ﬁt
1344 4829 1397 4884 in
1426 4844 1589 4886 sensu
1617 4845 1684 4886 ex
1707 4830 1840 4886 visi-

243 4919 328 4976 bili
370 4936 640 4991 eorporc,
684 4937 805 4978 cum
842 4921 952 4993 jam
996 4923 1340 4995 coniunctum
1382 4932 1465 4979 est
1503 4933 1559 4980 et
1599 4924 1837 4992 videtur;

242 5028 436 5070 sensus
465 5029 595 5085 ergo
623 5015 706 5070 vel
736 5014 899 5080 visio,
947 5015 998 5070 id
1025 5025 1109 5072 est
1133 5030 1322 5072 sensus
1351 5015 1610 5072 formatus
1635 5017 1840 5073 extrin-

239 5121 397 5161 secus
427 5104 498 5160 ad
527 5106 813 5161 animantis
854 5114 1094 5162 naturam
1127 5107 1389 5176 pertinet,
1419 5108 1638 5162 omnino
1681 5109 1840 5165 aliam

237 5212 398 5270 quam
441 5206 528 5253 est
569 5183 697 5252 illud
725 5211 918 5268 corpus
955 5195 1098 5268 quod
1142 5197 1370 5253 videndo
1406 5198 1702 5265 sentimus,
1735 5214 1841 5270 quo

241 5307 435 5349 sensus
467 5307 575 5347 non
603 5291 672 5346 ita
702 5291 962 5348 formatur
986 5300 1044 5347 ut
1069 5305 1260 5348 sensus
1284 5291 1372 5356 sit,
1392 5292 1487 5348 sed
1505 5301 1562 5347 ut
1589 5293 1724 5348 visio
1748 5294 1837 5348 sit.

236 5383 370 5441 Nam
399 5399 595 5441 sensus
619 5393 674 5440 et
702 5393 826 5440 ante
840 5384 1105 5456 objectum
1127 5384 1205 5441 rei
1225 5384 1491 5441 sensibilis
1510 5385 1610 5441 nisi
1629 5387 1839 5442 essetin

235 5478 424 5543 nobis,
477 5491 584 5531 non
614 5475 934 5533 distaremus
961 5492 993 5532 a
1020 5477 1177 5533 caecis
1196 5518 1212 5545 ,
1240 5476 1368 5533 dum
1397 5477 1530 5532 nihil
1561 5477 1834 5546 videmus,

232 5572 352 5626 sive
400 5571 457 5625 in
491 5569 757 5636 tenebris,
789 5569 903 5626 sive
944 5571 1138 5626 clausis
1165 5569 1470 5626 luminibus.
1503 5571 1616 5627 Hoc
1658 5582 1838 5628 autem

232 5661 536 5728 distamus,
580 5661 720 5733 quod
749 5662 904 5718 nobis
950 5663 1090 5720 inest
1114 5671 1297 5720 etnon
1345 5664 1683 5733 videntibus,
1731 5681 1840 5738 quo

231 5755 426 5811 videre
457 5755 756 5825 possimus,
783 5755 875 5827 qui
914 5769 1105 5814 sensus
1142 5766 1364 5816 vocatur
1392 5775 1407 5816 :
1439 5757 1546 5818 illis
1574 5773 1704 5818 vero
1729 5775 1838 5819 non

306 5890 324 5954 ξ
361 5885 590 5954 Plerique
609 5895 739 5954 lusa,
764 5893 816 5940 ut
835 5888 1096 5954 inspiritu.

306 5951 331 5988 ⁸
361 5949 557 6004 cadica
577 5949 779 6017 aliqum,
801 5965 835 6004 α
853 5949 975 6007 visit.

1537 466 1742 526 LlBER
1778 462 2188 528 UNDECIMUS.

1931 583 2111 650 inest;
2144 599 2246 642 nec
2272 586 2487 645 aliunde
2505 630 2520 657 ,
2552 590 2653 646 nisi
2682 591 2822 663 quod
2850 606 2918 649 eo
2945 599 3161 662 carent,
3189 597 3316 652 czeci
3341 601 3524 672 appel-

1931 675 2130 734 lantur.
2174 679 2409 753 ltemque
2453 683 2540 739 illa
2587 687 2750 740 animi
2793 687 3054 756 intentio,
3101 705 3220 761 qua:
3266 692 3320 747 in
3363 708 3426 748 ea
3464 709 3525 750 re

1931 788 2092 842 quam
2125 773 2369 831 videmus
2398 791 2612 832 sensum
2656 788 2833 847 tenet,
2855 776 2858 780 ’
2879 791 3038 852 atque
3066 791 3349 855 utrumque
3394 799 3527 842 con-

1928 865 2136 936 jungit,
2168 882 2272 922 non
2319 877 2520 925 tantum
2547 870 2614 926 ab
2655 886 2716 927 ea
2744 889 2805 928 re
2829 873 3025 930 visibili
3066 886 3252 932 natura
3303 877 3524 946 differt;

1932 959 2360 1031 quandoquidem
2390 962 2488 1019 iste
2531 964 2760 1033 animus,
2793 965 2920 1022 illud
2947 983 3140 1041 corpus
3165 980 3248 1026 est
3279 989 3294 1028 :
3326 974 3420 1030 sed
3456 976 3527 1032 ab

1932 1049 2050 1120 ipso
2090 1067 2303 1123 quoque
2341 1069 2502 1110 sensu
2541 1066 2700 1126 atque
2745 1057 2948 1115 visione
2999 1079 3013 1114 :
3069 1063 3318 1132 quoniam
3360 1067 3528 1123 solius

1931 1142 2095 1197 animi
2125 1152 2209 1200 est
2233 1143 2349 1200 haec
2378 1145 2604 1202 intentio
2637 1165 2650 1200 :
2684 1162 2874 1204 sensus
2901 1159 3082 1208 autem
3111 1155 3387 1210 oculorum
3420 1171 3528 1213 non

1932 1234 2004 1290 ob
2043 1235 2186 1290 aliud
2234 1251 2425 1292 sensus
2469 1239 2712 1310 corporis
2755 1241 2969 1310 dicitur,
3017 1244 3118 1299 nisi
3165 1247 3285 1316 quia
3333 1256 3389 1303 et
3426 1249 3528 1319 ipsi

1932 1329 2074 1384 oculi
2102 1331 2341 1387 membra
2369 1343 2494 1388 sunt
2523 1335 2768 1403 corporis
2797 1353 2810 1388 :
2840 1345 2894 1392 et
2918 1338 3159 1406 quamvis
3183 1355 3290 1396 non
3333 1342 3529 1398 sentiat

1931 1434 2128 1492 corpus
2155 1424 2406 1480 exanime
2426 1465 2441 1491 ,
2470 1425 2646 1480 anima
2673 1435 2850 1483 tamen
2879 1429 3166 1486 commixta
3194 1432 3405 1502 corpori
3430 1448 3530 1504 per

1934 1512 2347 1571 instrumentum
2379 1517 2542 1573 sentit
2569 1533 2906 1590 corporeum,
2937 1529 2990 1576 et
3035 1521 3174 1578 idem
3207 1523 3531 1580 instrumen-

1934 1613 2046 1662 tum
2069 1620 2257 1662 sensus
2278 1617 2515 1663 vocatur.
2540 1609 2639 1677 Qui
2665 1611 2824 1665 etiam
2847 1613 3093 1682 passione
3114 1615 3383 1685 corporis,
3406 1629 3530 1671 eum

1934 1699 2160 1770 quisque
2203 1710 2520 1767 excaecatur,
2571 1703 2899 1774 interceptus
2946 1706 3349 1777 exstinguitur,
3402 1721 3528 1762 cum

1935 1791 2078 1849 idem
2121 1802 2337 1850 maneat
2379 1796 2589 1852 animus
2614 1838 2630 1864 ,
2677 1805 2732 1852 et
2769 1797 2884 1869 ejus
2930 1798 3186 1866 intentio,
3243 1799 3534 1856 luminibus

1935 1887 2180 1956 amissis,
2210 1903 2316 1945 non
2368 1888 2562 1944 habeat
2603 1889 2817 1960 quidem
2847 1906 3062 1948 sensum
3093 1893 3333 1962 corporis
3373 1908 3533 1964 quem

1937 1982 2170 2038 videndo
2199 1982 2532 2039 extrinsecus
2560 1984 2772 2054 corpori
2798 1984 2863 2040 ad
2864 1985 3052 2057 jungat
3077 1995 3237 2057 atque
3258 1986 3312 2042 in
3332 2001 3398 2042 eo
3417 1985 3535 2042 viso

1937 2071 2062 2144 ﬁgat
2102 2081 2373 2143 aspectum
2393 2116 2410 2141 ,
2441 2073 2559 2130 nisu
2587 2081 2763 2130 tamen
2793 2075 2908 2146 ipso
2939 2076 3137 2133 indicet
3174 2092 3234 2132 se
3279 2077 3534 2147 adempto

1937 2165 2180 2234 corporis
2207 2178 2366 2220 sensu
2392 2206 2408 2232 ,
2436 2181 2536 2220 nec
2565 2167 2743 2236 perire
2766 2169 3002 2236 potuisse
3021 2208 3034 2232 ,
3066 2182 3164 2224 nec
3195 2168 3384 2223 minui.
3417 2168 3533 2224 Ma-

1937 2263 2030 2310 net
2058 2256 2198 2310 enim
2243 2256 2457 2326 quidam
2489 2257 2699 2313 videndi
2745 2260 3012 2329 appetitus
3054 2261 3278 2332 integer,
3325 2260 3437 2316 sive
3481 2260 3536 2316 id

1938 2346 2106 2416 possit
2136 2347 2247 2402 ﬁeri
2269 2389 2283 2412 ,
2317 2348 2429 2404 sive
2468 2364 2574 2402 non
2603 2349 2793 2419 possit.
2826 2349 2951 2405 Haec
2980 2350 3139 2422 igitur
3176 2351 3311 2418 tria,
3331 2353 3535 2421 'corpus

1938 2437 2080 2509 quod
2102 2439 2329 2508 videtur,
2357 2449 2411 2496 et
2436 2440 2550 2512 ipsa
2577 2441 2709 2497 visio
2726 2484 2741 2508 ,
2773 2450 2828 2498 et
2852 2458 2970 2514 quze
3001 2452 3288 2515 utrumque
3312 2445 3538 2515 conjun-

1939 2533 2016 2602 git
2037 2533 2291 2602 intentio,
2322 2535 2601 2591 manifesta
2647 2546 2772 2592 sunt
2813 2536 2881 2592 ad
2928 2537 3380 2608 dignoscendum,
3426 2553 3536 2595 non

1939 2625 2113 2680 solum
2142 2634 2357 2696 propter
2382 2629 2596 2696 propria
2623 2627 2949 2699 singulorum
2968 2669 2983 2695 ,
3012 2644 3197 2684 verum
3223 2631 3382 2686 etiam
3413 2635 3536 2701 pro-2

1940 2725 2060 2788 pler
2089 2716 2441 2773 differentiam
2474 2728 2803 2774 naturarum.

1959 2839 1962 2843 -
2012 2811 2065 2866 5.
2090 2812 2261 2882 Atque
2282 2811 2334 2866 in
2362 2811 2441 2867 Itis
2461 2827 2582 2867 cum
2603 2828 2792 2870 sensus
2808 2829 2912 2871 non
2941 2815 3195 2887 procedat
3222 2831 3288 2871 ex
3312 2830 3538 2888 corpore

1941 2902 2035 2958 illo
2055 2902 2196 2973 quod
2221 2902 2448 2972 videtur,
2465 2905 2558 2961 sed
2579 2921 2646 2962 ex
2665 2921 2892 2976 corpore
2911 2909 3190 2964 sentientis
3219 2903 3529 2978 animantis,

1941 2997 2026 3053 cui
2053 2997 2230 3051 anima
2259 3012 2357 3052 suo
2378 2998 2607 3069 quodam
2631 2999 2767 3054 miro
2787 2999 2946 3054 modo
2965 3009 3396 3071 contemperatur
3418 3016 3431 3056 :
3462 3007 3540 3057 ιιι-ὲ

1942 3103 2064 3143 men
2077 3103 2146 3144 ex
2166 3103 2388 3158 corpore
2409 3089 2548 3160 quod
2563 3089 2770 3145 videtur
2788 3090 3019 3162 gignitur
3031 3092 3166 3147 visio
3180 3133 3196 3159 ,
3229 3092 3280 3148 id
3303 3102 3404 3158 est,
3423 3108 3540 3149 sen-

1942 3191 2035 3233 sus
2053 3179 2166 3248 ipse
2185 3177 2466 3246 formatur;
2488 3190 2543 3234 ut.
2556 3181 2667 3251 jam
2687 3196 2792 3236 non
2819 3190 3022 3237 tantum
3053 3198 3242 3239 sensus
3269 3184 3358 3254 qui
3377 3185 3538 3240 etiam

1943 3269 1998 3325 in
2042 3271 2278 3326 tenebris
2301 3286 2421 3327 esse
2449 3272 2655 3343 integer
2683 3281 2890 3342 potest,
2922 3274 3047 3329 dum
3083 3286 3164 3330 est
3202 3275 3540 3331 incolumitas

1943 3362 2242 3429 oculorum,
2267 3363 2360 3418 sed
2378 3365 2535 3418 etiam
2565 3379 2753 3419 sensus
2781 3366 3095 3420 informatus
3131 3366 3228 3433 sit,
3257 3383 3376 3436 qua:
3406 3367 3539 3422 visio

1943 3464 2182 3510 vocatur.
2213 3454 2457 3522 Gignitur
2485 3471 2612 3526 ergo
2631 3472 2697 3510 ex
2726 3472 2784 3512 re
2807 3457 3000 3511 visibili
3026 3458 3188 3521 visio,
3220 3458 3312 3512 sed
3339 3474 3444 3513 non
3465 3474 3537 3514 ex

1943 3545 2092 3611 sola,
2125 3545 2226 3599 nisi
2256 3546 2394 3600 adsit
2420 3555 2474 3601 et
2521 3546 2724 3602 videns.
2765 3547 3024 3613 Quocirca
3052 3564 3118 3602 ex
3156 3548 3347 3602 visibili
3375 3557 3431 3604 et
3454 3549 3538 3602 vi-
3578 3624 3582 3628 ι

1944 3637 2104 3693 dente
2126 3638 2360 3710 gignitur
2389 3640 2521 3695 visio
2541 3681 2554 3704 ,
2585 3640 2655 3694 ita
2683 3655 2811 3696 sane
2838 3650 2894 3695 ut
2921 3657 2984 3696 ex
3014 3641 3229 3696 vidente
3255 3641 3324 3695 sit
3347 3656 3539 3698 sensus

1944 3729 2242 3797 oculorum,
2271 3741 2324 3786 et
2345 3731 2651 3802 aspicientis
2676 3743 2834 3803 atque
2865 3732 3116 3788 intuentis
3151 3733 3374 3788 intentio
3406 3751 3420 3788 :
3449 3733 3537 3788 illa

1944 3830 2124 3878 tamen
2169 3823 2472 3880 informatio
2517 3839 2735 3891 sensus,
2781 3841 2899 3896 qum
2930 3826 3066 3881 visio
3109 3826 3335 3894 dicitur,
3367 3842 3394 3880 a
3422 3828 3538 3883 solo

1945 3911 2280 3984 imprimatur
2305 3931 2532 3986 corpore
2559 3916 2700 3986 quod
2730 3916 2957 3984 videtur,
2991 3917 3043 3972 id
3067 3926 3182 3984 est,
3214 3932 3244 3971 a
3273 3933 3331 3972 re
3357 3918 3538 3990 aliqua

1945 4003 2136 4060 visibili
2166 4023 2180 4060 :
2207 4020 2309 4075 qua
2338 4005 2574 4062 detracta
2596 4048 2609 4073 ,
2650 4007 2796 4062 nulla
2836 4018 3077 4064 remanet
3105 4006 3276 4062 forma
3302 4024 3419 4079 qua:
3445 4008 3535 4064 in-

1943 4108 2059 4156 erat
2078 4100 2281 4165 sensui,
2304 4099 2430 4156 dum
2453 4100 2663 4156 adesset
2690 4101 2819 4156 illud
2848 4101 2989 4172 quod
3011 4101 3324 4156 videbatur:
3348 4115 3539 4158 sensus

1944 4201 2122 4248 tamen
2165 4193 2277 4263 ipse
2304 4191 2560 4247 remanet
2600 4193 2688 4262 qui
2731 4201 2846 4246 erat
2887 4202 2941 4247 et
2985 4192 3292 4262 priusquam
3341 4189 3539 4261 aliquid

1944 4283 2260 4349 sentiretur;
2290 4284 2433 4338 velut
2459 4284 2508 4338 in
2539 4299 2674 4354 aqua
2705 4283 2984 4354 veStigium
3016 4283 3212 4338 tamdiu
3234 4291 3343 4348 est,
3367 4283 3540 4338 donec

1944 4375 2119 4445 ipsum
2147 4389 2342 4444 corpus
2366 4374 2504 4444 quod
2534 4374 2854 4444 imprimitur
2884 4374 3054 4439 inest;
3085 4390 3191 4444 quo
3219 4374 3394 4428 ablato
3423 4374 3540 4428 nul-

1945 4467 2050 4520 lum
2082 4465 2184 4521 erit
2203 4507 2218 4533 ,
2245 4480 2367 4520 cum
2396 4475 2667 4520 remaneat
2688 4480 2821 4536 aqua
2846 4506 2864 4531 ,
2893 4481 3014 4536 qua:
3041 4475 3151 4520 erat
3179 4475 3232 4520 et
3255 4474 3538 4535 antequam

1943 4561 2087 4616 illam
2140 4560 2362 4615 formam
2407 4559 2646 4628 corporis
2687 4567 2919 4629 caperet.
2968 4558 3196 4630 Ideoque
3267 4574 3371 4615 non
3418 4571 3542 4628 pos-

1942 4666 2128 4707 sumus
2178 4651 2391 4722 quidem
2449 4650 2627 4706 dicere
2672 4650 2814 4721 quod
2847 4666 3061 4707 sensum
3099 4654 3277 4723 gignat
3315 4665 3405 4706 res
3451 4651 3538 4705 vi-

1944 4744 2114 4800 sibilis
2166 4763 2179 4798 :
2223 4743 2389 4814 gignit
2433 4752 2608 4798 tamen
2655 4743 2881 4798 formm
2936 4744 3082 4799 velut
3140 4741 3539 4798 similitudinem

1944 4850 2118 4902 suam,
2145 4851 2264 4906 qua:
2292 4835 2351 4888 ﬁt
2395 4835 2449 4889 in
2478 4849 2638 4890 sensu
2658 4876 2672 4900 ,
2701 4849 2824 4890 cum
2852 4835 3050 4906 aliquid
3096 4833 3325 4889 videndo
3367 4833 3538 4889 senti-

1943 4941 2084 4982 mus.
2113 4925 2218 4982 Sed
2242 4925 2467 4981 formam
2493 4929 2734 4997 corporis
2773 4927 2914 4997 quod
2943 4926 3209 4989 videmus,
3239 4934 3293 4981 et
3311 4924 3538 4982 formam

1944 5035 2064 5090 qua:
2089 5019 2155 5074 ab
2176 5018 2266 5074 illa
2297 5019 2348 5073 in
2375 5033 2540 5075 sensu
2560 5019 2788 5074 videntis
2821 5018 2896 5085 ﬁt,
2928 5033 3024 5088 per
3049 5017 3294 5073 eumdem
3321 5033 3537 5075 sensum

1945 5128 2052 5168 non
2078 5112 2471 5180 discernimus;
2517 5114 2767 5185 quoniam
2799 5121 2944 5167 tanta
2980 5111 3285 5182 eonjunctio
3321 5124 3400 5167 est
3427 5154 3440 5178 ,
3483 5122 3542 5170 ut

1945 5221 2052 5262 non
2093 5213 2274 5278 pateat
2299 5206 2637 5262 discernendi
2661 5207 2826 5260 locus.
2860 5203 2964 5258 Sed
3005 5203 3212 5258 ratione
3241 5203 3540 5273 colligimus

1945 5313 2278 5370 nequaquam
2303 5313 2403 5355 nos
2449 5299 2683 5369 potuisse
2711 5296 2908 5351 sentire
2926 5335 2941 5362 ,
2989 5295 3090 5349 nisi
3118 5295 3270 5351 ﬁeret
3298 5296 3348 5350 in
3377 5310 3541 5352 sensu

1944 5402 2133 5449 nostro
2178 5393 2352 5464 aliqua
2395 5389 2686 5447 similitudo
2734 5389 3008 5459 conspecti
3051 5388 3310 5458 corporis.
3359 5389 3541 5459 Neque

1944 5486 2088 5542 enim
2112 5500 2234 5541 cum
2263 5483 2492 5538 annulus
2515 5497 2655 5538 certe
2682 5480 3023 5550 imprimitur,
3049 5480 3168 5534 ideo
3188 5480 3330 5535 nulla
3360 5480 3534 5551 imago

1945 5575 2085 5633 facta
2114 5586 2196 5633 est
2216 5618 2232 5644 ,
2261 5575 2384 5647 quia
2412 5589 2518 5630 non
2549 5574 2887 5637 discernitur,
2921 5571 3022 5627 nisi
3047 5587 3168 5627 cum
3193 5571 3352 5628 fuerit
3380 5585 3535 5641 sepa-

1942 5677 2080 5726 rata.
2108 5668 2213 5725 Sed
2241 5667 2488 5738 quoniam
2522 5675 2640 5735 post
2662 5680 2838 5720 ceram
2868 5675 3164 5735 separatam
3194 5677 3374 5720 manet
3397 5663 3538 5733 quod

1942 5761 2139 5819 factum
2169 5769 2252 5816 est
2294 5768 2351 5814 ut
2378 5758 2544 5814 videri
2574 5759 2772 5829 possit,
2808 5765 3087 5827 propterea
3118 5756 3272 5811 facile
3317 5769 3538 5825 persua-

1943 5855 2120 5922 detur,
2151 5852 2292 5925 quod
2319 5853 2493 5908 inerat
2529 5853 2636 5924 jam
2681 5865 2820 5906 cera:
2844 5849 3018 5906 forma
3062 5850 3317 5919 impressa
3343 5863 3409 5904 ex
3433 5863 3535 5903 an-

1947 5950 2076 6007 nulo
2096 5957 2149 6007 et
2169 5955 2453 6020 antequam
2477 5944 2546 6005 ab
2560 5944 2650 6004 illa
2670 5952 3032 6016 separaretur.
3049 5939 3108 6001 Si
3129 5947 3311 5998 autem
3334 5937 3536 6011 liquido
