4076 6460
524 464 628 527 987

522 580 735 637 humori
764 578 1141 649 adjungeretur
1168 572 1415 640 annulus,
1455 586 1521 628 eo
1545 570 1784 627 detracto
1816 566 1947 623 nihil
1979 566 2114 621 ima-

523 672 660 742 giuis
686 679 964 741 appareret
989 687 1001 724 :
1028 682 1124 723 nec
1148 666 1265 720 ideo
1288 673 1462 719 tamen
1487 663 1793 717 discernere
1814 659 1951 714 ratio
1973 674 2079 711 non
2099 657 2117 689 ί

521 763 757 829 deberet,
784 762 945 816 fuisse
972 762 1021 815 in
1046 760 1135 815 illo
1159 760 1399 826 humore,
1421 766 1700 827 antequam
1725 755 2113 819 detraheretur,

520 855 702 909 annuli
735 853 957 907 formam
990 851 1180 906 factam
1226 866 1291 905 ex
1334 850 1530 904 annulo
1554 890 1568 915 ,
1597 864 1712 918 quae
1742 846 2114 915 distinguenda

518 956 603 1004 est
631 948 697 1002 ab
726 961 786 1000 ea
818 946 998 1000 forma
1044 960 1161 1016 quas
1192 946 1246 998 iu
1276 944 1472 999 annulo
1514 952 1625 1006 est,
1672 941 1815 995 unde
1846 941 1945 996 ista
1975 940 2113 995 facta

518 1049 744 1109 estqute
775 1037 1013 1092 detracto
1057 1037 1256 1090 annulo
1300 1050 1406 1089 non
1448 1034 1583 1101 erit,
1630 1032 1871 1103 quamvis
1917 1031 2005 1085 illa
2058 1030 2113 1085 iu

519 1132 717 1188 annulo
748 1139 959 1187 maneat
988 1130 1125 1186 unde
1157 1130 1258 1185 ista
1295 1127 1433 1184 facta
1460 1136 1564 1183 est.
1591 1126 1679 1183 Sic
1708 1140 1896 1181 sensus
1925 1124 2112 1179 oculo-

515 1240 635 1280 rum
649 1238 755 1279 non
773 1223 892 1280 ideo
909 1238 1012 1278 non
1027 1222 1187 1277 habet
1201 1221 1483 1289 imaginem
1498 1219 1735 1288 corporis
1747 1217 1887 1287 quod
1906 1210 2112 1272 videtur

516 1317 766 1388 quamdiu
803 1315 1030 1382 videtur,
1056 1315 1177 1384 quia
1223 1328 1287 1367 eo
1316 1312 1552 1367 detracto
1595 1326 1699 1366 non
1727 1317 1984 1366 remanet.
2034 1309 2113 1364 Ac

518 1423 615 1478 per
642 1408 742 1463 hoc
767 1406 1087 1462 tardioribus
1115 1404 1338 1476 ingeniis
1359 1403 1664 1457 difficillime
1684 1400 1990 1472 persuaderi
2020 1414 2113 1470 po.

523 1508 654 1568 test,
684 1501 899 1556 formari
946 1500 1001 1554 in
1026 1512 1186 1554 sensu
1228 1506 1413 1552 nostro
1442 1495 1722 1567 imaginem
1750 1495 1827 1549 rei
1852 1492 2073 1548 visibilis
2092 1534 2108 1559 ,

516 1608 639 1651 cum
663 1609 780 1650 eam
803 1593 1067 1659 videmus,
1084 1600 1140 1647 et
1163 1588 1405 1646 eamdem
1436 1586 1659 1643 formam
1682 1600 1800 1641 esse
1828 1584 2107 1639 visionem.

588 1688 643 1742 4.
672 1686 779 1742 Sed
806 1685 893 1757 qui
934 1684 1075 1740 forte
1101 1682 1431 1739 adverterint
1461 1680 1603 1752 quod
1629 1679 2066 1737 commemorabo
2090 1720 2107 1746 ,

520 1793 626 1833 non
658 1779 729 1833 ita
776 1778 827 1831 in
880 1776 979 1831 hac
1027 1774 1364 1845 inquisitione
1407 1772 1743 1828 laborabunt.
1791 1771 2111 1840 Plerumque

518 1884 641 1925 cum
681 1868 924 1924 diuseule
967 1867 1350 1923 attenderimus
1416 1880 1645 1936 quaeque
1692 1864 2008 1931 luminaria,
2058 1870 2113 1917 et

523 1960 718 2017 deinde
765 1960 949 2015 oculos
976 1960 1356 2026 clauserimus,
1389 1960 1538 2027 quasi
1572 1966 1854 2012 versantur
1882 1956 1936 2009 in
1977 1969 2108 2010 con-

519 2065 702 2127 spectu
731 2055 945 2125 quidam
973 2053 1131 2109 lucidi
1153 2052 1363 2108 colores
1391 2051 1536 2105 varie
1557 2065 1676 2105 sese
1695 2057 1996 2103 commutau
2007 2058 2107 2116 tes,

519 2156 576 2204 ct
601 2147 776 2201 minus
823 2146 1105 2215 minusque
1134 2144 1431 2215 fulgentes,
1478 2142 1650 2196 donec
1705 2141 1924 2195 omnino
1970 2139 2111 2194 desi-

519 2248 705 2294 stant:
735 2252 869 2309 quos
912 2236 1310 2308 intelligendum
1341 2242 1423 2290 est
1464 2234 1714 2305 reliquias
1759 2248 1877 2289 esse
1924 2231 2112 2288 formae

521 2332 663 2387 illius
690 2347 808 2401 quze
857 2331 994 2386 facta
1039 2339 1166 2386 erat
1199 2331 1251 2384 in
1285 2344 1443 2385 sensu
1465 2370 1478 2393 ,
1511 2343 1630 2383 cum
1658 2343 1851 2397 corpus
1879 2326 2110 2382 lucidum

521 2425 810 2491 videretur,
864 2424 1224 2495 paulatimque
1267 2431 1320 2477 et
1364 2420 1593 2492 quodam
1640 2419 1803 2475 modo
1847 2419 2111 2490 gradatim

522 2515 819 2571 deﬁcieudo
849 2515 1060 2570 variari.
1106 2514 1240 2569 Nam
1290 2522 1343 2569 et
1388 2513 1706 2567 insertarum
1754 2510 2109 2567 fenestrarum

522 2609 779 2677 cancelli,
812 2609 857 2665 si
881 2624 976 2664 eos
1002 2608 1138 2664 forte
1164 2606 1520 2673 intuebantur,
1551 2621 1694 2675 saepe
1741 2606 1793 2659 in
1818 2605 1922 2660 illis
1948 2620 2110 2676 appa-

521 2718 680 2758 ruere
708 2702 972 2757 coloribus
1003 2719 1017 2756 :
1048 2709 1103 2755 ut
1126 2699 1467 2755 manifestum
1492 2698 1579 2761 sit,
1609 2696 1748 2751 hanc
1771 2696 2109 2751 affectionem

522 2802 708 2849 nostro
752 2793 931 2848 sensui
960 2808 1027 2847 ex
1070 2806 1129 2848 ea
1178 2806 1238 2846 re
1288 2806 1405 2861 qua:
1450 2788 1726 2844 videbatur
1770 2789 2107 2858 impressam.

525 2887 653 2942 Erat
678 2900 807 2958 ergo
849 2887 1008 2942 etiam
1039 2901 1161 2941 cum
1190 2885 1493 2941 videremus
1513 2924 1527 2949 ,
1556 2893 1608 2940 et
1647 2883 1735 2938 illa
1780 2890 1894 2939 erat
1917 2882 2111 2938 clarior

524 2988 579 3036 et
607 2980 941 3049 expressior;
987 2977 1080 3033 sed
1110 2976 1335 3031 multum
1368 2976 1647 3045 conjuncta
1680 2990 1801 3030 cum
1831 2975 2008 3046 specie
2034 2974 2111 3030 rei

523 3071 639 3141 ejus
665 3086 783 3141 quae
811 3069 1141 3134 cernebatur,
1173 3076 1229 3122 ut
1255 3067 1481 3122 discerni
1508 3067 1722 3122 omnino
1751 3082 1856 3121 non
1898 3074 2109 3138 posset;

524 3173 577 3220 et
606 3164 719 3233 ipsa
749 3171 863 3217 erat
894 3162 1047 3217 visio.
1078 3160 1213 3229 Quin
1241 3161 1397 3215 etiam
1423 3176 1543 3215 cum
1583 3161 1815 3215 lucernae
1844 3159 2113 3215 flammula

525 3256 689 3313 modo
731 3255 959 3326 quodam
1004 3255 1306 3310 divaricatis
1335 3255 1498 3310 radiis
1539 3255 1814 3310 oculorum
1843 3256 1995 3326 quasi
2021 3271 2114 3327 ge-

526 3350 778 3415 minatur,
828 3347 945 3401 duae
978 3347 1209 3401 visiones
1235 3347 1401 3411 ﬁunt,
1428 3361 1548 3401 cum
1599 3347 1668 3401 sit
1712 3361 1799 3402 res
1843 3361 1948 3403 una
1995 3362 2114 3416 qum

525 3442 755 3497 videtur.
787 3440 1104 3510 Singillatim
1153 3441 1348 3510 quippe
1377 3439 1679 3494 afﬁciuntur
1708 3440 1846 3494 idem
1885 3439 2021 3495 radii
2049 3439 2115 3495 de

524 3546 625 3588 suo
654 3531 879 3602 quisque
921 3530 1077 3586 oculo
1105 3530 1394 3586 emicantes
1414 3570 1428 3596 ,
1479 3529 1604 3584 dum
1633 3545 1737 3584 non
1782 3530 2027 3586 sinuntur
2062 3531 2117 3587 in

524 3624 655 3682 iffnd
677 3639 869 3694 corpus
886 3623 1192 3679 intuendum
1209 3623 1406 3692 pariter
1421 3623 1807 3693 eonjuncteque
1827 3638 2115 3680 concurre-

525 3733 605 3783 re,
626 3725 682 3772 ιιι
704 3733 841 3771 unus
868 3716 958 3770 ﬁat
985 3733 1047 3772 ex
1080 3724 1305 3785 utroque
1333 3715 1622 3770 contuitus.
1650 3716 1714 3770 Et
1736 3715 1856 3771 ideo
1882 3716 1926 3771 si
1956 3731 2117 3771 unum

526 3810 738 3865 oculum
761 3809 1111 3866 clauserimus
1130 3851 1144 3875 ,
1172 3823 1278 3863 non
1305 3809 1572 3879 geminum
1611 3808 1786 3878 ignem
1807 3850 1821 3875 ,
1850 3808 1943 3863 sed
1963 3808 2119 3863 sicuti

527 3910 612 3957 est
638 3916 798 3955 unum
831 3899 1148 3954 videbimus.
1179 3898 1288 3954 Cur
1323 3908 1499 3955 autem
1549 3899 1771 3954 sinistro
1816 3898 2000 3953 clauso
2028 3898 2118 3953 illa

529 3993 738 4064 species
753 3992 948 4047 desinit
964 3992 1128 4047 videri
1147 4008 1265 4063 quae
1283 3991 1348 4046 ad
1365 3992 1609 4045 dextrum
1628 3999 1762 4055 erat,
1782 3989 2121 4060 vicissimque

531 4089 727 4142 dextro
748 4086 927 4139 clauso
948 4085 1037 4138 illa
1064 4083 1429 4138 intermoritur
1457 4098 1575 4153 quae
1600 4082 1665 4137 ad
1688 4082 1961 4137 sinistrum
1984 4092 2119 4148 erat,

530 4190 588 4237 et
619 4180 833 4248 longum
859 4186 939 4233 est
962 4186 1017 4232 ct
1040 4177 1115 4231 rei
1143 4176 1392 4246 praesenti
1426 4190 1532 4229 non
1574 4174 1935 4229 necessarium
1962 4173 2122 4229 modo

530 4286 772 4342 quaerere
782 4278 937 4339 atque
954 4268 1238 4324 disserere.
1253 4266 1405 4336 Quod
1419 4268 1560 4323 enim
1579 4267 1644 4321 ad
1660 4276 1959 4336 susceptam
1973 4281 2121 4335 quaa-

529 4362 762 4417 stionem
791 4360 921 4415 satis
950 4367 1064 4425 est;
1094 4360 1193 4415 nisi
1222 4359 1375 4415 ﬁeret
1404 4359 1456 4414 in
1481 4374 1641 4415 sensu
1670 4366 1854 4414 nostro
1878 4356 2123 4428 quaedam

530 4452 708 4523 imago
733 4450 1003 4505 simillima
1032 4449 1111 4505 rei
1134 4450 1249 4520 ejus
1278 4466 1435 4520 quam
1464 4450 1733 4506 cernimus
1752 4488 1769 4516 ,
1797 4465 1904 4506 non
1930 4464 2123 4505 secun-

532 4544 659 4599 dum
704 4544 979 4598 oculorum
1019 4558 1296 4599 numerum
1338 4542 1564 4597 ﬂamma:
1593 4543 1800 4613 species
1827 4541 2127 4612 geminare-

534 4646 641 4706 tur,
670 4651 791 4691 cum
816 4635 1031 4707 quidam
1076 4634 1328 4691 cernendi
1368 4634 1559 4691 modus
1606 4635 1877 4690 adhibitus
1923 4634 2121 4701 fuerit,

532 4729 626 4799 qui
667 4728 834 4799 possit
873 4744 1192 4785 concursum
1238 4743 1489 4799 separare
1554 4727 1843 4782 radiorum.
1898 4728 1976 4782 Ex
2019 4742 2126 4782 uno

534 4820 734 4891 quippe
759 4820 915 4876 oculo
935 4819 1171 4890 quolibet
1194 4819 1353 4875 modo
1367 4817 1617 4884 deducto,
1631 4827 1716 4873 ant
1736 4818 2016 4887 impresso,
2035 4826 2128 4873 aut

540 4911 759 4977 intorto,
788 4913 831 4965 si
865 4912 999 4966 alter
1042 4911 1256 4966 clausus
1283 4919 1385 4975 est,
1416 4909 1700 4980 dupliciter
1728 4907 1899 4965 videri
1926 4910 2126 4981 aliquid

538 5002 681 5074 quod
712 5005 959 5059 situnum
993 5002 1141 5057 nullo
1166 5011 1320 5073 pacto
1352 5010 1545 5071 potest.

608 5097 665 5152 5.
696 5096 824 5163 Quae
848 5111 968 5152 cum
993 5096 1064 5150 ita
1091 5095 1198 5149 sint
1220 5137 1234 5162 ,
1261 5094 1363 5149 tria
1392 5094 1506 5149 hmc
1528 5094 1769 5164 quamvis
1793 5094 2004 5150 diversa
2034 5109 2130 5149 na-

538 5199 680 5256 tura,
708 5189 1157 5261 quemadmodum
1202 5189 1263 5242 iu'
1284 5188 1568 5259 quamdam
1599 5190 1855 5244 unitatem
1885 5198 2128 5245 contem-

540 5293 795 5353 perentur
824 5283 1254 5348 meminerimus;
1280 5281 1330 5336 id
1356 5290 1461 5350 est,
1501 5282 1711 5353 species
1740 5282 1981 5353 corporis
2012 5298 2129 5352 quae

540 5373 772 5441 videtur,
797 5383 851 5429 et
878 5375 1134 5444 impressa
1165 5374 1280 5445 ejus
1323 5375 1496 5445 imago
1518 5375 1696 5430 sensui
1727 5374 1868 5446 quod
1888 5384 1970 5430 est
1998 5375 2132 5429 visio

500 5498 501 5501 η
542 5480 799 5522 sensusve
825 5468 1115 5535 formatus,
1146 5478 1199 5524 et
1218 5468 1463 5523 voluntas
1496 5468 1660 5524 animi
1689 5485 1807 5540 quat
1851 5470 1928 5524 rei
1956 5470 2131 5524 sensi-

541 5560 636 5618 bili
665 5574 879 5617 sensum
901 5561 1182 5631 admovet,
1213 5561 1269 5617 in
1290 5575 1461 5633 eoque
1484 5562 1652 5633 ipsam
1676 5562 1931 5618 visionem
1964 5569 2129 5617 tenet.

532 5700 533 5703 “
609 5700 626 5731 ¹
664 5706 783 5760 vox,
828 5711 939 5759 non,
983 5699 1259 5749 redundare
1296 5700 1506 5750 videtur.
1553 5707 1691 5749 Forte
1715 5700 1809 5759 sic,
1834 5699 2137 5760 transpositis

545 5762 763 5824 vocibus,
786 5774 893 5821 nec,
921 5769 991 5821 et,
1015 5774 1125 5824 non,
1150 5761 1391 5824 legendus
1414 5770 1491 5824 est
1512 5763 1589 5812 hic
1612 5762 1748 5824 locus
1770 5776 1783 5824 ς
1814 5770 1913 5811 Non
1933 5761 2043 5823 ideo
2066 5769 2137 5811 ta-

545 5837 656 5873 men
692 5822 966 5886 discernere
1002 5823 1125 5874 ratio
1166 5822 1377 5883 deberet,
1415 5822 1559 5886 fuisse
1582 5824 1631 5873 in
1652 5822 1736 5873 illo
1759 5822 1972 5882 humore,
2001 5832 2136 5886 ante-

548 5896 691 5995 qitam
734 5884 1089 5996 (ἆραι-Ματθίαν,
1130 5894 1216 5936 nec
1240 5884 1631 5946 atmuti’formam
1655 5887 1831 5949 factam
1854 5898 1917 5937 ex
1941 5885 2117 5937 annulo

548 5959 580 5996 θ
602 5960 643 5996 c.
785 5984 795 5995 .
2104 5978 2105 5981 η

548 5956 643 5997 etc.
740 5956 795 5996 Ι.
2104 5978 2105 5981 η

1641 452 1731 508 DE
1771 446 2161 516 TRINITATE,
2201 446 2261 502 S.
2302 445 2665 505 AUGUSTINI

3698 443 3805 511 988

2221 564 2421 619 Horum
2444 567 2692 635 primum,
2717 566 2768 621 id
2797 576 2896 635 est,
2931 580 3015 623 res
3042 568 3156 638 ipsa
3185 569 3405 626 visibilis
3432 585 3539 627 non
3564 572 3804 642 pertinet

2216 659 2283 714 ad
2306 661 2587 717 animantis
2612 670 2851 716 natumut
2877 704 2892 731 ,
2922 663 3022 718 nisi
3051 678 3170 719 cum
3197 679 3392 734 corpus
3414 675 3659 721 nostrum
3687 680 3807 722 cer-

2218 751 2411 806 nimus.
2456 751 2695 807 Alterum
2738 760 2914 809 autem
2963 754 3034 808 ita
3078 755 3342 824 pertinet,
3386 768 3442 812 ut
3477 757 3531 811 in
3575 772 3808 828 corpore

2218 845 2346 911 ﬁat,
2373 854 2427 901 et
2469 862 2565 917 per
2592 861 2787 917 corpus
2813 848 2866 903 in
2892 850 3069 903 anima
3102 866 3115 902 :
3143 850 3201 904 ﬁt
3228 850 3376 905 enim
3411 850 3465 905 in
3492 864 3680 914 sensu,
3714 850 3805 920 qui

2219 953 2390 1010 neque
2417 940 2533 995 sine
2558 954 2785 1010 corpore
2821 950 2939 1006 est,
2966 956 3144 1012 neque
3176 942 3294 996 sine
3331 942 3529 997 anima.
3562 942 3804 996 Tertium

2218 1046 2347 1087 vero
2369 1033 2532 1088 solius
2557 1034 2747 1089 animae
2768 1042 2886 1101 est,
2918 1034 3040 1103 quia
3070 1033 3319 1089 voluntas
3349 1042 3452 1089 est.
3478 1034 3611 1090 Cum
3646 1034 3803 1104 igitur

2216 1124 2406 1179 borum
2436 1126 2592 1181 trium
2624 1135 2728 1182 tam
2767 1127 2995 1183 diversae
3036 1127 3347 1182 substantiae
3375 1127 3516 1192 sint,
3544 1136 3725 1180 tamen
3754 1126 3805 1180 in

2216 1224 2414 1271 tantam
2444 1226 2637 1273 coeunt
2679 1218 2966 1285 unitatem,
3001 1229 3059 1273 ut
3094 1219 3202 1275 duo
3234 1218 3412 1289 priora
3444 1220 3535 1273 vix
3570 1219 3804 1273 interce-

2214 1308 2372 1363 dente
2414 1308 2592 1378 judice
2627 1311 2834 1365 ratione
2866 1311 3099 1366 discerni
3127 1311 3380 1380 valeant,
3407 1311 3615 1389 species
3656 1310 3806 1365 vide-

2214 1400 2336 1456 licet
2377 1402 2617 1472 corporis
2645 1403 2786 1473 quod
2816 1404 3043 1471 videtur,
3074 1414 3130 1460 et
3165 1407 3338 1477 imago
3372 1406 3489 1475 eius
3513 1419 3636 1476 quae
3659 1405 3718 1460 fit
3749 1404 3803 1461 in

2213 1507 2396 1563 sensu,
2426 1494 2479 1548 id
2506 1504 2590 1550 est
2608 1537 2622 1561 ,
2650 1495 2801 1551 visio.
2834 1496 3092 1551 Voluntas
3135 1507 3313 1553 autem
3340 1506 3541 1552 tantam
3568 1498 3677 1551 vim
3708 1496 3805 1577 ha?

2214 1586 2303 1642 bet
2327 1587 2612 1657 conulandi
2637 1587 2753 1644 hate
2779 1588 2905 1655 duo,
2938 1599 2996 1645 ut
3022 1599 3078 1646 et
3105 1605 3318 1645 sensum
3351 1591 3688 1646 formandum
3716 1582 3802 1646 ad?

2215 1690 2429 1737 moveat
2451 1682 2501 1736 ei
2527 1683 2601 1738 rei
2631 1698 2749 1753 quae
2767 1684 3023 1749 cernitur,
3050 1693 3105 1739 et
3121 1684 3175 1739 in
3196 1699 3259 1738 ea
3286 1684 3569 1740 formatum
3597 1694 3799 1742 teneat.

2214 1772 2282 1827 Et
2310 1774 2355 1829 si
2384 1783 2487 1828 tam
2520 1775 2749 1830 violenta
2777 1784 2880 1841 est,
2912 1786 2971 1831 ut
2999 1778 3168 1847 possit
3190 1779 3368 1833 vocari
3391 1793 3563 1844 amor,
3590 1788 3684 1834 aut
3709 1793 3803 1836 cn-

2214 1864 2427 1933 piditas,
2458 1874 2551 1919 aut
2573 1864 2737 1921 libido
2756 1907 2773 1933 ,
2805 1866 2964 1922 etiam
3011 1877 3261 1923 cancrum
3288 1883 3484 1940 corpus
3510 1870 3803 1926 animantis

2211 1953 2558 2012 vehementer
2582 1957 2782 2014 afﬁcit:
2810 1968 2865 2014 et
2893 1959 2979 2015 ubi
3009 1975 3115 2015 non
3144 1962 3345 2016 resistit
3368 1962 3569 2032 pigrior
3588 1962 3803 2019 duriore

2212 2062 2315 2117 que
2346 2051 2626 2116 materies,
2661 2053 2713 2105 in
2741 2052 2970 2108 similem
2996 2055 3229 2124 speciem
3274 2055 3617 2125 coloremque
3647 2070 3801 2112 com-

2212 2150 2401 2195 mutat.
2448 2142 2596 2199 Licet
2639 2145 2821 2200 videre
2869 2148 3241 2216 corpusculum
3290 2146 3694 2204 chamaeleontis
3731 2146 3801 2205 ad

2210 2232 2420 2287 colores
2488 2249 2620 2303 quos
2666 2235 2807 2290 videt
2863 2236 3111 2292 facillima
3186 2239 3535 2294 conversione
3580 2238 3800 2294 variari.

2211 2324 2451 2378 Aliorum
2492 2335 2669 2381 autem
2715 2328 3021 2383 animalium
3073 2330 3193 2399 quia
3235 2346 3341 2384 non
3370 2339 3457 2386 est
3477 2330 3543 2386 ad
3572 2346 3799 2387 conver-

2212 2415 2416 2471 sionem
2447 2417 2615 2473 facilis
2644 2420 2973 2489 corpulentia
2999 2462 3015 2488 ,
3044 2420 3181 2476 fetus
3207 2422 3520 2493 plerumque
3560 2423 3803 2493 produnt

2212 2505 2458 2563 libidines
2479 2518 2730 2577 matrum,
2758 2510 2884 2581 quid
2913 2527 3034 2566 cum
3062 2527 3247 2583 magna
3281 2513 3633 2570 delectatione
3661 2528 3801 2569 con-

2211 2600 2498 2668 spexerint.
2530 2601 2699 2669 Quam
2738 2604 2881 2658 enim
2927 2605 3214 2672 teneriora,
3242 2615 3421 2678 atque,
3451 2614 3508 2661 ut
3538 2609 3607 2662 ita
3642 2608 3802 2664 dixe-

2210 2691 2330 2757 rim,
2362 2692 2720 2749 formabiliora
2749 2704 2872 2750 sunt
2898 2696 3184 2766 primordia
3205 2698 3467 2753 seminum
3492 2740 3506 2765 ,
3542 2709 3650 2755 tam
3682 2700 3802 2756 efﬁ-

2211 2783 2409 2840 caciter
2434 2795 2487 2840 et
2517 2788 2784 2857 eapaciter
2818 2796 3113 2859 sequuntur
3148 2789 3494 2846 intentionem
3540 2801 3804 2847 maternas

2213 2877 2426 2943 animae,
2455 2887 2510 2935 et
2537 2896 2655 2950 quae
2685 2881 2739 2936 in
2767 2896 2829 2937 ea
2853 2881 2991 2937 facta
3009 2889 3093 2938 est
3122 2882 3453 2952 phantasiam
3481 2899 3575 2955 per
3603 2900 3803 2956 corpus

2213 2970 2357 3039 quod
2384 2971 2574 3040 cupide
2600 2974 2826 3042 aspexit.
2848 2973 2983 3030 Sunt
3001 2974 3247 3045 exempla
3273 2990 3391 3045 quze
3416 2976 3636 3046 copiose
3663 2992 3806 3034 com-

2213 3064 2498 3119 memorari
2544 3067 2749 3135 possint
2791 3085 2804 3122 :
2846 3066 2942 3123 sed
2973 3083 3135 3122 unum
3162 3069 3359 3124 sufﬁcit
3382 3069 3450 3124 de
3474 3068 3806 3126 ﬁdelissimis

2214 3154 2407 3219 Libris,
2424 3157 2567 3227 quod
2589 3157 2713 3214 fecit
2737 3159 2923 3227 Jacob,
2938 3167 2997 3214 ut
3021 3176 3146 3216 oves
3183 3170 3234 3217 et
3252 3176 3425 3231 capue
3451 3163 3630 3217 varios
3653 3163 3806 3217 colo-

2214 3247 2364 3303 ribus
2401 3259 2685 3319 parerent,
2720 3251 3073 3321 supponenda
3120 3253 3198 3307 eis
3236 3253 3437 3308 variata
3482 3252 3713 3322 virgulta
3748 3253 3805 3308 in

2215 3340 2487 3395 canalibus
2509 3355 2789 3413 aquarum,
2809 3359 2927 3413 qua:
2957 3353 3203 3413 potantes
3229 3345 3563 3400 intuerentur
3584 3360 3652 3400 eo
3672 3356 3808 3401 tem-

2217 3444 2346 3500 pore
2374 3446 2481 3501 quo
2509 3444 2864 3504 conceperant
2910 3435 3059 3507 (Gen.
3084 3453 3214 3503 xxx,
3246 3436 3459 3509 57-41).

2288 3523 2512 3579 CAPUT
2552 3524 2640 3580 Ill.
2670 3556 2742 3566 —
2769 3528 2822 3583 6.
2876 3527 3052 3584 Trium
3091 3530 3259 3583 unitas
3296 3530 3352 3583 in
3393 3530 3701 3601 cogitatione
3739 3530 3803 3598 ﬁt

2218 3615 2494 3680 memoriae,
2522 3616 2731 3672 interna:
2751 3618 2974 3687 visionis,
3005 3630 3049 3674 et
3069 3619 3338 3675 uoluntatis
3360 3629 3625 3692 utrumque
3650 3636 3815 3690 copu-

2220 3705 2392 3760 lantis.
2424 3706 2532 3762 Sed
2557 3708 2732 3762 anima
2763 3710 3043 3765 rationalis
3069 3710 3378 3766 deformiter
3402 3712 3552 3779 vivit,
3578 3727 3703 3767 cum
3725 3727 3814 3768 se-

2220 3798 2451 3853 cundum
2498 3800 2787 3856 trinitatem
2818 3802 3099 3857 exterioris
3140 3803 3371 3858 hominis
3412 3804 3574 3869 vivit;
3607 3804 3663 3859 id
3689 3814 3812 3873 est,

2220 3904 2343 3946 cum
2368 3892 2434 3946 ad
2463 3908 2527 3947 ea
2553 3908 2672 3962 qua:
2702 3892 3000 3950 forinsecus
3029 3910 3248 3950 sensum
3273 3898 3515 3966 corporis
3546 3897 3810 3964 formant,

2223 3998 2327 4037 non
2357 3984 2685 4040 laudabilem
2704 3986 3053 4055 voluntatem,
3083 4003 3186 4058 qua
3218 3988 3330 4044 haec
3359 3989 3427 4044 ad
3458 3990 3584 4045 utile
3609 3989 3817 4059 aliquid

2220 4076 2439 4140 referat,
2468 4077 2562 4131 sed
2594 4088 2801 4147 turpem
2834 4079 3181 4150 cupiditatem
3211 4096 3313 4151 qua
3350 4081 3431 4135 his
3460 4081 3819 4148 inhmrcscat,

2224 4168 2610 4224 accommodat.
2633 4172 2765 4237 Quia
2793 4173 2952 4227 etiam
2974 4172 3208 4229 detracta
3236 4175 3415 4245 specie
3437 4175 3677 4245 corporis
3690 4190 3824 4245 qua:

2225 4263 2574 4332 corporaliter
2602 4264 2953 4331 sentiebatur,
2978 4276 3223 4322 remanet
3250 4267 3303 4322 in
3333 4268 3591 4323 memoria
3621 4267 3826 4321 simili-

2229 4355 2356 4410 tudo
2386 4355 2532 4425 ejus,
2562 4371 2669 4426 quo
2713 4372 2900 4412 rursus
2938 4359 3184 4414 voluntas
3209 4368 3487 4415 convertat
3513 4359 3683 4413 aciem
3706 4400 3723 4425 ,
3759 4367 3827 4414 ut

2226 4450 2351 4505 inde
2389 4449 2648 4505 formetur
2686 4448 3007 4508 intrinsecus
3029 4493 3043 4517 ,
3074 4452 3211 4508 sicut
3237 4468 3304 4508 ex
3339 4467 3568 4524 corpore
3598 4452 3827 4522 objecto

2226 4544 2467 4600 sensibili
2495 4559 2686 4601 sensus
2714 4546 3046 4627 extrinsecus
3072 4545 3423 4602 formabatur.
3449 4548 3623 4617 Atque
3653 4547 3727 4600 ita
3765 4546 3830 4599 ﬁt

2228 4637 2317 4692 illa
2345 4639 2551 4694 trinitas
2577 4656 2646 4696 ex
2674 4641 2931 4696 memoria
2952 4682 2967 4707 ,
3008 4651 3062 4696 et
3089 4642 3294 4697 interna
3322 4642 3526 4696 visione
3544 4681 3560 4705 ,
3600 4649 3657 4697 et
3696 4656 3829 4712 quae

2230 4737 2516 4802 utrumque
2557 4731 2771 4801 copulat
2796 4732 3087 4787 voluntate.
3117 4731 3249 4799 Quae
3281 4733 3381 4787 tria
3406 4748 3529 4786 cum
3562 4732 3616 4785 in
3645 4747 3829 4786 unum

2231 4829 2513 4891 coguntur,
2540 4823 2608 4877 ab
2636 4823 2749 4890 ipso
2774 4831 2961 4876 coactu
2988 4823 3239 4892 cogitatio
3264 4823 3478 4877 dicitur.
3501 4822 3611 4876 Nec
3631 4822 3748 4891 jam
3775 4824 3829 4876 in

2231 4913 2314 4968 bis
2341 4914 2513 4969 tribus
2532 4913 2743 4968 diversa
2764 4914 3058 4969 substantia
3086 4924 3187 4969 est.
3206 4915 3389 4983 Neque
3417 4916 3559 4969 enim
3586 4925 3683 4968 aut
3703 4930 3835 4968 cor-

2232 5021 2331 5075 pus
2357 5006 2481 5061 illud
2507 5006 2759 5061 sensibile
2778 5007 2849 5060 ibi
2880 5015 2984 5074 est,
3007 5006 3147 5076 quod
3170 5008 3389 5061 omnino
3417 5006 3715 5061 discretum
3749 5017 3835 5060 est

2231 5098 2300 5153 ab
2325 5097 2610 5153 animantis
2632 5107 2839 5164 natura,
2858 5108 2951 5153 aut
2971 5112 3159 5153 sensus
3188 5099 3429 5168 corporis
3462 5098 3532 5153 ibi
3565 5098 3841 5153 formatur

2232 5198 2291 5245 ut
2320 5190 2410 5245 fiat
2430 5192 2601 5257 visio,
2636 5200 2723 5245 aut
2762 5192 2875 5260 ipsa
2901 5192 3147 5245 voluntas
3177 5190 3230 5245 id
3259 5190 3370 5260 agit
3399 5199 3457 5244 ut
3482 5188 3842 5245 formandum

2233 5298 2448 5340 sensum
2479 5284 2717 5339 sensibili
2745 5284 2961 5353 corpori
2986 5282 3301 5347 admoveat,
3337 5284 3387 5336 in
3419 5298 3596 5353 eoque
3626 5283 3844 5337 ἴοι-πηδ-

2237 5385 2346 5431 tum
2387 5375 2625 5431 detineat
2654 5394 2666 5429 :
2701 5374 2796 5430 sed
2828 5390 2924 5445 pro
2952 5375 3041 5429 illa
3068 5374 3248 5445 specie
3277 5375 3518 5443 corporis
3551 5390 3675 5443 qua:
3705 5389 3845 5429 scn-

2237 5467 2468 5523 tiebatur
2492 5469 2841 5533 extrinsecus,
2876 5464 3112 5522 succedit
3134 5466 3390 5521 memoria
3422 5466 3665 5520 retinens
3687 5466 3848 5520 illam

2236 5562 2472 5631 speciem
2512 5576 2671 5632 quam
2698 5576 2793 5631 per
2818 5560 3058 5631 corporis
3086 5573 3302 5613 sensum
3331 5558 3585 5613 combibit
3611 5558 3805 5611 anima
3829 5574 3845 5623 ;

2239 5670 2442 5727 proque
2466 5657 2553 5711 illa
2580 5657 2786 5711 visione
2812 5669 2933 5725 qua:
2956 5652 3084 5709 foris
3112 5661 3373 5708 eratcum
3404 5664 3598 5705 sensus
3619 5665 3695 5705 ex
3716 5666 3826 5706 cor

2241 5764 2371 5819 pore
2396 5749 2631 5805 sensibili
2658 5748 2998 5814 formaretur,
3022 5745 3258 5803 succedit
3291 5745 3432 5799 intus
3451 5743 3644 5798 similis
3666 5744 3844 5807 visio,

2243 5856 2362 5895 cum
2381 5857 2443 5897 ex
2464 5856 2529 5896 co
2551 5840 2690 5911 quod
2715 5841 2969 5897 memoria
2990 5849 3157 5907 tenet,
3188 5838 3448 5895 formatur
3474 5839 3617 5892 acies
3643 5840 3853 5904 animi,

2245 5946 2299 5991 ct
2348 5935 2585 5991 absentia
2640 5947 2872 6006 corpora
2912 5933 3213 6005 cogitantur
3259 5951 3271 5989 :
3323 5931 3677 6003 voluntasque
3732 5931 3861 6000 ipsa
