4076 6502
280 511 381 574 089

279 627 551 704 quomodo
592 627 722 682 foris
759 625 972 698 corpori
1018 624 1230 696 obiecto
1275 623 1606 679 formandum
1646 637 1864 678 sensum

279 723 616 788 admovebat,
647 720 1039 790 formatmnque
1061 719 1337 789 jungebat,
1371 717 1446 772 sic
1489 716 1656 771 aciem
1689 730 1870 770 recor-

281 816 462 871 dantis
482 813 644 869 animi
674 812 938 868 convertit
962 811 1028 866 ad
1055 812 1368 867 memoriam
1397 851 1412 875 ,
1452 817 1509 862 ut
1532 823 1600 864 ex
1626 821 1692 863 eo
1718 804 1862 876 quod

282 908 368 965 illa
396 906 652 972 retinuit,
684 906 785 960 ista
815 903 1092 968 formetur,
1123 910 1178 958 et
1205 903 1275 956 sit
1299 902 1315 932 ί
1353 902 1405 954 in
1441 898 1762 971 cogitatione
1793 899 1869 952 si-

284 1000 428 1056 milis
451 999 607 1055 visio.
627 997 780 1054 Sicut
806 1006 984 1052 autem
1013 997 1218 1051 ratione
1239 992 1644 1048 discernebatur
1664 990 1871 1062 species

281 1092 506 1148 visibilis
536 1107 639 1161 qua
679 1105 870 1146 sensus
898 1088 1137 1159 corporis
1166 1086 1520 1152 formabatur,
1548 1092 1603 1140 et
1642 1083 1759 1154 ejus
1793 1081 1870 1137 si-

280 1183 531 1240 militudo
558 1198 681 1254 qua:
722 1183 881 1238 fiebat
923 1182 980 1236 in
1015 1194 1176 1237 sensu
1219 1179 1445 1234 formato
1474 1184 1533 1233 ut
1561 1185 1706 1233 esset
1736 1174 1872 1230 visio

284 1275 544 1347 (alioquin
571 1275 644 1329 ita
671 1282 824 1330 erant
847 1273 1168 1343 conjunctae,
1191 1278 1250 1325 ut
1278 1269 1501 1326 omnino
1527 1283 1630 1324 una
1657 1267 1872 1322 eadem-

283 1382 392 1439 que
417 1365 717 1437 putaretur)
747 1382 762 1419 :
800 1364 878 1419 sic
900 1363 985 1419 illa
1015 1361 1315 1433 phantasia,
1337 1375 1459 1417 cum
1485 1359 1697 1417 animus
1723 1356 1871 1426 cogi-

283 1467 358 1515 tat
397 1458 636 1529 speciem
669 1457 772 1513 visi
810 1457 1055 1527 corporis
1077 1496 1092 1521 ,
1134 1469 1256 1510 cum
1285 1462 1496 1510 conStet
1535 1468 1600 1508 ex
1631 1451 1872 1521 corporis

277 1549 637 1606 similitudine
666 1563 827 1620 quam
854 1548 1114 1604 memoria
1142 1554 1308 1610 tenet,
1338 1553 1395 1600 et
1415 1561 1480 1600 ex
1509 1558 1571 1598 ea
1597 1558 1719 1615 quae
1749 1541 1872 1598 inde

284 1642 547 1699 formatur
575 1642 628 1697 in
655 1642 771 1698 acie
793 1640 1125 1697 recordantis
1150 1638 1344 1704 animi;
1373 1647 1556 1693 tamen
1585 1637 1662 1692 sic
1693 1649 1797 1690 una
1821 1643 1876 1691 et

287 1733 569 1805 singularis
609 1741 858 1803 apparet,
902 1743 960 1787 ut
995 1731 1103 1786 duo
1145 1729 1388 1801 quaedam
1431 1743 1552 1784 esse
1583 1743 1688 1783 non
1721 1728 1873 1782 inve-

290 1828 508 1882 niantur
535 1826 636 1882 nisi
663 1825 938 1897 judicante
965 1826 1193 1890 ratione,
1226 1838 1328 1894 qua
1359 1822 1704 1893 intelligimus
1733 1820 1874 1876 aliud

287 1934 406 1976 esse
428 1919 561 1975 illud
585 1919 727 1990 quod
752 1920 809 1975 in
831 1918 1087 1974 memoria
1113 1926 1314 1981 manet,
1335 1916 1494 1971 etiam
1517 1931 1637 1972 cum
1665 1913 1877 1970 aliunde

287 2012 614 2082 cogitamus,
647 2019 702 2066 et
725 2011 872 2065 aliud
900 2009 1013 2065 fieri
1041 2023 1162 2064 cum
1189 2006 1552 2068 recordamur.
1583 2005 1636 2060 id
1663 2015 1774 2072 est,
1804 2003 1873 2059 ad

287 2102 600 2158 memoriam
627 2101 891 2165 redimus,
928 2109 983 2155 et
1009 2099 1118 2156 illic
1145 2098 1444 2154 invenimus
1469 2096 1714 2153 eamdem
1751 2109 1878 2167 spc-

288 2193 442 2248 ciem.
464 2194 593 2262 Qua:
613 2193 656 2248 si
669 2193 780 2264 jam
801 2206 910 2248 non
938 2191 1007 2247 ibi
1031 2199 1194 2258 esset,
1211 2190 1281 2245 ita
1302 2188 1499 2244 oblitos
1529 2203 1626 2242 nos
1648 2201 1768 2242 esse
1792 2186 1877 2242 di-

288 2298 530 2340 ceremus
547 2325 564 2352 ,
585 2293 641 2339 ut
659 2284 878 2340 omnino
908 2283 1146 2338 recolere
1169 2296 1276 2338 non
1301 2277 1678 2357 possemusgSi
1699 2287 1878 2334 autem

288 2376 432 2432 acies
453 2375 786 2432 recordantis
807 2389 914 2429 non
941 2373 1264 2428 formaretur
1291 2386 1356 2428 ex
1383 2386 1445 2427 ea
1467 2383 1664 2442 requa:
1685 2377 1800 2424 erat
1825 2368 1878 2424 in

289 2467 581 2532 memoria,
626 2466 774 2522 nullo
830 2464 991 2520 modo
1039 2464 1191 2519 fieret
1231 2463 1367 2518 visio
1406 2461 1687 2532 cogitantis
1729 2478 1743 2516 :
1785 2459 1880 2515 sed

287 2560 568 2628 atriusque
591 2557 917 2628 conjunctio,
933 2556 985 2611 id
1003 2567 1106 2624 est,
1119 2555 1234 2627 ejus
1258 2570 1418 2626 quam
1429 2555 1688 2613 memoria
1708 2560 1877 2624 tenet,

289 2662 341 2708 et
365 2651 484 2722 ejus
514 2666 634 2721 quae
663 2650 786 2706 inde
813 2651 1128 2720 exprimitur
1152 2657 1211 2705 ut
1237 2649 1498 2705 formetur
1526 2648 1668 2704 acies
1694 2663 1880 2704 recor-

291 2744 465 2801 dantis
485 2785 502 2811 ,
534 2744 653 2814 quia
679 2743 965 2798 simillima:
990 2751 1146 2809 sunt,
1182 2742 1344 2798 veluti
1376 2756 1533 2796 unam
1563 2740 1685 2797 facit
1713 2755 1881 2811 appao

294 2851 436 2893 rere.
460 2833 593 2890 Cum
624 2842 806 2890 autem
843 2834 1128 2905 cogitantis
1157 2833 1300 2889 acies
1328 2847 1515 2888 aversa
1541 2831 1666 2888 inde
1693 2832 1879 2899 fuerit,

292 2937 454 2997 atque
493 2925 548 2982 id
581 2925 723 2995 quod
752 2927 806 2980 in
845 2924 1104 2980 memoria
1130 2924 1453 2980 cernebatur
1493 2921 1760 2978 destiterit
1796 2922 1882 2977 in-

293 3020 468 3086 tueri,
497 3019 630 3074 nihil
655 3018 844 3074 formae
883 3034 1005 3089 quae
1031 3018 1288 3090 impressa
1327 3025 1442 3074 erat
1471 3018 1523 3072 in
1553 3016 1738 3072 eadem
1767 3014 1884 3072 acie

295 3109 592 3168 remanebit
629 3128 642 3164 :
683 3118 844 3180 atque
868 3109 992 3166 inde
1019 3109 1362 3175 formabitur,
1389 3123 1497 3179 quo
1534 3121 1722 3163 rursus
1754 3122 1885 3164 con-

295 3216 448 3257 versa
489 3201 652 3257 fuerit
691 3209 748 3255 ut
777 3200 881 3255 alia
910 3201 1159 3272 cogitatio
1188 3199 1301 3255 fiat.
1328 3199 1503 3254 Manet
1547 3207 1726 3254 tamen
1754 3198 1884 3254 illud

296 3291 440 3363 quod
470 3292 686 3362 reliquit
713 3292 768 3346 in
794 3292 1051 3348 memoria
1069 3333 1085 3358 ,
1114 3306 1222 3362 quo
1245 3305 1433 3346 rursus
1459 3305 1580 3346 cum
1617 3290 1667 3345 id
1698 3304 1884 3347 recor-

296 3384 487 3440 damur
505 3392 868 3452 convertatur,
893 3393 947 3441 et
970 3399 1229 3442 conversa
1247 3384 1525 3453 formetur,
1541 3391 1700 3456 atque
1719 3398 1884 3439 unum

297 3490 416 3531 cum
447 3491 513 3532 eo
543 3475 636 3530 fiat
664 3475 803 3531 unde
831 3475 1112 3532 formatur.

361 3566 593 3624 CAPUT
619 3565 709 3623 Ν.
731 3593 802 3608 -ο
823 3569 878 3622 7.
911 3567 1174 3633 Quomodo
1201 3566 1257 3636 fit
1279 3566 1387 3620 haec
1411 3566 1600 3621 unitas.
1627 3565 1886 3622 Voluntas

297 3673 427 3714 vero
453 3658 542 3714 illa
565 3673 686 3729 quas
718 3657 820 3714 hac
847 3666 1006 3728 atque
1035 3657 1156 3713 illac
1183 3657 1284 3712 fert
1309 3665 1364 3713 et
1394 3656 1558 3712 refert
1583 3655 1753 3712 aciem
1779 3656 1886 3711 for-

298 3751 580 3819 mandam,
610 3750 992 3821 conjungitque
1030 3749 1347 3818 formatam,
1396 3749 1443 3804 si
1482 3749 1548 3804 ad
1576 3749 1886 3805 interiorem

292 3845 635 3918 phantasiam
662 3853 772 3901 tota
797 3843 1132 3909 conﬂuxerit,
1159 3854 1319 3913 atque
1338 3857 1369 3898 a
1395 3842 1678 3913 praisentia
1697 3855 1886 3912 corpo-

291 3953 414 3993 rum
439 3953 560 4008 quae
589 3937 972 4007 circumjacent
1009 3936 1255 3992 sensibus
1273 3978 1289 4004 ,
1320 3945 1479 4004 atque
1512 3936 1579 3990 ab
1608 3935 1736 4006 ipsis
1760 3951 1884 3991 sen-
1919 3951 1928 3958 ·

289 4029 444 4085 sibus
469 4029 743 4099 corporis,
777 4029 943 4084 animi
968 4029 1136 4086 aciem
1164 4027 1384 4084 omnino
1413 4028 1700 4095 averterit,
1728 4035 1887 4097 atque

287 4123 368 4178 ad
392 4139 513 4178 eam
539 4138 659 4194 quae
685 4123 829 4178 intus
856 4122 1094 4179 cernitur
1122 4121 1404 4193 imaginem
1435 4120 1644 4192 penitus
1665 4135 1888 4176 conver-

287 4217 454 4284 terit;
498 4225 644 4272 tanta
676 4215 961 4272 offenditur
986 4217 1006 4248 ²
1038 4215 1330 4271 similitudo
1357 4214 1556 4286 speciei
1595 4213 1888 4283 corporalis

283 4326 556 4382 expressa
593 4328 663 4366 ex
696 4313 955 4367 memoria
976 4353 992 4377 ,
1033 4321 1092 4367 ut
1119 4327 1219 4368 nec
1261 4311 1376 4383 ipsa
1415 4311 1553 4367 ratio
1580 4310 1888 4367 discernere

283 4404 525 4469 sinatur,
559 4411 736 4458 utrum
765 4403 896 4459 foris
923 4417 1118 4472 corpus
1146 4403 1321 4472 ipsum
1348 4402 1611 4468 videatur,
1642 4417 1710 4457 an
1749 4403 1890 4459 intus

286 4495 404 4550 tale
427 4494 630 4564 aliquid
668 4495 949 4565 cogitetur.
985 4493 1119 4550 Nam
1147 4494 1414 4550 interdum
1453 4494 1699 4551 homines
1728 4494 1889 4550 nimia

281 4587 620 4656 cogitatione
661 4602 838 4642 rerum
878 4586 1164 4642 visibilium
1203 4585 1288 4642 vel
1329 4586 1528 4653 illecti,
1558 4586 1643 4642 vel
1685 4586 1886 4652 territi,

279 4679 459 4735 etiam
489 4677 754 4748 ejusmodi
779 4687 1002 4748 repente
1028 4692 1189 4734 voces
1210 4676 1512 4742 ediderunt,
1531 4677 1684 4747 quasi
1705 4691 1890 4733 revera

277 4774 343 4829 in
386 4771 584 4828 mediis
625 4771 818 4827 talibus
853 4771 1154 4827 actionibus
1183 4773 1294 4827 sive
1331 4771 1668 4841 passionibus
1704 4785 1890 4826 versa-

277 4873 509 4922 rentur.
541 4865 606 4918 Et
649 4863 867 4918 memini
906 4879 994 4919 me
1017 4863 1232 4919 audisse
1259 4878 1290 4918 a
1319 4862 1549 4934 quodam
1570 4905 1586 4931 ,
1613 4863 1753 4934 quod
1785 4874 1892 4918 tam

271 4971 611 5029 expressam
637 4964 694 5012 et
718 4955 869 5027 quasi
895 4955 1122 5011 solidam
1143 4956 1378 5026 speciem
1406 4955 1623 5012 feminei
1652 4956 1892 5026 corporis

272 5051 334 5106 in
387 5049 680 5120 cogitando
720 5063 942 5104 cernere
981 5048 1207 5114 soleret,
1235 5055 1293 5103 ut
1317 5049 1365 5102 ei
1408 5064 1467 5103 se
1493 5049 1642 5118 quasi
1679 5048 1892 5104 misceri

270 5142 572 5207 sentiens,
601 5141 762 5196 etiam
789 5138 1107 5211 genitalibus
1129 5138 1339 5194 flueret.
1370 5137 1597 5193 Tantum
1628 5139 1789 5195 habet
1817 5139 1894 5193 vi-

267 5238 436 5291 rium
469 5233 645 5288 anima
679 5233 733 5287 in
763 5245 959 5303 corpus
987 5246 1142 5286 suum
1162 5270 1179 5296 ,
1208 5240 1263 5285 et
1289 5237 1497 5285 tantum
1531 5230 1673 5286 valet
1712 5231 1780 5285 ad
1807 5232 1892 5286 in-

261 5327 540 5387 dumenti
568 5325 877 5396 qualitatem
905 5323 1217 5381 vertendam
1242 5333 1402 5392 atque
1427 5323 1894 5394 mutandam,quo-

259 5421 460 5480 modo
487 5417 650 5472 homo
671 5416 934 5472 afficiatur
962 5414 1302 5485 indutus,qui
1323 5414 1560 5470 cohaeret
1580 5415 1893 5470 indumento

258 5534 404 5572 suo.
464 5509 547 5565 Ex
597 5507 786 5565 eodem
831 5523 1028 5578 genere
1065 5507 1362 5563 affectionis
1401 5507 1562 5562 etiam
1600 5507 1729 5562 illud
1773 5518 1889 5574 est,

257 5603 430 5675 quod
474 5602 524 5654 in
554 5600 757 5654 somnis
783 5614 877 5669 per
898 5599 1157 5670 imagines
1179 5599 1430 5653 ludimur.
1460 5597 1566 5655 Sed
1608 5600 1892 5668 plurimum

258 5696 476 5754 dificrt
499 5732 514 5757 ,
549 5699 724 5745 utrum
761 5689 953 5760 sopitis
994 5690 1240 5745 sensibus
1269 5691 1509 5759 corporis
1531 5733 1544 5756 ,
1588 5692 1740 5746 sicuti
1769 5699 1894 5746 sunt

252 5789 701 5854 dos-n'iientium,
720 5795 812 5842 aut
839 5786 906 5843 ab
933 5786 1185 5843 interiore
1209 5801 1465 5858 compage
1499 5786 1751 5854 turbatis,
1781 5780 1919 5844 sic?

331 5952 353 5983 ι
403 5946 648 6009 plerique
667 5944 960 6009 Mss.,e(ﬁt_.
1498 6001 1515 6009 -
1600 6002 1628 6009 ..
1663 5978 1668 5982 ‘

328 6009 360 6047 2
397 6001 591 6059 Plures
615 6014 738 6057 MSS“
763 6001 1042 6072 omnem.
1067 6011 1120 6058 Et
1141 6001 1374 6068 nonnulli,
1399 6001 1723 6068 canrmdaur.

1590 505 1794 566 LIBER
1829 503 2246 564 UNDECIMUS.

3453 513 3556 573 9:30

1981 621 2055 675 uti
2112 631 2238 677 sunt
2270 621 2576 690 furentium,
2611 631 2702 678 aut
2729 624 2833 679 alio
2853 625 3080 696 quodam
3105 626 3263 681 modo
3289 633 3555 699 alienatis,

1975 715 2132 772 sicuti
2179 727 2304 772 sunt
2342 719 2714 786 divinantium,
2763 719 2846 775 vel
2895 721 3362 792 prophetantium,
3395 723 3557 778 animi

1977 805 2201 862 intentio
2226 809 2452 879 quadam
2481 812 2797 867 necessitate
2828 812 3062 867 incurrat
3089 813 3140 866 in
3186 829 3275 868 eas
3306 830 3422 884 qua:
3467 829 3558 870 occ

1976 908 2197 962 currunt
2218 901 2509 972 imagines,
2541 905 2652 960 sive
2684 921 2746 958 ex
2779 908 3035 960 memoria
3056 948 3070 972 ,
3101 906 3212 962 sive
3251 908 3352 962 alia
3383 909 3559 980 aliqua

1975 992 2178 1048 occulta
2205 994 2281 1061 vi,
2309 1008 2404 1063 per
2423 994 2676 1065 quasdam
2703 996 3006 1066 Spirituales
3029 997 3285 1052 mixturas
3311 998 3560 1053 similiter

1977 1085 2270 1154 spiritualis
2299 1087 2642 1158 substantiae;
2671 1103 2740 1142 an
2775 1089 2914 1144 sicut
2939 1089 3083 1144 sanis
3107 1098 3265 1159 atque
3291 1089 3560 1160 vigilanti~

1976 1173 2079 1231 bus
2108 1173 2378 1231 interdum
2417 1177 2712 1247 contingit,
2743 1187 2801 1232 ut
2834 1179 3152 1250 cogitatione
3179 1189 3433 1250 occupata
3459 1195 3557 1232 vo-
3621 1196 3629 1203 ·

1976 1268 2153 1324 luntas
2183 1284 2242 1325 se
2267 1278 2472 1326 avertat
2499 1288 2528 1323 a
2571 1270 2819 1326 sensibus
2837 1313 2852 1337 ,
2881 1281 3040 1343 atque
3069 1273 3138 1327 ita
3178 1272 3372 1328 formet
3398 1271 3561 1326 animi

1977 1361 2146 1417 aciem
2177 1362 2337 1418 variis
2369 1363 2686 1433 imaginibus
2717 1365 3049 1421 sensibilium
3080 1381 3282 1432 rerum,
3310 1375 3560 1434 tanquam

1979 1453 2092 1524 ipsa
2132 1454 2410 1510 sensibilia
2452 1455 2771 1510 sentiantur.
2812 1455 2930 1511 Non
2970 1464 3173 1510 tantum
3218 1464 3397 1511 autem
3436 1471 3558 1511 cum

1978 1545 2280 1617 appetendo
2325 1547 2375 1602 in
2425 1547 2548 1602 talia
2597 1546 2846 1604 voluntas
2891 1548 3214 1616 intenditur,
3265 1549 3400 1602 fiunt
3449 1549 3563 1603 ista:

1979 1637 2361 1710 impressiones
2392 1639 2718 1710 imaginum;
2751 1639 2844 1695 sed
2875 1641 3035 1695 etiam
3063 1655 3182 1694 cum
3214 1638 3483 1694 devitandi
3513 1645 3569 1693 et

1979 1729 2202 1787 cavendi
2234 1745 2393 1786 causa
2421 1731 2624 1802 rapitur
2667 1732 2877 1786 animus
2918 1731 2973 1786 in
3014 1746 3075 1786 ea
3105 1731 3407 1786 contuenda
3444 1744 3566 1800 qum

1980 1820 2164 1893 fugiat.
2193 1820 2346 1878 Unde
2372 1837 2480 1877 non
2505 1822 2678 1877 solum
2706 1821 2993 1892 cupiendo,
3015 1821 3106 1876 sed
3138 1823 3296 1876 etiam
3325 1830 3566 1876 metuen-

1981 1916 2050 1974 do
2071 1957 2085 1982 ,
2129 1915 2355 1971 infertur
2382 1916 2467 1972 vel
2509 1930 2702 1971 sensus
2749 1915 2877 1985 ipsis
2906 1915 3246 1970 scnsibilibus
3270 1955 3286 1982 ,
3318 1915 3398 1970 vel
3425 1914 3570 1970 acies

1981 2010 2147 2067 animi
2190 2009 2465 2066 formanda
2510 2009 2826 2080 imaginibus
2873 2007 3227 2064 sensibilium.
3258 2006 3439 2076 Itaque
3480 2014 3571 2060 aut

1982 2113 2159 2160 metus
2183 2112 2273 2157 aut
2299 2102 2563 2174 cupiditas
2587 2109 2786 2172 quanto
2816 2099 3186 2156 vehementior
3213 2100 3389 2175 fuerit,
3421 2106 3570 2151 tanto

1984 2196 2288 2268 expressius
2315 2194 2574 2251 formatur
2601 2195 2765 2260 acies,
2791 2194 2904 2248 sive
2933 2191 3213 2248 sentientis
3239 2207 3304 2247 ex
3337 2204 3562 2260 corpore

1984 2288 2126 2360 quod
2155 2289 2208 2344 in
2235 2289 2353 2343 loco
2383 2287 2592 2356 adjacet
2611 2329 2624 2353 ,
2653 2287 2766 2341 sive
2791 2283 3074 2355 cogitantis
3103 2299 3171 2339 ex
3199 2283 3425 2354 imagine
3453 2295 3574 2337 eor-

1985 2381 2132 2451 poris
2177 2395 2296 2451 quae
2340 2379 2598 2434 memoria
2651 2378 2976 2434 continetur.
3013 2374 3165 2442 Quod
3205 2389 3332 2445 ergo
3377 2381 3461 2428 est
3503 2371 3572 2427 ad

1986 2475 2227 2543 corporis
2257 2486 2475 2527 sensum
2503 2469 2716 2540 aliquod
2747 2455 2942 2538 corpus
2970 2466 3023 2522 in
3063 2467 3212 2531 loco;
3240 2465 3344 2520 hoc
3385 2472 3468 2518 est
3505 2461 3574 2517 ad

1985 2566 2149 2622 animi
2175 2565 2344 2621 aciem
2372 2562 2662 2619 similitudo
2693 2562 2931 2630 corporis
2961 2562 3016 2616 in
3044 2559 3301 2615 memoria
3326 2577 3338 2614 :
3362 2555 3574 2628 etquod

1987 2667 2072 2717 est
2098 2657 2404 2729 aspicientis
2434 2656 2567 2710 visio
2597 2653 2664 2710 ad
2693 2669 2810 2710 eam
2838 2654 3071 2724 Speciem
3103 2651 3345 2722 corporis
3374 2666 3440 2705 es
3467 2664 3573 2719 qua

1985 2764 2179 2806 sensus
2202 2750 2491 2813 formatur;
2509 2746 2611 2803 hoc
2636 2755 2719 2802 est
2742 2746 2874 2801 visio
2895 2743 3178 2816 cogitantis
3202 2742 3268 2798 ad
3288 2741 3574 2813 imaginem

1987 2843 2229 2914 corporis
2277 2842 2330 2898 in
2373 2839 2635 2896 memoria
2676 2841 3019 2896 constitutam
3065 2852 3131 2892 ex
3175 2851 3280 2908 qua
3314 2835 3577 2890 formatur

1986 2937 2132 2993 acies
2161 2934 2324 2992 animi
2349 2951 2363 2988 :
2387 2943 2444 2989 et
2465 2931 2604 3004 quod
2629 2941 2712 2987 est
2739 2931 2963 2987 intentio
2987 2927 3278 2984 voluntatis
3299 2923 3366 2982 ad
3382 2940 3576 2995 corpus

1988 3027 2161 3083 visum
2190 3025 2558 3094 visionemque
2584 3022 2933 3094 copulandam
2953 3064 2969 3089 ,
3002 3029 3059 3076 ut
3089 3020 3181 3075 fiat
3219 3019 3291 3074 ibi
3333 3017 3577 3090 quaedam

1989 3117 2165 3173 unitas
2196 3117 2376 3183 trium,
2409 3114 2653 3186 quamvis
2681 3129 2866 3168 eorum
2893 3113 2960 3167 sit
2981 3112 3193 3167 diversa
3223 3119 3443 3175 natura;
3476 3107 3579 3162 hoc

1989 3221 2073 3268 est
2101 3209 2287 3266 eadem
2317 3208 2606 3265 voluntatis
2651 3207 2876 3263 intentio
2905 3207 2970 3260 ad
3011 3204 3364 3276 copulandam
3394 3201 3580 3273 imagi-

1989 3317 2113 3358 nem
2143 3301 2386 3372 corporis
2410 3315 2531 3371 qua:
2558 3308 2641 3355 est
2670 3298 2724 3354 in
2752 3299 3030 3364 memoria,
3058 3306 3114 3354 et
3141 3298 3402 3352 visionem
3430 3295 3578 3366 cogi-

1989 3394 2170 3460 tantis,
2197 3392 2249 3447 id
2275 3401 2375 3458 est,
2400 3390 2627 3446 formam
2652 3405 2809 3460 quam
2837 3389 2978 3460 cepit
3003 3388 3144 3444 acies
3174 3388 3334 3442 animi
3362 3387 3579 3443 rediens

1990 3487 2058 3542 ad
2081 3485 2393 3542 memoriam
2424 3501 2437 3537 :
2472 3492 2528 3538 ut
2554 3483 2648 3538 fiat
2689 3493 2743 3538 et
2772 3483 2860 3537 hic
2900 3481 3142 3551 quaedam
3172 3481 3346 3536 unitas
3385 3496 3453 3536 ex
3479 3478 3579 3535 tri-

1990 3578 2091 3633 bus
2111 3619 2125 3644 ,
2153 3592 2260 3632 non
2295 3576 2408 3646 jam
2435 3585 2637 3630 naturae
2661 3575 2971 3650 diversitate
2997 3573 3270 3639 discretis,
3297 3572 3393 3628 sed
3419 3572 3579 3629 unius

1990 3670 2334 3742 ejusdemque
2363 3668 2702 3734 substantiae;
2735 3667 2858 3738 quia
2884 3667 2987 3722 hoc
3013 3675 3183 3721 totum
3214 3666 3358 3721 intus
3391 3672 3496 3732 est,
3523 3672 3581 3719 et

1993 3773 2163 3820 totum
2193 3777 2332 3820 unus
2356 3762 2585 3818 animus.

2061 3856 2287 3914 CAPUT
2314 3854 2452 3910 V.-
2466 3855 2518 3912 8.
2537 3854 2758 3909 Trinitas
2779 3854 2993 3909 ltominis
3013 3852 3292 3920 exterioris,
3319 3868 3407 3928 seu
3428 3851 3580 3906 visio-

1991 3949 2069 4004 nis
2097 3957 2332 4015 externis,
2361 3964 2464 4002 non
2489 3955 2560 4002 est
2591 3947 2756 4017 imago
2788 3945 2902 4000 Dei.
2921 3944 3014 4000 Dei
3044 3944 3320 4020 similitudo
3350 3945 3499 3999 etiam
3527 3943 3582 3998 in

1993 4043 2210 4115 peccatis
2237 4041 2512 4112 appetitur.
2555 4038 2624 4094 In
2652 4049 2860 4094 externa
2889 4039 3078 4093 visione
3116 4047 3187 4093 est
3216 4038 3362 4110 quasi
3399 4054 3582 4108 parens

1993 4140 2159 4208 [arma
2174 4135 2420 4207 corporis,
2441 4132 2606 4205 proles
2625 4133 2768 4200 visio,
2797 4149 2856 4187 ea
2879 4148 2992 4186 vero
3019 4132 3330 4204 conjungens
3352 4131 3583 4185 voluntas

1991 4230 2216 4286 insinuat
2247 4228 2500 4300 Spiritum
2527 4235 2778 4282 sanctum.
2807 4224 2956 4281 Sicut
2977 4233 3155 4280 autem
3181 4239 3304 4278 cum
3329 4222 3499 4278 forma
3529 4231 3585 4276 et

1994 4324 2203 4395 species
2228 4323 2473 4392 corporis
2500 4320 2784 4386 interierit,
2813 4335 2922 4374 non
2950 4327 3126 4389 potest
3155 4317 3220 4372 ad
3249 4333 3365 4371 eam
3397 4316 3585 4370 volun-

1995 4425 2076 4473 tas
2103 4431 2317 4472 sensum
2342 4429 2594 4471 revocare
2623 4413 2892 4468 cernentis
2921 4430 2934 4465 :
2968 4410 3041 4466 ita
3065 4425 3184 4466 cum
3215 4410 3390 4480 imago
3417 4423 3577 4479 quam

1995 4509 2251 4565 memoria
2291 4507 2464 4579 gerit,
2505 4505 2778 4562 oblivione
2813 4503 2989 4560 deleta
3027 4511 3140 4569 est,
3182 4516 3291 4556 non
3335 4500 3437 4556 erit
3479 4499 3587 4572 quo

1995 4600 2163 4656 aciem
2206 4597 2373 4654 animi
2403 4596 2737 4653 formandam
2766 4596 3016 4650 voluntas
3050 4591 3384 4650 recordando
3411 4601 3586 4646 retor-

1995 4702 2172 4765 queat.
2209 4691 2314 4748 Sed
2341 4693 2462 4762 quia
2487 4689 2742 4763 przevalet
2769 4689 2979 4745 animus
2997 4730 3014 4756 ,
3043 4704 3149 4743 non
3176 4686 3349 4741 solum
3379 4685 3539 4739 oblita
3564 4724 3584 4751 ,

1996 4801 2185 4842 verum
2226 4785 2386 4840 etiam
2418 4797 2525 4838 non
2569 4796 2726 4836 sensa
2769 4796 2870 4836 nec
2908 4787 3128 4850 experta
3155 4775 3456 4844 confingere
3478 4816 3490 4840 ,
3523 4790 3586 4828 ea

1996 4897 2115 4952 qum
2142 4893 2248 4935 non
2278 4877 2592 4934 exciderunt
2619 4875 2884 4946 augendo,
2918 4870 3224 4936 minuendo,
3255 4877 3589 4924 commutan-

1999 4974 2072 5030 do
2099 5016 2114 5041 ,
2143 4982 2198 5029 et
2239 4987 2342 5044 pro
2386 4971 2607 5026 arbitrio
2637 4965 3039 5039 componendo,
3086 4978 3228 5033 saepe
3273 4961 3589 5031 imaginatur

1998 5067 2149 5138 quasi
2179 5067 2250 5120 ita
2278 5062 2476 5134 aliquid
2505 5063 2607 5128 sit,
2639 5060 2781 5132 quod
2817 5068 2909 5114 aut
2946 5057 3048 5111 scit
3072 5069 3178 5109 non
3210 5055 3279 5108 ita
3309 5066 3429 5108 esse
3449 5094 3464 5118 ,
3497 5061 3590 5106 aut

1999 5161 2169 5213 nescit
2196 5156 2268 5211 ita
2297 5170 2439 5212 esse.
2468 5154 2526 5208 ln
2557 5168 2662 5223 quo
2691 5165 2889 5222 genere
2925 5145 3221 5203 cavendum
3246 5154 3363 5210 est,
3406 5158 3473 5198 ne
3498 5152 3590 5197 aut

2000 5251 2289 5308 mentiatur
2335 5259 2394 5304 ut
2437 5247 2704 5318 decipiat,
2747 5254 2838 5298 aut
2879 5243 3128 5312 Opinetur
3175 5247 3234 5294 ut
3270 5239 3588 5308 decipiatur.

1999 5343 2201 5412 Quibus
2230 5341 2438 5397 duobus
2468 5338 2624 5394 malis
2645 5335 2893 5402 evitatis,
2925 5333 3061 5388 nihil
3088 5332 3138 5388 ei
3173 5331 3369 5386 obsunt
3397 5329 3591 5400 imagi-

2000 5445 2124 5491 nata
2155 5435 2524 5505 phantasmata
2561 5447 2575 5483 :
2607 5428 2748 5482 sicut
2783 5425 2914 5480 nihil
2941 5425 3137 5479 obsunt
3165 5431 3383 5492 experta
3422 5420 3596 5476 sensi—

2002 5531 2126 5587 bilia
2165 5538 2220 5585 et
2267 5534 2470 5583 retenta
2511 5521 2857 5588 memoriter,
2890 5521 2934 5574 si
2981 5533 3153 5588 neque
3196 5515 3387 5588 cupide
3425 5529 3589 5585 appe‘

2005 5636 2181 5681 tantur
2225 5622 2268 5676 si
2309 5621 2531 5691 juvant,
2568 5631 2740 5685 neque
2781 5614 3007 5684 turpiter
3047 5611 3316 5683 fugiantur
3355 5609 3400 5663 si
3427 5607 3593 5663 offen-

2003 5718 2156 5772 dunt.
2185 5715 2316 5770 Cum
2342 5718 2518 5764 autem
2549 5709 2602 5764 in
2630 5707 2718 5763 bis
2746 5707 2994 5763 voluntas
3036 5704 3240 5760 relictis
3280 5698 3592 5756 melioribus

2004 5808 2155 5864 avida
2189 5805 2455 5858 volutatur
2476 5844 2490 5869 ,
2525 5798 2798 5856 immunda
2828 5797 2887 5854 fit
2917 5815 2930 5851 :
2958 5806 3118 5867 atque
3159 5795 3227 5849 ita
3263 5799 3318 5847 et
3346 5805 3467 5845 cum
3494 5789 3588 5845 ad-

2010 5911 2132 5958 sunt
2166 5897 2492 5968 perniciose,
2526 5906 2723 5952 etcum
2752 5893 2946 5948 absunt
2972 5888 3327 5961 perniciosius
3355 5883 3622 5955 cogitan-‘

2016 6004 2119 6049 tur.
2173 5990 2305 6048 Male
2358 5990 2536 6073 itaque
2590 5987 2783 6047 vivitur
2829 5993 2884 6042 et
2936 5979 3251 6041 deformiter
3301 5972 3597 6036 secundum
