4076 6518
522 414 620 474 991

518 551 811 608 trinitatem
838 546 1070 604 hominis
1113 542 1391 599 exterioris
1422 560 1434 598 :
1466 542 1591 613 quia
1620 546 1675 597 et
1702 541 1849 596 illam
1893 539 2100 596 trinita-

519 653 658 711 tem,
690 657 807 713 quae
836 642 957 695 licet
982 639 1201 694 interius
1230 636 1569 707 imaginetur,
1616 636 1881 690 exteriora
1922 642 2099 688 tamen

514 739 861 803 imaginatur,
891 732 1221 787 sensibilium
1263 729 1727 799 corporaliumque
1771 727 2093 782 utendorum

511 845 669 885 causa
699 826 921 898 peperit.
946 824 1127 878 Nullus
1155 826 1299 877 enim
1331 821 1410 876 eis
1440 821 1512 875 uti
1540 830 1718 890 posset
1744 820 1904 875 etiam
1935 820 2092 883 bene,

512 921 611 974 nisi
640 934 917 974 sensurum
951 932 1127 971 rerum
1158 916 1415 985 imagines
1447 913 1704 969 memoria
1738 918 2046 966 tenerentur
2080 928 2094 963 :

509 1023 563 1068 et
593 1013 690 1067 nisi
732 1026 852 1080 pars
878 1011 1107 1064 maxima
1138 1009 1424 1064 voluntatis
1467 1009 1521 1062 in
1547 1005 1910 1077 superioribus
1937 1014 2094 1073 atque

512 1102 852 1157 inim'ioribus
895 1102 1135 1166 habitet,
1177 1116 1346 1171 eaque
1388 1099 1502 1169 ipsa
1552 1114 1671 1168 quae
1699 1096 2090 1161 commodatur,

505 1194 618 1249 sive
645 1193 775 1248 foris
801 1194 1115 1263 corporibus
1136 1235 1151 1261 ,
1184 1193 1296 1247 sive
1326 1193 1470 1247 intus
1509 1190 1828 1261 imaginibus
1867 1203 2049 1244 eorum
2073 1228 2088 1255 ,

504 1285 606 1340 nisi
634 1284 889 1355 quidquid
921 1286 972 1340 iu
999 1286 1077 1340 eis
1109 1285 1253 1355 capit
1294 1283 1362 1338 ad
1400 1283 1674 1340 meliorem
1718 1282 2092 1351 verioremque

505 1377 667 1430 vitam
711 1376 948 1441 referat,
980 1384 1138 1446 atque
1184 1377 1237 1431 in
1290 1391 1355 1431 eo
1400 1376 1504 1430 fine
1543 1375 1693 1445 cujus
1737 1376 1929 1429 intuitu
1977 1374 2091 1428 haac

505 1469 710 1538 agenda
747 1469 983 1539 judicat,
1016 1470 1342 1540 acquiescat,
1372 1469 1499 1541 quid
1525 1470 1666 1523 aliud
1696 1460 1919 1524 facimus
1939 1511 1953 1535 ,
1988 1468 2090 1523 nisi

504 1562 647 1633 quod
677 1578 775 1617 nos
802 1564 1090 1633 Apostolus
1130 1564 1306 1619 facere
1342 1563 1627 1633 prohibet,
1659 1562 1843 1617 dicens
1868 1605 1882 1627 ,
1912 1561 2089 1616 Nolite

503 1656 817 1724 conformari
863 1656 978 1708 huic
1006 1656 1193 1710 swculo
1237 1655 1414 1727 (Rom.
1464 1673 1570 1722 xu,
1618 1655 1716 1727 2)?
1754 1655 2088 1725 Quapropter

515 1762 621 1801 non
650 1756 733 1803 est
770 1747 869 1802 ista
908 1748 1116 1803 trinitas
1147 1748 1320 1820 imago
1360 1749 1451 1803 Dei
1483 1767 1495 1801 :
1524 1765 1588 1804 ex
1634 1749 1817 1803 ultima
1856 1749 2084 1819 quippe,

499 1839 554 1895 id
596 1848 679 1896 est
702 1855 956 1910 corporea
986 1854 1225 1897 creatura
1243 1884 1257 1909 ,
1290 1856 1391 1912 qua
1418 1841 1660 1912 superior
1684 1849 1767 1897 est
1794 1841 1967 1895 anima
1987 1883 2003 1908 ,
2032 1841 2083 1895 in

499 1932 617 2003 ipsa
663 1934 838 1987 anima
880 1934 939 1987 fit
977 1949 1070 2004 per
1110 1949 1324 1989 sensum
1354 1935 1614 2004 corporis.
1651 1933 1757 1989 Nec
1788 1943 1963 1988 tamen
2003 1942 2087 1989 est

498 2027 719 2081 omnino
749 2026 1023 2081 dissimilis
1055 2045 1067 2079 :
1095 2028 1220 2097 quid
1247 2028 1389 2083 enim
1417 2043 1521 2082 non
1553 2043 1651 2098 pro
1674 2042 1772 2082 suo
1796 2043 1992 2097 genere
2021 2042 2084 2082 ac

497 2131 599 2187 pro
634 2131 731 2172 suo
766 2117 981 2171 modqu
1027 2118 1187 2173 habet
1229 2119 1636 2173 similitudinem
1674 2119 1810 2185 Dei,
1840 2118 2082 2189 quando-

497 2208 708 2279 quidem
742 2208 882 2263 Deus
910 2208 1034 2263 fecit
1070 2210 1247 2263 omnia
1282 2210 1417 2264 bona
1456 2209 1609 2264 valde
1643 2208 1837 2281 (Eccli.
1880 2226 2077 2274 xxxix,

493 2298 613 2369 21),
646 2314 750 2354 non
778 2300 847 2355 ob
869 2299 1011 2355 aliud
1038 2300 1141 2355 nisi
1168 2300 1290 2371 quia
1322 2301 1434 2370 ipse
1460 2316 1665 2355 summe
1686 2300 1855 2355 bonus
1880 2300 1998 2355 est?
2022 2298 2081 2355 In

494 2404 751 2464 quantum
776 2410 903 2465 ergo
923 2396 1121 2450 bonum
1149 2404 1232 2450 est
1260 2394 1513 2465 quidquid
1544 2404 1644 2461 est,
1661 2397 1713 2450 in
1742 2404 1945 2450 tantum
1972 2395 2081 2449 sci-

493 2484 637 2551 licet,
666 2487 907 2556 quamvis
937 2487 1093 2558 longe
1121 2487 1428 2552 distantem,
1458 2486 1615 2541 habet
1644 2497 1820 2541 tamen
1852 2487 2079 2542 nonnul-

490 2575 596 2633 lam
624 2576 1025 2633 similitudinem
1054 2579 1247 2633 summi
1278 2577 1431 2643 boni;
1460 2587 1512 2633 et
1536 2578 1581 2632 si
1607 2578 1901 2633 naturalem
1923 2620 1937 2645 ,
1971 2580 2078 2633 uti-

422 2722 425 2725 .
491 2652 594 2741 que
628 2678 828 2725 rectam
855 2679 908 2725 et
942 2670 1270 2737 ordinatam;
1305 2670 1351 2725 si
1380 2680 1558 2725 autem
1585 2670 1829 2725 vitiosam
1850 2712 1864 2736 ,
1897 2672 2081 2741 utique

490 2770 700 2831 turpem
746 2771 906 2833 atque
949 2778 1273 2833 perversam.
1328 2763 1461 2818 Nam
1511 2771 1566 2818 et
1615 2764 1806 2816 anima:
1851 2762 1903 2817 in
1948 2763 2076 2833 ipsis

488 2854 720 2924 peccatis
759 2856 869 2909 suis
896 2870 999 2909 non
1040 2856 1142 2910 nisi
1176 2856 1461 2926 quamdam
1503 2856 1906 2911 similitudinem
1939 2856 2071 2924 Dei,

487 2946 716 3015 superba
739 2955 793 3001 et
818 2956 1161 3017 praepostera,
1185 2957 1258 3015 et,
1295 2958 1349 3002 ut
1378 2950 1448 3003 ita
1476 2949 1672 3015 dicam,
1706 2950 1885 3004 servili
1914 2949 2075 3005 liber-

490 3043 598 3090 tate
626 3046 917 3092 sectantur.
948 3037 1021 3092 Ita
1048 3053 1147 3093 nec
1178 3039 1363 3107 primis
1390 3040 1697 3109 parentibus
1730 3040 1926 3095 nostris
1952 3055 2075 3109 per-

486 3126 701 3181 suaderi
736 3138 1010 3196 pcccatum
1046 3139 1257 3198 posset,
1285 3130 1386 3183 nisi
1429 3130 1713 3197 diceretur,
1755 3130 1912 3185 Erilis
1946 3133 2074 3185 sicut

488 3218 563 3272 dii
587 3218 737 3291 (Gen.
760 3236 836 3286 ιιι,
864 3220 942 3289 5).
966 3221 1080 3277 Non
1109 3237 1236 3278 sane
1257 3236 1416 3277 omne
1444 3224 1586 3293 quod
1611 3224 1662 3279 in
1691 3226 1951 3279 creaturis
1972 3226 2071 3279 ali-

485 3325 591 3382 quo
621 3311 782 3366 modo
820 3312 992 3369 simile
1020 3323 1101 3369 est
1131 3315 1241 3370 Deo
1260 3356 1276 3382 ,
1305 3315 1465 3370 etiam
1498 3317 1611 3386 ejus
1642 3317 1816 3387 imago
1846 3318 2071 3374 dicenda

484 3412 568 3458 est
604 3420 617 3456 :
663 3403 757 3458 sed
804 3404 893 3460 illa
930 3405 1042 3460 sola
1079 3422 1180 3476 qua
1224 3408 1471 3477 superior
1510 3409 1625 3477 ipse
1664 3410 1809 3464 solus
1850 3420 1951 3466 est.
1993 3411 2069 3465 Ea

481 3494 677 3567 quippe
696 3495 762 3550 de
778 3495 870 3552 illo
891 3512 1111 3568 prorsus
1130 3500 1465 3570 exprimitur,
1484 3500 1625 3556 inter
1639 3517 1796 3573 quam
1819 3513 1873 3559 et
1894 3503 2069 3574 ipsum

481 3586 626 3642 nulla
655 3587 928 3656 interjecta
958 3600 1143 3646 natura
1175 3603 1275 3647 est.

550 3683 605 3735 9.
639 3680 869 3736 Visionis
899 3684 1057 3753 igitur
1106 3684 1246 3739 illius
1271 3726 1284 3750 ,
1317 3684 1368 3739 id
1397 3696 1479 3741 est
1526 3688 1710 3743 forma:
1739 3703 1855 3757 qua:
1898 3688 1956 3743 fit
2014 3689 2068 3744 in

484 3786 646 3829 sensu
674 3775 967 3841 cernentis,
995 3776 1145 3845 quasi
1173 3792 1366 3845 parens
1391 3788 1473 3833 est
1499 3780 1666 3833 forma
1707 3784 1945 3851 corporis
1999 3799 2063 3839 ex

478 3879 581 3934 qua
611 3864 687 3919 fit.
717 3865 821 3921 Sed
850 3882 1046 3935 parens
1076 3868 1163 3922 illa
1192 3884 1297 3923 non
1327 3884 1485 3936 vera;
1516 3872 1657 3927 unde
1684 3887 1783 3927 nec
1811 3873 1906 3928 ista
1937 3890 2064 3930 vera

476 3956 658 4025 proles
683 3966 765 4012 est
792 3976 808 4011 ι
844 3974 1015 4030 neque
1044 3962 1184 4016 enim
1212 3961 1428 4017 omnino
1475 3963 1598 4019 inde
1631 3965 1861 4035 gignitur
1885 4010 1899 4034 ,
1929 3984 2063 4038 quo-

480 4048 622 4101 niam
648 4049 845 4119 aliquid
899 4052 1041 4106 aliud
1069 4052 1349 4108 adhibetur
1387 4057 1617 4125 corpori,
1662 4067 1717 4111 ut
1747 4075 1811 4114 ex
1842 4060 1930 4113 illo
1955 4060 2065 4115 for-

477 4148 671 4203 metur,
697 4140 749 4193 id
775 4150 855 4196 est
875 4158 1064 4198 sensus
1076 4144 1323 4199 videntis.
1343 4146 1600 4212 Quocirca
1628 4148 1680 4202 id
1709 4165 1911 4217 amare,
1938 4152 2065 4208 alie-

476 4230 593 4285 nari
622 4239 705 4286 est
736 4230 829 4303 (a).
858 4233 1040 4304 Itaque
1071 4236 1314 4291 voluntas
1343 4252 1461 4308 qua:
1491 4248 1772 4311 utrumque
1792 4243 2065 4313 conjungit

475 4325 625 4396 quasi
657 4333 931 4395 parentem
962 4336 1015 4382 et
1042 4330 1191 4398 quasi
1215 4332 1436 4399 prolem,
1473 4334 1641 4404 magis
1666 4336 1957 4405 spiritualis
1980 4348 2064 4394 est

474 4432 634 4489 quam
665 4419 974 4475 utrumlibet
1020 4420 1249 4476 illorum.
1288 4422 1421 4478 Nam
1494 4440 1689 4498 corpus
1734 4428 1864 4483 illud
1922 4431 2062 4500 quod

475 4509 713 4563 cernitur
737 4551 751 4577 ,
796 4511 1013 4566 omnino
1043 4512 1314 4581 spirituale
1345 4529 1452 4570 non
1484 4526 1584 4572 est.
1613 4518 1760 4573 Visio
1789 4535 1917 4576 vero
1942 4538 2061 4594 qum

463 4599 540 4656 -fit
570 4600 623 4655 in
649 4615 809 4657 sensu
862 4601 1019 4658 habet
1044 4603 1334 4661 admixtum
1365 4608 1565 4680 aliquid
1595 4611 1869 4680 spirituale
1889 4657 1902 4681 ,
1938 4616 2059 4685 quia

474 4693 590 4750 sine
616 4695 790 4749 anima
821 4694 935 4749 fieri
965 4711 1069 4751 non
1101 4706 1292 4768 potest.
1350 4700 1455 4756 Sed
1489 4717 1595 4757 non
1628 4711 1797 4758 totum
1828 4705 1900 4759 ita
1931 4715 2013 4760 est
2041 4724 2055 4760 :

474 4788 724 4858 quoniam
743 4787 831 4843 ille
847 4789 935 4859 qui
952 4788 1475 4863 formatur,corporis
1492 4809 1679 4851 sensus
1693 4807 1788 4852 est.
1804 4798 2058 4855 Voluntas

477 4885 606 4942 ergo
626 4887 745 4942 qua:
776 4881 1061 4945 utrumque
1089 4877 1363 4947 conjungit
1386 4918 1401 4943 ,
1437 4880 1625 4949 magis,
1653 4889 1709 4935 ut
1736 4881 1867 4947 dixi,
1894 4883 2055 4953 8ρίτί-

472 4964 631 5019 tnalis
660 4967 981 5036 agnoscitur,
1015 4978 1068 5023 et
1098 4968 1216 5024 ideo
1238 4979 1485 5040 tanquam
1517 4987 1797 5040 personam
1828 4974 2056 5045 Spiritus

476 5055 749 5112 insinuare
778 5058 961 5129 incipit
1012 5060 1065 5113 in
1097 5061 1181 5115 illa
1210 5061 1462 5117 trinitate.
1499 5062 1602 5118 Sed
1631 5067 1795 5136 magis
1827 5069 2058 5137 pertinet

470 5147 538 5202 ad
565 5162 780 5204 sensum
806 5150 1110 5218 formatum,
1133 5167 1289 5221 quam
1315 5153 1534 5209 ad'illud
1564 5170 1758 5227 corpus
1783 5159 1923 5214 unde
1944 5158 2055 5213 for-

472 5248 667 5295 matur.
691 5239 891 5295 Seusus
917 5243 1059 5296 enim
1080 5242 1361 5298 animantis
1382 5253 1435 5299 et
1460 5245 1703 5303 voluntas
1731 5249 1920 5304 anima:
1948 5260 2050 5318 est,

470 5345 575 5385 non
612 5330 801 5400 lapidis
846 5342 937 5387 aut
984 5334 1204 5405 alicujus
1231 5337 1471 5407 corporis
1496 5339 1635 5408 quod
1669 5340 1895 5396 videtur.
1938 5342 2053 5398 Non

471 5437 599 5493 ergo
623 5424 688 5476 ab
719 5424 811 5479 illo
849 5428 999 5495 quasi
1030 5437 1249 5497 parente
1277 5430 1554 5499 procedit;
1605 5431 1697 5485 sed
1729 5448 1827 5487 nec
1858 5434 1923 5489 ab
1951 5436 2051 5490 ista

472 5514 625 5585 quasi
653 5516 819 5583 prole,
854 5518 955 5574 hoc
985 5530 1084 5585 cst,
1113 5520 1316 5575 visione
1359 5536 1423 5576 ac
1453 5521 1619 5577 forma
1649 5540 1766 5594 quae
1813 5526 1863 5579 in
1892 5541 2050 5583 sensu

475 5617 575 5660 est.
601 5606 755 5661 Prius
784 5609 925 5663 enim
955 5627 1109 5679 quam
1139 5612 1273 5667 visio
1301 5614 1470 5677 fieret,
1492 5614 1601 5684 jam
1623 5625 1738 5671 erat
1765 5618 2005 5675 voluntas
2032 5663 2048 5689 ,

476 5715 595 5771 qua:
621 5699 953 5756 formandum
980 5718 1193 5760 sensum
1233 5708 1503 5762 cernendo
1532 5711 1744 5780 corpori
1768 5710 2001 5768 admovit
2034 5731 2047 5767 :

476 5792 570 5846 sed
601 5792 833 5848 nondum
859 5804 973 5849 erat
1004 5796 1274 5865 placitum.
1311 5798 1590 5867 Quomodo
1619 5804 1762 5859 enim
1793 5806 2045 5876 placeret,

531 5926 607 5991 (α)
641 5934 674 5977 ιι
696 5935 919 5992 κουροι,
941 5943 1046 5996 cap.
1075 5931 1149 5982 is.

1652 416 1741 473 DE
1772 412 2163 483 TRlNlTATE,
2204 415 2261 474 S.
2304 418 2670 481 AUGUSTINI

3699 436 3804 497 Μ

2215 537 2356 607 quod
2386 539 2621 595 nondum
2646 548 2763 597 erat
2789 541 3001 600 visum?
3023 543 3281 601 Placitum
3308 553 3486 605 autem
3506 549 3682 620 quieta
3708 566 3804 607 νο·

2208 628 2387 687 luntas
2409 641 2511 688 est.
2544 633 2773 705 Ideoque
2803 651 2903 691 nec
2927 638 3076 707 quasi
3127 638 3331 709 prolem
3358 641 3579 696 visionis
3609 657 3802 713 possu-

2207 736 2327 777 mus
2350 723 2529 780 dicere
2556 726 2882 783 voluntatem
2904 770 2920 796 ,
2948 729 3073 799 quia
3096 737 3211 784 erat
3235 739 3361 787 ante
3382 732 3677 802 visionem;
3700 751 3800 794 nec

2202 814 2358 883 quasi
2386 824 2683 885 parentem,
2714 819 2835 888 quia
2871 834 2979 875 non
3022 836 3089 876 ex
3115 821 3411 893 voluntate,
3439 825 3536 881 sed
3561 841 3629 882 ex
3682 828 3797 886 viso

2204 919 2433 977 corpore
2460 907 2686 965 formata
2711 920 2765 967 et
2786 926 3045 983 expressa
3071 923 3173 971 est.

2271 999 2497 1057 CAPUT
2538 1001 2626 1058 Vl.
2644 1033 2717 1044 --
2735 1005 2823 1061 10.
2865 1006 3083 1078 Requies
3120 1017 3167 1062 et
3192 1009 3311 1079 ﬁnis
3336 1012 3605 1068 voluntatis
3634 1014 3687 1070 in
3713 1017 3792 1070 vi-

2197 1091 2339 1147 sione
2366 1094 2531 1163 qualis
2556 1097 2744 1151 censeri
2794 1097 2988 1156 debeat.
3023 1100 3212 1157 Finem
3249 1102 3481 1161 fortasse
3507 1107 3795 1165 voluntatis

2198 1192 2253 1239 et
2274 1188 2512 1255 requiem
2543 1202 2829 1259 possumus
2852 1200 3000 1249 recte
3026 1194 3204 1251 dicere
3239 1197 3531 1265 visionem,
3580 1201 3649 1255 ad
3692 1202 3796 1257 hoc

2194 1275 2451 1333 duntaxat
2478 1296 2643 1336 unum
2670 1284 2718 1337 ί.
2755 1282 2939 1354 Neque
2968 1286 3109 1341 enim
3143 1298 3429 1359 propterea
3470 1291 3605 1347 nihil
3647 1293 3794 1349 aliud

2195 1368 2373 1436 volet,
2406 1373 2527 1442 quia
2579 1373 2726 1429 videt
2779 1375 2978 1447 aliquid
3007 1378 3151 1448 quod
3202 1362 3437 1437 volebat.
3466 1382 3582 1438 Non
3611 1385 3792 1456 itaque

2196 1461 2417 1517 omnino
2444 1463 2557 1533 ipsa
2611 1466 2859 1523 voluntas
2907 1468 3173 1539 hominis,
3221 1472 3373 1542 cujus
3414 1473 3534 1529 linis
3570 1491 3680 1531 non
3708 1486 3791 1532 est

2194 1552 2297 1608 nisi
2324 1554 2617 1623 beatitudo,
2647 1558 2741 1613 sed
2778 1559 2844 1613 ad
2890 1558 2993 1615 hoc
3042 1576 3205 1616 unum
3238 1563 3450 1619 interim
3489 1567 3511 1597 ³
3539 1568 3788 1625 voluntas

2190 1646 2401 1701 videndi
2437 1648 2595 1703 finem
2623 1665 2728 1704 non
2755 1650 2916 1707 habet
2941 1653 3041 1707 nisi
3066 1654 3347 1721 visionem,
3378 1656 3491 1712 sive
3513 1657 3565 1711 id
3589 1658 3789 1714 referat

2189 1738 2257 1793 ad
2283 1739 2447 1808 aliud,
2466 1740 2578 1796 sive
2603 1756 2710 1796 non
2731 1742 2943 1798 referat.
2972 1744 3028 1799 Si
3058 1746 3201 1800 enim
3231 1761 3337 1801 non
3364 1746 3527 1802 refert
3545 1749 3613 1802 ad
3640 1749 3787 1805 aliud

2187 1830 2475 1897 visionem,
2507 1832 2600 1888 sed
2638 1843 2841 1889 tantum
2870 1835 3038 1890 voluit
3082 1846 3139 1891 ut
3164 1837 3403 1903 videret;
3438 1855 3541 1893 non
3567 1852 3650 1895 est
3675 1840 3787 1898 dis-

2193 1924 2489 1993 putandum
2514 1927 2783 1997 quomodo
2831 1930 3144 1985 ostendatur
3170 1929 3329 1985 finem
3353 1931 3641 1987 voluntatis
3663 1949 3785 1991 esse

2187 2014 2446 2070 visionem
2481 2034 2494 2069 :
2530 2019 2872 2075 manifestum
2900 2030 2983 2077 est
3020 2023 3184 2078 enim.
3216 2022 3271 2079 Si
3302 2034 3479 2079 autem
3512 2026 3676 2082 refert
3711 2028 3781 2083 ad

2186 2105 2347 2172 aliud,
2373 2107 2485 2163 vult
2536 2111 2719 2181 utique
2766 2112 2947 2177 aliud,
3008 2128 3109 2169 nec
3147 2114 3258 2184 jam
3297 2116 3509 2171 videndi
3532 2119 3780 2174 voluntas

2185 2200 2317 2254 erit:
2339 2210 2429 2255 aut
2457 2202 2501 2256 si
2535 2203 2769 2272 videndi,
2793 2220 2899 2261 non
2932 2207 3034 2264 hoc
3056 2208 3288 2264 videndi.
3313 2210 3585 2282 Tanquam
3608 2213 3654 2267 si
3681 2228 3778 2269 ve-

2183 2289 2244 2344 lit
2269 2292 2495 2362 quisque
2524 2294 2707 2351 videre
2752 2298 3055 2354 cicatricem
3080 2343 3095 2368 ,
3126 2310 3183 2355 ut
3214 2302 3340 2357 inde
3364 2302 3558 2359 doceat
3582 2304 3776 2362 vulnus

2181 2380 2346 2438 fuisse
2366 2402 2380 2451 ;
2413 2393 2505 2440 aut
2522 2386 2567 2441 si
2592 2388 2723 2442 velit
2742 2389 2924 2445 videre
2948 2392 3232 2447 fenestram
3250 2435 3265 2461 ,
3295 2402 3354 2449 ut
3368 2410 3466 2465 per
3483 2396 3773 2452 fenestram

2180 2476 2360 2532 videat
2386 2466 2727 2536 transeuntes
2758 2497 2773 2540 :
2806 2496 2992 2538 omnes
3020 2485 3137 2539 istae
3164 2494 3323 2555 atque
3344 2486 3463 2542 alia:
3491 2488 3623 2541 tales
3670 2504 3771 2542 vo-

2184 2568 2421 2625 luntates
2464 2586 2591 2627 suos
2638 2574 2882 2643 proprios
2910 2575 3043 2631 ﬁnes
3100 2575 3317 2645 habent,
3353 2579 3443 2648 qui
3470 2578 3773 2635 referuntur

2179 2660 2245 2715 ad
2276 2660 2434 2717 finem
2461 2663 2605 2719 illius
2629 2665 2917 2721 voluntatis
2937 2683 3039 2738 qua
3064 2669 3309 2723 volumus
3337 2670 3491 2725 beate
3541 2672 3723 2727 vivere
3749 2714 3766 2739 ,

2177 2761 2234 2806 et
2280 2753 2345 2807 ad
2399 2768 2517 2809 eam
2565 2757 2844 2827 pervenire
2878 2760 3039 2813 vitam
3098 2775 3216 2830 quae
3251 2775 3359 2815 non
3406 2762 3671 2817 referatur
3698 2764 3769 2819 ad

2179 2842 2343 2913 aliud,
2374 2845 2470 2901 sed
2515 2848 2713 2903 amanti
2759 2864 2856 2919 per
2886 2864 2944 2905 se
2974 2850 3143 2920 ipsam
3202 2850 3452 2907 sufﬁciat.
3508 2853 3768 2911 Voluntas

2176 2950 2307 3005 ergo
2330 2936 2566 3004 videndi,
2598 2938 2757 2993 tinem
2782 2941 2941 2997 habet
2964 2943 3222 2998 visionem
3248 2960 3262 2997 :
3292 2953 3349 2999 et
3360 2945 3605 3001 voluntas
3625 2946 3768 3004 hanc

2179 3042 2295 3081 rem
2324 3029 2558 3094 videndi,
2594 3029 2753 3085 finem
2780 3033 2939 3088 habet
2968 3034 3124 3105 hujus
3163 3037 3239 3091 rei
3264 3036 3547 3093 visionem.
3570 3037 3769 3095 Volun-

2177 3128 2258 3174 tas
2282 3120 2458 3192 itaque
2480 3123 2692 3179 videndi
2710 3125 3036 3195 cieatricem,
3066 3128 3225 3184 finem
3247 3145 3405 3186 suum
3421 3132 3643 3203 expetit,
3663 3133 3766 3189 hoc

2174 3220 2257 3265 est
2277 3214 2533 3268 visionem
2562 3216 2848 3283 cicatricis,
2878 3227 2931 3274 et
2955 3220 3022 3274 ad
3047 3236 3164 3275 eam
3192 3222 3331 3277 ultra
3359 3239 3467 3279 non
3488 3226 3760 3295 pertinet:

2175 3304 2419 3359 voluntas
2448 3307 2591 3361 enim
2646 3309 2903 3378 probandi
2944 3312 3138 3368 vulnus
3160 3313 3346 3382 fuisse,
3385 3316 3486 3370 alia
3515 3318 3764 3374 voluntas

2172 3405 2274 3465 est,
2310 3399 2551 3468 quamvis
2582 3416 2651 3455 ex
2683 3402 2769 3457 illa
2820 3397 3093 3475 religetur,
3142 3408 3293 3479 cujus
3343 3409 3470 3464 item
3512 3409 3635 3466 finis
3678 3420 3762 3469 est

2173 3489 2417 3558 probatio
2446 3492 2707 3549 vulneris.
2734 3496 2799 3550 Et
2825 3497 3068 3555 voluntas
3094 3500 3307 3556 videndi
3339 3502 3627 3558 fenestram
3647 3546 3664 3572 ,
3694 3504 3762 3560 fl-

2172 3596 2295 3636 nem
2327 3581 2487 3639 habet
2526 3585 2775 3644 fenestrae
2806 3591 3065 3647 visionem
3103 3611 3116 3647 :
3148 3594 3319 3650 altera
3358 3606 3440 3651 est
3473 3598 3615 3653 enim
3641 3615 3763 3670 qua:

2170 3688 2237 3729 ex
2296 3675 2395 3730 ista
2448 3679 2682 3734 nectitur
2726 3682 2974 3738 voluntas
3003 3724 3016 3748 ,
3064 3700 3159 3755 per
3208 3686 3496 3744 fenestram
3545 3691 3763 3748 videndi

2169 3774 2527 3835 transeuntes,
2555 3770 2708 3839 cujus
2736 3772 2864 3828 item
2896 3774 3016 3831 linis
3056 3785 3139 3832 est
3168 3779 3302 3834 visio
3332 3783 3748 3837 transeuntium.

2169 3857 2353 3914 Recta:
2393 3869 2573 3916 autem
2602 3871 2728 3918 sunt
2751 3865 3056 3922 voluntates
3085 3878 3139 3924 et
3166 3884 3353 3927 omnes
3375 3873 3589 3928 sibimet
3629 3876 3759 3931 reli-

2165 3960 2301 4020 gatae
2328 3951 2369 4017 ³,
2412 3952 2457 4006 si
2486 3953 2626 4008 bona
2674 3964 2758 4010 est
2790 3956 2881 4011 illa
2935 3974 3042 4029 quo
3090 3973 3297 4015 cunctre
3340 3963 3761 4023 referunturzsi

2168 4050 2347 4096 autem
2380 4058 2541 4113 prava
2576 4054 2678 4111 est,
2713 4061 2893 4116 prava:
2938 4059 3063 4104 sunt
3092 4065 3300 4107 omnes.
3331 4055 3397 4109 Et
3422 4055 3545 4113 ideo
3570 4068 3751 4114 recta-

2165 4147 2283 4187 rum
2302 4134 2633 4191 voluntatum
2658 4141 2920 4195 connexio
2942 4141 3043 4196 iter
3066 4152 3149 4198 est
3168 4144 3433 4214 quoddam
3460 4150 3759 4207 ascenden‘

2167 4224 2295 4280 tium
2327 4227 2393 4282 ad
2422 4228 2823 4297 beatitudinem,
2856 4234 3001 4303 quod
3024 4236 3184 4290 certis
3206 4238 3348 4292 velut
3376 4240 3621 4308 passibus
3640 4244 3755 4313 agi-

2164 4326 2253 4373 tur
2281 4336 2293 4371 :
2323 4335 2604 4390 pravarum
2631 4333 2809 4380 autem
2841 4335 2999 4397 atque
3044 4329 3391 4385 distortarum
3420 4334 3754 4393 voluntatum

2164 4410 2451 4481 implicatio
2471 4455 2486 4481 ,
2517 4415 2783 4471 vinculum
2813 4426 2895 4473 est
2923 4434 3028 4490 quo
3057 4420 3365 4491 alligabitnr
3383 4425 3473 4495 qui
3498 4426 3600 4481 hoc
3618 4432 3753 4499 agit,

2162 4512 2221 4556 ut
2246 4503 2557 4574 projiciatur
2573 4507 2625 4563 in
2647 4508 2894 4565 tenebras
2914 4512 3210 4567 exteriores
3234 4512 3445 4585 (Matth.
3474 4533 3614 4585 xxu,
3637 4520 3751 4591 l5).

2162 4594 2311 4649 Beati
2341 4612 2468 4668 ergo
2496 4600 2585 4668 qui
2632 4599 2785 4655 factis
2833 4612 2888 4657 et
2931 4605 3168 4661 moribus
3213 4618 3430 4664 cantant
3484 4613 3751 4669 canticum

2160 4688 2418 4758 graduum
2455 4708 2467 4742 :
2498 4700 2552 4746 et
2579 4692 2740 4748 vmiis
2770 4694 2859 4764 qui
2888 4696 3105 4752 trahunt
3127 4709 3362 4768 peccata,
3387 4702 3523 4757 sicut
3554 4717 3750 4762 restem

2163 4778 2372 4849 longam
2405 4780 2556 4848 (lsai.
2587 4799 2641 4847 v,
2680 4784 2794 4855 l8).
2823 4784 2912 4842 Sic
2954 4797 3038 4842 est
3061 4798 3237 4844 autem
3262 4794 3473 4863 requies
3504 4798 3752 4853 volunta-

2161 4872 2231 4927 tis
2252 4889 2409 4943 quem
2438 4874 2666 4931 dicimus
2692 4878 2875 4946 finem,
2905 4880 2948 4935 si
2983 4881 3157 4938 adhuc
3189 4883 3425 4941 refertur
3453 4889 3519 4943 ad
3567 4892 3747 4959 aliud,

2160 4964 2616 5034 quemadmodum
2646 4984 2927 5039 possumus
2967 4972 3145 5029 dicere
3170 4979 3409 5047 requiem
3439 4981 3595 5051 pedis
3622 4999 3742 5040 esse

2161 5058 2214 5112 in
2244 5058 2585 5127 ambulando,
2616 5078 2737 5117 cum
2770 5064 2985 5133 ponitur
3006 5065 3143 5120 unde
3175 5068 3314 5124 alius
3362 5071 3621 5129 innitatur
3645 5089 3750 5145 quo

2158 5152 2401 5221 passibus
2430 5155 2667 5225 pergitur
2694 5154 2736 5209 ‘.
2770 5155 2823 5212 Si
2854 5168 3032 5213 autem
3062 5159 3264 5229 aliquid
3293 5163 3364 5217 ita
3390 5163 3583 5233 placet,
3609 5176 3666 5222 ut
3696 5168 3747 5222 in

2158 5257 2225 5299 eo
2254 5258 2376 5299 cum
2398 5246 2575 5316 aliqua
2602 5246 2957 5304 delectatione
2976 5250 3219 5305 voluntas
3247 5255 3576 5323 acquiescat;
3610 5274 3751 5313 non-

2158 5334 2285 5391 dum
2315 5347 2397 5392 est
2422 5346 2597 5393 tamen
2623 5339 2751 5394 illud
2776 5355 2883 5410 quo
2930 5341 3168 5397 tenditur
3191 5385 3204 5409 ,
3240 5345 3334 5399 sed
3368 5346 3549 5402 ethoc
3576 5349 3748 5405 refcr-

2158 5436 2247 5484 tur
2265 5429 2331 5484 ad
2358 5430 2521 5494 aliud,
2552 5438 2609 5485 ut
2638 5430 2925 5500 deputetur
2945 5447 3052 5488 non
3084 5442 3340 5505 tanquam
3369 5440 3538 5507 patria
3576 5442 3743 5508 civis;

2158 5523 2251 5578 sed
2282 5531 2529 5593 tanquam
2568 5524 2817 5592 refectio,
2846 5525 2929 5581 vel
2959 5526 3122 5582 etiam
3160 5531 3370 5586 mansio
3406 5533 3645 5588 viatoris.

2221 5694 2237 5763 ξ
2275 5692 2366 5763 Hi_c_
2380 5691 2496 5763 editi
2520 5691 2719 5763 addunt.
2730 5692 3207 5763 .sciticct‘videndwn
3229 5711 3421 5763 corpus.

2218 5759 2239 5822 ξ
2273 5754 2455 5822 addunt
2478 5753 2813 5822 editi,_sc_ilicet
2835 5754 3132 5821 subjectum;
3155 5753 3334 5822 quodin
3352 5767 3456 5811 Mss.
3482 5761 3635 5811 abest.

2220 5819 2239 5849 ³
2271 5818 2344 5864 sic
2366 5823 2470 5863 Mss.
2499 5823 2552 5863 At
2576 5816 2718 5865 editi:
2745 5823 2881 5867 Recte
2903 5816 3065 5870 autem
3087 5816 3195 5872 sunt
3219 5822 3477 5876 wtzmtates
3499 5836 3656 5876 omnes
3678 5823 3753 5877 si-

2154 5880 2293 5931 bimet
2317 5877 2547 5940 religatis.

2217 5942 2239 5973 ⁸
2271 5949 2321 5992 tn
2346 5948 2471 6001 Mss,
2497 5953 2607 5990 cum
2630 5940 2845 6003 passibus
2869 5942 3101 6007 pergitur.
