4104 6456
403 447 510 512 993

474 566 704 627 CAPUT
735 562 848 626 VII.
877 597 948 608 —
976 563 1064 624 Η.
1094 565 1319 623 Trinitas
1345 564 1450 624 alia
1474 567 1528 624 in
1566 569 1808 624 memoria
1849 584 1989 622 reco-

403 664 613 736 gilanti:
643 663 707 716 de
726 663 934 718 visione.
963 661 1082 718 Jam
1111 677 1239 720 vero
1259 661 1312 717 in
1336 662 1436 717 alia
1456 663 1709 728 trinitate,
1738 662 1990 718 interiore

317 743 324 812 τί
400 753 643 826 quidem,
670 770 833 826 quam
859 763 942 811 est
965 755 1067 812 ista
1097 755 1150 810 in
1171 755 1512 812 sensibilihus
1533 764 1586 810 et
1606 753 1870 820 sensibus,
1894 751 1989 808 sed

320 839 323 844 ’
405 857 584 902 tamen
611 861 732 917 qua:
757 845 882 904 inde
903 856 1160 919 concepta
1189 855 1291 913 est,
1337 862 1458 903 cum
1479 846 1591 918 jam
1623 861 1729 900 non
1760 861 1827 901 ex
1866 859 1989 899 cor-

311 956 313 958 ·
402 954 536 1010 pore
563 953 754 996 sensus
776 939 1018 1009 corporis
1036 981 1052 1008 ,
1083 938 1178 996 sed
1204 955 1271 995 ex
1286 938 1542 995 memoria
1569 936 1828 993 formatur
1848 935 1990 992 acies

402 1032 590 1100 animi,
620 1048 742 1088 cum
767 1033 824 1088 in
845 1033 959 1103 ipsa
985 1033 1244 1089 memoria
1263 1032 1471 1103 species
1494 1030 1766 1086 inhazserit
1803 1042 1992 1099 corpo-

401 1126 476 1180 ris
504 1124 652 1197 quod
678 1124 977 1182 forinsecus
1015 1126 1284 1182 sensimus
1303 1167 1320 1192 ,
1348 1125 1492 1180 illam
1529 1123 1762 1195 speciem
1787 1137 1908 1192 quae
1935 1121 1990 1176 in

401 1219 665 1274 memoria
691 1225 796 1288 est,
821 1217 973 1290 quasi
999 1229 1273 1290 parentem
1299 1219 1526 1276 dicimus
1547 1216 1664 1288 ejus
1691 1230 1810 1301 quae
1850 1213 1910 1268 fit
1935 1213 1990 1268 in

402 1308 684 1380 phantasia
704 1311 1006 1382 cogitantis.
1041 1312 1170 1367 Erat
1193 1312 1334 1368 enim
1364 1312 1417 1367 in
1443 1309 1700 1366 memoria
1727 1316 1780 1364 et
1816 1307 1989 1378 prius-

403 1418 564 1472 quam
581 1403 909 1474 cogitaretur
931 1419 960 1458 a
988 1403 1166 1470 nobis,
1193 1405 1333 1460 sicut
1359 1413 1474 1459 erat
1496 1417 1690 1473 corpus
1719 1402 1771 1456 in
1797 1400 1915 1456 loco
1937 1407 1992 1454 et

401 1494 712 1566 priusquam
737 1495 1048 1563 sentiretur,
1081 1504 1140 1552 ut
1171 1497 1304 1553 visio
1356 1495 1529 1552 ﬁeret.
1560 1494 1666 1552 Sed
1692 1510 1814 1550 cum
1843 1493 1990 1566 cogi-

404 1594 583 1653 tatur,
628 1603 697 1644 ex
723 1587 810 1644 illa
863 1603 1022 1660 quam
1076 1589 1335 1644 memoria
1365 1596 1544 1656 tenet,
1586 1586 1898 1658 eXprimitur
1936 1586 1991 1641 in

402 1678 521 1734 acie
545 1678 848 1750 cogitantis,
876 1689 932 1737 et
955 1680 1352 1737 reminiscendo
1381 1680 1644 1736 formatur
1670 1695 1730 1734 ea
1759 1679 1988 1750 species,

402 1785 524 1842 quae
547 1771 698 1842 quasi
726 1773 906 1842 proles
943 1781 1026 1828 est
1055 1772 1172 1843 ejus
1214 1788 1374 1844 quam
1404 1771 1661 1828 memoria
1693 1769 1857 1826 tenet.
1883 1768 1992 1826 Sed

402 1877 579 1933 neque
623 1863 711 1919 illa
737 1879 866 1920 vera
918 1879 1112 1935 parens
1135 1905 1150 1932 ,
1185 1880 1356 1935 neque
1391 1863 1491 1919 ista
1519 1878 1646 1919 vera
1680 1862 1859 1934 proles
1888 1870 1988 1916 est.

403 1956 565 2012 Acies
609 1957 808 2028 quippe
837 1958 1000 2012 animi
1049 1973 1167 2028 quae
1198 1958 1457 2013 formatur
1477 1972 1542 2012 ex
1571 1955 1829 2011 memoria
1870 1967 1992 2009 cum

403 2049 742 2105 recordando
768 2049 968 2121 aliquid
998 2047 1314 2121 cogitamus,
1349 2065 1457 2104 non
1487 2065 1554 2105 ex
1585 2063 1647 2104 ea
1669 2048 1848 2120 specie
1869 2059 1997 2116 pro-

402 2139 552 2196 cedit
603 2157 761 2213 quam
811 2141 1155 2198 meminimus
1195 2143 1402 2208 visam;
1435 2141 1864 2214 quandoquidem
1895 2155 1990 2195 eo-

403 2248 524 2288 rum
559 2235 574 2265 ¹
617 2234 925 2289 meminisse
959 2251 1065 2290 non
1119 2249 1429 2304 possemus,
1484 2233 1585 2289 nisi
1631 2233 1987 2288 vidissemus:

401 2325 546 2380 acies
571 2337 749 2380 autem
774 2325 939 2380 animi
989 2341 1108 2396 qua:
1133 2325 1531 2381 reminiscendo
1560 2325 1840 2392 formatur,
1875 2333 1992 2378 erat

402 2416 566 2472 etiam
602 2417 910 2489 priusquam
964 2433 1158 2488 corpus
1199 2417 1341 2489 quod
1389 2417 1730 2472 meminimus
1780 2415 1992 2471 videre-

401 2523 524 2565 mus
552 2526 566 2576 ;
601 2520 803 2581 quanto
851 2511 1021 2583 magis
1049 2513 1354 2582 priusquam
1395 2511 1448 2565 id
1477 2511 1747 2564 memorim
1774 2509 1996 2565 manda-

403 2604 625 2660 remus?
673 2605 986 2676 Quanquam
1024 2608 1199 2676 itaque
1249 2607 1416 2661 forma
1453 2620 1571 2676 qua:
1597 2603 1656 2658 fit
1684 2604 1737 2658 in
1763 2602 1876 2658 acie
1902 2618 1994 2658 re-

403 2695 694 2761 cordantis,
723 2712 789 2752 ex
823 2713 884 2752 ca
907 2697 998 2752 fiat
1025 2713 1142 2768 qua:
1170 2697 1312 2752 inest
1335 2695 1647 2762 memoria};
1681 2695 1792 2766 ipsa
1817 2704 1994 2749 tamen

402 2788 546 2844 acies
574 2803 682 2846 non
733 2789 856 2846 inde
905 2789 1105 2856 existit,
1131 2789 1226 2845 sed
1248 2797 1365 2846 erat
1389 2799 1511 2844 ante
1541 2788 1696 2843 istam
1725 2786 1993 2843 ’.ροηδε-

403 2895 572 2952 quens
596 2890 682 2938 est
704 2890 880 2937 autem
902 2925 918 2951 ,
947 2891 1004 2936 ut
1031 2881 1075 2936 si
1105 2896 1210 2936 non
1249 2889 1332 2937 est
1369 2881 1456 2936 illa
1485 2896 1609 2936 veta
1635 2894 1828 2950 parens
1847 2919 1863 2947 ,
1895 2891 1994 2935 nec

403 2971 507 3028 ista
538 2989 665 3030 vera
719 2975 792 3030 sit
817 2974 1018 3045 proles.
1048 2974 1153 3030 Sed
1181 2981 1235 3029 et
1262 2973 1350 3029 illa
1376 2974 1526 3044 quasi
1560 2989 1786 3046 parens,
1813 2981 1868 3028 et
1893 2973 1994 3028 ista

401 3065 554 3136 quasi
601 3067 778 3138 proles
820 3066 1022 3138 aliquid
1050 3066 1343 3134 insinuant,
1375 3067 1518 3122 unde
1547 3066 1804 3122 interiora
1833 3073 1993 3137 atque

401 3158 613 3213 veriora
642 3159 985 3215 exercitatius
1007 3159 1308 3229 certiusque
1335 3157 1636 3214 videantur.

474 3249 564 3306 12.
594 3250 872 3307 Difficilius
893 3251 1003 3322 jam
1026 3251 1184 3322 plane
1209 3250 1554 3318 discernitur,
1588 3257 1768 3305 utrum
1795 3248 1992 3305 volun-

406 3350 490 3398 tas
514 3358 634 3414 quze
659 3344 933 3400 memoriae
968 3345 1181 3414 copulat
1208 3345 1493 3413 visionem,
1523 3359 1634 3400 non
1669 3343 1738 3399 sit
1767 3343 1993 3414 alicujus

405 3445 596 3489 eorum
640 3434 754 3490 sive
787 3450 983 3506 parens
1010 3436 1121 3491 sive
1157 3436 1334 3507 proles
1364 3454 1376 3490 :
1401 3445 1458 3491 et
1486 3434 1627 3491 hanc
1653 3434 1993 3491 discretionis

402 3521 768 3581 difficultatem
801 3526 930 3582 facit
957 3525 1197 3597 ejusdem
1231 3534 1439 3582 natura:
1482 3534 1641 3598 atque
1678 3526 1993 3582 substantia:

402 3617 641 3687 parilitas
666 3627 720 3674 et
748 3619 1044 3688 aequalitas.
1073 3617 1261 3690 Neque
1287 3619 1430 3674 enim
1451 3660 1466 3686 ,
1509 3617 1649 3675 sicut
1677 3618 1809 3675 foris
1836 3620 1993 3676 facile

403 3705 806 3765 discernebatur
832 3708 1092 3766 formatus
1117 3724 1306 3766 sensus
1322 3726 1352 3766 a
1378 3710 1622 3767 sensibili
1658 3726 1906 3782 corpore,
1938 3721 1994 3769 et

404 3801 655 3858 voluntas
679 3804 746 3861 ab
769 3812 1016 3876 utroque,
1036 3814 1251 3876 propter
1267 3814 1469 3861 naturae
1490 3805 1850 3863 diversitatem
1875 3821 1992 3877 quae

403 3892 549 3950 inest
567 3894 634 3950 ab
659 3895 888 3951 invicem
936 3897 1184 3952 omnibus
1211 3897 1397 3962 tribus,
1427 3895 1497 3953 de
1535 3913 1636 3967 qua
1678 3898 1806 3954 satis
1834 3913 1993 3968 supra

403 3983 775 4054 disseruimus,
796 3987 866 4042 ila
885 3975 940 4044 et
966 3987 1052 4044 hic
1070 3995 1266 4058 potest.
1287 3987 1538 4055 Quamvns
1559 3989 1700 4044 enim
1724 3988 1838 4044 haec
1853 3989 1994 4044 trini-

404 4077 588 4145 tas,de
603 4095 704 4148 qua
723 4094 866 4136 nunc
891 4081 1167 4151 quzeritur,
1213 4080 1509 4136 forinsecus
1536 4082 1743 4136 invecta
1770 4091 1852 4136 est
1873 4084 1991 4137 ani-

404 4182 522 4235 mo;
571 4170 712 4227 intus
741 4181 918 4228 tamen
963 4175 1159 4244 agitur,
1211 4182 1394 4229 etnon
1431 4182 1515 4229 est
1558 4174 1847 4245 quidquam
1876 4175 1993 4245 ejus

405 4271 598 4331 przeter
617 4262 786 4333 ipsius
803 4263 965 4318 animi
995 4272 1258 4319 naturam.
1287 4265 1403 4332 Quo
1421 4264 1578 4335 igitur
1599 4274 1752 4335 pacto
1774 4265 1994 4321 demon-

403 4355 562 4409 strari
591 4363 798 4424 potest,
837 4356 1162 4412 voluntatem
1210 4371 1310 4413 nec
1351 4358 1500 4428 quasi
1541 4367 1850 4429 parentem,
1894 4373 1994 4416 nec

403 4447 553 4516 quasi
599 4447 802 4518 prolem
840 4463 980 4515 esse,
1022 4449 1136 4505 sive
1171 4464 1446 4520 corporeae
1492 4428 1854 4506 similitudinis
1870 4467 1993 4522 qua:

405 4541 662 4596 memoria
691 4541 1012 4608 continetur,
1031 4543 1145 4598 sive
1169 4543 1285 4613 ejus
1303 4558 1423 4615 quae
1448 4540 1571 4597 inde
1589 4557 1708 4599 cum
1737 4544 1991 4602 recorda-

405 4647 523 4689 mur
547 4635 862 4705 cxpriutitur
883 4677 898 4704 ,
929 4635 1140 4706 quando
1170 4646 1452 4708 utrumque
1485 4641 1537 4694 in
1596 4640 1875 4710 cogitando
1921 4639 1991 4695 ita

403 4728 634 4798 capulat,
652 4739 710 4785 ut
726 4740 972 4801 tanquam
987 4746 1148 4786 unum
1171 4732 1509 4804 singulariter
1524 4743 1795 4805 appareat,
1811 4745 1862 4790 et
1876 4736 1992 4792 dis-

401 4822 548 4876 cerni
580 4821 683 4876 nisi
704 4823 910 4878 ratione
946 4839 1052 4878 non
1086 4824 1481 4897 possit?Atque
1510 4826 1638 4882 illud
1669 4828 1894 4898 primum
1913 4830 1991 4885 vi-

403 4912 636 4970 dendum
656 4924 757 4982 est,
794 4931 900 4971 non
929 4932 1048 4973 esse
1074 4933 1230 4989 posse
1249 4920 1574 4978 voluntatem
1590 4923 1987 4993 reminiscendi,

405 5005 508 5062 nisi
532 5007 617 5062 vel
645 5017 848 5074 totum,
904 5009 990 5064 vel
1015 5010 1215 5081 aliquid
1249 5013 1326 5068 rei
1387 5014 1504 5084 ejus
1532 5029 1691 5084 quam
1718 5009 1991 5073 reminisci

401 5101 664 5168 volumus,
698 5103 750 5157 in
787 5103 1150 5173 penetralibus
1187 5106 1462 5161 memoria:
1507 5116 1805 5164 teneamus.
1837 5109 1990 5178 Quod

401 5193 544 5249 enim
575 5193 726 5249 omni
781 5193 941 5250 modo
973 5204 1029 5250 et
1070 5196 1216 5250 omni
1245 5211 1307 5252 ex
1336 5205 1485 5267 parte
1509 5197 1661 5254 obliti
1690 5198 1946 5256 fuerimus
1968 5241 1986 5269 ,

399 5301 502 5343 nec
527 5288 908 5344 reminiscendi
960 5289 1207 5343 voluntas
1237 5290 1483 5345 exoritur
1509 5307 1521 5343 :
1545 5291 1798 5361 quoniam
1828 5292 1988 5363 quid-

398 5378 526 5449 quid
542 5378 815 5436 recordari
826 5380 1092 5448 volumus,
1107 5380 1370 5437 recordati
1388 5382 1496 5451 jam
1517 5397 1703 5438 sumus
1721 5382 1771 5438 in
1785 5399 1990 5442 memo-

399 5474 480 5525 ria
510 5467 691 5529 nostra
714 5488 834 5530 esse
850 5474 936 5531 vel
965 5474 1150 5532 fuisse.
1187 5475 1345 5532 Verbi
1387 5477 1552 5546 gratia
1575 5519 1590 5544 ,
1631 5478 1676 5533 si
1717 5481 1988 5538 recordari

399 5563 525 5619 volo
560 5565 689 5635 quid
736 5565 849 5622 heri
895 5569 1242 5636 coenaverim,
1271 5579 1360 5624 aut
1402 5572 1708 5628 recordatus
1733 5574 1840 5644 jam
1865 5591 1986 5632 sum

399 5669 646 5714 coanasse
666 5673 774 5727 me,
795 5668 885 5715 aut
902 5661 946 5715 si
970 5669 1023 5716 et
1059 5661 1161 5716 hoc
1203 5661 1458 5730 nondum,
1478 5672 1625 5720 certe
1645 5665 1784 5721 circa
1812 5667 1985 5737 ipsum

465 5816 651 5893 item,
674 5816 797 5893 ejus.
825 5825 880 5890 At
897 5818 1014 5891 editi
1035 5818 1117 5868 alii
1135 5827 1190 5893 et
1206 5827 1335 5883 Mss.,
1360 5834 1544 5893 eorum,
1589 5824 1639 5874 id
1683 5833 1779 5892 est,
1805 5835 1858 5882 et
1876 5841 1986 5882 cor-

397 5885 531 5942 poris
552 5885 638 5929 vtsi
665 5888 714 5931 et
739 5885 919 5942 speciei
945 5885 1191 5953 memoriae
1215 5887 1578 5938 commendatae.

464 5941 486 5974 ⁸
520 5940 708 6005 Aliquot
731 5949 858 6006 Mss,
876 5949 986 5995 ante
1011 5951 1120 5996 ista.

1720 447 1921 507 LIBER
1958 447 2257 508 UNDECIM
2265 448 2364 508 US.

3586 454 3692 522 994

2100 575 2307 638 tempus
2344 567 2541 640 aliquid
2569 567 2880 626 recordatus
2902 585 3042 639 sum,
3082 568 3128 628 si
3157 569 3292 628 nihil
3314 573 3478 646 aliud,
3508 579 3683 650 ipsum

2096 661 2288 716 saltem
2342 663 2650 718 hesternum
2701 663 2863 732 dicm,
2912 673 2966 719 et
2994 665 3109 735 ejus
3156 679 3276 720 eam
3325 679 3537 738 partem
3580 689 3684 742 qua

2097 752 2296 807 coenari
2329 754 2491 820 solet,
2515 763 2570 810 et
2593 754 2718 825 quid
2742 756 2812 811 sit
2837 770 3071 812 cmnare.
3097 757 3230 814 Nam
3259 759 3302 813 si
3320 759 3451 815 nihil
3471 762 3576 817 tale
3597 779 3687 819 re-

2095 843 2348 900 cordatus
2369 860 2564 911 essem,
2596 847 2721 916 quid
2747 846 2861 903 heri
2889 850 3234 918 ccenaverim,
3257 852 3525 908 recordari
3553 855 3690 912 velle

2096 949 2201 988 non
2226 950 2456 1005 possem.
2489 936 2640 993 Unde
2663 938 2880 1011 intelligi
2897 950 3093 1012 potest,
3118 943 3444 1001 voluntatem
3466 947 3688 1003 remini-

2096 1026 2280 1081 scendi
2299 1027 2366 1081 ah
2394 1027 2458 1084 iis
2479 1029 2698 1101 quidem
2728 1032 2889 1094 rebus
2915 1049 3034 1104 quae
3055 1037 3311 1091 memoria
3340 1039 3686 1096 continentur

2095 1117 2405 1186 procedere,
2435 1120 2700 1191 adjunctis
2729 1123 2888 1178 simul
2917 1125 2996 1180 eis
3017 1142 3136 1197 quae
3156 1127 3281 1185 inde
3303 1143 3399 1200 per
3424 1116 3684 1187 recorda-

2098 1207 2295 1264 tioncm
2327 1211 2596 1267 cernendo
2616 1214 3014 1284 exprimuntur,
3052 1217 3107 1273 id
3155 1228 3260 1287 est,
3283 1234 3350 1275 ex
3380 1221 3680 1292 copulatio-

2095 1313 2164 1354 ne
2210 1300 2286 1356 rei
2313 1301 2590 1372 cujusdam
2649 1321 2809 1376 quam
2839 1307 3104 1364 recordati
3131 1325 3338 1380 sumus,
3375 1322 3428 1369 et
3461 1315 3686 1372 visionis

2095 1408 2215 1464 qua!
2244 1394 2368 1451 inde
2398 1394 2534 1452 facta
2563 1405 2648 1453 est
2693 1399 2748 1454 in
2790 1400 2906 1456 acie
2937 1403 3220 1473 cogitantis
3249 1419 3369 1460 cum
3419 1404 3687 1463 recordati

2096 1500 2299 1544 sumus.
2348 1488 2455 1545 Sed
2502 1490 2617 1562 ipsa
2653 1508 2770 1562 quae
2804 1503 3093 1566 utrumque
3130 1499 3346 1568 copulat
3385 1500 3634 1556 voluntas
3659 1542 3679 1570 ,

2095 1582 2322 1652 requirit
2361 1593 2414 1638 et
2456 1583 2599 1638 aliud
2632 1585 2773 1656 quod
2803 1588 2952 1657 quasi
2983 1588 3215 1644 vicinum
3244 1599 3328 1646 est
3362 1600 3524 1663 atque
3551 1608 3684 1648 eon-

2097 1674 2298 1744 tiguum
2323 1675 2646 1731 recordanti.
2671 1676 2772 1732 Tot
2794 1677 2951 1747 igitur
2972 1679 3130 1749 hujus
3150 1681 3365 1751 generis
3389 1682 3678 1753 trinitates,

2095 1773 2226 1836 quot
2251 1766 2674 1834 recordationes,
2702 1769 2824 1839 quia
2849 1770 2988 1826 nulla
3015 1781 3098 1826 est
3123 1787 3306 1828 earum
3325 1773 3417 1829 ubi
3439 1789 3545 1830 non
3569 1775 3687 1831 haec

2096 1859 2196 1913 tria
2237 1860 2379 1925 sint;
2439 1859 2571 1916 illud
2614 1861 2755 1932 quod
2801 1862 2857 1916 in
2915 1864 3175 1920 memoria
3225 1865 3554 1922 reconditum
3601 1875 3687 1923 est

2095 1951 2258 2007 etiam
2290 1961 2578 2024 antequam
2610 1955 2894 2026 cogitetur,
2923 1965 2978 2012 et
3022 1957 3153 2013 illud
3194 1959 3336 2029 quod
3363 1961 3423 2016 fit
3451 1961 3502 2015 in
3533 1961 3682 2032 cogi-

2095 2043 2301 2100 tatione
2334 2060 2453 2101 cum
2485 2047 2741 2116 cernitur,
2785 2057 2839 2103 et
2871 2048 3120 2104 voluntas
3145 2060 3432 2123 utrumque
3459 2052 3688 2123 conjun-

2095 2151 2261 2209 gens,
2305 2148 2358 2195 et
2397 2155 2464 2196 ex
2505 2150 2734 2212 utroque
2765 2155 2828 2197 ac
2855 2142 3012 2197 tertia
3043 2159 3104 2200 se
3145 2144 3262 2213 ipsa
3287 2159 3458 2202 unum.
3479 2144 3685 2216 aliquid

2097 2231 2393 2300 complens.
2431 2233 2510 2287 An
2541 2233 2715 2303 potius
2740 2233 2812 2288 ita
2851 2235 3192 2305 cognoscitur
3212 2251 3316 2290 una
3341 2235 3587 2306 quaedam
3629 2238 3683 2292 in

2097 2321 2201 2377 hoc
2226 2337 2425 2393 genere
2450 2323 2690 2391 trinitas,
2716 2333 2774 2378 ut
2819 2340 2982 2380 unum
3011 2325 3208 2397 aliquid
3240 2327 3563 2398 generaliter
3599 2326 3686 2383 di-

2099 2427 2283 2469 camus
2309 2413 2568 2485 quidquid
2606 2415 2965 2486 corporalium
2999 2417 3301 2488 specierum
3333 2417 3384 2474 in
3426 2419 3685 2496 memoria

2098 2505 2260 2573 latet,
2291 2515 2345 2560 et
2371 2519 2557 2561 rursus
2605 2523 2766 2561 unum
2817 2508 3020 2579 aliquid
3058 2510 3360 2580 generalem
3415 2512 3683 2569 visionem

2099 2599 2260 2653 animi
2313 2599 2436 2654 talia
2491 2600 2828 2656 recordantis
2867 2610 3029 2672 atque
3081 2597 3406 2675 cogitantis,
3457 2621 3685 2676 quorum

2099 2689 2328 2745 duorum
2360 2691 2690 2761 copulationi
2715 2692 2868 2748 tertia
2897 2694 3239 2765 conjungitur
3263 2697 3561 2767 copulatrix
3593 2712 3688 2753 vo-

2099 2780 2298 2850 luntas,
2336 2791 2394 2837 ut
2431 2785 2498 2839 sit
2535 2783 2636 2840 hoc
2671 2793 2836 2842 totum
2887 2802 3050 2842 unum
3081 2787 3333 2858 quiddam
3358 2805 3426 2846 ex
3449 2790 3683 2861 quibus-

2097 2875 2221 2930 dam
2265 2875 2464 2931 trihus?
3287 2898 3289 2901 ·

2169 2967 2397 3025 CAPUT
2425 2969 2557 3025 VIII.
2580 3001 2649 3010 --
2683 2969 2840 3026 Varia
2855 2971 3114 3042 cogitandi
3127 2973 3279 3029 ratio.
3303 2973 3409 3030 Sed
3431 2976 3688 3046 quoniam

2096 3075 2205 3116 non
2251 3069 2428 3131 potest
2454 3062 2596 3117 acies
2641 3063 2803 3118 animi
2857 3064 3016 3120 simul
3062 3066 3241 3122 omnia
3269 3082 3388 3138 quae
3423 3057 3684 3125 mem'oria

2096 3160 2278 3219 tenet,
2313 3169 2419 3209 uno
2461 3163 2683 3225 aspectu
2746 3157 2988 3212 contueri
3022 3197 3038 3224 ,
3097 3158 3370 3214 alternant
3406 3161 3423 3192 ³
3456 3160 3688 3216 vicissim

2097 3243 2340 3300 cedendo
2365 3259 2428 3301 ac
2458 3245 2794 3302 succedendo
2812 3247 3079 3305 triuitates
3096 3250 3502 3321 cogitationum,
3528 3261 3689 3322 atque

2097 3333 2168 3388 ita
2200 3333 2257 3389 fit
2299 3335 2398 3391 ista
2451 3337 2909 3395 innumerabiliter
2937 3342 3380 3398 numerosissima
3429 3343 3637 3399 trinitas
3666 3361 3683 3400 :

2097 3443 2198 3484 nec
2229 3437 2404 3486 tamen
2442 3430 2670 3498 inﬁnita,
2711 3432 2757 3486 si
2805 3447 3063 3489 numerus
3089 3434 3143 3490 in
3193 3437 3457 3492 memoria
3492 3452 3690 3494 recon-

2097 3520 2328 3575 ditarum
2375 3536 2555 3577 rerum
2608 3537 2718 3578 non
2762 3523 3070 3580 excedatur.
3102 3526 3181 3580 Ex
3208 3542 3315 3598 quo
3339 3527 3484 3584 enim
3523 3529 3688 3601 coepit

2099 3613 2463 3684 unusquisque
2489 3613 2690 3670 sentire
2716 3629 2954 3686 corpora
2973 3617 3214 3687 quolibet
3237 3621 3480 3690 corporis
3498 3634 3685 3691 sensu,

2096 3707 2255 3762 etiam
2312 3706 2356 3761 si
2378 3714 2561 3776 posset
2588 3707 2878 3778 adjungere
2906 3723 3130 3778 quorum
3151 3710 3346 3766 oblitus
3375 3719 3478 3780 est,
3506 3721 3689 3768 certus

2096 3811 2158 3852 ac
2203 3796 2590 3853 determinatus
2636 3797 2878 3868 profecto
2917 3815 3172 3856 numerus
3211 3801 3387 3871 foret,
3441 3803 3688 3874 quamvis

2096 3887 2524 3945 innumerabilis.
2555 3889 2790 3946 Dicimus
2821 3892 2965 3946 enim
3000 3892 3426 3962 innumerabilia,
3456 3909 3562 3950 non
3591 3908 3685 3950 so-

2097 3983 2205 4037 lum
2229 3983 2454 4050 infinita,
2484 3982 2580 4039 sed
2611 3985 2770 4039 etiam
2797 4001 2916 4056 qua:
2943 3987 3015 4042 ita
3041 3987 3194 4042 finita
3229 3996 3373 4057 sunt,
3411 3999 3468 4045 ut
3511 3989 3684 4046 facul-

2099 4082 2258 4128 tatem
2287 4075 2619 4130 numerantis
2645 4075 2929 4132 excedant.

2106 4179 2108 4182 '
2172 4166 2260 4220 15.
2302 4166 2405 4222 Sed
2432 4165 2556 4221 hinc
2583 4166 2785 4222 adverti
2829 4167 3102 4239 aliquanto
3126 4169 3462 4228 manifestius
3483 4180 3681 4243 potest,
3751 4167 3756 4172 ’

2101 4256 2244 4312 aliud
2275 4272 2394 4313 esse
2424 4257 2568 4327 quod
2598 4257 2930 4314 reconditum
2975 4263 3233 4318 memoria
3271 4271 3435 4332 tenet,
3464 4272 3518 4320 et
3544 4263 3686 4320 aliud

2098 4349 2240 4420 quod
2294 4349 2416 4404 inde
2470 4349 2523 4404 in
2575 4349 2897 4420 cogitatione
2955 4341 3288 4410 recordantis
3331 4356 3684 4425 exprimitur,

2097 4442 2340 4511 quamvis
2382 4456 2500 4496 cum
2528 4440 2585 4495 fit
2613 4441 2891 4514 utriusque
2914 4447 3201 4516 c0pulatio,
3243 4463 3406 4502 unum
3434 4448 3687 4521 idemque

2097 4533 2379 4590 videatur:
2423 4535 2544 4605 quia
2587 4539 2900 4594 meminisse
2928 4555 3034 4595 non
3075 4556 3359 4611 possumus
3399 4557 3685 4615 corporum

2097 4627 2324 4697 species,
2354 4627 2453 4682 nisi
2485 4636 2561 4683 tot
2589 4641 2720 4701 quot
2749 4631 3036 4700 sensimus,
3060 4642 3114 4690 et
3143 4645 3367 4705 quantas
3397 4637 3682 4709 sensimus,

2096 4729 2152 4778 et
2180 4722 2320 4777 sicut
2344 4723 2643 4780 sensimus:
2672 4741 2735 4781 ex
2765 4727 3007 4796 corporis
3033 4728 3173 4782 enim
3199 4743 3357 4785 sensu
3387 4731 3548 4785 easiu
3572 4746 3686 4786 me-

2097 4814 2320 4869 moriam
2343 4817 2362 4845 ²
2392 4816 2650 4872 combibit
2691 4819 2898 4873 animus
2927 4837 2940 4874 :
2973 4819 3204 4875 visiones
3247 4829 3421 4875 tamen
3458 4821 3561 4876 illic
3589 4837 3685 4878 co-

2095 4906 2380 4976 gitantium
2401 4907 2423 4938 ³
2453 4923 2517 4963 ex
2550 4909 2612 4963 iis
2641 4909 2854 4980 quidem
2885 4910 3044 4966 rebus
3074 4927 3192 4981 qua:
3233 4921 3359 4967 sunt
3400 4912 3454 4968 iu
3477 4930 3683 4971 memo-
3719 4911 3724 4930 ‘

2094 4999 2193 5066 ria,
2225 4999 2320 5055 sed
2349 5008 2525 5056 tamen
2559 5002 3019 5058 innumerabiliter
3044 5013 3201 5073 atque
3235 5004 3453 5061 omnino
3477 5006 3684 5065 infinite

2096 5094 2521 5164 multiplicantur
2559 5105 2717 5167 atque
2743 5096 3032 5150 variantur.
3074 5095 3250 5152 Unum
3288 5099 3484 5170 quippe
3513 5102 3682 5157 solem
3723 5131 3739 5204 ἴ

2096 5188 2338 5256 memini,
2358 5189 2480 5259 quia
2505 5189 2659 5244 sicuti
2689 5197 2789 5257 est,
2812 5204 2978 5244 unum
2999 5189 3106 5245 vidi
3139 5191 3215 5246 :si
3237 5193 3454 5249 voluero
3479 5203 3679 5263 autem,
3724 5188 3738 5282 ξ

2095 5277 2230 5334 duos
2259 5280 2456 5350 cogito,
2493 5280 2576 5335 vel
2606 5288 2734 5345 tres,
2765 5281 2850 5335 vel
2878 5290 3139 5352 quotquot
3183 5282 3338 5350 volo;
3377 5285 3471 5340 sed
3497 5301 3562 5341 ex
3586 5301 3682 5341 ea--

2094 5371 2217 5428 dem
2239 5372 2498 5428 memoria
2527 5387 2629 5443 qua
2655 5388 2819 5428 unum
2847 5374 3064 5429 memini
3093 5374 3355 5431 formatur
3375 5377 3518 5433 acies
3540 5377 3677 5434 mul-

2095 5473 2180 5520 tos
2205 5465 2502 5536 cogitantis.
2540 5464 2608 5520 Et
2653 5475 2856 5520 tantum
2884 5469 3126 5534 memini,
3168 5479 3425 5540 quantum
3470 5470 3596 5526 vidi.
3623 5469 3682 5527 Si
3749 5461 3762 5512 ἓ

2095 5560 2236 5616 enim
2265 5559 2534 5637 majorem
2556 5559 2640 5616 vel
2666 5559 2930 5616 minorem
2962 5563 3200 5629 memini,
3225 5578 3386 5634 quam
3412 5561 3541 5630 vldi,
3567 5562 3681 5633 jam
3724 5623 3731 5641 l

2093 5668 2200 5708 non
2228 5652 2445 5707 memini
2470 5652 2611 5722 quod
2637 5652 2765 5720 vidi,
2789 5662 2844 5709 et
2870 5653 2991 5711 ideo
3013 5670 3110 5712 nec
3136 5657 3371 5714 memini.
3396 5655 3530 5724 Quia
3551 5669 3682 5714 vero

2155 5831 2172 5860 ί
2209 5834 2283 5877 Er.
2307 5826 2452 5889 Lugd.
2479 5836 2596 5878 ven.
2627 5833 2757 5889 Lov.,
2781 5829 3001 5883 alternat.
3057 5837 3115 5882 ll.

2153 5892 2174 5925 ι
2206 5890 2427 5939 Nonnulli
2451 5899 2540 5941 Mss
2563 5926 2576 5951 ,
2598 5891 2650 5942 in
2671 5893 2917 5944 meritoria.

2187 5953 2210 5987 ³
2230 5960 2373 6005 Juxta
2393 5959 2524 6019 bov.,
2549 5953 2900 6019 cogitationum.
2964 5963 3022 6010 Μ.
