4076 6448
393 393 498 468 995

394 511 634 580 memini,
662 516 865 566 tantum
894 507 1111 564 memini
1140 509 1394 575 quantum
1436 499 1567 568 vidi,
1603 497 1688 554 vel
1715 496 1972 568 majorem

395 620 572 665 tamen
607 621 702 676 pro
731 604 1000 659 voluntate
1026 600 1221 674 cogito,
1248 595 1333 652 vel
1363 596 1626 651 minorem
1656 611 1670 650 :
1694 601 1748 648 et
1783 591 1850 646 ita
1869 605 1985 646 me-

396 703 551 770 mini,
575 709 634 756 nt
660 699 798 763 vidi;
842 697 1014 768 cogito
1041 703 1216 748 autem
1259 691 1396 745 sicut
1421 689 1542 743 volo
1572 695 1895 747 currentem,
1930 690 1985 738 et

397 796 486 852 ubi
517 795 638 848 volo
666 798 912 856 stantem,
963 785 1104 842 unde
1133 784 1253 839 volo
1293 791 1345 838 et
1383 796 1488 853 quo
1513 780 1636 835 volo
1658 777 1980 832 venientem.

399 889 668 960 Quadrum
709 886 868 942 etiam
902 882 1032 939 milii
1063 880 1324 952 cogitare,
1356 878 1407 932 in
1437 881 1684 947 promptu
1723 879 1826 953 est,
1863 885 1984 924 cum

399 982 732 1040 meminerim
762 961 1087 1040 rotundum;
1113 982 1166 1030 et
1193 969 1478 1042 cujuslibet
1509 966 1724 1034 coloris,
1754 978 1874 1019 cum
1901 976 1987 1017 so-

399 1077 506 1132 lem
537 1071 764 1130 viridem
793 1084 1061 1142 nunquam
1095 1051 1343 1131 videi‘im,
1368 1071 1423 1118 et
1449 1061 1567 1116 ideo
1597 1075 1694 1116 nec
1725 1057 1986 1114 memine-

399 1165 500 1237 rim
534 1183 546 1220 :
579 1173 737 1236 atque
773 1171 831 1218 ut
873 1143 1064 1229 solem,
1113 1159 1185 1214 ita
1223 1166 1436 1214 caetera.
1469 1154 1562 1210 lite
1591 1161 1768 1209 autem
1808 1164 1987 1206 rerum

400 1259 606 1324 formai,
651 1258 902 1328 quoniam
954 1252 1259 1324 corporales
1303 1259 1463 1322 alque
1507 1247 1788 1304 sensibiles
1841 1254 1983 1310 sunt,

402 1364 546 1411 errat
572 1352 786 1424 quidem
822 1351 1053 1416 animus,
1081 1364 1202 1405 cum
1232 1362 1326 1404 eas
1352 1344 1600 1416 opinatur
1629 1358 1692 1397 eo
1719 1340 1878 1396 modo
1901 1338 1988 1393 fo-

401 1449 478 1505 ris
509 1463 647 1514 esse,
677 1445 943 1519 quomodo
973 1446 1115 1498 intus
1143 1442 1358 1512 cogitat,
1385 1438 1468 1494 vel
1495 1453 1613 1494 cum
1638 1436 1746 1506 jam
1774 1432 1991 1488 interie-

403 1521 530 1596 runt
555 1539 702 1606 foris,
743 1547 798 1594 et
821 1537 994 1594 adhuc
1023 1537 1075 1592 in
1107 1534 1364 1591 memoria
1391 1532 1706 1594 retinentur,
1737 1529 1818 1583 vel
1859 1543 1978 1582 cum

404 1633 560 1688 aliter
590 1617 770 1697 etiam,
809 1629 950 1702 quod
990 1626 1349 1692 meminimus,
1381 1639 1488 1680 non
1518 1619 1832 1678 recordandi
1862 1617 1984 1686 (ide,

405 1722 500 1780 sed
527 1721 792 1794 cogitandi
818 1720 1074 1776 varietate
1099 1718 1373 1775 formatur.

483 1816 571 1872 M.
598 1816 910 1885 Quanquam
929 1811 1220 1882 schissime
1238 1808 1520 1864 credamus
1537 1806 1695 1861 etiam
1725 1817 1847 1880 vera
1872 1817 1998 1857 nar-

407 1907 670 1976 rantibus,
698 1921 818 1982 quae
843 1904 941 1976 ipsi
972 1889 1216 1984 sensibus
1246 1907 1614 1972 perceperunt.
1643 1896 1772 1963 Qua:
1793 1910 1913 1950 cum
1943 1893 1996 1949 in

409 1999 528 2073 ipso
563 1979 744 2054 auditu
776 1996 988 2068 quando
1033 1979 1321 2050 narrantur
1347 1993 1665 2064 cogitamus,
1709 2005 1818 2044 non
1845 1987 1996 2041 vide-

414 2099 502 2148 tur
539 2090 605 2147 ad
633 2090 946 2146 memoriam
989 2087 1283 2158 retorqueri
1315 2086 1478 2153 acies,
1509 2093 1569 2140 ut
1605 2085 1733 2138 tiant
1761 2081 1998 2135 visiones

412 2183 1003 2255 cogitantiummeque
1053 2181 1195 2237 enim
1253 2195 1316 2236 ea
1366 2178 1521 2233 nobis
1569 2173 1994 2239 recordantibus,

410 2275 506 2332 sed
544 2276 647 2330 alio
687 2282 942 2331 narrante
967 2274 1261 2345 cogitamus
1290 2288 1304 2326 :
1332 2278 1492 2340 atque
1523 2267 1609 2322 illa
1655 2267 1863 2322 trinitas
1891 2279 1998 2318 non

411 2366 499 2438 bic
529 2347 735 2422 videtur
762 2366 986 2436 expleri,
1028 2380 1145 2436 quae
1185 2361 1246 2418 ﬁt
1274 2351 1629 2431 cum—species
1658 2360 1712 2414 in
1741 2358 1998 2414 memoria

411 2457 585 2514 latens
613 2466 667 2514 ct
706 2458 840 2514 visio
882 2456 1213 2513 recordantis
1256 2455 1410 2511 tertia
1437 2455 1708 2509 voluntate
1747 2453 2000 2522 copulan-

411 2558 516 2607 tur.
547 2549 665 2607 Non
707 2549 851 2605 enim
881 2547 1025 2620 quod
1067 2548 1262 2603 latebat
1314 2547 1368 2602 in
1413 2546 1671 2601 memoria
1717 2561 1857 2613 mea,
1904 2544 1998 2600 sed

410 2643 554 2715 quod
588 2641 768 2709 audio,
803 2643 1003 2714 cogito,
1033 2657 1153 2697 cum
1183 2640 1383 2712 aliquid
1421 2639 1550 2694 mihi
1581 2647 1845 2695 narratur.
1880 2638 1997 2694 Non

413 2735 557 2806 ipsas
587 2751 752 2792 voces
780 2735 1045 2814 loquentis
1085 2734 1224 2799 dico,
1257 2750 1326 2790 ne
1352 2734 1631 2807 quisquam
1667 2743 1814 2804 putet
1855 2734 1907 2789 in
1938 2732 2001 2787 il-

409 2831 515 2888 lam
556 2848 642 2889 me
669 2833 846 2887 exisse
886 2831 1197 2900 trinitatem,
1226 2845 1344 2902 quae
1386 2830 1515 2886 foris
1565 2831 1618 2884 in
1657 2828 1999 2885 sensibilibus

412 2931 470 2982 et
497 2925 551 2979 in
595 2923 840 2979 sensibus
875 2923 1046 2993 agitur
1077 2941 1091 2979 :
1118 2921 1212 2978 sed
1242 2937 1332 2978 eas
1359 2923 1532 2993 cogito
1557 2937 1846 2990 corporum
1871 2937 1998 2992 spe-

410 3017 542 3084 cies;
573 3031 708 3087 quas
749 3031 975 3072 narrans
1016 3015 1192 3088 verbis
1234 3015 1488 3086 sonisque
1525 3015 1821 3085 signiﬁcat;
1865 3029 2000 3083 quas

410 3109 599 3179 utique
628 3123 733 3163 non
777 3109 1150 3175 reminiscens,
1196 3106 1290 3162 sed
1319 3107 1540 3163 audiens
1567 3108 1764 3178 cogito.
1807 3105 1914 3163 Sed
1952 3107 1998 3162 si

409 3200 714 3272 diligentius
743 3199 1162 3266 consideremus,
1196 3215 1297 3256 nec
1323 3208 1446 3255 tunc
1475 3199 1755 3256 exceditur
1784 3215 1997 3256 memo-

409 3295 506 3356 riae
532 3294 743 3351 modus.
778 3294 961 3366 Neque
988 3294 1130 3362 enim
1157 3293 1242 3350 vel
1283 3292 1581 3364 intelligere
1610 3308 1824 3363 possem
1868 3307 1996 3348 nar-

409 3396 640 3464 rantem,
673 3387 719 3442 si
745 3402 810 3443 ea
839 3403 958 3458 quae
987 3387 1132 3452 dicit,
1163 3394 1217 3441 et
1250 3386 1294 3442 si
1325 3394 1575 3441 contexta
1615 3395 1738 3440 tunc
1765 3386 1997 3457 primum

411 3478 675 3556 audirem,
705 3493 810 3534 non
836 3487 1011 3534 tamen
1031 3477 1350 3549 generaliter
1377 3477 1582 3548 singula
1609 3478 1994 3534 meminissem.

411 3569 509 3640 Qui
534 3571 673 3626 enim
704 3570 833 3626 mihi
864 3579 1065 3638 narrat,
1097 3570 1245 3626 verbi
1273 3571 1464 3640 gratia,
1493 3569 1727 3641 aliquem
1759 3579 1996 3626 montem

412 3661 541 3716 silva
569 3671 807 3728 exutum,
839 3669 892 3716 et
929 3660 1064 3716 oleis
1105 3659 1370 3728 indutum,
1395 3660 1444 3716 ei
1477 3670 1658 3716 narrat
1687 3663 1773 3732 qui
1815 3663 1996 3718 memi-

411 3754 582 3822 nerim
626 3755 833 3825 Species
873 3762 927 3810 et
962 3753 1220 3810 montium
1247 3762 1302 3810 et
1332 3754 1586 3811 silvarum
1623 3763 1678 3810 et
1716 3755 1991 3823 olearum;

411 3859 543 3918 quas
567 3846 613 3903 si
633 3847 826 3904 oblitus
847 3863 1044 3914 essem,
1072 3847 1198 3918 quid
1223 3847 1424 3904 diceret
1453 3848 1672 3903 omnino
1702 3849 1986 3915 nescirem,

412 3946 466 4006 et
508 3938 627 3992 ideo
666 3940 1024 3994 narrationem
1062 3939 1206 3993 illam
1248 3940 1483 4009 cogitare
1513 3954 1616 3994 non
1645 3955 1878 4012 possem.
1921 3941 1997 3996 lta

412 4030 472 4085 ﬁt
499 4040 554 4085 nt
592 4033 766 4086 omnis
805 4032 894 4101 qui
935 4033 1230 4102 corporalia
1261 4032 1474 4102 cogitat,
1515 4031 1626 4086 sive
1653 4032 1765 4102 ipse
1791 4033 1993 4103 aliquid

411 4123 700 4196 contingat,
725 4124 836 4180 sive
864 4123 1063 4187 audiat,
1092 4132 1183 4178 aut
1210 4124 1351 4194 legat
1377 4124 1460 4178 vel
1491 4125 1754 4194 praeterita
1783 4141 2000 4182 narran-

414 4197 542 4279 tem,
577 4215 659 4269 vel
689 4215 865 4290 futura
892 4216 1356 4284 pramuntiautem,
1387 4216 1454 4272 ad
1496 4232 1808 4272 memoriam
1845 4234 1996 4274 suam

411 4314 671 4370 recurrat,
715 4315 768 4362 et
811 4305 881 4360 ibi
926 4305 1155 4374 reperiat
1204 4306 1418 4362 modum
1470 4316 1630 4377 atque
1683 4324 1995 4366 mensuram

414 4381 648 4454 omnium
691 4397 980 4452 formarum
1021 4413 1152 4472 quas
1193 4399 1432 4470 cogitans
1459 4401 1711 4457 intuetur.
1743 4401 1873 4456 Nam
1901 4419 1996 4458 ne-

410 4506 513 4568 que
556 4491 792 4546 colorem
830 4508 984 4562 quem
1029 4507 1299 4563 nunquam
1344 4493 1493 4561 vidit,
1550 4511 1722 4566 neque
1757 4488 1993 4568 "ﬁguram

409 4581 670 4650 corporis,
719 4598 817 4638 nec
866 4599 1058 4638 sonum
1098 4600 1257 4656 quem
1302 4602 1571 4656 nunquam
1617 4588 1841 4654 audivit,
1893 4603 1996 4646 nec

409 4690 654 4747 saporem
687 4691 843 4747 quem
879 4691 1150 4750 nunquam
1179 4680 1430 4750 gustavit,
1458 4695 1558 4736 nec
1583 4681 1803 4738 odorem
1831 4699 1991 4754 quem

417 4782 686 4837 nunquam
713 4767 912 4834 oll'ecit,
938 4783 1036 4823 nec
1067 4769 1228 4824 ullam
1248 4773 1725 4828 contrectationem
1754 4775 1994 4843 corporis

409 4876 566 4932 quam
603 4876 872 4935 nunquam
915 4863 1104 4931 sensit,
1145 4872 1320 4934 potest
1343 4867 1624 4936 quisquam
1655 4868 1875 4921 omnino
1904 4882 1996 4922 co-

407 4956 598 5029 gitare.
633 4957 699 5010 At
742 4956 786 5009 si
825 4966 1101 5027 propterea
1145 4973 1304 5012 nemo
1339 4958 1536 5029 aliquid
1579 4960 1861 5030 corporale
1903 4975 1995 5016 co-

407 5049 539 5130 gitat
567 5048 667 5104 nisi
692 5049 832 5120 quod
871 5051 1060 5115 sensit,
1094 5051 1217 5123 quia
1247 5067 1404 5108 nemo
1443 5053 1687 5110 meminit
1713 5056 1994 5125 corporale

409 5142 606 5212 aliquid
657 5143 761 5198 nisi
803 5143 944 5215 quod
991 5145 1175 5211 sensit,
1229 5145 1367 5202 sicut
1410 5146 1465 5200 in
1511 5147 1826 5217 corporibus
1865 5164 1992 5204 sen-

407 5219 595 5314 tiendi,
638 5237 717 5294 sic
754 5237 807 5292 in
849 5238 1106 5294 memoria
1147 5248 1228 5300 est
1261 5239 1524 5310 cogitandi
1553 5240 1762 5296 modus.
1792 5240 1994 5298 Sensus

337 5377 339 5383 .
409 5331 555 5388 enim
593 5331 790 5402 accipit
823 5332 1060 5405 speciem
1086 5331 1153 5390 ab
1191 5347 1256 5389 eo
1282 5348 1506 5404 corpore
1527 5334 1671 5406 quod
1710 5336 1990 5406 sentimus,

405 5434 459 5480 et
511 5441 540 5480 a
580 5440 740 5480 sensu
787 5426 1081 5497 memoria,
1127 5442 1158 5483 a
1206 5429 1462 5486 memoria
1496 5443 1626 5488 vero
1663 5430 1807 5488 acies
1847 5433 1993 5504 cogi-

331 5581 334 5590 λ
406 5517 586 5591 tantis.

331 5597 333 5602 ’
479 5597 564 5678 15.
608 5609 868 5666 Voluntas
902 5627 1063 5683 porro
1083 5613 1221 5670 sicut
1250 5613 1491 5686 adiungit
1512 5629 1730 5673 sensum
1758 5619 1989 5689 corpori,

407 5701 484 5756 sic
512 5702 823 5757 memoriam
855 5704 1060 5769 sensui,
1087 5705 1164 5760 sic
1191 5705 1474 5776 cogitantis
1492 5709 1663 5764 aciem
1693 5711 1988 5767 memoriae.

409 5795 538 5864 Quae
563 5806 742 5853 autem
773 5797 1022 5853 conciliat
1052 5798 1149 5852 ista
1175 5808 1334 5869 atque
1358 5802 1655 5873 coniungit,
1686 5803 1799 5875 ipsa
1829 5805 1989 5860 etiam

411 5887 665 5958 disiungit
693 5903 753 5943 ac
779 5898 1009 5960 separat,
1040 5889 1090 5946 id
1117 5900 1217 5958 est,
1249 5893 1512 5951 voluntas.
1543 5895 1656 5952 Sed
1685 5911 1714 5952 a
1755 5899 1988 5956 sentien-

1518 385 1608 442 ne
1645 339 2037 447 manus,
2075 371 2136 439 s.
2175 366 2538 462 AUGUS‘l‘lNl

3568 383 3674 444 996

2095 492 2176 548 dis
2214 478 2528 564 corporibus
2568 502 2715 550 motu
2743 494 2982 564 corporis
3025 502 3238 567 separat
3276 499 3514 568 corporis
3549 515 3679 558 scn-

2091 602 2204 648 sus,
2238 603 2303 642 ne
2332 589 2528 659 aliquid
2560 589 2872 653 sentiamus,
2904 598 2996 644 aut
3025 598 3079 644 ut
3102 591 3302 647 sentire
3324 592 3632 650 desinamus
3661 611 3676 652 :

2091 678 2256 742 veluti
2288 694 2407 734 cum
2440 681 2641 744 oculos,
2670 680 2736 734 ab
2757 697 2820 734 eo
2848 680 2988 751 quod
3018 681 3200 738 videre
3235 685 3502 753 nolumus,
3527 703 3682 743 aver-

2093 771 2274 836 timus,
2307 773 2391 827 vel
2420 772 2718 829 clandimus
2752 791 2764 826 :
2796 773 2875 829 sic
2903 789 3057 829 aures
3084 791 3113 828 a
3141 777 3309 843 sonis,
3334 778 3410 833 sic
3436 794 3593 835 nares
3615 783 3684 838 ab

2091 865 2369 921 odoribus.
2416 865 2489 921 lta
2516 867 2675 922 etiam
2712 869 2794 922 vel
2823 883 2884 923 os
2924 867 3245 937 claudendo,
3275 871 3360 926 vel
3386 853 3583 944 aliquid
3616 889 3686 930 ex

2091 974 2186 1016 ore
2214 961 2514 1031 respuendo
2544 977 2572 1015 a
2602 962 2882 1032 saporibus
2912 977 3241 1018 aversamur.
3285 964 3339 1018 ln
3371 973 3512 1020 tactu
3544 982 3683 1038 quo-

2093 1066 2201 1122 que
2240 1051 2323 1107 vel
2362 1052 2722 1108 subtraliimus
2757 1068 2951 1125 corpus
2981 1069 3050 1110 ne
3079 1063 3358 1127 tangamus
3404 1059 3546 1132 quod
3583 1075 3684 1114 no-

2093 1145 2286 1209 lumus,
2316 1145 2398 1200 vel
2422 1146 2467 1201 si
2486 1147 2596 1218 jam
2628 1148 2994 1218 tangebamus,
3022 1148 3299 1220 abjicimus
3341 1160 3432 1205 aut
3464 1153 3684 1222 repelli-

2092 1252 2234 1292 mus.
2264 1236 2343 1291 lta
2369 1246 2513 1291 motu
2552 1238 2792 1308 corporis
2818 1237 2926 1309 agit
2959 1239 3221 1305 voluntas,
3253 1257 3318 1296 ne
3348 1222 3535 1297 sensus
3561 1259 3683 1298 cor-

2096 1331 2240 1402 poris
2303 1331 2460 1386 rebus
2529 1331 2870 1387 sensibilibus
2918 1333 3218 1403 copuletur.
3291 1335 3356 1390 Et
3415 1337 3522 1407 agit
3585 1337 3688 1393 hoc

2096 1433 2351 1494 quantum
2398 1432 2614 1494 potest:
2644 1439 2766 1478 nam
2810 1439 2931 1479 eum
2973 1427 3024 1479 in
3070 1425 3170 1480 hac
3212 1427 3421 1482 actione
3466 1439 3688 1500 propter

2097 1516 2457 1572 conditionem
2505 1517 2714 1572 servilis
2759 1519 3098 1574 mortalitatis
3143 1520 3507 1577 difﬁcultatem
3552 1523 3688 1594 pati-

2100 1619 2205 1678 tur,
2239 1611 2512 1666 cruciatus
2543 1621 2624 1666 est
2659 1626 3012 1684 consequens,
3057 1622 3116 1668 ut
3141 1614 3399 1670 voluntati
3435 1617 3564 1672 nihil
3595 1634 3687 1674 re-

2097 1701 2225 1773 liqui
2254 1702 2364 1771 ﬂat,
2397 1703 2502 1757 nisi
2530 1703 2829 1758 tolerantia.
2862 1704 3170 1760 Memoriam
3194 1722 3320 1762 vero
3349 1724 3379 1763 a
3409 1724 3567 1764 sensu
3596 1728 3690 1766 vo-

2099 1794 2274 1850 luntas
2311 1795 2521 1861 avertit,
2549 1811 2670 1850 cum
2705 1796 2759 1852 iu
2806 1796 2950 1853 aliud
2981 1799 3182 1853 intenta
3225 1817 3329 1854 non
3362 1787 3416 1857 ei.
3441 1803 3567 1859 sinit
3602 1803 3686 1858 iu-

2101 1887 2305 1944 lnerere
2345 1890 2646 1959 praesentia.
2695 1889 2848 1958 Quod
2892 1891 3320 1949 animadvertere
3376 1895 3531 1950 facile
3582 1907 3684 1961 est,

2100 1995 2221 2036 cum
2286 1994 2429 2050 saepe
2481 1996 2660 2036 coram
2705 1983 3011 2053 loquentem
3061 1985 3214 2046 nobis
3260 1986 3489 2056 aliquem
3544 1987 3688 2044 aliud

2101 2073 2381 2144 cogitando
2431 2089 2536 2129 non
2577 2074 2791 2131 audisse
2838 2077 2992 2132 nobis
3035 2077 3297 2133 videmur.
3349 2077 3563 2134 Falsum
3606 2088 3690 2136 est

2101 2177 2278 2223 autem
2304 2186 2316 2221 :
2345 2167 2642 2224 audivimus
2687 2170 2850 2238 enim,
2893 2171 2986 2226 sed
3015 2187 3119 2226 non
3169 2173 3530 2239 meminimus,
3563 2173 3691 2229 sub-
3723 2240 3732 2248 _

2103 2261 2226 2316 inde
2254 2276 2350 2330 per
2375 2262 2583 2316 aurium
2627 2279 2843 2318 sensum
2885 2263 3185 2320 labentibus
3213 2265 3430 2321 vocibus
3459 2267 3691 2324 alienato

2103 2366 2233 2420 nutu
2277 2356 2583 2421 voluntatis,
2626 2372 2723 2428 per
2772 2372 2928 2428 quem
2980 2359 3156 2413 solent
3202 2359 3347 2430 inﬁgi
3394 2347 3685 2417 memori-.2.

2103 2447 2292 2504 Verius
2319 2450 2498 2520 itaque
2521 2447 2831 2513 dixerimus,
2855 2463 2976 2503 cum
2998 2450 3102 2505 tale
3119 2449 3318 2520 aliquid
3337 2451 3546 2516 accidit,
3570 2450 3689 2508 Non

2103 2543 2465 2611 meminimus,
2491 2558 2671 2613 quam,
2706 2541 2820 2597 Non
2863 2543 3180 2599 audivimus.
3215 2545 3346 2600 Nam
3379 2556 3430 2602 et
3460 2547 3688 2620 legenti-

2103 2633 2200 2691 bus
2230 2637 2424 2698 evenit,
2462 2645 2516 2691 et
2541 2635 2669 2690 mihi
2700 2636 3016 2706 saepissime,
3047 2647 3105 2692 ut
3131 2639 3361 2710 perlecta
3390 2640 3576 2710 pagina
3604 2641 3692 2698 vel

2102 2728 2347 2799 epistola,
2374 2729 2607 2784 nesciam
2639 2728 2764 2800 quid
2808 2730 3048 2800 legerim,
3081 2741 3134 2786 et
3172 2742 3428 2802 repetam.
3463 2733 3518 2788 lu
3546 2734 3692 2791 aliud

2103 2821 2297 2890 quippe
2338 2820 2542 2876 intento
2581 2830 2711 2876 nutu
2746 2822 3056 2890 voluntatis,
3105 2839 3210 2878 non
3241 2825 3317 2879 sic
3347 2835 3429 2881 est
3455 2826 3692 2884 adhibita

2103 2913 2361 2968 memoria
2390 2914 2568 2968 sensui
2591 2915 2853 2984 corporis,
2879 2915 3144 2986 quomodo
3168 2917 3279 2988 ipse
3305 2933 3493 2974 sensus
3533 2919 3693 2975 adbi-

2102 3002 2244 3058 bitus
2280 3012 2361 3058 est
2393 3003 2604 3059 litteris.
2643 3004 2716 3059 Ita
2749 3015 2802 3060 et
2835 3007 3169 3062 ambulantes
3209 3009 3413 3064 intenta
3444 2993 3498 3065 in
3543 3010 3692 3066 aliud

2102 3097 2394 3162 voluntate,
2425 3099 2668 3153 nesciunt
2694 3115 2796 3170 qua
2840 3100 3145 3155 transierint
3176 3119 3190 3156 :
3219 3101 3360 3172 quod
3391 3103 3436 3159 si
3469 3119 3575 3172 non
3607 3106 3690 3160 vi-

2101 3186 2325 3254 dissent,
2359 3206 2461 3242 non
2498 3191 2881 3256 ambulassent,
2905 3201 2996 3248 aut
3023 3195 3223 3263 majore
3251 3194 3548 3252 intentione
3573 3197 3691 3268 pal-

2106 3279 2279 3350 pando
2303 3279 2689 3350 ambulasseut,
2721 3284 3014 3353 praesertim
3057 3287 3100 3338 si
3139 3299 3233 3354 per
3259 3285 3525 3358 incognita
3565 3273 3689 3359 pcr-

2101 3383 2288 3446 gerent
2316 3392 2329 3429 :
2357 3374 2450 3430 sed
2494 3375 2613 3446 quia
2657 3373 2814 3432 facile
2850 3378 3276 3448 ambulaverunt,
3323 3382 3507 3452 utique
3537 3382 3689 3439 vide-

2102 3476 2270 3536 runt:
2305 3467 2428 3538 quia
2477 3483 2606 3522 vero
2658 3483 2763 3523 non
2812 3469 2950 3524 sicut
2991 3484 3182 3526 sensus
3228 3473 3503 3528 oculorum
3559 3476 3690 3532 locis

2101 3574 2434 3631 quacumque
2477 3561 2798 3632 pergebant,
2828 3561 2899 3618 ita
2926 3562 3024 3632 ipsi
3068 3564 3248 3619 sensui
3280 3549 3531 3622 memoria
3564 3568 3692 3640 jun-

2100 3651 2342 3723 gebatur,
2386 3653 2531 3708 nullo
2559 3652 2719 3710 modo
2759 3652 2812 3709 id
2849 3653 2989 3726 quod
3015 3653 3265 3712 viderunt
3294 3657 3452 3714 etiam
3491 3674 3690 3716 recen-

2105 3744 2366 3799 tissimum
2423 3746 2732 3804 meminisse
2777 3755 3086 3818 potuerunt.
3133 3748 3249 3804 Jam
3297 3766 3458 3821 porro
3504 3753 3572 3808 ab
3624 3769 3691 3810 eo

2101 3836 2241 3910 quod
2285 3838 2338 3890 in
2386 3839 2641 3893 memoria
2681 3847 2784 3904 est,
2825 3839 2988 3894 animi
3027 3840 3196 3895 aciem
3240 3841 3377 3898 velle
3421 3854 3688 3914 avertere,

2102 3929 2233 3984 nihil
2266 3938 2345 3984 est
2372 3929 2513 3984 aliud
2541 3946 2697 4000 quam
2729 3946 2836 3986 non
2865 3931 2987 3986 inde
3018 3933 3272 4003 cogitare.

2171 4020 2397 4076 CAPUT
2429 4022 2515 4076 IX.
2548 4053 2619 4062 —-
2645 4023 2731 4078 16.
2777 4022 2983 4094 Species
3013 4041 3044 4078 a
3081 4027 3246 4096 specie
3271 4027 3487 4084 vicissim
3521 4029 3690 4101 gigni-

2103 4123 2203 4167 tur.
2235 4113 2288 4167 lu
2323 4115 2419 4169 hac
2459 4115 2615 4185 igitur
2641 4117 3016 4173 distributione
3045 4133 3165 4173 cum
3199 4120 3480 4191 incipimus
3507 4137 3537 4176 a
3566 4138 3688 4192 spe.

2101 4206 2182 4260 cie
2221 4209 2481 4276 corporis,
2515 4218 2566 4262 et
2614 4210 2951 4278 pervenimus
2999 4226 3167 4282 usque
3196 4211 3262 4266 ad
3304 4214 3536 4283 speciem
3566 4230 3683 4284 qua:

2101 4299 2159 4354 Iit
2185 4300 2235 4354 iu
2264 4301 2500 4356 contuitu
2527 4301 2829 4372 cogitantis,
2858 4311 3087 4373 quatuor
3113 4304 3320 4374 species
3348 4306 3684 4378 reperiuntur

2101 4392 2249 4462 quasi
2290 4393 2548 4462 gradatim
2594 4403 2732 4448 natae
2776 4393 2942 4449 altera
2985 4410 3052 4451 ex
3095 4396 3258 4451 altera
3286 4414 3301 4451 :
3329 4397 3582 4463 secunda,
3619 4397 3688 4455 de

2102 4486 2310 4554 prima;
2336 4471 2507 4553 tertia,
2535 4486 2600 4542 de
2643 4487 2910 4554 secunda;
2941 4498 3149 4560 quarta,
3179 4489 3244 4544 de
3272 4491 3446 4546 tertia.
3491 4491 3530 4546 A
3565 4471 3688 4564 spe.-

2099 4579 2180 4634 cie
2203 4580 2400 4650 quippe
2420 4581 2659 4650 corporis
2680 4581 2820 4653 quod
2846 4583 3099 4648 cernitur,
3128 4586 3368 4640 exoritur
3395 4602 3453 4640 ea
3482 4601 3601 4658 qua:
3627 4585 3686 4642 fit

2103 4671 2154 4726 in
2187 4687 2346 4728 sensu
2389 4673 2685 4738 cernentis;
2719 4684 2772 4729 et
2799 4675 2866 4731 ab
2896 4675 3016 4742 bac,
3049 4691 3111 4732 ea
3152 4693 3268 4748 qua:
3300 4676 3359 4733 ﬁt
3386 4678 3440 4733 in
3482 4693 3687 4734 memo-

2101 4768 2178 4822 ria
2204 4784 2217 4833 ;
2248 4776 2300 4822 ct
2325 4767 2390 4822 ab
2421 4767 2540 4834 hac,
2579 4784 2636 4822 ea
2662 4784 2780 4838 quae
2807 4767 2864 4824 ﬁt
2893 4770 2944 4824 in
2972 4771 3087 4826 acie
3117 4771 3417 4842 cogitantis.
3448 4757 3690 4844 Quapro-

2101 4869 2219 4932 pter
2249 4861 2494 4916 voluntas
2521 4862 2670 4932 quasi
2696 4871 2968 4932 parentem
2996 4879 3115 4918 cum
3142 4865 3290 4935 prole
3316 4874 3396 4921 ter
3422 4866 3641 4937 copulat
3671 4883 3685 4921 :

2102 4959 2272 5026 primo
2299 4956 2529 5030 speciem
2561 4958 2802 5026 corporis
2832 4973 2951 5012 cum
2981 4974 3042 5014 ea
3081 4975 3238 5030 quam
3265 4959 3431 5032 gignit
3469 4959 3522 5016 in
3565 4977 3689 5019 cor-

2103 5049 2248 5120 poris
2293 5064 2486 5116 sensu;
2534 5060 2586 5105 et
2618 5050 2783 5120 ipsam
2814 5067 2995 5106 rursus
3025 5067 3145 5108 cum
3172 5068 3234 5108 ea
3264 5069 3381 5124 qua:
3412 5054 3470 5108 iit
3497 5069 3562 5111 ex
3599 5055 3690 5128 illa

2100 5141 2153 5196 in
2185 5142 2477 5210 memoria;
2508 5152 2667 5213 atque
2697 5143 2852 5199 istam
2893 5159 3105 5218 quoque
3134 5145 3288 5204 tertio
3329 5160 3450 5201 cum
3479 5161 3544 5224 ea
3573 5163 3690 5222 qua:

2101 5227 2168 5293 ex
2192 5238 2279 5292 illa
2310 5237 2512 5308 paritur
2540 5239 2590 5292 in
2615 5239 2902 5310 cogitantis
2925 5237 3137 5294 intuitu.
3169 5240 3274 5296 Sed
3303 5240 3475 5316 media
3498 5243 3689 5316 capula

2100 5346 2217 5403 quae
2258 5329 2490 5400 secunda
2535 5339 2636 5395 est,
2669 5346 2788 5386 cum
2817 5332 2887 5386 sit
2925 5331 3168 5402 vicinior,
3214 5349 3318 5390 non
3360 5343 3467 5390 tam
3496 5335 3690 5400 similis

2100 5433 2181 5480 est
2210 5423 2394 5495 prima:
2433 5439 2591 5494 quam
2636 5424 2843 5480 tertia‘.
2875 5424 3124 5482 Visiones
3169 5429 3313 5483 enim
3361 5428 3479 5485 duae
3525 5441 3684 5498 sunt;

2101 5530 2226 5582 una,
2277 5515 2592 5583 sentientis;
2642 5516 3127 5590 altera,cogitantis
3155 5537 3168 5574 :
3198 5529 3256 5575 ut
3299 5529 3478 5578 autem
3520 5525 3688 5594 possit

2100 5597 2220 5670 esse
2249 5614 2383 5669 visio
2426 5617 2726 5688 cogitantis,
2771 5617 2892 5673 ideo
2921 5619 2977 5672 tit
3015 5618 3066 5672 in
3098 5620 3358 5675 memoria
3386 5619 3452 5674 de
3479 5619 3686 5674 visione

2099 5705 2378 5761 sentientis
2416 5707 2590 5762 simile
2629 5708 2850 5779 aliquid,
2874 5725 2979 5779 quo
3021 5725 3079 5764 se
3105 5709 3174 5763 ita
3206 5718 3480 5766 convertat
3505 5710 3557 5764 in
3588 5724 3682 5765 co-

2099 5797 2314 5869 gitando
2344 5798 2484 5855 acies
2513 5800 2698 5867 animi,
2747 5802 2886 5857 sicut
2931 5817 2991 5858 se
3021 5802 3072 5859 in
3109 5803 3380 5861 cernendo
3418 5803 3688 5868 convertit

2161 5911 2178 5943 ¹
2215 5911 2379 5962 Plures
2399 5919 2527 5975 Mss,
2559 5921 2733 5966 terum.
