4076 6488
243 405 350 466 997

245 523 311 581 ad
345 533 542 596 corpus
567 519 708 592 acies
729 511 1025 600 oculorum.
1057 507 1344 590 Propterea
1373 515 1506 574 duas
1531 519 1587 576 in
1611 519 1715 594 hoc
1741 536 1834 592 ge—

247 623 374 672 nere
404 615 670 670 trinitates
699 611 841 668 volui
880 612 1294 668 commendare:
1323 628 1505 678 unam,
1537 627 1658 668 cum
1703 612 1835 688 visio

246 706 531 764 sentientis
558 703 818 762 formatur
846 719 914 759 ex
936 718 1196 774 corpore;
1224 703 1402 770 aliam,
1432 719 1552 759 cum
1583 703 1719 760 visio
1745 718 1837 760 co-

243 797 464 869 gitantis
496 796 755 852 formatur
801 811 868 852 ex
898 798 1176 852 memoria.
1221 795 1447 852 Mediam
1499 812 1624 852 vero
1665 796 1834 868 nolui,

241 891 363 962 quia
393 889 466 946 ibi
493 905 601 946 non
630 890 768 946 solet
794 889 930 944 visio
951 889 1074 958 dici,
1102 906 1220 945 cum
1251 891 1524 945 memoria:
1552 905 1832 946 commen-

240 981 400 1039 datur
426 985 619 1050 forma,
651 999 770 1054 quae
813 981 871 1038 fit
911 983 964 1038 in
1005 997 1164 1040 sensu
1192 983 1480 1040 cernentis.
1514 982 1722 1054 Ubique
1751 992 1834 1038 ta-

241 1091 365 1132 men
393 1077 640 1132 voluntas
679 1092 786 1132 non
816 1084 1056 1150 apparet,
1099 1075 1200 1132 nisi
1234 1075 1532 1146 copulatrix
1562 1075 1710 1147 quasi
1739 1091 1837 1148 pa-

240 1167 410 1222 rentis
456 1176 512 1223 et
537 1167 723 1238 prolis.
757 1165 824 1222 Et
851 1163 970 1224 ideo
1015 1165 1386 1238 undecumque
1415 1165 1689 1236 procedat,
1737 1180 1836 1222 nec

243 1275 442 1331 parens
469 1277 569 1318 nec
598 1261 777 1332 proles
805 1261 908 1316 dici
931 1271 1126 1332 potest.

311 1351 541 1410 CAPUT
570 1353 639 1408 X.
659 1384 728 1396 --
757 1353 844 1409 l7.
886 1351 1060 1408 Etiam
1089 1371 1192 1409 non
1221 1355 1340 1408 visis
1368 1353 1511 1410 addit
1537 1354 1835 1426 imaginatio

241 1459 357 1514 qua:
380 1445 437 1498 in
466 1445 583 1500 aliis
612 1445 848 1500 vidimus.
879 1447 948 1500 At
978 1445 1119 1502 enim
1156 1445 1200 1500 si
1229 1460 1332 1501 non
1361 1445 1704 1502 meminimus
1733 1443 1834 1502 nisi

241 1534 386 1608 quod
423 1537 709 1604 sensimus,
741 1553 913 1616 neque
942 1537 1239 1610 cogitamus
1268 1538 1368 1594 nisi
1406 1537 1546 1610 quod
1591 1537 1838 1594 memini-

241 1641 398 1696 mus;
449 1646 548 1686 cur
581 1632 895 1702 plerumque
931 1631 1064 1686 falsa
1104 1633 1419 1704 cogitamus,
1469 1647 1590 1688 cum
1623 1647 1686 1686 ea
1715 1647 1834 1702 quas

241 1721 514 1778 sensimus
556 1739 662 1780 non
702 1723 886 1794 utique
926 1723 1060 1778 falso
1104 1723 1506 1779 meminerimus
1535 1740 1547 1776 :
1577 1723 1678 1778 nisi
1707 1721 1832 1796 quia

237 1813 490 1870 voluntas
535 1814 626 1870 illa
671 1831 828 1886 quam
880 1815 1298 1888 conjunctricem
1341 1829 1405 1870 ac
1451 1815 1831 1886 separatricem

239 1903 612 1980 hujuscemodi
643 1925 820 1964 rerum
847 1907 958 1979 jam
990 1917 1246 1980 quantum
1289 1907 1438 1980 potui
1463 1907 1835 1992 demonstrare

238 2001 446 2068 curavi,
474 2001 806 2058 formandam
849 2003 1131 2074 cogitantis
1175 2001 1346 2057 aciem
1387 2015 1482 2072 per
1519 1999 1833 2056 abscondita

239 2093 515 2152 memorite
536 2093 683 2152 ducit
707 2101 766 2150 ut
793 2093 1000 2150 libitum
1032 2103 1133 2164 est,
1158 2101 1210 2150 et
1230 2093 1296 2150 ad
1322 2091 1601 2164 cogitanda
1628 2107 1688 2148 ea
1715 2108 1834 2162 quae

239 2201 348 2244 non
377 2187 740 2253 meminimus,
774 2202 838 2244 ex
867 2185 946 2242 eis
977 2203 1094 2256 quae
1121 2183 1482 2252 meminimus,
1513 2183 1656 2238 aliud
1687 2183 1831 2252 hinc,

240 2277 383 2334 aliud
410 2277 554 2346 inde,
586 2285 646 2333 ut
670 2287 845 2334 sumat
875 2277 1129 2346 impellit;
1159 2291 1276 2346 quae
1307 2275 1358 2328 in
1389 2289 1546 2328 unam
1574 2274 1833 2330 visionem

240 2365 489 2425 coeuntia
533 2369 734 2425 faciunt
777 2367 976 2438 aliquid
1017 2367 1158 2438 quod
1199 2367 1319 2422 ideo
1364 2365 1554 2420 falsum
1601 2366 1832 2436 dicatur,

239 2460 362 2531 quia
391 2461 478 2516 vel
509 2475 615 2514 non
646 2467 730 2514 est
757 2457 886 2514 foris
917 2458 968 2512 in
997 2474 1177 2514 rerum
1209 2472 1590 2528 corporearum
1621 2441 1830 2526 natura,

248 2551 324 2608 te]
363 2567 478 2608 non
516 2552 585 2609 de
627 2551 885 2608 memoria
935 2551 1144 2606 videtur
1183 2565 1518 2621 expressum,
1564 2565 1684 2606 cum
1729 2551 1835 2608 tale

239 2643 377 2702 nihil
413 2660 512 2700 nos
540 2645 779 2700 sensisse
820 2643 1204 2699 meminimus?
1235 2643 1366 2712 Quis
1402 2643 1544 2698 enim
1577 2643 1708 2698 vidit
1743 2659 1835 2714 cy-

237 2741 402 2796 Cnum
424 2739 633 2809 nigrum
657 2735 680 2791 ?
701 2745 756 2792 et
779 2743 1061 2808 propterea
1099 2749 1258 2792 nemo
1287 2734 1530 2790 meminit
1554 2753 1568 2790 :
1599 2735 1834 2808 cogitare

237 2835 424 2886 tamen
453 2831 572 2900 quis
614 2843 723 2883 non
750 2829 962 2900 potest?
991 2827 1170 2884 Facile
1212 2833 1296 2882 est
1329 2825 1472 2882 enim
1517 2825 1661 2881 illam
1703 2825 1836 2898 ligu-

239 2935 380 2988 ram,
412 2935 571 2993 quam
615 2920 846 2976 videndo
890 2921 1258 2992 cognovimus,
1300 2918 1453 2990 nigro
1500 2919 1681 2974 colore
1711 2933 1834 2989 per-

239 3015 489 3083 fundere,
532 3031 690 3086 quem
733 3013 1081 3070 nihilominus
1111 3014 1163 3068 in
1205 3013 1322 3068 aliis
1359 3012 1677 3084 corporibus
1703 3011 1835 3066 vidi-

239 3124 362 3165 mus
387 3125 402 3163 :
428 3115 482 3164 et
508 3107 629 3178 quia
653 3115 934 3178 utrumque
955 3104 1241 3172 sensimus,
1268 3112 1554 3176 utrumque
1582 3103 1834 3158 memini-

235 3215 380 3258 mus.
405 3197 516 3255 Nec
538 3213 690 3255 avem
717 3197 1116 3270 quadrupedem
1139 3196 1378 3264 memini,
1410 3195 1532 3268 quia
1559 3210 1666 3250 non
1689 3194 1830 3250 vidi:

235 3273 330 3348 sed
370 3291 707 3362 phantasiam
751 3289 911 3345 talem
941 3288 1194 3344 facillime
1235 3288 1466 3354 intueor,
1509 3285 1636 3340 dum
1677 3285 1835 3341 alicui

235 3379 430 3439 forma:
459 3381 662 3438 volatili
690 3381 902 3454 qualem
931 3381 1056 3447 vidi,
1085 3379 1318 3452 adiungo
1342 3377 1475 3433 alios
1505 3377 1640 3432 duos
1669 3377 1834 3448 pedes

234 3476 425 3547 quales
465 3473 647 3530 itidem
701 3473 812 3529 vidi
861 3473 1127 3545 (Relract.
1188 3471 1275 3526 lib.
1316 3471 1370 3537 2,
1417 3487 1534 3542 cap.
1565 3471 1654 3538 15,
1681 3467 1831 3542 η.2).

235 3567 597 3637 Quapropter,
627 3565 753 3620 dum
780 3565 1064 3636 conjuncta
1091 3564 1408 3635 cogitamus,
1439 3577 1558 3633 quze
1590 3561 1833 3632 singilla-

233 3659 333 3715 tim
374 3674 532 3716 sensa
564 3659 925 3728 meminimus,
957 3657 1202 3714 videmur
1227 3672 1333 3712 non
1373 3655 1424 3711 id
1465 3655 1606 3726 quod
1643 3657 1832 3710 memi-

234 3753 414 3809 nimus
445 3753 713 3824 cogitare;
741 3768 864 3808 cum
889 3751 944 3808 id
972 3765 1192 3824 agamus
1215 3749 1529 3806 moderante
1550 3745 1830 3817 memoria,

236 3843 380 3902 unde
407 3847 671 3902 sumimus
700 3847 879 3902 omnia
910 3861 1030 3916 qua:
1071 3842 1438 3915 multipliciter
1463 3855 1526 3896 ac
1563 3841 1711 3896 varie
1737 3853 1834 3910 pro

234 3947 422 3994 nostra
447 3939 722 3994 voluntate
747 3937 1136 4008 componimus.
1169 3933 1302 3989 Nam
1333 3947 1506 4004 neque
1546 3931 1688 4002 ipsas
1716 3945 1832 3986 ma-

196 4029 544 4102 .gnitudines
580 4043 884 4100 corporum,
933 4041 1064 4099 quas
1097 4039 1369 4098 nunquam
1415 4023 1666 4090 vidimus,
1717 4022 1834 4077 sine

235 4139 338 4196 ope
365 4122 642 4180 memoriae
679 4123 996 4196 cogitamus.
1030 4121 1299 4190 Quantum
1330 4119 1473 4176 enim
1508 4118 1660 4189 spatii
1693 4119 1831 4174 solet

236 4232 504 4288 occupare
528 4232 623 4287 per
649 4216 1065 4288 magnitudinem
1092 4214 1274 4271 mundi
1305 4223 1488 4270 noster
1512 4213 1747 4278 obtutus,
1780 4213 1832 4266 in

238 4315 444 4366 tantum
477 4309 814 4365 extendimus
844 4309 1109 4380 quaslibet
1141 4321 1430 4378 corporum
1477 4304 1665 4370 moles,
1709 4319 1832 4358 cum

235 4417 329 4459 eas
371 4403 633 4457 maximas
679 4403 993 4474 cogitamus.
1045 4401 1111 4456 Et
1141 4400 1275 4455 ratio
1315 4397 1529 4470 quidem
1563 4395 1730 4468 pergit
1779 4395 1832 4448 in

235 4495 518 4567 ampliora,
567 4495 659 4551 sed
689 4495 967 4566 phantasia
1005 4509 1112 4549 non
1158 4492 1415 4564 sequitur.
1447 4489 1654 4561 Quippe
1705 4503 1826 4544 cum

1543 392 1747 482 tinea
1781 391 2237 476 nuonecntus.

3424 405 3528 472 993

1941 517 2258 598 infinitatem
2309 528 2526 586 quoque
2577 515 2784 584 numeri
2839 507 2978 594 ratio
3022 519 3312 598 renuntiet,
3366 540 3524 594 quam

1943 595 2084 664 nulla
2108 609 2240 664 visio
2282 605 2577 678 corporalia
2605 610 2886 682 cogitantis
2917 595 3290 684 apprehendit.
3323 609 3526 672 Eadem

1941 685 2077 754 ratio
2103 699 2260 754 docet
2286 698 2638 754 minutissima
2675 700 2836 756 etiam
2863 704 3182 772 corpuscula
3209 705 3420 764 infinite
3445 708 3528 764 di—

1940 789 2084 858 vidi;
2113 807 2232 846 cum
2261 799 2439 846 tamen
2467 791 2532 846 ad
2569 807 2659 848 eas
2687 795 2973 851 tenuitates
3011 795 3095 852 vel
3125 797 3376 856 minutias
3403 816 3526 872 per—

1943 893 2165 940 ventum
2204 883 2385 950 fuerit,
2419 900 2550 955 quas
2575 887 2716 942 visas
2744 887 3106 956 meminimus,
3136 894 3391 951 exiliores
3422 897 3528 952 mi-

1941 975 2284 1046 nutioresque
2323 974 2627 1046 phantasias
2665 977 2776 1047 jam
2819 995 2926 1036 non
2977 996 3260 1052 possumus
3307 985 3525 1054 intueri,

1940 1065 2190 1134 quamvis
2233 1065 2370 1122 ratio
2406 1082 2512 1122 non
2546 1065 2756 1122 desinat
2785 1073 3031 1144 persequi
3068 1088 3129 1130 ac
3154 1075 3418 1132 dividere.
3450 1077 3529 1134 Ita

1939 1157 2083 1211 nulla
2114 1157 2436 1228 corporalia,
2467 1159 2568 1214 nisi
2598 1169 2690 1215 aut
2715 1175 2777 1216 ea
2806 1177 2924 1234 quae
2953 1165 3322 1238 meminimus,
3351 1179 3442 1226 aut
3462 1185 3529 1226 ex

1941 1249 2006 1306 iis
2031 1267 2150 1323 quae
2181 1251 2546 1318 meminimus,
2576 1254 2890 1326 cogitamus.

2010 1341 2234 1398 CAPUT
2265 1341 2356 1398 Xl.
2380 1343 2527 1403 —-t8.
2554 1343 2840 1416 Numerus,
2874 1348 3090 1420 pondus,
3129 1367 3386 1410 mensura.
3419 1353 3524 1412 Sed

1939 1433 2064 1506 quia
2091 1449 2378 1510 numerose
2419 1437 2642 1506 cogitari
2673 1449 2894 1508 possunt
2922 1457 3040 1514 qua:
3069 1443 3373 1516 singillatim
3399 1455 3526 1506 sunt

1937 1525 2201 1598 impressa
2227 1529 2524 1598 memoriae,
2553 1529 2761 1588 videtur
2791 1531 2858 1588 ad
2901 1536 3213 1598 memoriam
3243 1553 3528 1610 mensura,

1936 1620 2006 1698 ad
2031 1623 2288 1678 visionem
2323 1639 2448 1678 vero
2469 1639 2721 1680 numerus
2747 1627 3036 1694 pertinere.
3061 1627 3194 1696 Quia
3223 1629 3348 1686 licet
3375 1632 3532 1688 innu-

1937 1715 2211 1772 merabilis
2253 1716 2324 1772 sit
2355 1717 2717 1790 multiplicitas
2746 1721 2932 1778 talium
2973 1724 3238 1780 visionum
3259 1765 3276 1792 ,
3307 1728 3532 1800 singulis

1939 1815 2114 1864 tamen
2145 1807 2196 1864 in
2241 1811 2498 1866 memoria
2531 1811 2871 1882 praescriptus
2911 1821 2993 1870 est
3033 1814 3531 1888 intransgressibilis

1940 1900 2150 1956 modus.
2183 1900 2428 1958 Mensura
2457 1903 2617 1976 igitur
2641 1905 2693 1960 in
2717 1908 3001 1976 memoria,
3027 1907 3082 1964 in
3111 1909 3403 1968 visionibus
3433 1928 3533 1968 nu-

1937 2005 2121 2046 merus
2161 2003 2383 2064 apparet
2408 2011 2420 2046 :
2444 1995 2584 2050 sicut
2623 1995 2675 2050 in
2723 1996 2854 2066 ipsis
2891 2000 3206 2072 corporibus
3234 2002 3530 2060 visibilibus

1937 2099 2188 2140 mensura
2225 2086 2468 2156 quaedam
2512 2095 2626 2153 est,
2659 2088 2744 2143 cui
2789 2092 3226 2149 numerosissime
3255 2102 3534 2164 coaptatur

1937 2191 2129 2232 sensus
2159 2177 2452 2234 videntium
2478 2180 2518 2248 ί,
2551 2189 2605 2236 et
2633 2197 2700 2236 ex
2739 2197 2842 2240 uno
2868 2183 3058 2240 visibili
3091 2186 3381 2242 multorum
3410 2202 3532 2244 cer-

1937 2270 2177 2324 nentium
2222 2268 2486 2326 formatur
2529 2281 2811 2344 aspectus:
2843 2273 2912 2330 ita
2943 2283 3002 2330 ut
3040 2276 3198 2332 etiam
3231 2293 3368 2333 unus
3407 2292 3532 2350 pro-

1937 2367 2057 2430 pter
2098 2360 2325 2416 duorum
2357 2363 2631 2418 oculorum
2677 2379 2960 2420 numerum
3003 2366 3321 2440 plerumque
3367 2383 3528 2426 unam

1941 2467 2059 2508 rem
2105 2453 2375 2526 geminata
2405 2455 2587 2526 Specie
2619 2454 2831 2522 videat,
2863 2457 3002 2514 sicut
3041 2473 3201 2530 supra
3229 2460 3530 2518 docuimus.

1939 2543 1996 2600 ln
2024 2543 2110 2601 his
2129 2560 2257 2616 ergo
2278 2545 2436 2604 rebus
2463 2545 2603 2602 unde
2625 2546 2854 2604 visiones
2871 2549 3261 2620 exprimuntur,
3283 2552 3532 2624 quaedam

1939 2653 2192 2718 mensura
2239 2647 2322 2696 est
2347 2657 2361 2694 :
2387 2639 2441 2694 in
2483 2639 2614 2710 ipsis
2657 2648 2836 2696 autem
2877 2642 3212 2711 visionibus,
3253 2659 3530 2702 numerus.

1937 2729 2199 2788 Voluntas
2227 2745 2354 2786 vero
2383 2746 2503 2802 qua:
2532 2731 2632 2787 ista
2669 2733 2941 2804 conjungit
2967 2742 3022 2789 et
3047 2734 3292 2810 ordinat,
3323 2746 3377 2792 et
3399 2751 3535 2808 qua-

1939 2823 2063 2902 dam
2091 2823 2293 2880 unitate
2322 2823 2534 2896 copulat
2553 2866 2568 2892 ,
2597 2839 2696 2882 nec
2721 2825 2986 2884 sentiendi
3026 2838 3118 2884 aut
3142 2828 3404 2901 cogitandi
3435 2844 3534 2902 ap-

1937 2920 2164 2992 petitum
2194 2918 2298 2974 nisi
2341 2919 2395 2976 in
2443 2919 2527 2976 his
2565 2920 2724 2976 rebus
2752 2920 2892 2978 unde
2937 2921 3170 2978 visiones
3213 2921 3532 2998 formantur,

1937 3012 2284 3084 acquiescens
2310 3011 2556 3082 collocat,
2585 3011 2814 3084 ponderi.
2837 3013 3026 3070 similis
3051 3025 3154 3070 est.
3187 3015 3524 3088 Quapropter

1945 3103 2062 3160 bzec
2089 3105 2210 3173 tria,
2239 3120 2566 3172 mensuram,
2594 3120 2897 3176 numerum,
2922 3107 3148 3178 pondus,
3176 3107 3334 3163 etiam
3357 3109 3410 3162 in
3431 3122 3537 3164 ete-

1946 3200 2077 3256 teris
2119 3199 2367 3256 omnibus
2409 3199 2569 3256 rebus
2611 3198 3080 3256 animadvertenda
3127 3199 3533 3272 praalibaverim.

1937 3291 2092 3349 Nunc
2137 3291 2350 3348 interim
2378 3292 2708 3348 voluntatem
2755 3294 3136 3364 copulatricem
3185 3295 3263 3352 rei
3307 3294 3535 3364 visibilis

1937 3392 2099 3456 atque
2123 3384 2344 3440 visionis
2373 3383 2522 3454 quasi
2569 3385 2806 3456 parentis
2850 3395 2903 3440 et
2931 3385 3127 3456 prolis,
3153 3385 3270 3442 sive
3311 3385 3366 3442 in
3407 3401 3535 3452 sen-

1941 3474 2121 3531 tiendo
2141 3517 2156 3544 ,
2189 3475 2302 3532 sive
2330 3476 2386 3530 in
2413 3463 2697 3546 cogitando
2715 3517 2731 3543 ,
2763 3489 2864 3530 nec
2891 3485 3166 3546 parentem
3203 3492 3304 3533 nec
3325 3477 3532 3550 prolem

1939 3567 2046 3640 dici
2085 3581 2248 3642 posse
2270 3608 2287 3634 ,
2317 3567 2587 3640 quomodo
2615 3567 2754 3624 valui
2797 3578 2856 3624 et
2893 3569 3086 3638 quibus
3126 3569 3267 3624 valui
3309 3569 3535 3626 demon-

1941 3660 2128 3724 stravi.
2161 3660 2315 3718 Unde
2341 3669 2550 3732 tempus
2575 3659 2862 3726 admonet,
2893 3659 3031 3716 hanc
3054 3661 3297 3718 eamdem
3325 3661 3532 3718 trinita-

1943 3737 2050 3808 tem
2081 3751 2136 3808 in
2177 3750 2433 3808 interiore
2461 3749 2676 3826 homine
2715 3751 3026 3820 requirere,
3059 3759 3219 3824 atque
3245 3752 3312 3808 ab
3337 3752 3442 3808 isto
3465 3753 3533 3812 de

1940 3861 2050 3920 quo
2081 3847 2280 3902 tamdiu
2319 3845 2528 3902 locutus
2555 3860 2674 3900 sum
2717 3843 2935 3900 animali
2975 3853 3135 3916 atque
3177 3846 3412 3918 carnali,
3439 3846 3532 3918 qui

1941 3939 2176 3994 exterior
2202 3937 2416 4002 dicitur,
2447 3937 2714 3992 introrsus
2743 3934 2984 3992 tendere.
3017 3935 3116 3994 Ubi
3143 3951 3424 4008 speramus
3451 3937 3534 3992 in-

1939 4017 2126 4086 venire
2149 4044 2248 4086 nos
2273 4043 2434 4102 posse
2458 4027 2750 4096 secundum
2781 4026 3071 4084 trinitatem
3095 4028 3380 4100 imaginem
3403 4029 3532 4098 Dei,

1939 4132 2160 4182 conatus
2181 4133 2392 4180 nostros
2411 4122 2502 4178 illo
2529 4122 2644 4194 ipso
2664 4121 2967 4192 adiuvante,
2990 4139 3148 4194 quem
3171 4123 3370 4192 omnia,
3393 4126 3532 4182 sicut

1937 4235 2026 4276 res
2053 4218 2181 4288 ipsa:
2211 4216 2466 4284 indicant,
2493 4215 2564 4270 ita
2603 4215 2762 4271 etiam
2789 4226 2972 4272 sancta
3003 4217 3272 4289 Scriptura
3297 4219 3351 4274 in
3377 4235 3532 4276 men-

1938 4326 2064 4368 sura
2117 4319 2173 4366 et
2223 4325 2445 4366 numero
2505 4317 2561 4365 et
2621 4309 2857 4380 pondere
2914 4309 3244 4383 disposuisse
3307 4321 3534 4370 testatur

1943 4403 2096 4476 (Sap.
2124 4419 2201 4470 x1,
2231 4403 2347 4473 21).
3405 4393 3407 4396 ⁴

2007 4496 2024 4526 ι
2061 4495 2283 4558 Plerique
2305 4499 2434 4554 Mss.,
2458 4505 2624 4544 sensus
2639 4490 2853 4544 videndi.

301 4625 3534 4650 Μαι-Μ

1053 4708 1534 4820 LIBER
1626 4707 1736 4812 D
1757 4703 1872 4809 U'
1865 4703 2180 4832 ODE
2193 4701 2494 4809 01M
2513 4703 2706 4810 US.

259 4873 266 4967 ξ
293 4912 346 4953 ιιι
371 4916 470 4967 quo
493 4899 1072 4967 praenﬁssadlsttnctione
1091 4900 1346 4967 sapientiae
1365 4911 1392 4946 a
1413 4897 1634 4967 scientia,
1661 4895 1712 4967 in
1736 4905 1795 4967 ea
1833 4905 1966 4966 .quaa
1996 4891 2192 4967 proprie
2225 4891 2432 4966 scientia
2459 4899 2788 4967 nuncupatur,
2817 4889 3232 4967 quaeinter-lor
3253 4897 3362 4967 est,
3379 4891 3530 4967 prius

223 4951 460 5032 quiuis
480 4951 780 5032 s‘uigeneris
800 4951 990 5032 trinitas
1008 4951 1282 5013 ostenditur
1310 4974 1322 5010 :
1349 4972 1458 5024 quae
1483 4957 1595 5010 licet
1619 4951 1676 5006 ad
1699 4951 2258 5032 it‘iteridrem'bominem
2288 4956 2388 5018 jam
2411 4951 2673 5014 pertineat,
2701 4951 2911 5004 nondum
2935 4959 3098 5004 tamen
3135 4953 3292 5016 imago
3323 4951 3406 5002 Dei
3447 4951 3526 5002 vel

223 5025 526 5094 inpellanda
550 5025 630 5078 vel
647 5026 871 5090 putanda.

1632 5119 2102 5144 ,,,,,,,,..............-......

295 5199 532 5258 CAPUT
561 5196 824 5256 PRIMUM
831 5227 920 5253 .—
931 5196 956 5252 1
969 5235 981 5248 .
1001 5193 1170 5250 Homo
1181 5192 1396 5248 exterior
1409 5199 1456 5245 et
1471 5191 1678 5246 interior
1701 5209 1832 5261 qua-

219 5296 311 5352 lis.
341 5295 456 5364 Age
488 5307 648 5356 nunc,
675 5290 952 5348 videamus
976 5287 1061 5344 ubi
1091 5287 1162 5342 sit
1182 5285 1331 5357 quasi
1359 5283 1622 5354 quoddam
1655 5283 1830 5340 homi-

217 5393 312 5446 nis
351 5387 637 5444 exterioris
663 5385 1036 5454 interiorisque
1057 5378 1649 5448 conlininm.Quidquid
1685 5379 1830 5434 enim

217 5483 500 5538 inlustrius
519 5479 576 5534 in
601 5477 782 5536 animo
805 5489 1096 5532 commune
1107 5487 1228 5530 cum
1247 5486 1460 5542 pecore,
1477 5479 1624 5526 recte
1648 5469 1823 5526 adhuc

212 5577 430 5633 dicitur
459 5572 530 5630 ad
571 5573 892 5628 exteriorem
915 5570 1186 5626 hominem
1219 5566 1510 5638 pertinere.
1541 5565 1656 5620 Non
1683 5565 1828 5620 enim

209 5670 406 5728 solum
437 5681 634 5737 corpus
671 5666 834 5722 homo
861 5663 1094 5720 exterior
1131 5659 1488 5732 deputabitur,
1521 5657 1614 5714 sed
1641 5657 1828 5728 adjun-

209 5775 310 5822 cta
339 5760 576 5832 quadam
597 5760 701 5814 vita
723 5773 840 5824 sua,
865 5770 968 5827 qua
993 5769 1280 5824 compages
1299 5751 1540 5823 corporis
1561 5759 1616 5806 et
1641 5767 1828 5808 omnes

205 5870 428 5918 sensus
453 5854 654 5926 vigent,
683 5849 874 5923 quibus
899 5849 1190 5903 instructus
1215 5855 1301 5902 est
1327 5845 1394 5900 ad
1421 5845 1682 5900 exteriora
1705 5837 1850 5900 sen-_

209 5948 417 6022 ﬂenda
441 5962 458 6000 :
479 5958 704 6020 quorum
731 5954 1010 6000 sensorum
1037 5937 1292 6020 imagines
1321 5935 1499 5994 inﬁxae
1525 5936 1580 5994 in
1619 5951 1826 5994 memo-

1937 5189 2040 5258 ria,
2071 5203 2193 5244 cum
2225 5183 2558 5241 recordando
2587 5182 2908 5247 revisuntur,
2939 5196 3027 5236 res
3055 5179 3229 5236 adhuc
3255 5180 3428 5251 agitur
3455 5180 3521 5237 ad

1937 5282 2255 5338 exteriorem
2281 5279 2556 5334 hominem
2577 5275 2869 5346 pertinens.
2893 5275 3066 5344 Atque
3087 5273 3140 5328 in
3165 5273 3248 5328 his
3273 5275 3522 5330 omnibus

1935 5387 2042 5430 non
2067 5374 2326 5430 distamus
2352 5385 2384 5425 a
2411 5379 2629 5440 pecore,
2664 5365 2762 5422 nisi
2791 5363 2933 5435 quod
2962 5364 3122 5434 figura
3154 5365 3391 5433 corporis
3415 5379 3524 5419 non

1935 5465 2123 5538 proni,
2171 5464 2265 5520 sed
2313 5461 2476 5518 erecti
2513 5471 2718 5514 sumus.
2745 5457 2859 5523 Qua
2898 5457 2950 5511 in
2993 5471 3054 5512 re
3081 5455 3432 5511 admonemur
3459 5457 3525 5512 ab

1934 5575 2001 5617 eo
2025 5559 2113 5631 qui
2141 5573 2237 5614 nos
2259 5556 2400 5620 fecit,
2427 5569 2494 5610 ne
2513 5552 2735 5607 meliore
2757 5549 2920 5605 nostri
2947 5557 3116 5620 parte,
3140 5547 3192 5604 id
3215 5559 3296 5604 est
3321 5550 3520 5616 animo,

1933 5656 2136 5713 similes
2163 5649 2440 5730 pecgribus
2469 5647 2671 5710 simus,
2701 5659 2730 5700 a
2759 5643 2950 5715 quibus
2973 5641 3220 5715 corporis
3248 5643 3517 5698 erectione

1933 5743 2360 5805 distamus.'Non
2389 5752 2445 5798 ut
2473 5743 2524 5796 in
2558 5754 2620 5796 ea
2657 5753 2784 5809 quae
2811 5737 3058 5792 sublimia
3089 5743 3211 5792 sunt
3251 5735 3303 5789 in
3330 5748 3492 5802 θοι-νο

1933 5839 2082 5896 ribus
2110 5837 2347 5892 animum
2375 5832 2753 5906 projieiamus;
2787 5844 2910 5884 nam
2953 5828 3037 5884 vel
3069 5828 3122 5883 in
3151 5826 3340 5882 talibus
3369 5825 3522 5896 quie-

1939 5944 2047 5990 tem
2073 5927 2358 5988 voluntatis
2378 5937 2649 6002 appetere,
2675 5932 3012 5998 prosternere
3029 5929 3112 5980 est
3135 5920 3392 5984 annuum.
3411 5917 3521 5978 Sed
