4076 6456
524 413 630 477 999

530 536 667 592 sicut
706 544 900 603 corpus
928 525 997 585 ad
1038 540 1100 585 ea
1140 536 1258 598 quae
1305 530 1429 581 sunt
1455 524 1668 580 excelsa
1699 535 1985 592 corporum
2011 561 2027 588 ,
2063 521 2118 573 id

530 637 632 693 est,
658 626 726 681 ad
754 623 991 681 coelestia
1022 620 1333 676 naturaliter
1361 626 1596 673 erectum
1626 623 1709 671 est
1732 630 1747 680 ;
1779 616 1856 669 sic
1882 612 2117 678 animus,

531 724 620 794 qui
654 719 944 776 substantia
984 716 1275 787 spiritualis
1304 723 1418 780 est,
1446 712 1511 768 ad
1539 727 1600 767 ea
1628 724 1746 781 qure
1775 716 1898 764 sunt
1924 708 1975 761 in
2005 708 2114 777 spi-

533 816 812 872 rituallhus
838 811 1048 868 excelsa
1075 808 1358 881 erigendus
1383 814 1487 875 est,
1516 820 1621 861 non
1647 804 1882 861 elatione
1921 814 2115 870 super-

534 907 658 975 bim,
692 905 784 959 sed
816 904 1010 974 pietate
1034 901 1274 972 justitim.

602 997 827 1054 CAPUT
868 994 1094 1051 lin—2.
1135 992 1384 1049 £ternas
1424 990 1644 1046 rationes
1683 988 1736 1043 in
1774 983 2119 1057 corporalibus

537 1094 686 1148 homo
717 1092 856 1146 solus
884 1090 1216 1145 animantium
1238 1088 1467 1160 percipit.
1498 1086 1727 1141 Possunt
1748 1091 1923 1137 autem
1953 1089 2007 1136 et
2030 1095 2125 1152 pe-

539 1199 662 1241 cora
691 1195 745 1240 et
788 1185 986 1241 sentire
1015 1198 1109 1253 per
1149 1181 1389 1252 corporis
1429 1194 1619 1235 sensus
1648 1176 1979 1232 extrinsecus
2005 1188 2126 1229 cor-

539 1277 761 1348 poralia,
794 1287 850 1332 et
885 1291 947 1331 ea
976 1274 1246 1330 memoriae
1291 1272 1400 1327 ﬁxa
1433 1269 1698 1326 reminisci
1722 1309 1736 1332 ,
1768 1277 1927 1338 atque
1966 1266 2018 1320 in
2046 1264 2125 1321 eis

538 1377 790 1438 appetere
818 1366 1196 1432 conducibilia,
1229 1365 1411 1435 fugere
1452 1359 1787 1417 incommoda
1814 1377 1826 1414 :
1850 1372 2037 1415 verum
2064 1370 2128 1413 ea

544 1469 750 1525 notare,
779 1474 842 1514 ac
870 1473 975 1513 non
1004 1457 1177 1513 solum
1206 1454 1517 1512 naturaliter
1531 1462 1712 1522 rapta,
1743 1451 1840 1508 sed
1868 1450 2030 1507 etiam
2060 1447 2130 1506 de

539 1550 800 1609 induStria
833 1550 1102 1605 memoria:
1128 1546 1497 1604 commendata
1527 1544 1761 1600 retinere
1780 1583 1796 1610 ,
1825 1550 1881 1599 et
1908 1542 1964 1597 in
1993 1539 2131 1596 obli-

540 1644 751 1699 vionem
788 1643 1112 1714 jamjamque
1155 1640 1384 1696 labentia
1426 1636 1758 1695 recordando
1796 1644 1955 1707 atque
1983 1632 2131 1707 cogi-

436 1779 441 1783 .
543 1734 705 1790 tando
756 1748 942 1789 rursus
986 1732 1327 1804 imprimere;
1374 1738 1432 1784 ut
1472 1727 1916 1800 quemadmodum
1958 1742 2023 1781 ex
2066 1738 2134 1780 eo

544 1826 684 1896 quod
731 1827 867 1896 gerit
912 1825 1170 1881 memoria
1214 1823 1464 1895 cogitatio
1512 1822 1790 1885 formatur,
1824 1820 1901 1875 sic
1941 1828 1996 1874 et
2026 1818 2130 1874 hoc

546 1917 720 1988 ipsum
751 1917 891 1988 quod
936 1918 991 1972 in
1019 1917 1273 1972 memoria
1315 1924 1398 1970 est
1424 1914 1743 1985 cogitatione
1768 1913 2042 1968 firmetur:
2068 1909 2133 1965 ﬁ-

545 2016 659 2064 ctas
685 2010 845 2066 etiam
875 2010 1106 2065 visiones
1126 2051 1139 2076 ,
1168 2008 1294 2063 hinc
1332 2018 1490 2077 atque
1516 2006 1639 2061 inde
1678 2004 1952 2060 recordata
1980 2018 2127 2075 quae-

545 2100 677 2157 libet
705 2101 962 2156 sumendo
986 2110 1040 2157 et
1063 2101 1213 2172 quasi
1240 2100 1505 2156 assuendo
1524 2139 1540 2167 ,
1574 2113 1895 2170 componere
1917 2141 1931 2165 ,
1965 2096 2135 2168 inspi-

546 2209 691 2262 cere,
721 2195 1168 2266 quemadmodum
1198 2194 1250 2249 in
1288 2192 1390 2249 hoc
1414 2207 1592 2247 rerum
1621 2205 1816 2262 genere
1845 2205 1963 2261 qua:
1990 2188 2134 2245 veri-

546 2285 738 2341 similia
783 2294 907 2341 sunt
944 2286 1316 2341 discernantur
1340 2300 1369 2339 a
1397 2284 1568 2350 veris,
1599 2298 1704 2337 non
1749 2280 2133 2352 spiritualibus,

551 2378 648 2434 sed
674 2378 803 2449 ipsis
822 2377 1185 2447 corporalibus
1211 2395 1224 2431 :
1248 2376 1364 2431 haec
1382 2385 1540 2446 atque
1566 2374 1869 2446 hujusmodi
1896 2372 2137 2444 quamvis

547 2471 604 2527 in
649 2471 1023 2539 sensibilibus,
1050 2481 1210 2543 atque
1255 2472 1307 2526 in
1346 2473 1423 2528 eis
1452 2486 1571 2542 qua:
1620 2469 1744 2525 inde
1789 2469 2002 2525 animus
2038 2482 2138 2539 per

552 2577 768 2620 sensum
796 2564 1037 2634 corporis
1083 2565 1245 2618 traxit
1269 2572 1492 2635 agantur
1515 2571 1675 2633 atque
1699 2569 1998 2630 versentur,
2026 2574 2137 2617 non

546 2661 672 2710 sunt
700 2664 875 2710 tamen
904 2654 1126 2711 rationis
1164 2654 1421 2724 expertia,
1454 2670 1553 2709 nec
1595 2652 1897 2709 hominibus
1924 2651 2137 2723 pecori-

547 2743 754 2817 busque
777 2747 1099 2802 communia.
1139 2746 1245 2803 Sed
1285 2746 1610 2802 sublimioris
1637 2745 1860 2801 rationis
1886 2754 1968 2801 est
1989 2744 2136 2816 judi-

547 2850 671 2894 care
700 2838 768 2895 de
793 2839 910 2895 istis
936 2839 1303 2910 corporalibus
1339 2838 1634 2895 secundum
1677 2837 1913 2894 rationes
1953 2836 2137 2893 incor-

547 2929 759 3000 porales
783 2939 840 2985 et
877 2931 1229 3001 sempiternas
1255 2948 1269 2985 :
1292 2946 1412 3000 quae
1445 2930 1546 2986 nisi
1585 2946 1746 3000 supra
1774 2938 2009 2985 mentem
2038 2929 2138 2984 hu-

549 3037 762 3078 manam
790 3033 989 3089 essent,
1022 3021 1484 3077 incommutabiles
1510 3021 1747 3093 profecto
1772 3036 1877 3076 non
1918 3030 2131 3088 essent;

550 3123 711 3185 atque
740 3115 824 3169 his
851 3116 866 3147 ¹
896 3115 997 3170 nisi
1042 3115 1452 3185 subjungeretur
1480 3114 1681 3185 aliquid
1720 3120 1962 3171 nostrum
1983 3154 1998 3181 ,
2027 3128 2136 3169 non

549 3206 843 3263 secundum
866 3221 957 3262 eas
979 3221 1256 3277 possemus
1277 3206 1516 3276 judicare
1541 3206 1608 3261 de
1631 3204 2015 3276 corporalibus.
2044 3204 2138 3261 Ju-

548 3299 789 3356 dicamus
818 3306 995 3354 autem
1021 3297 1088 3354 de
1114 3298 1481 3369 corporalibus
1511 3313 1577 3353 ex
1614 3298 1819 3353 ratione
1844 3296 2135 3353 dimensio-

547 3406 678 3448 num
703 3399 862 3463 atque
882 3391 1189 3463 ﬁgurarum,
1213 3404 1369 3462 quam
1394 3390 1898 3447 incommutabiliter
1916 3404 2138 3448 manere

548 3498 703 3541 mens
727 3483 894 3539 novit.

621 3574 849 3631 CAPUT
878 3573 963 3629 Ill.
985 3604 1059 3615 -—-
1081 3574 1134 3629 5.
1165 3574 1317 3630 Ratio
1343 3575 1576 3646 superior
1597 3590 1710 3646 qua:
1735 3576 1803 3629 ad
1825 3577 2138 3647 contempla-

552 3668 756 3733 tionem,
789 3676 835 3723 et
860 3667 1070 3721 interior
1093 3682 1207 3738 qua:
1233 3666 1301 3720 ad
1330 3676 1576 3721 actionem
1604 3667 1841 3737 pertinet,
1879 3669 1933 3722 in
1973 3677 2140 3724 mente

549 3775 672 3815 una.
706 3757 838 3813 Illud
865 3771 994 3813 vero
1022 3766 1265 3812 nostrum
1291 3757 1433 3827 quod
1463 3759 1515 3812 in
1541 3758 1752 3813 actione
1775 3758 2137 3828 corporalium

550 3859 709 3920 atque
733 3848 1106 3918 temporalium
1138 3847 1534 3903 tractandorum
1557 3848 1628 3903 ita
1651 3857 1914 3916 versatur,
1936 3858 1998 3905 ut
2023 3865 2131 3907 non

548 3943 617 3997 sit
639 3941 791 3997 nobis
815 3955 1098 3995 commune
1118 3955 1239 3995 cum
1266 3954 1477 4009 pecore,
1505 3940 1762 3995 rationale
1787 3941 2001 4012 quidem
2028 3952 2131 4012 est,

549 4033 645 4089 sed
677 4049 739 4088 ex
781 4032 868 4086 illa
897 4032 1144 4088 rationali
1184 4042 1380 4103 nostrae
1417 4032 1610 4087 mentis
1658 4031 1950 4087 substantia
1972 4076 1985 4100 ,
2020 4049 2124 4105 qua

551 4125 917 4183 sublimi-emus
959 4123 1279 4194 intelligibili
1320 4132 1478 4194 atque
1526 4123 1946 4181 incommutabili
1993 4126 2133 4183 veri-

551 4220 682 4287 tati,
713 4228 961 4287 tauquam
1000 4217 1218 4271 ductum
1262 4226 1315 4271 et
1345 4215 1683 4271 inferioribus
1710 4218 1997 4274 tractandis
2040 4234 2137 4289 gu-

550 4312 944 4383 bernandisque
969 4311 1278 4381 deputatum
1306 4320 1408 4365 est.
1442 4309 1591 4365 Sicut
1632 4311 1773 4367 enim
1804 4313 1856 4367 in
1887 4313 2134 4369 omnibus

551 4404 831 4478 pecoribus
875 4418 980 4459 non
1029 4404 1305 4458 inventum
1334 4410 1417 4457 est
1456 4403 1569 4458 viro
1594 4402 1917 4474 adjutorium
1958 4404 2136 4462 simile

553 4499 668 4565 illi,
699 4498 797 4551 nisi
823 4497 1120 4551 detractum
1146 4495 1212 4550 de
1240 4494 1331 4550 illo
1356 4496 1409 4550 in
1439 4496 1742 4568 eonjugium
1774 4498 2130 4567 formaretur;

550 4590 625 4646 ita
650 4590 815 4644 menti
846 4597 1042 4643 nostra:
1069 4603 1171 4658 qua
1203 4603 1489 4658 supernam
1515 4598 1570 4644 et
1596 4590 1857 4645 internam
1897 4592 2134 4649 consuli-

551 4697 672 4738 mus
694 4681 992 4747 veritatem,
1024 4680 1226 4735 nullum
1271 4690 1353 4735 est
1382 4681 1451 4737 ad
1477 4697 1633 4736 usum
1676 4698 1857 4738 rerum
1884 4700 2138 4757 corpora-

550 4776 701 4841 lium,
731 4782 987 4846 quantum
1018 4784 1219 4829 natura:
1262 4773 1492 4829 hominis
1524 4774 1654 4830 satis
1682 4785 1785 4841 est,
1826 4776 2004 4834 simile
2036 4777 2136 4835 ad-

547 4868 800 4940 jutorium
823 4883 887 4921 ex
916 4868 1107 4922 animae
1136 4854 1372 4937 partibus
1390 4880 1522 4937 quas
1544 4881 1859 4925 communes
1884 4884 2006 4925 cum
2035 4885 2136 4943 pe-

550 4960 763 5016 coribus
789 4960 1065 5016 habemus.
1091 4959 1159 5014 Et
1180 4958 1299 5014 ideo
1324 4958 1573 5029 quiddam
1590 4960 1849 5018 rationale
1868 4971 2132 5034 nostrum,

548 5068 657 5108 non
701 5052 765 5107 ad
816 5052 1029 5106 unitatis
1055 5050 1340 5106 divortium
1386 5060 1709 5121 separatum,
1760 5054 1854 5110 sed
1884 5055 1938 5111 in
1982 5058 2137 5114 auxi-

550 5145 678 5200 lium
706 5144 976 5200 societatis
1001 5142 1151 5213 quasi
1179 5141 1500 5211 derivatum,
1526 5144 1578 5198 in
1605 5144 1688 5200 sui
1716 5146 1897 5217 operis
1921 5148 2133 5220 disper-

552 5236 681 5291 titur
718 5234 1011 5290 ofﬁcium'.
1062 5233 1131 5289 Et
1185 5233 1323 5291 sicut
1361 5250 1466 5290 una
1508 5250 1635 5293 caro
1680 5247 1763 5295 est
1801 5239 2031 5297 duorum
2079 5243 2135 5299 in

551 5328 792 5382 masculo
818 5338 871 5382 et
895 5326 1113 5394 femina,
1156 5328 1235 5383 sic
1263 5328 1587 5385 intellectum
1618 5340 1858 5389 nostrum
1883 5344 1939 5390 et
1960 5336 2136 5392 actio-

551 5434 700 5487 nem,
740 5420 820 5473 vel
856 5418 1139 5474 consilium
1182 5427 1239 5475 et
1279 5421 1700 5491 exsecutionem,
1739 5424 1824 5480 vel
1871 5425 2136 5485 rationem

553 5520 609 5567 et
634 5510 925 5580 appetitum
962 5511 1300 5577 rationalem,
1328 5512 1413 5568 vel
1437 5513 1483 5569 si
1507 5529 1614 5584 quo
1639 5515 1744 5571 alio
1777 5518 1939 5574 modo
1964 5519 2135 5592 signi-

554 5601 797 5659 ﬁcantius
834 5602 941 5658 dici
968 5612 1209 5674 possunt,
1240 5620 1346 5660 una
1376 5606 1574 5663 mentis
1599 5618 1785 5664 natura
1798 5614 2134 5683 Acomplecti-

539 5701 640 5751 “tur
662 5711 677 5751 :
701 5702 759 5749 ut
782 5673 1229 5765 quemadmodum
1257 5695 1326 5753 de
1356 5697 1459 5754 illis
1483 5697 1683 5755 dictum
1709 5673 1829 5770 est:
1843 5673 2012 5760 Erunt
2032 5706 2135 5764 duo

611 5851 633 5927 ξ
664 5849 807 5927 sese
824 5852 879 5927 in
909 5849 999 5903 ἰδι-
1027 5851 1189 5927 the“.
1211 5852 1279 5927 is
1302 5866 1331 5926 ρ
1352 5854 1604 5927 Plerisque
1626 5859 1979 5927 menssaiptis-

600 5914 634 5981 ,³
664 5920 843 5965 omnes
863 5927 1018 5979 prOpe
1038 5921 1167 5980 Mss,
1187 5914 1365 5983 ofﬁcio."
1380 5914 1594 5983 Quidam,
1617 5918 1791 5985 oﬂicia.

1610 406 1699 464 DE
1736 390 2126 470 TRINITATE,
2164 397 2223 459 S.
2264 394 2630 461 AUGUSTINI

3674 411 3833 473 1000'

2225 521 2278 576 in
2307 538 2459 578 carne
2484 539 2590 577 una
2619 521 2771 594 (Gen.
2799 536 2858 593 ιι,
2884 520 3015 597 24);
3045 523 3124 581 sic
3149 522 3217 582 de
3237 522 3323 584 his
3348 524 3453 585 dici
3482 530 3670 602 possit,
3696 533 3818 592 Duo

2225 615 2278 671 in
2306 625 2486 672 mente
2514 632 2639 673 una.

2295 709 2521 766 CAPUT
2559 710 2804 767 ιν.-4.
2849 712 3071 769 Trinitas
3102 722 3149 768 et
3174 714 3342 787 imago
3386 714 3481 772 Dei
3514 720 3569 774 in
3607 738 3667 776 ea
3706 723 3819 777 sola

2226 811 2370 873 parte
2396 804 2573 858 utentis
2597 820 2710 875 qua:
2741 805 2954 875 pertinet
2995 807 3063 860 ad
3096 808 3569 878 contemplationem
3599 822 3821 868 anemo-

2226 911 2358 949 rum.
2393 897 2524 951 Cum
2556 897 2713 968 igitur
2740 896 3057 954 disserimus
3090 898 3159 956 de
3190 910 3376 957 natura
3403 904 3598 959 mentis
3624 904 3818 963 huma-

2226 1002 2332 1057 me,
2360 987 2428 1044 de
2457 1004 2560 1044 una
2587 990 2813 1060 quadam
2854 1007 2913 1047 re
2952 991 3288 1063 disserimus,
3324 1010 3423 1052 nec
3452 1013 3570 1054 eam
3617 999 3672 1054 in
3702 1000 3823 1056 haec

2230 1081 2334 1137 duo
2362 1097 2480 1153 quae
2518 1086 2956 1153 commemoravi,
2990 1087 3093 1142 nisi
3136 1103 3231 1159 per
3259 1087 3433 1145 ofﬁcia
3457 1094 3816 1163 geminamus.

2230 1171 2415 1243 Itaque
2438 1188 2557 1228 cum
2584 1175 2637 1230 in
2666 1191 2729 1231 ea
2766 1178 3060 1247 qumrimus
3086 1179 3400 1248 trinitatem,
3442 1183 3494 1238 in
3526 1192 3634 1239 tota
3666 1202 3821 1257 quaa-

2231 1267 2418 1333 rimus,
2460 1283 2570 1323 non
2596 1280 2908 1340 separantes
2937 1272 3201 1328 actionem
3241 1275 3558 1333 rationalem
3602 1278 3657 1333 in
3685 1289 3826 1335 tem-

2233 1358 2503 1428 poralibus
2542 1374 2572 1413 a
2606 1362 3059 1432 contemplatione
3102 1373 3449 1434 aeternorum,
3499 1377 3558 1423 ut
3602 1371 3823 1427 tertium

2234 1447 2433 1519 aliquid
2451 1448 2560 1519 jam
2591 1465 2893 1521 quaeramus
2929 1468 3036 1524 quo
3065 1454 3274 1511 trinitas
3304 1457 3603 1529 impleatur.
3634 1460 3741 1517 Sed
3769 1463 3823 1518 in

2188 1573 2207 1583 ο
2234 1549 2344 1597 tota
2368 1551 2557 1598 natura
2582 1545 2775 1601 mentis
2797 1545 2869 1600 ita
2895 1545 3187 1604 trinitatem
3217 1550 3440 1619 reperiri
3470 1567 3605 1623 opus
3634 1562 3739 1621 est,
3766 1562 3829 1612 ut

2234 1634 2281 1691 si
2330 1635 2472 1692 desit
2510 1637 2651 1693 actio
2691 1638 3087 1710 temporalium,
3133 1642 3219 1698 cui
3266 1645 3414 1713 operi
3461 1648 3827 1704 necessarium

2235 1728 2306 1784 sit
2349 1729 2694 1800 adjutorium,
2739 1742 2959 1802 propter
2998 1732 3142 1804 quod
3178 1735 3245 1789 ad
3290 1734 3406 1793 haec
3449 1737 3698 1795 inferiora
3732 1740 3831 1796 ad-

2235 1822 2586 1878 ministranda
2634 1822 2908 1880 derivetur
2955 1826 3151 1896 aliquid
3193 1827 3407 1895 mentis,
3456 1829 3509 1884 in
3561 1848 3664 1887 una
3695 1848 3828 1887 nus-

2237 1930 2395 1986 quam
2431 1915 2708 1987 dispertita
2761 1931 2941 1976 mente
2988 1921 3195 1977 trinitas
3232 1920 3533 1977 inveniatur
3563 1942 3576 1978 :
3609 1934 3665 1979 et
3689 1923 3832 1981 facta

2232 2006 2343 2079 jam
2372 2009 2471 2064 ista
2491 2008 2890 2081 distributione,
2916 2014 2971 2068 in
2999 2029 3064 2070 eo
3092 2014 3208 2069 solo
3237 2015 3377 2086 quod
3403 2016 3469 2071 ad
3494 2019 3833 2089 contempla-

2235 2100 2436 2157 tionem
2465 2103 2697 2172 pertinet
2734 2113 3082 2173 aeternorum,
3115 2123 3223 2164 non
3262 2109 3438 2165 solum
3468 2110 3696 2179 trinitas,
3730 2108 3830 2167 sed

2237 2195 2397 2250 etiam
2429 2196 2604 2268 imago
2637 2197 2761 2264 Dei;
2796 2198 2849 2253 in
2880 2199 2985 2256 hoc
3027 2211 3205 2258 autem
3243 2204 3385 2274 quod
3416 2204 3715 2259 derivatum
3745 2212 3832 2260 est

2238 2284 2292 2339 in
2327 2286 2537 2343 actione
2564 2289 2959 2358 temporalium,
3006 2292 3219 2348 etiamsi
3247 2294 3455 2351 trinitas
3492 2296 3684 2366 possit,
3716 2310 3830 2352 non

2238 2386 2415 2433 tamen
2447 2379 2623 2451 imago
2654 2381 2744 2438 Dei
2775 2384 2943 2453 possit
2970 2384 3219 2441 inveniri.

2310 2472 2534 2529 CAPUT
2575 2474 2642 2530 V.
2665 2504 2734 2515 -——
2760 2476 2811 2529 5.
2860 2476 3047 2548 Opinio
3074 2480 3269 2551 ﬁngens
3296 2481 3565 2554 imaginem
3598 2481 3833 2537 Trinita.

2243 2564 2306 2619 tis
2350 2565 2403 2619 in
2447 2567 2685 2638 conjugio
2731 2571 2945 2623 masculi
2996 2580 3042 2623 et
3086 2572 3290 2641 femina:
3332 2589 3394 2626 ac
3437 2589 3610 2628 eorum
3663 2575 3834 2643 prole.

2240 2657 2471 2715 Proinde
2510 2675 2615 2715 non
2657 2660 2787 2716 mihi
2815 2661 3067 2718 videntur
3102 2664 3429 2734 probabilem
3470 2666 3665 2723 afferre
3701 2684 3834 2723 sen-

2240 2749 2482 2819 tentiam,
2528 2751 2620 2823 qui
2665 2752 2743 2809 sic
2782 2753 3108 2812 arbitrantur
3132 2757 3424 2814 trinitatem
3462 2757 3709 2830 imaginis
3735 2760 3837 2817 Dei

2239 2840 2293 2897 in
2322 2842 2493 2899 tribus
2535 2845 2800 2914 personis,
2848 2846 2990 2918 quod
3032 2849 3223 2904 attinet
3250 2850 3318 2905 ad
3343 2850 3629 2907 humanam
3669 2861 3834 2908 natu-

2239 2949 2377 3003 ram,
2407 2950 2565 3007 posse
2605 2937 2851 3008 reperiri,
2885 2949 2943 2996 ut
2968 2941 3023 2995 in
3049 2941 3298 3015 eonjugio
3329 2944 3551 3000 masculi
3593 2954 3643 3000 et
3672 2945 3837 3002 femi-

2241 3042 2325 3083 na:
2362 3036 2523 3099 atque
2569 3030 2620 3086 in
2655 3045 2841 3087 eorum
2884 3034 3035 3104 prole
3084 3037 3421 3106 compleatur
3450 3055 3463 3091 :
3492 3038 3635 3109 quod
3673 3040 3835 3111 quasi

2237 3116 2322 3173 vir
2349 3119 2462 3190 ipse
2492 3120 2666 3178 Patris
2690 3137 2976 3193 personam
3003 3126 3245 3195 intimet;
3273 3128 3393 3184 Filii
3418 3144 3568 3198 vero,
3592 3130 3735 3201 quod
3762 3131 3839 3189 de

2239 3211 2334 3267 illo
2378 3212 2451 3269 ita
2492 3214 2755 3283 processit
2799 3226 2858 3272 ut
2896 3229 3242 3288 nasceretur;
3274 3230 3433 3292 atque
3472 3223 3542 3277 ita
3580 3224 3835 3279 tertiam‘

2238 3321 2523 3376 personam
2559 3308 2709 3364 velut
2747 3309 2975 3381 Spiritus
3002 3312 3185 3368 dicunt
3227 3329 3347 3371 esse
3378 3316 3679 3384 mulierem,
3706 3332 3836 3388 qum

2239 3398 2312 3453 ita
2363 3399 2431 3455 de
2466 3400 2582 3457 viro
2625 3404 2908 3473 processit,
2958 3413 3016 3460 ut
3054 3421 3161 3463 non
3209 3406 3323 3477 ipsa
3373 3417 3516 3465 esset
3554 3408 3694 3464 ﬁlius
3739 3417 3838 3467 aut

2240 3490 2348 3547 ﬁlia
2371 3490 2525 3563 (Gen.
2560 3511 2618 3560 ιι,
2646 3494 2764 3567 22),
2797 3496 3041 3568 quamvis
3067 3514 3128 3555 ea
3156 3500 3492 3571 concipiente
3515 3501 3698 3571 proles
3728 3516 3835 3558 na-

2239 3595 2500 3641 sceretur.
2554 3587 2699 3643 Dixit
2746 3590 2890 3645 enim
2935 3592 3193 3649 Dominus
3236 3594 3307 3650 de
3356 3595 3558 3665 Spiritu
3603 3593 3831 3664 Sancto,

2239 3677 2380 3747 quod
2407 3693 2437 3732 a
2473 3678 2630 3735 Patre
2671 3682 2926 3752 procedat
2956 3683 3135 3755 (Joan.
3170 3702 3258 3753 xv,
3285 3684 3402 3757 26),
3434 3696 3489 3743 et
3515 3695 3693 3743 tamen
3734 3687 3833 3742 Fi-

2226 3762 2343 3826 lius
2386 3787 2494 3827 non
2536 3782 2637 3828 est.
2680 3774 2740 3829 ln
2782 3774 2943 3847 hujus
2986 3777 3147 3848 igitur
3173 3779 3443 3850 Opinionis
3485 3796 3692 3848 errore,
3726 3780 3836 3838 hoc

2239 3864 2411 3919 solum
2453 3866 2802 3936 probabiliter
2842 3870 3080 3938 affertur,
3125 3872 3269 3942 quod
3319 3874 3373 3928 in
3419 3874 3629 3944 origine
3670 3872 3834 3931 facta:

2238 3953 2484 4023 feminm,
2534 3957 2828 4015 secundum
2889 3972 3089 4018 sancta:
3137 3962 3428 4035 Scriptura:
3481 3964 3639 4020 ﬁdem
3697 3967 3835 4023 satis

2238 4046 2561 4115 ostenditur,
2610 4065 2716 4105 non
2764 4067 2925 4109 omne
2971 4054 3115 4125 quod
3163 4055 3233 4111 de
3271 4057 3449 4127 aliqua
3492 4071 3716 4128 persona
3757 4058 3835 4114 ita

2238 4135 2438 4203 existit,
2463 4146 2523 4193 ut
2542 4154 2826 4209 personam
2851 4142 3075 4202 alteram
3097 4145 3273 4213 faciat,
3307 4147 3474 4202 ﬁlium
3502 4163 3659 4219 posse
3685 4148 3834 4218 dici;

2237 4229 2665 4301 quandoquidem
2705 4236 2773 4292 de
2801 4238 2901 4294 viri
2932 4253 3160 4310 persona
3195 4241 3400 4297 exstitit
3438 4257 3663 4313 persona
3707 4257 3837 4297 mu-

2239 4318 2405 4388 lieris,
2431 4339 2529 4380 nec
2557 4336 2731 4384 tamen
2772 4329 2887 4400 ejus
2926 4330 3034 4387 ﬁlia
3061 4331 3198 4389 dicta
3222 4342 3325 4391 est.
3366 4333 3571 4390 Caetera
3596 4348 3731 4390 sane
3756 4334 3836 4392 ita

2240 4427 2365 4475 sunt
2396 4418 2648 4487 absurda,
2677 4420 2787 4478 imo
2812 4437 2939 4478 vero
2978 4423 3049 4479 ita
3076 4424 3230 4495 falsa,
3278 4434 3336 4481 ut
3362 4424 3615 4484 facillime
3641 4426 3836 4484 redar-

2239 4524 2485 4585 guantur.
2528 4514 2728 4571 Omitto
2765 4516 2908 4571 enim
2948 4517 3105 4587 quale
3147 4518 3236 4587 sit,
3282 4518 3538 4589 Spiritum
3583 4529 3835 4577 sanctum

2240 4615 2464 4662 matrem
2490 4604 2610 4661 Filii
2641 4607 2735 4662 Dei
2766 4617 2951 4678 putare
2966 4617 3021 4665 et
3047 4609 3327 4681 conjugem
3342 4610 3515 4667 Patris
3543 4628 3559 4668 :
3588 4610 3838 4668 fortassis

2239 4699 2436 4770 quippe
2461 4699 2848 4770 respondeatur
2878 4700 2994 4758 haec
3020 4703 3071 4757 in
3097 4703 3401 4759 carnalibus
3431 4704 3636 4762 habere
3662 4705 3840 4761 offen-

2239 4791 2469 4861 sionem,
2514 4792 2639 4848 dum
2665 4796 2911 4865 corporei
2941 4805 3232 4867 conceptus
3259 4806 3550 4869 partusque
3586 4799 3837 4871 cogitan-

2241 4892 2350 4939 tur.
2382 4884 2694 4957 Quanquam
2723 4896 2776 4942 et
2817 4886 2932 4942 haec
2958 4888 3068 4959 ipsa
3098 4889 3396 4946 castissime
3421 4888 3681 4961 cogitent,
3709 4891 3839 4962 qui-

2241 4976 2342 5035 bus
2367 4978 2581 5036 mundis
2609 4980 2788 5035 omnia
2827 4980 3021 5037 munda
3050 4990 3175 5037 sunt
3205 5001 3217 5037 :
3241 4981 3533 5038 immundis
3570 4992 3753 5039 autem
3780 4992 3843 5039 et

2241 5071 2567 5141 inﬁdelibus,
2596 5089 2824 5146 quorum
2851 5075 3054 5145 polluta
3076 5084 3200 5131 sunt
3223 5084 3279 5133 et
3300 5092 3452 5133 mens
3473 5085 3527 5132 et
3550 5078 3845 5133 conscien-

2240 5166 2334 5235 tia,
2379 5167 2451 5222 ita
2499 5168 2630 5222 nihil
2676 5177 2761 5224 est
2795 5168 3053 5225 mundum
3093 5168 3218 5241 (Tit.
3248 5185 3286 5238 ι,
3316 5170 3426 5241 15),
3467 5178 3526 5225 ut
3567 5170 3840 5241 quosdam

2240 5273 2424 5315 eorum
2473 5261 2633 5317 etiam
2681 5262 2750 5319 de
2800 5262 3008 5334 virgine
3058 5263 3353 5319 secundum
3406 5278 3625 5320 carnem
3676 5275 3845 5319 natus

2237 5350 2485 5410 Christus
2530 5352 2785 5411 oﬂ’endat.
2838 5355 2945 5411 Sed
2995 5366 3170 5412 tamen
3213 5358 3267 5412 in
3320 5357 3689 5429 spiritualibus
3730 5358 3845 5413 illis

2241 5446 2487 5515 summis,
2515 5448 2606 5503 ubi
2646 5464 2755 5504 non
2784 5458 2866 5505 est
2905 5449 3105 5520 aliquid
3132 5448 3384 5506 violabile
3423 5458 3518 5505 aut
3556 5450 3844 5519 corrupti-

2238 5534 2369 5606 bile,
2408 5554 2507 5595 nec
2540 5550 2722 5595 natum
2749 5555 2818 5596 ex
2856 5549 3119 5613 tempore,
3161 5526 3261 5597 nec
3286 5556 3355 5597 ex
3383 5540 3597 5597 infami
3623 5538 3844 5596 forma-

2241 5640 2375 5700 tum,
2414 5633 2461 5687 si
2487 5648 2590 5704 qua
2615 5632 2865 5690 dicuntur
2892 5635 3038 5699 talia,
3066 5634 3134 5689 ad
3157 5648 3387 5705 quorum
3423 5631 3845 5689 similitudinem

2240 5728 2402 5784 etiam
2430 5729 2529 5783 ista
2556 5727 2825 5784 inferioris
2864 5738 3126 5784 creatura:
3152 5742 3373 5799 genera,
3398 5726 3642 5798 quamvis
3667 5726 3846 5798 longe

2239 5820 2596 5879 remotissima
2638 5821 2774 5876 facta
2821 5827 2965 5887 sunt,
3006 5834 3115 5877 non
3158 5819 3357 5877 debent
3391 5820 3705 5892 cujusquam
3734 5831 3846 5875 so-

2301 5933 2323 5971 ί
2354 5935 2491 6001 Editi,
2512 5934 2579 5988 ad
2602 5934 2809 5990 tertiam.
2834 5944 2890 5990 At
2932 5945 3038 5990 Mss.
3064 5943 3233 5991 carent
3253 5935 3502 6005 parum,
3527 5933 3613 5988 at.
