4076 6496
273 561 444 619 hriam
469 556 786 630 perturbare
808 554 1164 628 prudentiam,
1196 568 1267 612 ne
1290 566 1413 612 cum
1438 569 1636 612 vanum
1658 556 1858 613 devitat

274 655 577 719 horrorem,
619 653 672 706 in
701 650 1057 721 perniciosum
1102 650 1337 705 incurrat
1366 664 1628 706 errorem.
1660 651 1861 706 Assue-

273 754 386 802 scat
407 746 461 801 in
493 743 857 816 corporalibus
876 743 947 797 ita
969 743 1321 813 spiritualium
1350 742 1589 814 reperire
1614 742 1859 812 vestigia,

275 846 328 892 ut
368 851 491 891 cum
524 834 647 890 inde
692 848 906 890 sursum
929 847 1116 890 versus
1155 833 1292 890 duce
1329 835 1535 890 ratione
1574 834 1866 890 ascendere

272 928 518 999 caperit,
552 935 609 981 ut
634 925 701 980 ad
738 925 907 996 ipsam
946 924 1433 981 incommutabilem
1459 925 1737 980 veritatem
1766 939 1865 994 per

273 1036 433 1093 quam
460 1028 585 1076 sunt
607 1018 748 1075 facta
779 1020 880 1075 ista
900 1019 1195 1091 perveniat,
1225 1034 1332 1075 non
1359 1034 1539 1075 secum
1559 1019 1628 1075 ad
1657 1034 1865 1075 summa

274 1110 551 1185 pertrahat
576 1109 719 1181 quod
757 1110 1054 1167 contemnit
1091 1110 1147 1166 in
1190 1109 1407 1165 inﬁmis.
1434 1107 1544 1166 Nec
1571 1109 1713 1165 enim
1742 1124 1868 1165 eru-

276 1201 390 1257 huit
427 1200 665 1272 quidam,
706 1216 927 1257 uxorem
969 1200 1072 1257 sibi
1112 1201 1309 1270 eligere
1357 1200 1696 1271 sapientiam,
1742 1200 1867 1270 quia

277 1311 472 1352 nomen
500 1295 684 1350 uxoris
726 1294 778 1349 in
822 1295 975 1365 prole
1016 1293 1279 1366 gignenda
1307 1293 1710 1363 corruptibilem
1736 1307 1868 1348 con-

279 1387 514 1442 cubitum
564 1386 760 1457 ingerit
811 1386 1064 1458 cogitanti
1096 1404 1109 1441 :
1141 1395 1234 1443 aut
1275 1401 1404 1443 vero
1445 1387 1558 1457 ipsa
1606 1386 1866 1457 sapientia

279 1492 409 1532 sexu
440 1474 638 1532 femina
667 1485 750 1533 est
781 1479 823 1544 ¹,
855 1478 978 1548 quia
1015 1476 1254 1533 feminini
1290 1478 1503 1548 generis
1530 1477 1784 1533 vocabulo
1813 1484 1869 1533 et

280 1569 330 1625 in
357 1585 531 1641 graeca
560 1578 615 1626 et
636 1571 689 1625 in
716 1570 878 1625 latina
907 1571 1085 1642 lingua
1111 1571 1436 1627 enuntiatur.

349 1662 577 1720 CAPUT
617 1663 704 1719 Vl.
744 1694 815 1705 —
851 1663 904 1719 6.
938 1663 1039 1719 Cur
1066 1663 1161 1718 illa
1198 1664 1369 1735 opinio
1404 1664 1705 1736 respuenda.
1739 1662 1858 1719 Non

282 1772 409 1828 ergo
444 1766 725 1828 propterea
753 1758 1055 1829 respuitnus
1082 1758 1238 1813 istam
1265 1758 1606 1823 sententiam,
1635 1758 1758 1829 quia
1800 1757 1869 1812 ti-

284 1865 493 1905 memus
519 1858 755 1907 sanctam
781 1858 837 1907 et
866 1850 1223 1906 inviolabilem
1264 1858 1423 1922 atque
1457 1849 1871 1906 incommutabi-

284 1941 386 1996 lem
416 1943 751 2009 charitatem,
808 1952 1057 2014 tanquam
1112 1944 1391 2014 conjugem
1443 1944 1537 1999 Dei
1574 1940 1768 2009 Patris,
1805 1943 1873 1999 de

286 2035 377 2090 illo
398 2036 736 2104 existentem,
768 2037 865 2092 sed
896 2053 1001 2093 non
1036 2038 1178 2094 sicut
1198 2038 1400 2108 prolem
1441 2037 1507 2092 ad
1547 2036 1873 2108 gignendum
1923 2032 1928 2037 ’

286 2128 517 2185 Verbum
560 2146 656 2201 per
693 2130 835 2201 quod
873 2130 1009 2187 facta
1071 2138 1197 2186 sunt
1243 2131 1421 2186 omnia
1464 2130 1699 2201 cogitare
1734 2149 1748 2185 :
1778 2129 1873 2186 sed

285 2225 405 2294 quia
435 2239 553 2280 eam
584 2224 770 2281 falsam
796 2225 973 2280 divina
997 2224 1271 2295 Scriptura
1313 2223 1588 2279 evidenter
1617 2222 1871 2279 ostendit.

287 2316 429 2373 Dixit
457 2319 600 2374 enim
626 2319 788 2385 Deus,
822 2316 1098 2372 Faciamus
1138 2316 1391 2371 hominem
1418 2316 1486 2370 ad
1524 2316 1795 2387 imaginem
1827 2323 1877 2371 et

284 2411 661 2466 similitudinem
689 2420 914 2465 nostram
940 2427 960 2465 :
989 2410 1149 2481 paulo
1176 2418 1297 2480 post
1329 2418 1507 2465 autem
1539 2410 1741 2465 dictum
1768 2416 1870 2475 est,

286 2500 353 2554 Et
378 2503 497 2572 fecit
524 2501 661 2556 Deus
687 2501 941 2557 hominem
986 2500 1055 2554 ad
1092 2500 1369 2571 imaginem
1396 2499 1494 2554 Dei
1529 2499 1681 2572 (Gen.
1712 2516 1751 2568 ι,
1780 2498 1873 2567 26,

285 2593 350 2649 27
373 2595 417 2667 ).
445 2593 692 2649 Nostram
711 2601 881 2661 certe,
925 2593 1050 2665 quia
1076 2593 1299 2664 pluralis
1324 2601 1409 2648 est
1444 2608 1725 2659 numerus,
1766 2607 1876 2649 non

288 2696 432 2742 recte
460 2684 748 2750 diceretur,
771 2684 818 2740 si
845 2684 1006 2739 homo
1025 2682 1093 2738 ad
1116 2683 1278 2738 unius
1302 2697 1547 2753 personae
1586 2682 1876 2754 imaginem

289 2777 461 2846 ﬁeret,
491 2777 607 2833 sive
638 2775 832 2843 Patris,
881 2774 992 2831 sive
1041 2774 1182 2841 Filii,
1215 2774 1327 2830 sive
1372 2774 1603 2845 Spiritus
1659 2774 1872 2829 sancti:

288 2870 379 2926 sed
429 2869 551 2940 quia
601 2868 761 2924 ﬁebat
810 2867 877 2923 ad
911 2867 1195 2939 imaginem
1236 2866 1545 2935 Trinitatis,
1592 2875 1879 2937 propterea

291 2961 485 3017 dictum
514 2969 620 3031 est,
644 2960 711 3015 ad
729 2959 1000 3032 imaginem
1019 2967 1261 3014 nostram.
1286 2958 1492 3015 Rursus
1517 2965 1693 3013 autem
1724 2971 1796 3012 ne
1820 2954 1876 3011 in

298 3053 548 3110 l‘rinitate
591 3052 891 3109 credendos
959 3051 1345 3107 arbitraremur
1391 3059 1500 3107 tres
1559 3049 1709 3117 deos,
1752 3062 1877 3104 cum

289 3146 358 3201 sit
384 3146 572 3201 eadem
592 3144 824 3200 Trinitas
857 3158 994 3200 unus
1037 3143 1200 3210 Deus,
1229 3140 1301 3196 Et
1336 3143 1473 3215 fecit,
1504 3142 1694 3213 inquit,
1740 3141 1877 3198 Deus

291 3236 543 3291 hominem
569 3237 637 3291 ad
660 3236 933 3308 imaginem
956 3233 1054 3290 Dei
1080 3250 1100 3290 :
1123 3249 1224 3307 pro
1252 3248 1319 3290 eo
1344 3249 1409 3290 ac
1436 3235 1482 3289 si
1530 3234 1757 3303 diceret,
1794 3233 1877 3291 Ad

290 3325 571 3399 imaginem
600 3341 773 3383 suam.

356 3418 411 3474 7.
442 3417 580 3474 Sunt
608 3418 753 3474 enim
800 3418 932 3474 tales
978 3418 1188 3474 usitatae
1232 3417 1287 3472 in
1316 3417 1532 3473 Litteris
1576 3417 1680 3473 illis
1731 3417 1878 3474 locu-

290 3511 483 3579 tiones,
511 3527 644 3583 quas
671 3513 914 3568 nonnulli
941 3513 1151 3568 etiamsi
1178 3511 1497 3569 catholicam
1537 3510 1696 3567 ﬁdem
1733 3526 1878 3567 asse-

287 3614 433 3673 runt,
463 3614 778 3661 nontamen
806 3605 1094 3675 diligenter
1132 3604 1436 3671 advertunt,
1485 3613 1543 3658 ut
1580 3612 1768 3674 putent
1805 3604 1881 3658 ita

289 3696 510 3765 dictum,
541 3696 684 3752 Fecit
710 3696 885 3752 Deus’
910 3697 978 3751 ad
1010 3698 1280 3769 imaginem
1320 3696 1449 3763 Dei;
1479 3696 1628 3767 quasi
1668 3695 1878 3751 dicere—

288 3796 394 3858 tur,
425 3789 578 3845 Fecit
604 3790 761 3845 Pater
787 3789 854 3845 ad
871 3788 1155 3860 imaginem
1180 3788 1301 3843 Filii
1332 3806 1345 3842 :
1379 3788 1459 3843 sic
1501 3787 1743 3842 volentes
1791 3802 1879 3842 as-

290 3894 470 3938 serere
517 3881 570 3937 in
606 3882 894 3951 Scripturis
919 3880 1116 3936 sanctis
1161 3880 1328 3937 Deum
1368 3879 1568 3936 dictum
1594 3879 1755 3935 etiam
1783 3879 1877 3935 Fi-

292 3973 441 4043 lium,
471 3977 621 4046 quasi
675 3974 850 4030 desint
877 3973 980 4028 alia
1025 3972 1300 4029 verissima
1336 3982 1391 4028 et
1444 3972 1877 4028 manifestissima

291 4064 629 4133 documenta,
678 4066 765 4122 ubi
807 4081 913 4121 non
965 4064 1140 4122 solum
1178 4066 1339 4134 Deus,
1395 4065 1489 4121 sed
1515 4066 1677 4120 etiam
1719 4079 1879 4120 verus

291 4156 431 4216 Deus
455 4159 629 4215 dictus
654 4169 735 4215 est
754 4158 940 4214 Filius.
985 4158 1044 4214 In
1074 4158 1177 4214 hoc
1213 4158 1356 4214 enim
1401 4158 1706 4214 testimonio
1750 4157 1879 4211 dum

293 4252 436 4308 aliud
466 4251 679 4308 solvere
704 4250 1003 4315 intendunt,
1036 4251 1114 4306 sic
1140 4264 1198 4306 se
1226 4249 1518 4319 implicant,
1546 4258 1606 4303 ut
1627 4247 1880 4319 expedire

293 4360 398 4399 non
422 4343 651 4415 possint.
680 4341 737 4398 Si
767 4342 910 4399 enim
933 4342 1090 4397 Pater
1119 4341 1247 4396 fecit
1288 4340 1356 4395 ad
1398 4341 1683 4410 imaginem
1736 4338 1877 4405 Filii,

293 4446 362 4491 tta
384 4444 445 4491 ut
471 4450 576 4491 non
605 4434 674 4489 sit
703 4433 866 4488 homo
892 4434 1065 4502 imago
1096 4433 1287 4495 Patris,
1320 4432 1414 4487 sed
1440 4431 1582 4497 Filii,
1607 4430 1880 4486 dissimilis

291 4535 372 4581 est
394 4526 536 4581 Patri
558 4524 744 4578 Filius.
779 4523 835 4579 Si
865 4532 1041 4578 autem
1073 4522 1157 4592 pia
1186 4522 1317 4577 ﬁdes
1346 4522 1533 4586 docet,
1578 4522 1732 4576 sicuti
1779 4520 1879 4575 do-

291 4630 396 4683 cet,
442 4616 637 4672 Filium
683 4629 804 4671 esse
849 4615 917 4669 ad
959 4612 1315 4684 aequalitatem
1361 4613 1608 4668 essentia
1651 4611 1881 4666 similem

291 4707 460 4775 Patri,
514 4706 657 4778 quod
701 4706 771 4762 ad
814 4705 1210 4760 similitudinem
1241 4704 1362 4758 Filii
1404 4704 1599 4759 factum
1640 4713 1750 4771 est,
1789 4719 1883 4759 ne-

291 4816 446 4857 cesse
474 4809 558 4856 est
602 4800 764 4856 etiam
793 4799 860 4854 ad
903 4798 1304 4854 similitudinem
1350 4796 1526 4852 Patris
1565 4797 1762 4851 factum
1789 4795 1880 4850 sit.

291 4895 518 4962 Deinde,
548 4895 593 4949 si
619 4894 889 4949 hominem
917 4892 1078 4948 Pater
1102 4908 1208 4947 non
1236 4890 1304 4946 ad
1324 4904 1497 4957 suam,
1525 4888 1621 4944 sed
1646 4888 1718 4944 ad
1758 4887 1881 4943 Filii

289 4984 421 5041 fecit
444 4984 750 5056 imaginem,
796 4998 891 5038 cur
930 4999 1038 5037 non
1081 4984 1174 5050 ait,
1208 4980 1485 5036 Faciamus
1513 4982 1767 5035 hominem
1813 4980 1883 5034 ad

287 5077 563 5149 imaginem
583 5086 630 5131 et
653 5074 1035 5131 similitudinem
1056 5081 1220 5139 tuam,
1247 5073 1343 5129 sed
1369 5075 1462 5138 ait,
1491 5082 1750 5137 nostram;
1779 5073 1883 5127 nisi

288 5168 418 5239 quia
444 5167 719 5224 Trinitatis
746 5167 920 5236 imago
959 5163 1118 5219 ﬁebat
1165 5164 1218 5218 in
1256 5164 1489 5229 homine,
1522 5172 1580 5218 ut
1603 5163 1705 5219 hoc
1726 5163 1884 5218 modo

289 5268 441 5315 esset
479 5258 643 5314 homo
671 5259 845 5329 imago
880 5255 1040 5310 unius
1063 5254 1177 5308 veri
1214 5254 1329 5319 Dei,
1358 5254 1612 5324 quiaipsa
1653 5253 1886 5309 Trinitas

288 5365 435 5406 unus
456 5366 617 5405 verus
645 5350 784 5404 Deus
809 5346 933 5402 est?
975 5345 1297 5401 Locutiones
1332 5353 1511 5399 autem
1554 5354 1679 5398 sunt
1723 5344 1882 5399 innua

286 5442 582 5498 merabiles
608 5441 744 5495 tales
772 5441 824 5494 in
852 5436 1163 5508 Scripturis,
1204 5435 1296 5491 sed
1327 5436 1421 5488 has
1448 5435 1732 5506 protulisse
1775 5434 1885 5490 suf-

286 5535 509 5592 fecerit.
541 5534 637 5589 Est
668 5533 719 5587 in
750 5532 976 5586 Psalmis
998 5530 1067 5585 ita
1099 5529 1321 5594 dictum,
1364 5526 1571 5581 Domini
1615 5535 1685 5581 est
1722 5528 1880 5594 salus,

285 5634 339 5682 et
367 5642 520 5697 super
569 5622 814 5695 pupulum
866 5631 1008 5676 tuum
1050 5619 1322 5675 benedictio
1348 5628 1435 5672 tua
1472 5616 1642 5691 (Psal.
1674 5634 1753 5685 ιιι,
1781 5617 1835 5681 9)
1868 5636 1882 5674 :

286 5720 454 5792 quasi
467 5718 621 5774 alteri
649 5716 851 5773 dictum
872 5714 970 5781 sit,
997 5728 1106 5770 non
1132 5712 1183 5769 ei
1206 5712 1274 5768 de
1302 5726 1409 5783 quo
1428 5710 1655 5779 dixerat,
1678 5709 1885 5767 Domini

544 6001 771 6064 Sanc'r.
808 5998 1090 6062 Aususr.
1140 5992 1308 6056 VIII.

1547 439 1751 499 LIBER
1788 436 2245 500 DUODECIMUS.

3412 448 3561 504 Η)οΞ

1974 566 2045 612 est
2073 557 2233 612 salus.
2264 555 2333 613 Et
2352 556 2565 627 iterum,
2590 556 2633 611 Α
2658 564 2725 627 te,
2774 559 2962 630 inquit,
3005 575 3155 616 eruar
3178 577 3211 616 a
3257 567 3548 634 tentatione,

1973 649 2092 703 etin
2141 648 2250 703 Deo
2295 665 2405 704 meo
2455 666 2663 722 sperans
2692 652 2710 683 ί
2739 655 3084 723 transgredior
3134 672 3336 711 murum
3381 658 3552 727 (Psal.

1975 753 2107 805 xvn,
2138 739 2229 813 50)
2259 756 2270 793 :
2302 741 2455 811 quasi
2483 741 2635 797 alteri
2661 741 2876 811 dixerit,
2898 745 2943 798 Α
2964 755 3011 800 te
3038 763 3232 801 eruara
3256 746 3577 807 tentatione.’

1973 830 2043 886 Et
2071 830 2283 898 iterum,
2315 830 2508 902 Populi
2532 834 2623 888 sub
2650 843 2697 889 te
2723 835 2905 891 cadent
2932 838 2986 891 in
3012 838 3163 894 corde
3187 842 3209 872 ⁸
3233 841 3555 898 inimicorum

1973 921 2106 993 regis
2133 921 2302 994 (Psal.
2334 938 2480 989 xuv,
2514 924 2606 995 6):
2636 940 2699 980 ac
2735 926 2780 981 si
2805 927 3029 997 diceret,
3070 929 3129 985 In
3168 932 3332 997 corde
3375 933 3560 988 inimi-

1975 1028 2161 1070 corum
2189 1023 2422 1071 tuorum.
2452 1018 2512 1072 Ei
2538 1018 2733 1090 quippe
2747 1022 2860 1092 regi
2878 1023 3106 1091 dixerat,
3132 1025 3183 1080 id
3205 1035 3308 1094 est,
3326 1027 3555 1083 Domino

1974 1116 2162 1164 nostro
2184 1108 2313 1165 Jesu
2336 1109 2567 1179 Christo,
2598 1112 2791 1184 Populi
2821 1116 2913 1170 sub
2940 1124 2989 1171 te
3013 1116 3228 1184 cadent;
3268 1135 3427 1190 quem
3468 1137 3560 1178 re—

1975 1215 2096 1271 gem
2124 1201 2347 1273 intelligi
2377 1204 2562 1271 voluit,
2594 1220 2718 1261 cum
2745 1206 2970 1274 diceret,
2998 1210 3054 1264 in
3074 1212 3224 1265 corde
3239 1214 3561 1270 inimicorum

1974 1295 2126 1363 regis.
2167 1293 2359 1349 Rarius
2408 1296 2509 1350 ista
2536 1296 2591 1351 in
2635 1296 2767 1353 Novi
2818 1299 3142 1357 Testamenti
3172 1304 3363 1360 litteris
3409 1306 3560 1363 inve-

1975 1383 2217 1439 niuntur.
2247 1384 2351 1441 Sed
2385 1394 2562 1442 tamen
2592 1387 2660 1442 ad
2686 1388 2956 1445 Romanos
2988 1393 3293 1462 Apostolus,
3328 1395 3401 1449 De
3421 1396 3561 1452 Filio

1976 1492 2091 1544 suo,
2122 1476 2309 1548 inquit,
2340 1479 2428 1549 qui
2454 1483 2620 1551 factus
2649 1490 2721 1535 est
2741 1483 2787 1536 ei
2810 1500 2873 1538 ea:
2890 1485 3078 1539 semine
3093 1484 3259 1541 David
3287 1490 3563 1543 secundum

1977 1584 2200 1635 carnem,
2231 1571 2317 1641 qui
2344 1571 2729 1639 praedestinatus
2757 1584 2829 1629 est
2870 1574 3037 1631 Filius
3066 1576 3163 1631 Dei
3190 1578 3241 1632 in
3268 1580 3446 1634 virtute
3478 1597 3563 1635 se-

1978 1663 2200 1733 cundum
2227 1664 2481 1733 Spiritum
2505 1667 2917 1735 sanctiﬁcationis
2942 1686 3004 1723 ex
3027 1674 3389 1727 resurrectione
3422 1690 3564 1728 mor-

1978 1763 2179 1808 tuorum
2223 1754 2351 1810 Jesu
2400 1755 2588 1810 Christi
2633 1755 2835 1812 Domini
2880 1761 3035 1815 nostri
3082 1761 3259 1831 (Rom.
3288 1780 3326 1829 ι,
3355 1765 3412 1831 5,
3458 1765 3563 1835 4);

1979 1852 2230 1915 tanquam
2258 1845 2327 1902 de
2366 1847 2473 1903 alio
2499 1862 2659 1918 supra
2684 1848 2906 1905 diceret.
2945 1851 3082 1920 Quid
3121 1862 3204 1908 est
3231 1854 3371 1909 enim
3401 1854 3569 1912 Filius

1978 1934 2076 1991 Dei
2104 1937 2508 2007 praedesﬁnatus
2536 1955 2603 1993 ex
2643 1942 3032 1997 resurrectione
3066 1953 3396 1999 mortuorum
3440 1945 3571 2001 Jesu

1979 2027 2208 2096 Christi,
2243 2032 2345 2087 nisi
2382 2031 2623 2101 ejusdem
2650 2031 2775 2087 Jesu
2804 2033 3002 2089 Christi
3041 2035 3129 2105 qui
3160 2038 3571 2106 prmdestinatus

1981 2133 2063 2177 eet
2087 2121 2252 2177 Filius
2282 2123 2375 2178 Dei
2403 2123 2456 2178 in
2483 2125 2716 2179 virtute?
2740 2125 2879 2195 Ergo
2902 2128 3168 2196 quomodo
3204 2129 3289 2184 hic
3320 2146 3440 2185 cum
3468 2145 3568 2185 au-

1980 2214 2230 2280 divimus,
2263 2213 2432 2270 Filius
2453 2214 2548 2269 Dei
2574 2217 2627 2269 in
2656 2217 2836 2271 virtute
2864 2218 2988 2272 Jesu
3018 2217 3228 2289 Christi,
3260 2232 3371 2287 aut,
3400 2220 3571 2276 Filius

1981 2303 2078 2359 Dei
2112 2305 2387 2360 secundum
2434 2305 2685 2375 Spiritum
2726 2309 3141 2377 sanctiﬁcationis
3185 2311 3311 2367 Iesu
3357 2312 3568 2381 Christi,

1983 2404 2108 2465 aut,
2136 2395 2307 2452 Filius
2335 2396 2432 2452 Dei
2460 2415 2523 2453 es;
2546 2402 2910 2455 resurrectione
2932 2412 3248 2458 mortuorum
3272 2404 3399 2460 Iesu
3423 2404 3571 2460 Chri—

1981 2490 2088 2553 sti;
2116 2504 2239 2544 cum
2277 2489 2381 2545 dici
2420 2491 2677 2561 potuisset
2722 2493 2949 2562 usitate,
2983 2493 3040 2549 In
3078 2495 3277 2552 virtute
3302 2511 3421 2563 sua,
3453 2505 3567 2565 aut,

1983 2581 2289 2638 Secundum
2316 2583 2569 2655 Spiritum
2596 2586 3031 2643 sanctiﬁcationis
3060 2604 3188 2655 suae,
3222 2598 3314 2645 aut
3333 2632 3348 2657 ,
3375 2590 3457 2646 Ex
3484 2606 3570 2647 re-

1982 2678 2314 2732 surrectione
2332 2688 2663 2734 mortuorum
2688 2680 2823 2751 ejus,
2853 2682 2935 2737 vel
2960 2693 3288 2739 mortuorum
3316 2700 3568 2753 suorum;

1982 2781 2089 2823 non
2134 2761 2371 2839 cogimur
2408 2770 2706 2841 intelligere
2741 2772 2899 2827 aliam
2928 2788 3210 2843 personam
3232 2816 3247 2842 ,
3277 2775 3373 2833 sed
3408 2793 3570 2833 unam

1984 2861 2356 2933 eamdemque,
2400 2862 2605 2919 scilicet
2645 2863 2767 2919 Filii
2814 2865 2907 2921 Dei
2957 2866 3171 2921 Domini
3217 2869 3388 2923 nostri
3444 2868 3572 2925 Jcsu

1982 2950 2203 3008 Christi.
2254 2954 2332 3010 Ita
2378 2970 2500 3011 eum
2539 2955 2804 3025 audimus,
2854 2956 2995 3013 Fecit
3032 2958 3174 3015 Deus
3212 2961 3465 3018 hominem
3505 2964 3573 3017 ad
3658 3000 3661 3003 -

1985 3039 2253 3115 imaginem
2268 3044 2362 3100 Det
2385 3062 2405 3100 :
2433 3047 2674 3117 quamvis
2696 3056 2877 3117 posset
2905 3050 3149 3106 usitatius
3176 3050 3301 3119 dici,
3328 3053 3409 3108 Ad
3440 3055 3575 3108 ima-

1987 3135 2165 3207 ginem
2210 3152 2393 3203 suam;
2438 3148 2751 3195 nontamen
2801 3141 3039 3212 cogimur
3073 3142 3230 3197 aliam
3289 3158 3570 3214 personam

1985 3229 2282 3302 intelligere
2306 3232 2359 3287 in
2386 3230 2643 3288 Trinitate
2666 3274 2681 3299 ,
2711 3232 2807 3289 sed
2834 3234 3004 3305 ipsam
3031 3250 3194 3291 unam
3220 3236 3573 3309 eamdemque

1984 3321 2320 3391 Trinitatem,
2351 3325 2439 3396 qui
2466 3334 2549 3382 est
2578 3342 2716 3383 unus
2740 3326 2901 3397 Deus,
2929 3336 2982 3383 et
3009 3328 3078 3384 ad
3106 3330 3258 3400 cujus
3284 3331 3569 3401 imaginem

1983 3412 2153 3471 factus
2180 3425 2263 3471 est
2291 3418 2470 3473 homo.

2056 3508 2108 3563 8.
2140 3509 2268 3577 Qum
2288 3524 2409 3564 cum
2431 3509 2501 3564 ita
2523 3512 2650 3578 sint,
2668 3512 2713 3567 si
2726 3512 2966 3568 eamdem
2981 3514 3570 3586 Trinitatisimaginem,

1984 3602 2173 3655 nonin
2220 3617 2359 3665 uno,
2406 3603 2498 3657 sed
2529 3604 2581 3658 in
2625 3605 2795 3661 tribus
2830 3606 3134 3663 hominibus
3179 3612 3567 3679 acceperimus,

1984 3703 2134 3763 patre
2154 3702 2207 3749 et
2234 3702 2404 3749 matre
2425 3704 2479 3749 et
2501 3694 2627 3761 ﬁlio,
2653 3712 2758 3751 non
2785 3708 2901 3752 erat
2928 3714 3056 3769 ergo
3075 3699 3141 3754 ad
3169 3701 3451 3771 imaginem
3474 3703 3569 3758 Dei

1984 3784 2154 3842 faetus
2191 3785 2352 3841 homo
2393 3795 2675 3858 antequam
2707 3804 2842 3843 uxor
2884 3790 2934 3845 ei
2974 3792 3146 3860 ﬁeret,
3190 3802 3244 3847 et
3285 3802 3571 3864 antequam

1983 3875 2149 3932 ﬁlium
2192 3888 2583 3948 pr0pagarent;
2629 3880 2751 3950 quia
2793 3881 3027 3937 nondum
3077 3892 3194 3939 erat
3232 3885 3461 3941 trinitas.
3484 3888 3570 3941 An

1984 3969 2111 4025 dicit
2151 3969 2379 4039 aliquis:
2430 3970 2547 4026 Jam
2592 3971 2802 4027 trinitas
2847 3982 2980 4041 erat,
3030 3975 3152 4046 quia
3202 3977 3302 4032 etsi
3332 3978 3569 4033 nondum

1984 4060 2153 4116 forma
2176 4063 2385 4132 propria
2406 4103 2419 4128 ,
2447 4062 2556 4132 jam
2590 4072 2763 4118 tamen
2794 4065 3033 4136 originali
3065 4076 3249 4122 natura
3285 4078 3339 4124 et
3379 4070 3572 4125 mulier

1985 4164 2101 4211 erat
2129 4156 2180 4211 in
2208 4155 2374 4212 latere
2400 4156 2497 4211 viri
2520 4167 2574 4212 et
2602 4157 2741 4213 ﬁlius
2764 4160 2815 4213 in
2846 4160 3040 4215 lumbis
3060 4162 3261 4231 patris?
3288 4162 3395 4217 Cur
3419 4178 3566 4234 ergo,

1984 4262 2106 4303 cum
2137 4247 2406 4318 Scriptura
2429 4248 2681 4315 dixisset,
2715 4249 2859 4304 Fecit
2889 4250 3028 4306 Deus
3057 4252 3308 4307 hominem
3334 4255 3404 4308 ad
3442 4256 3574 4309 ima-

1984 4340 2149 4410 ginem
2173 4337 2307 4406 Dei;
2335 4342 2606 4395 contexuit
2627 4340 2829 4407 dicens,
2862 4343 3005 4397 Fecit
3030 4342 3167 4398 Deus
3194 4362 3344 4409 eum;
3372 4361 3571 4400 mascu-

1987 4430 2092 4485 lum
2118 4442 2163 4487 et
2184 4433 2421 4501 feminam
2449 4433 2565 4502 fecit
2589 4450 2671 4488 eos
2694 4476 2709 4501 ,
2738 4444 2783 4488 et
2812 4436 3063 4490 benedixit
3084 4454 3168 4491 eos
3193 4436 3344 4507 (Gen.
3374 4453 3393 4492 ι
3417 4478 3432 4503 ,
3460 4438 3530 4493 Ἦ
3551 4479 3569 4507 ,

1984 4522 2111 4592 28)?
2143 4523 2239 4579 Vel
2264 4524 2310 4578 si
2336 4525 2408 4579 ita
2435 4525 2865 4596 distinguendum
2887 4539 2990 4595 est,
3013 4527 3081 4581 Et
3102 4530 3218 4598 fecit
3243 4528 3380 4584 Deus
3406 4531 3571 4584 homi-

1986 4631 2133 4679 nem;
2160 4624 2217 4669 ut
2233 4615 2426 4671 deinde
2444 4616 2719 4684 inferatur,
2752 4619 2819 4671 ad
2843 4620 3111 4691 imaginem
3137 4620 3229 4673 Dei
3250 4622 3368 4693 fecit
3388 4621 3572 4688 illum;

1986 4713 2041 4761 et
2066 4708 2221 4761 tertia
2245 4708 2546 4777 subjunctio
2565 4710 2655 4775 sit,
2684 4690 2962 4765 masculum
2988 4721 3034 4764 et
3056 4690 3297 4782 feminam
3317 4712 3434 4780 fecit
3463 4728 3573 4766 eos.
3609 4690 3627 4705 ’

1987 4798 2213 4867 Quidam
2239 4800 2380 4855 enim
2411 4801 2695 4856 timuerunt
2725 4802 2923 4868 dicere,
2950 4803 3100 4859 Fecit
3123 4820 3244 4858 eum
3274 4804 3571 4858 masculum

1990 4898 2044 4946 et
2063 4890 2311 4945 feminam
2332 4932 2349 4958 ,
2380 4907 2448 4947 ne
2474 4892 2625 4961 quasi
2653 4903 3050 4948 monstruosum
3078 4893 3274 4963 aliquid
3303 4892 3567 4964 intellige-

1988 4992 2157 5051 retur,
2186 4982 2338 5037 sicuti
2366 4991 2489 5038 sunt
2517 4997 2653 5053 quos
2678 4982 3139 5054 hermaphroditos
3174 4996 3366 5037 vocant
3392 5002 3405 5037 :
3447 4999 3571 5039 cum

1988 5074 2148 5129 etiam
2178 5074 2257 5129 sic
2282 5088 2389 5129 non
2417 5074 2747 5130 mendaciter
2767 5076 2934 5145 possit
2962 5074 3181 5144 intelligi
3209 5084 3492 5145 utrumque
3516 5074 3573 5129 in

1990 5181 2213 5221 numero
2237 5168 2511 5239 singulari,
2544 5178 2759 5238 propter
2785 5166 2836 5221 id
2868 5165 3008 5236 quod
3033 5166 3231 5221 dictum
3257 5178 3356 5228 est,
3383 5166 3501 5219 Duo
3520 5168 3575 5221 in

1990 5275 2141 5313 carne
2168 5276 2291 5313 una.
2319 5259 2426 5315 Cur
2461 5274 2588 5329 ergo
2609 5300 2623 5325 ,
2655 5267 2711 5311 ut
2738 5258 2916 5313 dicere
2954 5272 3220 5327 coeperam
3242 5299 3255 5323 ,
3286 5258 3338 5311 in
3385 5269 3574 5311 natura

1990 5351 2221 5407 hominis
2237 5352 2302 5406 ad
2342 5353 2624 5422 imaginem
2652 5350 2745 5404 Dei
2786 5348 2944 5414 facta,
2975 5359 3171 5419 praeter
3197 5350 3491 5404 masculum
3519 5359 3577 5405 et

1990 5441 2242 5498 feminam
2274 5459 2378 5498 non
2406 5450 2788 5498 commemorat
2807 5443 3076 5510 Scriptura
3097 5442 3119 5491 ?
3142 5441 3223 5495 Ad
3247 5441 3570 5510 implendam

1991 5535 2188 5605 quippe
2218 5534 2500 5603 imaginem
2530 5532 2802 5589 Trinitatis
2831 5532 3015 5588 debuit
3051 5531 3250 5588 addere
3278 5543 3332 5587 et
3381 5532 3571 5600 ﬁlium,

1992 5626 2235 5697 quamvis
2258 5624 2434 5680 adhuc
2463 5625 2516 5679 in
2562 5624 2755 5680 lumbis
2803 5626 2970 5696 patris
3019 5625 3391 5693 constitutum,
3439 5624 3580 5679 sicut

2056 5784 2075 5816 ί
2108 5781 2398 5844 PluresMss.
2425 5782 2666 5844 omittunt,
2688 5793 2903 5844 sperans.

2055 5847 2077 5878 ³
2108 5845 2243 5903 Editi,
2265 5841 2318 5893 in
2339 5842 2507 5893 corda.
2549 5852 2605 5893 At.
2643 5841 2771 5905 Mss...
2793 5842 2846 5894 in
2866 5842 3052 5895 corde:
3077 5849 3131 5894 et
3164 5844 3237 5893 sic
3265 5842 3578 5905 Augustinus,

1996 5918 2157 5961 anan.
2179 5908 2231 5956 in
2253 5906 2480 5957 eumdem
2504 5905 2735 5969 psalmum
2758 5906 2840 5957 44.

2762 5990 3299 6073 (Trente—deux.)
