4076 6512
488 426 632 485 1003

486 544 681 600 mulier
705 549 822 597 erat
858 541 912 596 in
932 541 1120 597 latere.
1151 539 1235 593 An
1259 539 1397 592 forte
1421 537 1532 606 jam
1553 535 1694 591 facta
1719 543 1837 592 erat
1860 544 1915 590 et
1951 550 2070 589 mu-

422 633 434 639 ”
483 639 618 703 lier;
650 644 705 692 et
725 636 995 705 Scriptura
1040 632 1189 689 brevi
1226 632 1607 701 complexione
1653 630 2067 694 constrinxerat,

486 730 629 802 quod
663 738 847 801 postea
887 724 1338 797 quemadmodum
1382 724 1450 779 sit
1494 724 1713 789 factum,
1766 722 2071 793 diligentius

484 824 810 895 explicaret;
834 827 888 875 et
920 827 1207 890 propterea
1230 816 1371 873 ﬁlius
1396 815 1808 873 commemorari
1838 830 1944 870 non
1973 828 2070 884 po-

480 917 604 984 tuit,
632 916 755 986 quia
784 912 1021 968 nondum
1070 920 1186 968 erat
1218 910 1408 966 natus?
1433 910 1584 980 quasi
1613 917 1667 964 et
1703 908 1805 963 hoc
1833 923 1941 963 non
1976 922 2070 977 po-

481 1014 625 1062 terat
675 1019 740 1061 ea
785 1003 1045 1060 brevitate
1078 1002 1362 1072 complecti
1405 1001 1632 1071 Spiritus
1682 1008 1921 1068 sanctus,
1968 1014 2069 1055 suo

480 1099 601 1155 loco
627 1104 814 1169 postea
837 1105 1019 1153 uatum
1049 1096 1214 1152 ﬁlium
1246 1104 1582 1160 narraturus,
1613 1095 1751 1149 sicut
1789 1094 2066 1149 mulierem

481 1192 550 1250 de
574 1192 673 1248 viri
702 1194 868 1249 latere
911 1201 1238 1261 assumptam
1282 1206 1381 1247 suo
1404 1191 1743 1262 postmodum
1774 1192 1894 1247 loco
1940 1204 2068 1245 nar-

476 1286 617 1341 ravit
650 1282 805 1356 (Gen.
834 1301 893 1351 n,
920 1285 1010 1351 24,
1040 1283 1162 1357 22),
1202 1292 1256 1341 el
1296 1293 1470 1339 tamen
1510 1284 1598 1339 hic
1620 1299 1739 1339 eam
1791 1282 2070 1338 nominare

480 1393 591 1435 non
612 1378 979 1449 pratermisit.

550 1470 779 1527 CAPUT
819 1470 1022 1525 Vll.-—
1051 1470 1105 1525 9.
1163 1470 1331 1524 Homo
1391 1471 1558 1539 imago
1602 1468 1719 1535 Dei,
1792 1469 2065 1539 quomodo.

482 1562 667 1617 Annon
693 1571 739 1617 et
759 1563 941 1617 mulier
966 1564 1134 1634 imago
1159 1562 1274 1615 Dei.
1307 1561 1512 1615 Dictum
1533 1560 1783 1632 Apostoli,
1816 1560 1952 1631 quod
1991 1561 2070 1614 vir

475 1655 645 1726 imago
672 1654 769 1709 Dei
791 1656 877 1722 sit,
909 1655 1091 1708 mulier
1117 1665 1283 1707 autem
1311 1654 1480 1724 gloria
1517 1654 1633 1715 viri,
1657 1653 1907 1723 quomodo
1930 1653 2066 1723 ﬁgu-

473 1756 586 1801 rate
613 1764 674 1801 ac
696 1748 904 1819 mystice
931 1747 1333 1818 intelligendum.
1361 1746 1476 1801 Non
1506 1746 1685 1816 itaque
1712 1747 1779 1800 ita
1808 1746 2068 1800 debemus

476 1840 784 1911 intelligere
834 1842 1103 1896 hominem
1149 1841 1343 1895 factum
1397 1840 1463 1895 ad
1512 1840 1794 1909 imaginem
1844 1856 2069 1895 summae

475 1933 773 2002 Trinitatis,
808 1935 911 1991 hoc
936 1946 1018 1991 est
1045 1936 1111 1989 ad
1136 1935 1419 2006 imaginem
1452 1937 1564 2001 Dei,
1603 1944 1661 1990 ut
1684 1936 1873 1991 eadem
1894 1935 2069 2004 imago

473 2026 533 2081 in
578 2027 749 2082 tribus
801 2027 1127 2097 intelligatur
1187 2029 1491 2083 hominibus
1527 2044 1540 2079 :
1578 2029 1873 2097 praesertim
1945 2043 2066 2083 cum

476 2122 769 2191 Apostolus
792 2120 965 2175 virum
1016 2121 1159 2176 dicat
1200 2135 1319 2176 esse
1366 2121 1652 2191 imaginem
1700 2121 1817 2187 Dei,
1845 2131 1899 2175 et
1938 2136 2067 2188 pro-

474 2220 663 2282 pterea
719 2213 1076 2267 velamentum
1126 2212 1173 2267 ei
1224 2212 1413 2282 capitis
1442 2212 1644 2279 demat,
1671 2211 1812 2281 quod
1856 2211 2067 2267 mulieri

473 2304 834 2359 adhibendum
893 2312 1094 2369 monet,
1151 2304 1225 2358 ita
1279 2304 1550 2374 loquens:
1590 2300 1684 2359 Vir
1720 2303 1922 2375 quidem
1966 2320 2067 2358 non

477 2396 619 2451 debet
644 2396 808 2450 velare
831 2406 1004 2467 caput,
1029 2412 1143 2450 cum
1172 2397 1236 2451 sit
1262 2397 1430 2467 imago
1458 2405 1505 2449 et
1529 2394 1694 2467 gloria
1730 2394 1846 2450 Dei.
1879 2395 2070 2449 Mulier

477 2496 647 2542 autem
674 2488 836 2558 gloria
862 2488 957 2542 viri
976 2498 1069 2541 est.
1100 2487 1237 2556 Quid
1264 2503 1393 2558 ergo
1434 2488 1676 2543 dicemus
1714 2486 1779 2542 ad
1807 2487 1961 2541 haec?
2010 2486 2068 2543 Si

472 2594 575 2650 pro
601 2594 695 2634 sua
728 2594 955 2650 persona
987 2580 1179 2635 mulier
1222 2579 1481 2649 adimplet
1522 2580 1804 2650 imaginem
1838 2579 2070 2634 Trinita-

473 2674 566 2740 tis,
597 2688 694 2728 cur
710 2688 774 2729 ea
814 2672 1051 2729 detracta
1094 2673 1162 2728 de
1213 2674 1378 2728 latere
1420 2673 1520 2727 viri
1549 2672 1726 2728 adhuc
1770 2674 1858 2727 ille
1893 2673 2071 2743 imago

373 2778 376 2781 '
472 2765 709 2822 dicitur?
737 2768 841 2821 Aut
865 2768 910 2821 si
938 2775 994 2823 et
1018 2782 1121 2821 una
1151 2782 1380 2837 persona
1406 2767 1639 2822 hominis
1678 2782 1742 2823 ex
1771 2766 1941 2821 tribus
1967 2782 2061 2837 po-

472 2864 581 2913 test
600 2857 704 2912 dici
732 2859 904 2930 imago
936 2859 1047 2924 Dei,
1079 2860 1218 2914 sicut
1254 2862 1306 2914 in
1332 2860 1448 2931 ipsa
1472 2874 1681 2914 summa
1706 2860 1985 2927 Trinitate,
2014 2869 2069 2915 et

473 2964 810 3019 unaauaeque
841 2965 1070 3019 persona
1100 2951 1242 3005 Deus
1283 2961 1387 3018 est,
1419 2966 1515 3006 cur
1555 2960 1611 3007 et
1632 2952 1823 3007 mulier
1850 2968 1956 3006 non
1986 2961 2069 3007 est

472 3053 653 3110 imago
678 3038 811 3093 Dei?
837 3038 969 3094 Nam
999 3048 1052 3094 et
1082 3048 1365 3110 propterea
1400 3049 1561 3110 caput
1608 3039 1787 3094 velare
1824 3040 2066 3110 principi-

474 3136 584 3197 tur,
617 3131 761 3199 quod
792 3132 880 3187 ille
907 3132 1031 3201 quia
1081 3132 1257 3203 imago
1282 3134 1375 3189 Dei
1398 3143 1481 3189 est
1516 3133 1828 3203 prohibetur
1853 3132 1917 3206 (Ι
1944 3132 2065 3189 Cor.

473 3239 550 3290 ιι,
578 3226 629 3290 7,
658 3222 736 3295 5).

548 3316 636 3371 10.
668 3317 773 3371 Sed
796 3317 1085 3373 videndum
1112 3327 1194 3374 est
1214 3320 1485 3390 quomodo
1507 3335 1613 3375 non
1645 3321 1715 3375 sit
1739 3321 2065 3376 contrarium

474 3406 619 3477 quod
644 3406 774 3461 dicit
800 3410 1112 3477 Apostolus,
1144 3424 1251 3464 non
1276 3410 1580 3479 mulierem,
1614 3411 1709 3467 sed
1740 3411 1913 3466 virum
1947 3426 2069 3467 esse

474 3496 760 3567 imaginem
814 3498 928 3564 Dei,
982 3499 1105 3553 huic
1154 3500 1295 3569 quod
1344 3500 1598 3569 scriptum
1635 3509 1719 3555 est
1760 3501 1811 3554 in
1843 3500 2061 3569 Genesi,

474 3587 619 3641 Fecit
642 3587 783 3642 Deus
812 3589 1086 3658 hominem,
1118 3592 1187 3645 ad
1210 3593 1483 3662 imaginem
1514 3592 1605 3646 Dei
1625 3594 1741 3663 fecit
1770 3611 1920 3661 eum;
1947 3610 2066 3648 ma-

470 3680 670 3733 sculum
693 3689 743 3734 et
768 3682 1009 3751 feminam
1029 3684 1146 3753 fecit
1176 3700 1282 3750 eos,
1325 3693 1369 3738 et
1398 3685 1649 3739 benedixit
1670 3702 1771 3739 eos.
1804 3686 1887 3741 Ad
1924 3687 2063 3742 ima-

470 3769 649 3841 ginem
681 3771 775 3825 Dei
821 3772 1015 3842 quippe
1055 3782 1298 3828 naturam
1338 3776 1509 3845 ipsam
1548 3776 1835 3831 humanam
1871 3777 2066 3833 factam

388 3892 391 3897 -
471 3862 621 3931 dicit,
673 3880 793 3935 qua:
840 3880 972 3921 sexu
1016 3875 1243 3938 utroque
1270 3870 1589 3938 completur,
1624 3885 1724 3925 nec
1766 3870 1835 3924 ab
1863 3872 2063 3928 intelli-

469 3954 644 4025 genda
665 3956 895 4027 imagine
923 3956 1017 4013 Dei
1045 3968 1256 4029 separat
1282 3958 1553 4015 feminam.
1574 3961 1727 4017 Dicto
1756 3964 1897 4017 enim
1920 3965 2064 4033 quod

467 4045 597 4102 fecit
651 4048 792 4102 Deus
843 4049 1114 4105 hominem
1144 4052 1209 4105 ad
1251 4053 1538 4121 imaginem
1586 4053 1703 4120 Dei,
1737 4053 1882 4108 Fecit
1923 4072 2060 4126 eum,

470 4136 663 4207 inquit,
715 4142 998 4194 masculum
1042 4151 1088 4195 et
1117 4145 1356 4213 feminam
1386 4159 1405 4198 :
1436 4144 1519 4199 vel
1549 4154 1696 4201 certe
1733 4148 1833 4201 alia
1873 4147 2063 4202 distin-

470 4232 669 4300 ctione,
700 4235 983 4289 masculum
1013 4244 1060 4288 et
1088 4237 1329 4306 feminam
1358 4238 1475 4308 fecit
1501 4254 1605 4292 eos.
1634 4239 1914 4306 Quomodo
1934 4256 2063 4312 ergo

467 4339 569 4396 per
593 4326 909 4394 Apostolum
955 4326 1252 4381 audivimus
1295 4330 1467 4383 virum
1489 4345 1609 4387 esse
1631 4333 1912 4403 imaginem
1944 4335 2058 4401 Dei,

470 4417 617 4472 unde
645 4426 806 4487 caput
845 4418 1022 4473 velare
1049 4418 1381 4487 prohibetur,
1412 4423 1691 4479 mulierem
1720 4435 1895 4480 autem
1928 4440 2056 4494 non,

468 4516 531 4567 et
558 4509 679 4565 ideo
706 4510 821 4579 ipsa
863 4509 964 4565 hoc
1020 4510 1195 4566 facere
1223 4512 1473 4582 jubetur?
1520 4516 1641 4584 nisi,
1701 4518 1883 4584 credo,
1929 4518 2061 4573 illud

426 4672 450 4695 .
478 4603 625 4675 quod
648 4603 758 4674 jam
786 4604 896 4658 dixi
919 4606 960 4671 ⁸,
991 4619 1114 4660 cum
1142 4605 1213 4660 de
1240 4616 1427 4662 natura
1452 4610 1696 4664 humana:
1716 4614 1911 4667 mentis
1934 4628 2060 4685 age-

470 4710 612 4764 rem,
639 4696 916 4752 mulierem
941 4712 1065 4752 cum
1103 4714 1218 4753 Vtro
1243 4714 1343 4755 suo
1383 4716 1503 4757 esse
1543 4703 1826 4773 imaginem
1859 4706 1972 4772 Dei,
2005 4717 2061 4763 ut

467 4804 578 4846 una
625 4790 803 4861 imago
831 4791 902 4846 sit
944 4800 1052 4847 tota
1096 4792 1185 4847 illa
1237 4794 1534 4851 substantia
1568 4814 1582 4850 :
1614 4813 1735 4852 cum
1780 4808 1959 4856 autem
1989 4801 2057 4857 ad

466 4881 791 4954 adjutorium
824 4882 1179 4951 distribuitur,
1230 4886 1373 4955 quod
1409 4887 1477 4941 ad
1526 4902 1643 4943 eam
1688 4890 1860 4958 ipsam
1885 4892 2055 4958 solam

464 4975 676 5042 attinet,
709 4990 817 5030 non
863 4985 949 5032 est
994 4976 1172 5047 imago
1219 4977 1342 5043 Dei;
1390 4979 1531 5048 quod
1557 4956 1732 5035 autem
1763 4983 1829 5037 ad
1879 4956 2054 5040 virum

465 5065 642 5121 solum
669 5068 878 5134 attinet,
902 5068 1079 5139 imago
1110 5069 1203 5123 Dei
1247 5078 1349 5136 est,
1380 5079 1487 5125 tam
1515 5072 1672 5140 plena
1721 5082 1878 5145 atque
1916 5078 2056 5134 inte-

465 5173 585 5231 gra,
615 5175 775 5230 quam
796 5161 851 5215 in
870 5175 1037 5216 unum
1076 5161 1360 5231 conjuncta
1386 5164 1629 5219 muliere.
1672 5166 1819 5223 Sicut
1848 5169 1915 5224 de
1960 5186 2057 5224 na-

462 5258 584 5305 tura
616 5251 862 5307 humanae
908 5255 1103 5310 mentis
1153 5255 1403 5321 diximus,
1454 5258 1574 5327 quia
1605 5269 1659 5314 et
1700 5262 1743 5315 si
1778 5271 1884 5318 tota
1927 5278 2056 5319 con-

465 5343 756 5413 templetur
794 5345 1095 5414 veritatem,
1131 5346 1308 5418 imago
1349 5348 1443 5403 Dei
1484 5358 1594 5416 est;
1641 5361 1695 5405 et
1737 5368 1856 5407 cum
1897 5371 1962 5411 ex
1987 5372 2050 5412 ea

466 5433 806 5491 distribuitur
845 5437 1067 5508 aliquid,
1096 5448 1152 5495 et
1180 5439 1407 5510 quadam
1453 5442 1753 5499 intentione
1780 5445 2055 5503 derivatur

461 5524 532 5580 ad
557 5525 825 5583 actionem
876 5543 1057 5585 rerum
1119 5531 1514 5601 temporalium,
1592 5534 1939 5593 nihilominus
1979 5552 2049 5593 ex

360 5684 369 5691 _
460 5634 564 5690 qua
590 5629 744 5690 parte
769 5632 1110 5694 conspectam
1141 5626 1372 5680 consulit
1407 5626 1707 5696 veritatem,
1760 5631 1935 5703 imago
1958 5634 2049 5688 Dei

457 5720 573 5777 est;
600 5726 667 5766 ex
696 5728 798 5783 qua
828 5729 956 5771 vero
976 5715 1270 5771 intenditur
1308 5716 1361 5770 in
1389 5718 1594 5787 agenda
1620 5719 1895 5791 inferiora,
1937 5740 2046 5781 non

454 5847 555 5961 iw;
576 5847 711 5961 ἓξὲξ
730 5848 981 5959 ιειιὴιιιεεὶ.
1007 5856 1129 5901 ven.
1159 5857 1289 5913 bov.,
1314 5850 1409 5904 nisi
1430 5854 1579 5904 credo
1614 5856 1738 5908 ittua'
1774 5870 1877 5911 esse
1919 5866 2048 5925 quod

1555 421 1643 477 DE
1683 420 2073 486 TRlNlTATE,
2114 419 2174 476 S.
2217 420 2584 480 AUGUSTINI

3631 429 3770 488 im

2183 542 2266 591 est
2290 535 2464 605 imago
2503 536 2617 593 Dei.
2646 536 2713 592 Et
2737 536 2989 608 quoniam
3034 546 3525 610 quantumcumque
3570 555 3634 596 se
3675 556 3770 597 ex-

2180 628 2408 683 tenderit
2437 630 2491 684 in
2524 630 2573 685 id
2611 631 2751 701 quod
2782 639 3044 686 aeternum
3082 640 3190 699 est,
3227 639 3376 688 tanto
3425 649 3596 704 magis
3641 633 3767 690 inde

2177 719 2438 777 formatur
2479 723 2546 778 ad
2577 724 2857 794 imaginem
2888 725 3005 789 Dei,
3034 733 3091 780 et
3120 734 3399 796 propterea
3420 742 3527 782 non
3558 736 3644 782 est
3660 745 3762 782 co-

2177 811 2431 882 hibenda,
2466 824 2523 870 ut
2548 830 2607 870 se
2651 816 2774 871 inde
2799 818 3071 873 contineat
3108 833 3173 872 ac
3220 828 3499 889 temperet;
3528 820 3649 875 ideo
3691 822 3771 875 vir

2176 923 2282 963 non
2308 908 2466 966 debet
2504 910 2680 967 velare
2721 921 2901 980 caput.
2936 911 3070 980 Quia
3106 927 3235 968 vero
3279 913 3356 968 illi
3398 914 3646 968 rationali
3679 929 3771 969 ac-

2177 1001 2306 1057 tioni
2364 1019 2487 1073 qua:
2534 1004 2585 1059 in
2642 1005 2803 1061 rebus
2842 1006 3211 1076 corporalibus
3279 1007 3767 1077 temporalihusque

2176 1106 2437 1163 versatur,
2470 1098 2768 1166 periculosa
2798 1106 2883 1154 est
2902 1098 3066 1153 nimia
3086 1099 3139 1153 in
3163 1097 3415 1154 inferiora
3438 1100 3763 1169 progressio;

2174 1188 2330 1243 debet
2360 1189 2557 1245 habere
2595 1198 2912 1259 potestatem
2958 1205 3121 1262 super
3158 1200 3337 1261 caput,
3387 1191 3526 1261 quod
3571 1191 3771 1245 indicat

2175 1281 2532 1336 velamentum
2558 1297 2666 1352 quo
2694 1283 3026 1353 signiﬁcatur
3072 1299 3192 1340 esse
3231 1284 3552 1340 cohibenda.
3601 1284 3767 1339 Grata

2173 1383 2255 1430 est
2274 1376 2415 1430 enim
2444 1377 2645 1431 sanctis
2687 1377 2904 1447 Angelis
2946 1389 3156 1433 sacrata
3184 1386 3241 1432 et
3288 1377 3373 1447 pia
3421 1375 3764 1447 signiﬁcatio.

2172 1466 2306 1522 Nam
2335 1468 2477 1523 Deus
2502 1482 2608 1523 non
2633 1468 2699 1524 ad
2724 1478 2934 1538 tempus
2954 1469 3118 1533 videt,
3147 1484 3247 1523 nec
3296 1468 3495 1538 aliquid
3538 1468 3664 1522 novi
3706 1467 3769 1522 ﬁt

2174 1558 2227 1612 in
2256 1559 2373 1628 ejus
2396 1559 2601 1614 visione
2630 1570 2787 1629 atque
2823 1561 3066 1627 scientia,
3096 1575 3221 1615 cum
3251 1560 3455 1629 aliquid
3494 1570 3768 1630 tempora-

2173 1649 2295 1704 liter
2314 1666 2375 1703 ac
2407 1651 2713 1706 trausitorie
2740 1652 2965 1721 geritur,
2988 1653 3128 1707 sicut
3163 1651 3287 1706 inde
3310 1651 3617 1707 afﬁciuntur
3641 1666 3767 1708 sen-

2174 1756 2266 1795 sus
2290 1742 2375 1796 vel
2422 1743 2662 1797 carnales
2701 1744 3012 1799 animalium
3050 1754 3106 1799 et
3126 1744 3426 1813 hominum,
3478 1744 3562 1800 vel
3597 1749 3763 1803 etiam

2173 1834 2421 1889 etelestes
2441 1835 2787 1904 Angelorum.

2245 1929 2332 1982 11.
2362 1928 2415 1982 ln
2447 1929 2548 1983 isto
2573 1928 2769 1999 quippe
2796 1928 3079 1983 manifesto
3113 1943 3252 1983 sexu
3278 1928 3496 1984 masculi
3524 1937 3578 1984 et
3602 1927 3765 1983 femi-

2174 2035 2257 2075 na:
2282 2022 2553 2089 apostolus
2574 2020 2769 2075 Paulus
2798 2021 3100 2076 occultioris
3126 2020 3401 2091 cujusdam
3429 2021 3507 2076 rei
3535 2020 3763 2091 ﬁguras—

2173 2128 2231 2169 sc
2257 2114 2609 2186 mysterium,
2656 2116 2737 2169 vel
2781 2114 2909 2169 hinc
2951 2114 3175 2184 intelligi
3217 2124 3430 2183 potest,
3470 2114 3615 2185 quod
3643 2130 3765 2169 cum

2174 2205 2277 2259 alio
2316 2206 2434 2261 loco
2480 2206 2654 2272 dicat,
2688 2222 2868 2261 veram
2898 2206 3113 2260 viduam
3140 2221 3260 2261 esse
3285 2206 3579 2261 desolatam
3606 2247 3619 2271 ,
3652 2207 3769 2261 sine

2175 2299 2295 2355 ﬁliis
2324 2309 2379 2355 et
2410 2300 2724 2369 nepotibus,
2770 2309 2825 2355 et
2871 2309 3049 2354 tamen
3081 2315 3199 2355 eam
3228 2314 3448 2369 sperare
3486 2298 3683 2353 debere
3712 2299 3765 2351 in

2174 2392 2459 2448 Dominum
2485 2436 2500 2459 ,
2539 2402 2592 2448 et
2622 2394 2909 2464 persistere
2940 2394 2993 2447 in
3022 2392 3355 2448 orationibus
3400 2401 3554 2448 nocte
3589 2402 3643 2448 et
3678 2392 3769 2447 die

2177 2486 2383 2559 (lTim.
2402 2504 2455 2554 v,
2486 2487 2544 2559 5)
2571 2529 2584 2550 ,
2610 2487 2695 2541 hic
2724 2486 2923 2541 indicat
2947 2486 3225 2541 mulierem
3252 2485 3523 2540 seductam
3552 2486 3602 2539 in
3628 2501 3769 2555 pra:-

2175 2580 2502 2635 varicatione
2544 2579 2764 2642 factam,
2811 2578 3012 2633 salvam
3042 2578 3156 2633 ﬁeri
3187 2594 3284 2648 per
3318 2577 3546 2633 ﬁliorum
3596 2592 3760 2649 gene-

2174 2672 2466 2729 rationem:
2498 2681 2552 2726 et
2575 2671 2795 2735 addidit,
2821 2672 2865 2724 si
2905 2670 3270 2741 permanserint
3318 2672 3371 2724 in
3399 2671 3502 2739 ﬁde
3522 2713 3537 2736 ,
3561 2680 3608 2725 et
3636 2670 3765 2726 dile-

2175 2767 2368 2831 ctione,
2408 2774 2453 2819 et
2496 2764 2897 2833 sanctiﬁcatione
2928 2779 3042 2816 cum
3073 2763 3341 2816 sobrietate
3371 2761 3487 2833 (Id.
3537 2778 3606 2828 ιι,
3640 2764 3707 2819 15
3725 2763 3768 2835 ).

2174 2856 2333 2924 Quasi
2364 2872 2492 2911 vero
2516 2857 2683 2925 possit
2710 2855 2903 2911 obesse
2928 2855 3083 2910 honre
3103 2854 3299 2921 viduae,
3320 2855 3367 2910 si
3388 2855 3473 2909 vel
3502 2854 3640 2909 ﬁlios
3662 2870 3769 2910 non

2175 2949 2450 3016 habuerit,
2474 2950 2553 3004 vel
2582 2949 2618 3003 ii
2645 2964 2777 3019 quos
2808 2948 3073 3016 habuerit,
3096 2947 3151 3003 in
3182 2948 3335 3003 bonis
3361 2948 3611 3018 operibus
3642 2964 3769 3019 per~

2174 3055 2395 3097 manere
2422 3041 2717 3096 noluerint.
2762 3040 2870 3096 Sed
2912 3041 3037 3111 quia
3079 3056 3142 3097 ea
3178 3056 3298 3111 qua:
3326 3041 3575 3097 dicuntur
3604 3057 3768 3112 opera

2173 3132 2352 3200 bona,
2397 3143 2646 3203 tauquam
2694 3133 2788 3186 ﬁlii
2836 3142 2961 3187 sunt
3010 3132 3136 3186 vitae
3179 3142 3419 3200 nostras,
3472 3133 3768 3190 secundum

2126 3302 2131 3307 ,
2174 3243 2334 3298 quam
2365 3228 2619 3297 quaeritur
2646 3226 2798 3296 cujus
2827 3227 2950 3281 vita
2995 3226 3065 3280 sit
3108 3226 3365 3296 quisque,
3403 3225 3456 3280 id
3484 3235 3598 3291 est,
3628 3242 3767 3297 quo-

2173 3319 2334 3375 modo
2363 3329 2481 3389 agat
2524 3319 2638 3374 hmc
2684 3318 2993 3388 temporalia
3017 3361 3031 3385 ,
3077 3333 3234 3389 quam
3260 3320 3423 3373 vitam
3451 3318 3624 3374 Graeci
3660 3335 3767 3375 non

2171 3424 2330 3479 ζωήν,
2361 3412 2452 3466 sed
2487 3421 2594 3482 βίω
2615 3420 2836 3477 vocant;
2866 3420 2919 3466 et
2949 3410 3064 3466 haec
3093 3427 3255 3481 opera
3285 3412 3421 3466 bona
3454 3412 3687 3468 maxime
3714 3414 3766 3467 in

2173 3504 2366 3560 ofﬁciis
2394 3503 2773 3558 misericordim
2823 3503 3145 3574 frequentari
3187 3505 3394 3569 solent;
3436 3521 3601 3574 opera
3640 3520 3768 3561 vero

2172 3599 2551 3654 misericordiae
2580 3598 2710 3652 nihil
2740 3608 2995 3669 prosunt,
3024 3599 3139 3655 sive
3166 3600 3410 3669 Paganis,
3432 3602 3547 3655 sive
3564 3599 3767 3655 Judaeis

2174 3692 2261 3762 qui
2290 3692 2505 3747 Christo
2534 3708 2639 3746 non
2671 3692 2931 3758 credunt,
2961 3693 3075 3748 sive
3104 3693 3526 3764 quibuscumque
3549 3695 3765 3750 hereti-

2172 3783 2251 3837 cis
2300 3783 2383 3836 vel
2427 3783 2780 3838 schismaticis
2830 3784 2918 3838 ubi
2972 3784 3105 3839 ﬁdes
3128 3793 3187 3839 et
3228 3784 3444 3839 dilectio
3486 3794 3541 3839 et
3585 3785 3765 3840 sobria

2171 3877 2518 3933 sanctiﬁcatio
2564 3891 2671 3931 non
2722 3876 2991 3931 invenitur
3033 3894 3046 3929 :
3111 3876 3449 3932 manifestum
3497 3886 3582 3932 est
3638 3876 3764 3948 quid

2172 3970 2460 4039 Apostolus
2486 3968 2791 4039 signiﬁcare
2852 3968 3113 4034 voluerit;
3143 3969 3265 4025 ideo
3294 3969 3517 4039 ﬁgurate
3544 3984 3609 4024 ac
3646 3984 3763 4042 my-

2170 4062 2334 4127 stice,
2359 4062 2482 4131 quia
2526 4061 2594 4116 de
2636 4060 2863 4116 velando
2908 4061 3151 4117 mulieris
3197 4062 3371 4133 capite
3413 4062 3760 4131 loquebatur,

2172 4154 2314 4225 quod
2340 4155 2440 4209 nisi
2469 4154 2535 4209 ad
2562 4154 2778 4224 aliquod
2803 4163 3071 4211 secretum
3111 4156 3429 4211 sacramenti
3459 4155 3760 4224 referatur,

2170 4249 2328 4303 inane
2354 4248 2673 4303 remanebit.

2243 4340 2330 4393 12.
2361 4339 2509 4393 Sicut
2549 4339 2692 4394 enim
2722 4354 2828 4394 non
2871 4339 3045 4395 solum
3085 4340 3432 4396 veracissima
3456 4340 3618 4406 ratio,
3659 4339 3760 4397 sed

2170 4432 2331 4488 etiam
2358 4432 2521 4501 ipsius
2544 4433 2783 4501 Apostoli
2812 4432 3051 4489 declarat
3073 4436 3363 4490 auctoritas
3384 4477 3399 4503 ,
3430 4450 3534 4488 non
3559 4448 3761 4489 secuno

2169 4525 2294 4580 dum
2341 4523 2565 4579 formam
2597 4526 2838 4596 corporis
2868 4525 3029 4580 homo
3058 4527 3229 4581 factus
3268 4536 3350 4581 est
3375 4527 3441 4581 ad
3474 4528 3760 4597 imaginem

2167 4620 2304 4688 Dei,
2344 4620 2439 4675 sed
2478 4621 2773 4676 secundum
2822 4621 3138 4675 rationalem
3189 4630 3445 4676 mentem.
3493 4619 3764 4691 Cogitatio

2168 4694 2363 4783 quippe
2390 4713 2617 4782 turpiter
2640 4728 2775 4767 vana
2802 4723 2914 4779 est,
2944 4729 3063 4783 qua:
3109 4713 3360 4782 opinatur
3386 4713 3551 4768 Deum
3582 4727 3760 4767 mem-

2166 4805 2385 4861 brorum
2425 4804 2781 4875 corporalium
2828 4804 3162 4859 lineamentis
3203 4804 3568 4860 circumscribi
3600 4815 3762 4873 atque

2165 4898 2331 4952 ﬁniri.
2384 4896 2550 4951 Porro
2579 4905 2755 4951 autem
2786 4911 2962 4952 nonne
2991 4897 3131 4951 idem
3161 4897 3349 4952 beatus
3372 4897 3649 4965 apostolus
3679 4896 3764 4950 di-

2165 4992 2259 5059 cit,
2284 4991 2616 5046 Renovamini
2638 4992 2820 5061 spiritu
2845 4994 3025 5046 mentis
3045 5002 3222 5047 vestra:
3242 5034 3258 5059 ,
3286 5002 3334 5047 et
3356 4992 3551 5046 induite
3573 5008 3762 5046 novum

2166 5087 2419 5141 hominem
2437 5129 2450 5151 ,
2477 5104 2587 5141 cum
2612 5088 2699 5157 qui
2725 5087 2999 5142 secundum
3019 5087 3186 5141 Deum
3217 5097 3414 5141 creatus
3435 5097 3507 5141 est
3530 5087 3755 5158 (Ephes.

2164 5193 2217 5234 IV
2240 5222 2255 5244 ,
2296 5179 2368 5235 25
2391 5221 2404 5243 ,
2436 5180 2506 5234 24
2524 5179 2566 5249 );
2598 5187 2651 5234 et
2677 5179 2801 5234 alibi
2823 5180 3088 5249 apertius,
3129 5179 3383 5233 Exuentes
3404 5196 3520 5247 vos,
3548 5180 3719 5249 inquit
3742 5222 3759 5245 ,

2162 5280 2375 5325 veterem
2404 5272 2655 5324 hominem
2680 5287 2794 5325 cum
2837 5271 3028 5325 actibus
3054 5272 3162 5344 ejus
3183 5313 3196 5337 ,
3243 5271 3438 5325 induite
3461 5288 3647 5325 novum
3674 5274 3764 5341 qui

2162 5372 2429 5417 renovatur
2468 5363 2522 5416 in
2568 5362 2873 5433 agnitionem
2894 5360 2991 5416 Dei
3028 5363 3302 5417 secundum
3335 5363 3607 5434 imaginem
3647 5364 3765 5433 ejus

2161 5454 2248 5525 qui
2288 5455 2473 5509 creavit
2507 5471 2619 5508 eum
2653 5452 2886 5525 (Coloss.
2912 5470 2997 5520 Ill,
3021 5452 3054 5509 9
3075 5495 3090 5520 ,
3127 5452 3278 5526 l0)?
3324 5454 3381 5510 Si
3407 5470 3534 5525 ergo
3560 5456 3761 5525 spiritu

2161 5547 2357 5602 mentis
2397 5556 2594 5602 nostra:
2640 5561 2961 5601 renovamur
2982 5588 2996 5615 ,
3039 5555 3093 5602 et
3138 5547 3255 5617 ipse
3285 5556 3369 5603 est
3391 5563 3562 5603 novus
3589 5547 3763 5605 homo

2160 5643 2251 5713 qui
2271 5651 2558 5698 renovatur
2584 5642 2636 5695 in
2667 5640 2989 5710 agnitionem
3020 5640 3115 5695 Dei
3140 5639 3435 5696 secundum
3465 5640 3761 5712 imaginem

2160 5733 2277 5802 ejus
2304 5735 2393 5803 qui
2422 5733 2623 5787 creavit
2649 5747 2774 5787 eum
2798 5748 2813 5799 ;
2854 5733 2983 5787 nulli
3011 5732 3231 5788 dubium
3260 5741 3375 5799 est,
3424 5747 3529 5787 non
3558 5748 3761 5790 secun-

2157 5827 2285 5881 dum
2308 5839 2530 5895 corpus,
2575 5839 2746 5895 neque
2779 5825 3072 5881 secundum
3101 5824 3393 5896 quamlibet
3429 5825 3593 5880 animi
3622 5841 3755 5894 par-

2156 5930 2265 5978 tem
2292 5964 2307 5991 ,
2338 5921 2434 5979 sed
2460 5920 2753 5979 secundum
2789 5923 3102 5981 rationalem
3136 5928 3405 5993 mentem,
3455 5919 3545 5978 ubi
3569 5926 3763 5991 patcst
