  <div class='ocr_page' id='page_1' title='image "/cluster/home/n/w/nwhite01/storage/ocr_20150623/42/hvd.32044015471493/508.png"; bbox 0 0 4076 6492; ppageno 0'>
   <div class='ocr_carea' id='block_1_1' title="bbox 341 401 484 470">
    <p class='ocr_par' dir='ltr' id='par_1_1' title="bbox 341 401 484 470">
     <span class='ocr_line' id='line_1_1' title="bbox 341 401 484 470; baseline 0 -1"><span class='ocrx_word' id='word_1_1' title='bbox 341 401 484 470; x_wconf 67' lang='grc'><strong>1005</strong></span> 
     </span>
    </p>
   </div>
   <div class='ocr_carea' id='block_1_2' title="bbox 339 511 1936 593">
    <p class='ocr_par' dir='ltr' id='par_1_2' title="bbox 339 511 1936 593">
     <span class='ocr_line' id='line_1_2' title="bbox 339 511 1936 593; baseline -0.008 -9"><span class='ocrx_word' id='word_1_2' title='bbox 339 540 460 584; x_wconf 86' lang='lat' dir='ltr'><strong>esse</strong></span> <span class='ocrx_word' id='word_1_3' title='bbox 485 523 685 593; x_wconf 75' lang='lat' dir='ltr'><strong>agnitio</strong></span> <span class='ocrx_word' id='word_1_4' title='bbox 709 520 834 592; x_wconf 85' lang='lat' dir='ltr'><strong>Dei,</strong></span> <span class='ocrx_word' id='word_1_5' title='bbox 859 517 1131 578; x_wconf 80' lang='lat' dir='ltr'><strong>hominem</strong></span> <span class='ocrx_word' id='word_1_6' title='bbox 1154 514 1348 576; x_wconf 87' lang='lat' dir='ltr'><strong>factum</strong></span> <span class='ocrx_word' id='word_1_7' title='bbox 1394 511 1460 572; x_wconf 88' lang='lat' dir='ltr'><strong>ad</strong></span> <span class='ocrx_word' id='word_1_8' title='bbox 1498 511 1782 586; x_wconf 78' lang='lat' dir='ltr'><strong>imaginem</strong></span> <span class='ocrx_word' id='word_1_9' title='bbox 1819 515 1936 586; x_wconf 84' lang='lat' dir='ltr'><strong>ejus</strong></span> 
     </span>
    </p>
   </div>
   <div class='ocr_carea' id='block_1_3' title="bbox 343 605 1933 690">
    <p class='ocr_par' dir='ltr' id='par_1_3' title="bbox 343 605 1933 690">
     <span class='ocr_line' id='line_1_3' title="bbox 343 605 1933 690; baseline -0.006 -21"><span class='ocrx_word' id='word_1_10' title='bbox 343 616 430 690; x_wconf 90' lang='lat' dir='ltr'><strong>qui</strong></span> <span class='ocrx_word' id='word_1_11' title='bbox 462 613 664 670; x_wconf 85' lang='lat' dir='ltr'><strong>creavit</strong></span> <span class='ocrx_word' id='word_1_12' title='bbox 693 627 838 668; x_wconf 92' lang='lat' dir='ltr'><strong>eum.</strong></span> <span class='ocrx_word' id='word_1_13' title='bbox 869 609 1169 666; x_wconf 84' lang='lat' dir='ltr'><strong>Secundum</strong></span> <span class='ocrx_word' id='word_1_14' title='bbox 1201 607 1336 663; x_wconf 89' lang='lat' dir='ltr'><strong>hanc</strong></span> <span class='ocrx_word' id='word_1_15' title='bbox 1364 615 1539 662; x_wconf 92' lang='lat' dir='ltr'><strong>autem</strong></span> <span class='ocrx_word' id='word_1_16' title='bbox 1571 605 1587 638; x_wconf 86' lang='grc'>¹</span> <span class='ocrx_word' id='word_1_17' title='bbox 1630 607 1933 661; x_wconf 53' lang='lat' dir='ltr'><strong>renovatio.</strong></span> 
     </span>
    </p>
   </div>
   <div class='ocr_carea' id='block_1_4' title="bbox 341 695 1930 772">
    <p class='ocr_par' dir='ltr' id='par_1_4' title="bbox 341 695 1930 772">
     <span class='ocr_line' id='line_1_4' title="bbox 341 695 1930 772; baseline -0.007 -11"><span class='ocrx_word' id='word_1_18' title='bbox 341 722 462 762; x_wconf 91' lang='lat' dir='ltr'><strong>nem</strong></span> <span class='ocrx_word' id='word_1_19' title='bbox 494 704 761 760; x_wconf 80' lang='lat' dir='ltr'><strong>efﬁcimur</strong></span> <span class='ocrx_word' id='word_1_20' title='bbox 794 703 953 758; x_wconf 88' lang='lat' dir='ltr'><strong>etiam</strong></span> <span class='ocrx_word' id='word_1_21' title='bbox 983 701 1074 755; x_wconf 84' lang='lat' dir='ltr'><strong>lilii</strong></span> <span class='ocrx_word' id='word_1_22' title='bbox 1105 700 1198 756; x_wconf 89' lang='lat' dir='ltr'><strong>Dei</strong></span> <span class='ocrx_word' id='word_1_23' title='bbox 1226 715 1322 772; x_wconf 91' lang='lat' dir='ltr'><strong>per</strong></span> <span class='ocrx_word' id='word_1_24' title='bbox 1351 699 1672 768; x_wconf 76' lang='lat' dir='ltr'><strong>baptismum</strong></span> <span class='ocrx_word' id='word_1_25' title='bbox 1696 695 1890 752; x_wconf 80' lang='lat' dir='ltr'><strong>Christi</strong></span> <span class='ocrx_word' id='word_1_26' title='bbox 1915 738 1930 765; x_wconf 93' lang='lat'><strong>,</strong></span> 
     </span>
    </p>
   </div>
   <div class='ocr_carea' id='block_1_5' title="bbox 341 791 1932 864">
    <p class='ocr_par' dir='ltr' id='par_1_5' title="bbox 341 791 1932 864">
     <span class='ocr_line' id='line_1_5' title="bbox 341 791 1932 864; baseline -0.008 -6"><span class='ocrx_word' id='word_1_27' title='bbox 341 810 391 858; x_wconf 87' lang='lat' dir='ltr'><strong>et</strong></span> <span class='ocrx_word' id='word_1_28' title='bbox 420 798 704 856; x_wconf 89' lang='lat' dir='ltr'><strong>induentes</strong></span> <span class='ocrx_word' id='word_1_29' title='bbox 731 813 925 854; x_wconf 90' lang='lat' dir='ltr'><strong>novum</strong></span> <span class='ocrx_word' id='word_1_30' title='bbox 957 796 1246 864; x_wconf 86' lang='lat' dir='ltr'><strong>hominem,</strong></span> <span class='ocrx_word' id='word_1_31' title='bbox 1266 795 1536 850; x_wconf 75' lang='lat' dir='ltr'><strong>Christum</strong></span> <span class='ocrx_word' id='word_1_32' title='bbox 1558 793 1737 862; x_wconf 87' lang='lat' dir='ltr'><strong>utique</strong></span> <span class='ocrx_word' id='word_1_33' title='bbox 1760 791 1932 847; x_wconf 88' lang='lat' dir='ltr'><strong>indui-</strong></span> 
     </span>
    </p>
   </div>
   <div class='ocr_carea' id='block_1_6' title="bbox 338 884 1932 961">
    <p class='ocr_par' dir='ltr' id='par_1_6' title="bbox 338 884 1932 961">
     <span class='ocr_line' id='line_1_6' title="bbox 338 884 1932 961; baseline -0.003 -14"><span class='ocrx_word' id='word_1_34' title='bbox 338 908 458 947; x_wconf 86' lang='lat' dir='ltr'><strong>mus</strong></span> <span class='ocrx_word' id='word_1_35' title='bbox 490 907 585 961; x_wconf 91' lang='lat' dir='ltr'><strong>per</strong></span> <span class='ocrx_word' id='word_1_36' title='bbox 609 890 934 958; x_wconf 79' lang='lat' dir='ltr'><strong>lidem.Quis</strong></span> <span class='ocrx_word' id='word_1_37' title='bbox 959 899 1043 945; x_wconf 91' lang='lat' dir='ltr'><strong>est</strong></span> <span class='ocrx_word' id='word_1_38' title='bbox 1064 903 1191 958; x_wconf 87' lang='lat' dir='ltr'><strong>ergo</strong></span> <span class='ocrx_word' id='word_1_39' title='bbox 1215 887 1304 958; x_wconf 92' lang='lat' dir='ltr'><strong>qui</strong></span> <span class='ocrx_word' id='word_1_40' title='bbox 1333 886 1400 942; x_wconf 90' lang='lat' dir='ltr'><strong>ab</strong></span> <span class='ocrx_word' id='word_1_41' title='bbox 1422 885 1522 942; x_wconf 85' lang='lat' dir='ltr'><strong>hoc</strong></span> <span class='ocrx_word' id='word_1_42' title='bbox 1549 884 1821 945; x_wconf 85' lang='lat' dir='ltr'><strong>consortio</strong></span> <span class='ocrx_word' id='word_1_43' title='bbox 1850 884 1932 942; x_wconf 90' lang='lat' dir='ltr'><strong>fe-</strong></span> 
     </span>
    </p>
   </div>
   <div class='ocr_carea' id='block_1_7' title="bbox 339 975 1927 1048">
    <p class='ocr_par' dir='ltr' id='par_1_7' title="bbox 339 975 1927 1048">
     <span class='ocr_line' id='line_1_7' title="bbox 339 975 1927 1048; baseline -0.005 -10"><span class='ocrx_word' id='word_1_44' title='bbox 339 982 511 1038; x_wconf 89' lang='lat' dir='ltr'><strong>minas</strong></span> <span class='ocrx_word' id='word_1_45' title='bbox 537 982 756 1046; x_wconf 88' lang='lat' dir='ltr'><strong>alieuet,</strong></span> <span class='ocrx_word' id='word_1_46' title='bbox 786 996 904 1036; x_wconf 91' lang='lat' dir='ltr'><strong>cum</strong></span> <span class='ocrx_word' id='word_1_47' title='bbox 930 980 1036 1036; x_wconf 92' lang='lat' dir='ltr'><strong>sint</strong></span> <span class='ocrx_word' id='word_1_48' title='bbox 1059 979 1334 1038; x_wconf 90' lang='lat' dir='ltr'><strong>nobiscum</strong></span> <span class='ocrx_word' id='word_1_49' title='bbox 1365 978 1550 1048; x_wconf 59' lang='lat' dir='ltr'><strong>gratia&quot;:</strong></span> <span class='ocrx_word' id='word_1_50' title='bbox 1579 975 1927 1043; x_wconf 62' lang='lat' dir='ltr'><strong>cohaeredes;</strong></span> 
     </span>
    </p>
   </div>
   <div class='ocr_carea' id='block_1_8' title="bbox 339 1066 1933 1142">
    <p class='ocr_par' dir='ltr' id='par_1_8' title="bbox 339 1066 1933 1142">
     <span class='ocr_line' id='line_1_8' title="bbox 339 1066 1933 1142; baseline -0.004 -13"><span class='ocrx_word' id='word_1_51' title='bbox 339 1067 392 1131; x_wconf 86' lang='lat' dir='ltr'><strong>et</strong></span> <span class='ocrx_word' id='word_1_52' title='bbox 422 1075 526 1128; x_wconf 90' lang='lat' dir='ltr'><strong>alio</strong></span> <span class='ocrx_word' id='word_1_53' title='bbox 573 1073 692 1129; x_wconf 93' lang='lat' dir='ltr'><strong>loco</strong></span> <span class='ocrx_word' id='word_1_54' title='bbox 737 1073 878 1128; x_wconf 89' lang='lat' dir='ltr'><strong>idem</strong></span> <span class='ocrx_word' id='word_1_55' title='bbox 905 1071 1180 1142; x_wconf 85' lang='lat' dir='ltr'><strong>apostolus</strong></span> <span class='ocrx_word' id='word_1_56' title='bbox 1218 1070 1396 1135; x_wconf 85' lang='lat' dir='ltr'><strong>dicat,</strong></span> <span class='ocrx_word' id='word_1_57' title='bbox 1445 1068 1631 1126; x_wconf 80' lang='lat' dir='ltr'><strong>Omnes</strong></span> <span class='ocrx_word' id='word_1_58' title='bbox 1659 1069 1791 1122; x_wconf 86' lang='lat' dir='ltr'><strong>enim</strong></span> <span class='ocrx_word' id='word_1_59' title='bbox 1835 1066 1933 1136; x_wconf 78' lang='lat' dir='ltr'><strong>ﬁlii</strong></span> 
     </span>
    </p>
   </div>
   <div class='ocr_carea' id='block_1_9' title="bbox 338 1159 1932 1234">
    <p class='ocr_par' dir='ltr' id='par_1_9' title="bbox 338 1159 1932 1234">
     <span class='ocr_line' id='line_1_9' title="bbox 338 1159 1932 1234; baseline -0.004 -14"><span class='ocrx_word' id='word_1_60' title='bbox 338 1163 436 1220; x_wconf 88' lang='lat' dir='ltr'><strong>Dei</strong></span> <span class='ocrx_word' id='word_1_61' title='bbox 483 1165 599 1219; x_wconf 80' lang='lat' dir='ltr'><strong>estis</strong></span> <span class='ocrx_word' id='word_1_62' title='bbox 643 1180 731 1234; x_wconf 86' lang='lat' dir='ltr'><strong>per</strong></span> <span class='ocrx_word' id='word_1_63' title='bbox 780 1163 933 1232; x_wconf 83' lang='lat' dir='ltr'><strong>ﬁdem</strong></span> <span class='ocrx_word' id='word_1_64' title='bbox 979 1163 1029 1217; x_wconf 89' lang='lat' dir='ltr'><strong>in</strong></span> <span class='ocrx_word' id='word_1_65' title='bbox 1060 1162 1258 1217; x_wconf 79' lang='lat' dir='ltr'><strong>Christo</strong></span> <span class='ocrx_word' id='word_1_66' title='bbox 1283 1159 1428 1216; x_wconf 82' lang='lat' dir='ltr'><strong>Jesu.</strong></span> <span class='ocrx_word' id='word_1_67' title='bbox 1459 1160 1769 1230; x_wconf 80' lang='lat' dir='ltr'><strong>Quicumque</strong></span> <span class='ocrx_word' id='word_1_68' title='bbox 1796 1159 1932 1214; x_wconf 87' lang='lat' dir='ltr'><strong>enim</strong></span> 
     </span>
    </p>
   </div>
   <div class='ocr_carea' id='block_1_10' title="bbox 338 1248 1931 1326">
    <p class='ocr_par' dir='ltr' id='par_1_10' title="bbox 338 1248 1931 1326">
     <span class='ocr_line' id='line_1_10' title="bbox 338 1248 1931 1326; baseline -0.004 -16"><span class='ocrx_word' id='word_1_69' title='bbox 338 1256 389 1310; x_wconf 89' lang='lat' dir='ltr'><strong>in</strong></span> <span class='ocrx_word' id='word_1_70' title='bbox 417 1255 614 1310; x_wconf 75' lang='lat' dir='ltr'><strong>Christo</strong></span> <span class='ocrx_word' id='word_1_71' title='bbox 645 1255 888 1326; x_wconf 77' lang='lat' dir='ltr'><strong>baptizati</strong></span> <span class='ocrx_word' id='word_1_72' title='bbox 915 1255 1028 1308; x_wconf 86' lang='lat' dir='ltr'><strong>estis</strong></span> <span class='ocrx_word' id='word_1_73' title='bbox 1049 1295 1063 1320; x_wconf 97' lang='lat'><strong>,</strong></span> <span class='ocrx_word' id='word_1_74' title='bbox 1111 1252 1366 1306; x_wconf 81' lang='lat' dir='ltr'><strong>Christum</strong></span> <span class='ocrx_word' id='word_1_75' title='bbox 1407 1251 1665 1306; x_wconf 84' lang='lat' dir='ltr'><strong>induistis.</strong></span> <span class='ocrx_word' id='word_1_76' title='bbox 1691 1248 1813 1304; x_wconf 84' lang='lat' dir='ltr'><strong>Non</strong></span> <span class='ocrx_word' id='word_1_77' title='bbox 1857 1258 1931 1304; x_wconf 87' lang='lat' dir='ltr'><strong>est</strong></span> 
     </span>
    </p>
   </div>
   <div class='ocr_carea' id='block_1_11' title="bbox 335 1341 1931 1417">
    <p class='ocr_par' dir='ltr' id='par_1_11' title="bbox 335 1341 1931 1417">
     <span class='ocr_line' id='line_1_11' title="bbox 335 1341 1931 1417; baseline -0.004 -15"><span class='ocrx_word' id='word_1_78' title='bbox 335 1347 553 1402; x_wconf 76' lang='lat' dir='ltr'><strong>Judwus</strong></span> <span class='ocrx_word' id='word_1_79' title='bbox 585 1364 742 1417; x_wconf 85' lang='lat' dir='ltr'><strong>neque</strong></span> <span class='ocrx_word' id='word_1_80' title='bbox 772 1345 978 1402; x_wconf 77' lang='lat' dir='ltr'><strong>ercus</strong></span> <span class='ocrx_word' id='word_1_81' title='bbox 998 1387 1013 1411; x_wconf 94' lang='lat'><strong>,</strong></span> <span class='ocrx_word' id='word_1_82' title='bbox 1038 1362 1138 1400; x_wconf 91' lang='lat' dir='ltr'><strong>non</strong></span> <span class='ocrx_word' id='word_1_83' title='bbox 1167 1355 1238 1400; x_wconf 82' lang='lat' dir='ltr'><strong>est</strong></span> <span class='ocrx_word' id='word_1_84' title='bbox 1267 1361 1436 1400; x_wconf 87' lang='lat' dir='ltr'><strong>servus</strong></span> <span class='ocrx_word' id='word_1_85' title='bbox 1461 1360 1618 1415; x_wconf 86' lang='lat' dir='ltr'><strong>neque</strong></span> <span class='ocrx_word' id='word_1_86' title='bbox 1644 1341 1767 1396; x_wconf 90' lang='lat' dir='ltr'><strong>liber</strong></span> <span class='ocrx_word' id='word_1_87' title='bbox 1785 1382 1799 1407; x_wconf 89' lang='lat'><strong>,</strong></span> <span class='ocrx_word' id='word_1_88' title='bbox 1828 1357 1931 1396; x_wconf 88' lang='lat' dir='ltr'><strong>non</strong></span> 
     </span>
    </p>
   </div>
   <div class='ocr_carea' id='block_1_12' title="bbox 337 1434 1931 1509">
    <p class='ocr_par' dir='ltr' id='par_1_12' title="bbox 337 1434 1931 1509">
     <span class='ocr_line' id='line_1_12' title="bbox 337 1434 1931 1509; baseline -0.004 -16"><span class='ocrx_word' id='word_1_89' title='bbox 337 1448 411 1493; x_wconf 86' lang='lat' dir='ltr'><strong>est</strong></span> <span class='ocrx_word' id='word_1_90' title='bbox 438 1437 693 1493; x_wconf 83' lang='lat' dir='ltr'><strong>masculus</strong></span> <span class='ocrx_word' id='word_1_91' title='bbox 732 1455 891 1509; x_wconf 85' lang='lat' dir='ltr'><strong>neque</strong></span> <span class='ocrx_word' id='word_1_92' title='bbox 918 1437 1107 1508; x_wconf 77' lang='lat' dir='ltr'><strong>femina</strong></span> <span class='ocrx_word' id='word_1_93' title='bbox 1135 1453 1153 1492; x_wconf 91' lang='lat'><strong><em>:</em></strong></span> <span class='ocrx_word' id='word_1_94' title='bbox 1180 1453 1352 1492; x_wconf 89' lang='lat' dir='ltr'><strong>omnes</strong></span> <span class='ocrx_word' id='word_1_95' title='bbox 1377 1436 1510 1490; x_wconf 90' lang='lat' dir='ltr'><strong>enim</strong></span> <span class='ocrx_word' id='word_1_96' title='bbox 1530 1452 1616 1488; x_wconf 87' lang='lat' dir='ltr'><strong>vos</strong></span> <span class='ocrx_word' id='word_1_97' title='bbox 1639 1451 1794 1488; x_wconf 87' lang='lat' dir='ltr'><strong>unum</strong></span> <span class='ocrx_word' id='word_1_98' title='bbox 1813 1434 1931 1487; x_wconf 83' lang='lat' dir='ltr'><strong>estis</strong></span> 
     </span>
    </p>
   </div>
   <div class='ocr_carea' id='block_1_13' title="bbox 337 1523 1933 1601">
    <p class='ocr_par' dir='ltr' id='par_1_13' title="bbox 337 1523 1933 1601">
     <span class='ocr_line' id='line_1_13' title="bbox 337 1523 1933 1601; baseline -0.005 -15"><span class='ocrx_word' id='word_1_99' title='bbox 337 1532 392 1586; x_wconf 89' lang='lat' dir='ltr'><strong>in</strong></span> <span class='ocrx_word' id='word_1_100' title='bbox 411 1531 612 1586; x_wconf 80' lang='lat' dir='ltr'><strong>Christo</strong></span> <span class='ocrx_word' id='word_1_101' title='bbox 633 1529 662 1582; x_wconf 84' lang='lat' dir='ltr'><strong>l</strong></span> <span class='ocrx_word' id='word_1_102' title='bbox 669 1548 755 1584; x_wconf 89' lang='lat' dir='ltr'><strong>esu</strong></span> <span class='ocrx_word' id='word_1_103' title='bbox 779 1529 974 1601; x_wconf 85' lang='lat' dir='ltr'><strong>(Galat.</strong></span> <span class='ocrx_word' id='word_1_104' title='bbox 1008 1546 1086 1597; x_wconf 91' lang='grc' dir='ltr'>ιιι,</span> <span class='ocrx_word' id='word_1_105' title='bbox 1108 1529 1273 1596; x_wconf 73' lang='grc'><strong>26-28</strong></span> <span class='ocrx_word' id='word_1_106' title='bbox 1288 1527 1306 1598; x_wconf 94' lang='grc'>)</span> <span class='ocrx_word' id='word_1_107' title='bbox 1321 1523 1348 1583; x_wconf 67' lang='grc'><strong>’2</strong></span> <span class='ocrx_word' id='word_1_108' title='bbox 1367 1527 1756 1600; x_wconf 87' lang='lat' dir='ltr'><strong>Numquidnam</strong></span> <span class='ocrx_word' id='word_1_109' title='bbox 1775 1527 1933 1596; x_wconf 88' lang='lat' dir='ltr'><strong>igitur</strong></span> 
     </span>
    </p>
   </div>
   <div class='ocr_carea' id='block_1_14' title="bbox 351 1619 1931 1694">
    <p class='ocr_par' dir='ltr' id='par_1_14' title="bbox 351 1619 1931 1694">
     <span class='ocr_line' id='line_1_14' title="bbox 351 1619 1931 1694; baseline -0.005 -15"><span class='ocrx_word' id='word_1_110' title='bbox 351 1625 545 1681; x_wconf 85' lang='lat' dir='ltr'><strong>tideles</strong></span> <span class='ocrx_word' id='word_1_111' title='bbox 575 1623 788 1679; x_wconf 78' lang='lat' dir='ltr'><strong>femin:e</strong></span> <span class='ocrx_word' id='word_1_112' title='bbox 813 1639 997 1680; x_wconf 90' lang='lat' dir='ltr'><strong>sexum</strong></span> <span class='ocrx_word' id='word_1_113' title='bbox 1028 1622 1269 1694; x_wconf 88' lang='lat' dir='ltr'><strong>corporis</strong></span> <span class='ocrx_word' id='word_1_114' title='bbox 1313 1620 1647 1678; x_wconf 80' lang='lat' dir='ltr'><strong>amiserunt?</strong></span> <span class='ocrx_word' id='word_1_115' title='bbox 1680 1619 1783 1674; x_wconf 88' lang='lat' dir='ltr'><strong>Sed</strong></span> <span class='ocrx_word' id='word_1_116' title='bbox 1810 1620 1931 1688; x_wconf 85' lang='lat' dir='ltr'><strong>quia</strong></span> 
     </span>
    </p>
   </div>
   <div class='ocr_carea' id='block_1_15' title="bbox 336 1710 1931 1786">
    <p class='ocr_par' dir='ltr' id='par_1_15' title="bbox 336 1710 1931 1786">
     <span class='ocr_line' id='line_1_15' title="bbox 336 1710 1931 1786; baseline -0.006 -12"><span class='ocrx_word' id='word_1_117' title='bbox 336 1716 410 1774; x_wconf 89' lang='lat' dir='ltr'><strong>ibi</strong></span> <span class='ocrx_word' id='word_1_118' title='bbox 441 1726 766 1773; x_wconf 76' lang='lat' dir='ltr'><strong>renovantur</strong></span> <span class='ocrx_word' id='word_1_119' title='bbox 812 1715 876 1770; x_wconf 89' lang='lat' dir='ltr'><strong>ad</strong></span> <span class='ocrx_word' id='word_1_120' title='bbox 923 1715 1206 1786; x_wconf 82' lang='lat' dir='ltr'><strong>imaginem</strong></span> <span class='ocrx_word' id='word_1_121' title='bbox 1234 1712 1368 1781; x_wconf 91' lang='lat' dir='ltr'><strong>Dei,</strong></span> <span class='ocrx_word' id='word_1_122' title='bbox 1411 1712 1500 1770; x_wconf 89' lang='lat' dir='ltr'><strong>ubi</strong></span> <span class='ocrx_word' id='word_1_123' title='bbox 1549 1725 1709 1766; x_wconf 84' lang='lat' dir='ltr'><strong>sexus</strong></span> <span class='ocrx_word' id='word_1_124' title='bbox 1751 1710 1931 1765; x_wconf 89' lang='lat' dir='ltr'><strong>nullus</strong></span> 
     </span>
    </p>
   </div>
   <div class='ocr_carea' id='block_1_16' title="bbox 339 1801 1932 1875">
    <p class='ocr_par' dir='ltr' id='par_1_16' title="bbox 339 1801 1932 1875">
     <span class='ocr_line' id='line_1_16' title="bbox 339 1801 1932 1875; baseline -0.004 -12"><span class='ocrx_word' id='word_1_125' title='bbox 339 1817 452 1874; x_wconf 88' lang='lat' dir='ltr'><strong>est,</strong></span> <span class='ocrx_word' id='word_1_126' title='bbox 488 1808 559 1863; x_wconf 86' lang='lat' dir='ltr'><strong>ibi</strong></span> <span class='ocrx_word' id='word_1_127' title='bbox 587 1807 752 1862; x_wconf 87' lang='lat' dir='ltr'><strong>factus</strong></span> <span class='ocrx_word' id='word_1_128' title='bbox 780 1817 862 1862; x_wconf 92' lang='lat' dir='ltr'><strong>est</strong></span> <span class='ocrx_word' id='word_1_129' title='bbox 894 1806 1054 1861; x_wconf 89' lang='lat' dir='ltr'><strong>homo</strong></span> <span class='ocrx_word' id='word_1_130' title='bbox 1090 1804 1156 1860; x_wconf 91' lang='lat' dir='ltr'><strong>ad</strong></span> <span class='ocrx_word' id='word_1_131' title='bbox 1185 1805 1469 1875; x_wconf 81' lang='lat' dir='ltr'><strong>imaginem</strong></span> <span class='ocrx_word' id='word_1_132' title='bbox 1493 1802 1624 1868; x_wconf 91' lang='lat' dir='ltr'><strong>Dei,</strong></span> <span class='ocrx_word' id='word_1_133' title='bbox 1655 1801 1742 1856; x_wconf 91' lang='lat' dir='ltr'><strong>ubi</strong></span> <span class='ocrx_word' id='word_1_134' title='bbox 1772 1815 1932 1856; x_wconf 83' lang='lat' dir='ltr'><strong>sexus</strong></span> 
     </span>
    </p>
   </div>
   <div class='ocr_carea' id='block_1_17' title="bbox 336 1894 1932 1970">
    <p class='ocr_par' dir='ltr' id='par_1_17' title="bbox 336 1894 1932 1970">
     <span class='ocr_line' id='line_1_17' title="bbox 336 1894 1932 1970; baseline -0.005 -14"><span class='ocrx_word' id='word_1_135' title='bbox 336 1901 515 1957; x_wconf 87' lang='lat' dir='ltr'><strong>nullus</strong></span> <span class='ocrx_word' id='word_1_136' title='bbox 537 1912 638 1969; x_wconf 91' lang='lat' dir='ltr'><strong>est,</strong></span> <span class='ocrx_word' id='word_1_137' title='bbox 668 1900 768 1956; x_wconf 92' lang='lat' dir='ltr'><strong>hoc</strong></span> <span class='ocrx_word' id='word_1_138' title='bbox 786 1910 869 1956; x_wconf 90' lang='lat' dir='ltr'><strong>est</strong></span> <span class='ocrx_word' id='word_1_139' title='bbox 898 1899 950 1954; x_wconf 91' lang='lat' dir='ltr'><strong>in</strong></span> <span class='ocrx_word' id='word_1_140' title='bbox 978 1901 1163 1970; x_wconf 89' lang='lat' dir='ltr'><strong>spiritu</strong></span> <span class='ocrx_word' id='word_1_141' title='bbox 1198 1899 1394 1954; x_wconf 90' lang='lat' dir='ltr'><strong>mentis</strong></span> <span class='ocrx_word' id='word_1_142' title='bbox 1416 1912 1545 1952; x_wconf 69' lang='lat' dir='ltr'><strong>sum.</strong></span> <span class='ocrx_word' id='word_1_143' title='bbox 1567 1894 1674 1950; x_wconf 89' lang='lat' dir='ltr'><strong>Cur</strong></span> <span class='ocrx_word' id='word_1_144' title='bbox 1701 1911 1828 1966; x_wconf 88' lang='lat' dir='ltr'><strong>ergo</strong></span> <span class='ocrx_word' id='word_1_145' title='bbox 1854 1895 1932 1948; x_wconf 90' lang='lat' dir='ltr'><strong>vir</strong></span> 
     </span>
    </p>
   </div>
   <div class='ocr_carea' id='block_1_18' title="bbox 335 1988 1932 2064">
    <p class='ocr_par' dir='ltr' id='par_1_18' title="bbox 335 1988 1932 2064">
     <span class='ocr_line' id='line_1_18' title="bbox 335 1988 1932 2064; baseline -0.004 -18"><span class='ocrx_word' id='word_1_146' title='bbox 335 2005 620 2064; x_wconf 86' lang='lat' dir='ltr'><strong>propterea</strong></span> <span class='ocrx_word' id='word_1_147' title='bbox 652 2009 756 2047; x_wconf 89' lang='lat' dir='ltr'><strong>non</strong></span> <span class='ocrx_word' id='word_1_148' title='bbox 786 1991 944 2050; x_wconf 84' lang='lat' dir='ltr'><strong>debet</strong></span> <span class='ocrx_word' id='word_1_149' title='bbox 968 1998 1129 2062; x_wconf 88' lang='lat' dir='ltr'><strong>caput</strong></span> <span class='ocrx_word' id='word_1_150' title='bbox 1159 1991 1341 2045; x_wconf 88' lang='lat' dir='ltr'><strong>velare</strong></span> <span class='ocrx_word' id='word_1_151' title='bbox 1362 2031 1377 2056; x_wconf 92' lang='lat'><strong>,</strong></span> <span class='ocrx_word' id='word_1_152' title='bbox 1407 1990 1529 2059; x_wconf 85' lang='lat' dir='ltr'><strong>quia</strong></span> <span class='ocrx_word' id='word_1_153' title='bbox 1566 1988 1740 2057; x_wconf 83' lang='lat' dir='ltr'><strong>imago</strong></span> <span class='ocrx_word' id='word_1_154' title='bbox 1768 1993 1852 2041; x_wconf 90' lang='lat' dir='ltr'><strong>est</strong></span> <span class='ocrx_word' id='word_1_155' title='bbox 1877 1993 1932 2042; x_wconf 91' lang='lat' dir='ltr'><strong>et</strong></span> 
     </span>
    </p>
   </div>
   <div class='ocr_carea' id='block_1_19' title="bbox 334 2079 1928 2155">
    <p class='ocr_par' dir='ltr' id='par_1_19' title="bbox 334 2079 1928 2155">
     <span class='ocr_line' id='line_1_19' title="bbox 334 2079 1928 2155; baseline -0.003 -18"><span class='ocrx_word' id='word_1_156' title='bbox 334 2083 507 2155; x_wconf 88' lang='lat' dir='ltr'><strong>gloria</strong></span> <span class='ocrx_word' id='word_1_157' title='bbox 535 2085 625 2139; x_wconf 89' lang='lat' dir='ltr'><strong>Dei</strong></span> <span class='ocrx_word' id='word_1_158' title='bbox 650 2100 664 2150; x_wconf 91' lang='lat'><strong>;</strong></span> <span class='ocrx_word' id='word_1_159' title='bbox 695 2085 887 2139; x_wconf 86' lang='lat' dir='ltr'><strong>mulier</strong></span> <span class='ocrx_word' id='word_1_160' title='bbox 916 2091 1093 2138; x_wconf 86' lang='lat' dir='ltr'><strong>autem</strong></span> <span class='ocrx_word' id='word_1_161' title='bbox 1118 2082 1309 2149; x_wconf 89' lang='lat' dir='ltr'><strong>debet,</strong></span> <span class='ocrx_word' id='word_1_162' title='bbox 1338 2080 1460 2152; x_wconf 84' lang='lat' dir='ltr'><strong>quia</strong></span> <span class='ocrx_word' id='word_1_163' title='bbox 1489 2081 1656 2151; x_wconf 78' lang='lat' dir='ltr'><strong>gloria</strong></span> <span class='ocrx_word' id='word_1_164' title='bbox 1687 2079 1786 2134; x_wconf 88' lang='lat' dir='ltr'><strong>viri</strong></span> <span class='ocrx_word' id='word_1_165' title='bbox 1813 2086 1928 2146; x_wconf 89' lang='lat' dir='ltr'><strong>est,</strong></span> 
     </span>
    </p>
   </div>
   <div class='ocr_carea' id='block_1_20' title="bbox 335 2171 1933 2250">
    <p class='ocr_par' dir='ltr' id='par_1_20' title="bbox 335 2171 1933 2250">
     <span class='ocr_line' id='line_1_20' title="bbox 335 2171 1933 2250; baseline -0.003 -20"><span class='ocrx_word' id='word_1_166' title='bbox 335 2177 492 2250; x_wconf 90' lang='lat' dir='ltr'><strong>quasi</strong></span> <span class='ocrx_word' id='word_1_167' title='bbox 520 2177 716 2233; x_wconf 88' lang='lat' dir='ltr'><strong>mulier</strong></span> <span class='ocrx_word' id='word_1_168' title='bbox 742 2193 848 2232; x_wconf 90' lang='lat' dir='ltr'><strong>non</strong></span> <span class='ocrx_word' id='word_1_169' title='bbox 906 2186 1195 2232; x_wconf 87' lang='lat' dir='ltr'><strong>renovetur</strong></span> <span class='ocrx_word' id='word_1_170' title='bbox 1221 2177 1410 2246; x_wconf 89' lang='lat' dir='ltr'><strong>spiritu</strong></span> <span class='ocrx_word' id='word_1_171' title='bbox 1442 2174 1636 2232; x_wconf 89' lang='lat' dir='ltr'><strong>mentis</strong></span> <span class='ocrx_word' id='word_1_172' title='bbox 1662 2188 1772 2228; x_wconf 64' lang='lat' dir='ltr'><strong>suae</strong></span> <span class='ocrx_word' id='word_1_173' title='bbox 1793 2213 1808 2238; x_wconf 92' lang='lat'><strong>,</strong></span> <span class='ocrx_word' id='word_1_174' title='bbox 1840 2171 1933 2242; x_wconf 89' lang='lat' dir='ltr'><strong>qui</strong></span> 
     </span>
    </p>
   </div>
   <div class='ocr_carea' id='block_1_21' title="bbox 331 2261 1931 2338">
    <p class='ocr_par' dir='ltr' id='par_1_21' title="bbox 331 2261 1931 2338">
     <span class='ocr_line' id='line_1_21' title="bbox 331 2261 1931 2338; baseline -0.004 -14"><span class='ocrx_word' id='word_1_175' title='bbox 331 2279 622 2324; x_wconf 85' lang='lat' dir='ltr'><strong>renovatur</strong></span> <span class='ocrx_word' id='word_1_176' title='bbox 651 2269 704 2323; x_wconf 90' lang='lat' dir='ltr'><strong>in</strong></span> <span class='ocrx_word' id='word_1_177' title='bbox 732 2269 1054 2338; x_wconf 77' lang='lat' dir='ltr'><strong>agnitionem</strong></span> <span class='ocrx_word' id='word_1_178' title='bbox 1074 2267 1166 2322; x_wconf 91' lang='lat' dir='ltr'><strong>Dei</strong></span> <span class='ocrx_word' id='word_1_179' title='bbox 1189 2264 1483 2320; x_wconf 91' lang='lat' dir='ltr'><strong>secundum</strong></span> <span class='ocrx_word' id='word_1_180' title='bbox 1505 2263 1792 2333; x_wconf 81' lang='lat' dir='ltr'><strong>imaginem</strong></span> <span class='ocrx_word' id='word_1_181' title='bbox 1816 2261 1931 2332; x_wconf 89' lang='lat' dir='ltr'><strong>ejus</strong></span> 
     </span>
    </p>
   </div>
   <div class='ocr_carea' id='block_1_22' title="bbox 329 2352 1930 2432">
    <p class='ocr_par' dir='ltr' id='par_1_22' title="bbox 329 2352 1930 2432">
     <span class='ocr_line' id='line_1_22' title="bbox 329 2352 1930 2432; baseline -0.006 -18"><span class='ocrx_word' id='word_1_182' title='bbox 329 2361 422 2432; x_wconf 91' lang='lat' dir='ltr'><strong>qui</strong></span> <span class='ocrx_word' id='word_1_183' title='bbox 448 2361 648 2416; x_wconf 88' lang='lat' dir='ltr'><strong>creavit</strong></span> <span class='ocrx_word' id='word_1_184' title='bbox 676 2358 859 2413; x_wconf 86' lang='lat' dir='ltr'><strong>illum?</strong></span> <span class='ocrx_word' id='word_1_185' title='bbox 888 2357 993 2412; x_wconf 87' lang='lat' dir='ltr'><strong>Sed</strong></span> <span class='ocrx_word' id='word_1_186' title='bbox 1022 2356 1144 2426; x_wconf 90' lang='lat' dir='ltr'><strong>quia</strong></span> <span class='ocrx_word' id='word_1_187' title='bbox 1175 2371 1307 2411; x_wconf 81' lang='lat' dir='ltr'><strong>sexu</strong></span> <span class='ocrx_word' id='word_1_188' title='bbox 1334 2354 1574 2426; x_wconf 89' lang='lat' dir='ltr'><strong>corporis</strong></span> <span class='ocrx_word' id='word_1_189' title='bbox 1605 2353 1770 2408; x_wconf 81' lang='lat' dir='ltr'><strong>distat</strong></span> <span class='ocrx_word' id='word_1_190' title='bbox 1797 2367 1827 2405; x_wconf 88' lang='lat' dir='ltr'><strong>a</strong></span> <span class='ocrx_word' id='word_1_191' title='bbox 1851 2352 1930 2406; x_wconf 91' lang='lat' dir='ltr'><strong>vi-</strong></span> 
     </span>
    </p>
   </div>
   <div class='ocr_carea' id='block_1_23' title="bbox 328 2442 1931 2519">
    <p class='ocr_par' dir='ltr' id='par_1_23' title="bbox 328 2442 1931 2519">
     <span class='ocr_line' id='line_1_23' title="bbox 328 2442 1931 2519; baseline -0.006 -13"><span class='ocrx_word' id='word_1_192' title='bbox 328 2467 433 2518; x_wconf 93' lang='lat' dir='ltr'><strong>ro,</strong></span> <span class='ocrx_word' id='word_1_193' title='bbox 467 2453 569 2505; x_wconf 89' lang='lat' dir='ltr'><strong>rite</strong></span> <span class='ocrx_word' id='word_1_194' title='bbox 612 2452 782 2519; x_wconf 89' lang='lat' dir='ltr'><strong>potuit</strong></span> <span class='ocrx_word' id='word_1_195' title='bbox 809 2450 861 2502; x_wconf 92' lang='lat' dir='ltr'><strong>in</strong></span> <span class='ocrx_word' id='word_1_196' title='bbox 909 2448 1026 2516; x_wconf 88' lang='lat' dir='ltr'><strong>ejus</strong></span> <span class='ocrx_word' id='word_1_197' title='bbox 1066 2446 1331 2516; x_wconf 87' lang='lat' dir='ltr'><strong>corporali</strong></span> <span class='ocrx_word' id='word_1_198' title='bbox 1371 2445 1674 2500; x_wconf 90' lang='lat' dir='ltr'><strong>velamento</strong></span> <span class='ocrx_word' id='word_1_199' title='bbox 1715 2442 1931 2515; x_wconf 82' lang='lat' dir='ltr'><strong>ﬁgurari</strong></span> 
     </span>
    </p>
   </div>
   <div class='ocr_carea' id='block_1_24' title="bbox 328 2535 1930 2614">
    <p class='ocr_par' dir='ltr' id='par_1_24' title="bbox 328 2535 1930 2614">
     <span class='ocr_line' id='line_1_24' title="bbox 328 2535 1930 2614; baseline -0.004 -18"><span class='ocrx_word' id='word_1_200' title='bbox 328 2559 458 2614; x_wconf 87' lang='lat' dir='ltr'><strong>pars</strong></span> <span class='ocrx_word' id='word_1_201' title='bbox 488 2541 576 2596; x_wconf 92' lang='lat' dir='ltr'><strong>illa</strong></span> <span class='ocrx_word' id='word_1_202' title='bbox 607 2541 851 2605; x_wconf 87' lang='lat' dir='ltr'><strong>rationis,</strong></span> <span class='ocrx_word' id='word_1_203' title='bbox 881 2555 1000 2610; x_wconf 71' lang='lat' dir='ltr'><strong>quae</strong></span> <span class='ocrx_word' id='word_1_204' title='bbox 1027 2538 1093 2594; x_wconf 89' lang='lat' dir='ltr'><strong>ad</strong></span> <span class='ocrx_word' id='word_1_205' title='bbox 1125 2537 1436 2608; x_wconf 89' lang='lat' dir='ltr'><strong>temporalia</strong></span> <span class='ocrx_word' id='word_1_206' title='bbox 1465 2536 1810 2606; x_wconf 84' lang='lat' dir='ltr'><strong>gubernanda</strong></span> <span class='ocrx_word' id='word_1_207' title='bbox 1833 2535 1930 2590; x_wconf 83' lang='lat' dir='ltr'><strong>de-</strong></span> 
     </span>
    </p>
   </div>
   <div class='ocr_carea' id='block_1_25' title="bbox 329 2627 1933 2700">
    <p class='ocr_par' dir='ltr' id='par_1_25' title="bbox 329 2627 1933 2700">
     <span class='ocr_line' id='line_1_25' title="bbox 329 2627 1933 2700; baseline -0.006 -11"><span class='ocrx_word' id='word_1_208' title='bbox 329 2634 599 2700; x_wconf 84' lang='lat' dir='ltr'><strong>ﬂectitur;</strong></span> <span class='ocrx_word' id='word_1_209' title='bbox 633 2641 690 2686; x_wconf 93' lang='lat' dir='ltr'><strong>ut</strong></span> <span class='ocrx_word' id='word_1_210' title='bbox 721 2648 824 2686; x_wconf 89' lang='lat' dir='ltr'><strong>non</strong></span> <span class='ocrx_word' id='word_1_211' title='bbox 857 2639 1072 2686; x_wconf 88' lang='lat' dir='ltr'><strong>maneat</strong></span> <span class='ocrx_word' id='word_1_212' title='bbox 1100 2630 1276 2698; x_wconf 84' lang='lat' dir='ltr'><strong>imago</strong></span> <span class='ocrx_word' id='word_1_213' title='bbox 1307 2628 1418 2694; x_wconf 88' lang='lat' dir='ltr'><strong>Dei,</strong></span> <span class='ocrx_word' id='word_1_214' title='bbox 1457 2627 1562 2682; x_wconf 91' lang='lat' dir='ltr'><strong>nisi</strong></span> <span class='ocrx_word' id='word_1_215' title='bbox 1589 2642 1653 2682; x_wconf 87' lang='lat' dir='ltr'><strong>ex</strong></span> <span class='ocrx_word' id='word_1_216' title='bbox 1677 2643 1778 2697; x_wconf 90' lang='lat' dir='ltr'><strong>qua</strong></span> <span class='ocrx_word' id='word_1_217' title='bbox 1812 2641 1933 2695; x_wconf 91' lang='lat' dir='ltr'><strong>par-</strong></span> 
     </span>
    </p>
   </div>
   <div class='ocr_carea' id='block_1_26' title="bbox 329 2716 1931 2788">
    <p class='ocr_par' dir='ltr' id='par_1_26' title="bbox 329 2716 1931 2788">
     <span class='ocr_line' id='line_1_26' title="bbox 329 2716 1931 2788; baseline -0.004 -9"><span class='ocrx_word' id='word_1_218' title='bbox 329 2733 384 2779; x_wconf 89' lang='lat' dir='ltr'><strong>te</strong></span> <span class='ocrx_word' id='word_1_219' title='bbox 412 2740 564 2778; x_wconf 88' lang='lat' dir='ltr'><strong>mens</strong></span> <span class='ocrx_word' id='word_1_220' title='bbox 588 2722 823 2776; x_wconf 85' lang='lat' dir='ltr'><strong>hominis</strong></span> <span class='ocrx_word' id='word_1_221' title='bbox 845 2732 1062 2778; x_wconf 66' lang='lat' dir='ltr'><strong>aeternis</strong></span> <span class='ocrx_word' id='word_1_222' title='bbox 1094 2719 1395 2774; x_wconf 90' lang='lat' dir='ltr'><strong>rationibus</strong></span> <span class='ocrx_word' id='word_1_223' title='bbox 1423 2717 1818 2788; x_wconf 89' lang='lat' dir='ltr'><strong>conspiciendis</strong></span> <span class='ocrx_word' id='word_1_224' title='bbox 1849 2716 1931 2772; x_wconf 89' lang='lat' dir='ltr'><strong>vel</strong></span> 
     </span>
    </p>
   </div>
   <div class='ocr_carea' id='block_1_27' title="bbox 329 2808 1930 2882">
    <p class='ocr_par' dir='ltr' id='par_1_27' title="bbox 329 2808 1930 2882">
     <span class='ocr_line' id='line_1_27' title="bbox 329 2808 1930 2882; baseline -0.004 -13"><span class='ocrx_word' id='word_1_225' title='bbox 329 2813 677 2869; x_wconf 87' lang='lat' dir='ltr'><strong>consulendis</strong></span> <span class='ocrx_word' id='word_1_226' title='bbox 707 2811 1027 2868; x_wconf 78' lang='lat' dir='ltr'><strong>adhaerescit</strong></span> <span class='ocrx_word' id='word_1_227' title='bbox 1050 2813 1094 2880; x_wconf 77' lang='grc'><strong>’³,</strong></span> <span class='ocrx_word' id='word_1_228' title='bbox 1117 2826 1277 2882; x_wconf 87' lang='lat' dir='ltr'><strong>quam</strong></span> <span class='ocrx_word' id='word_1_229' title='bbox 1304 2826 1412 2864; x_wconf 89' lang='lat' dir='ltr'><strong>non</strong></span> <span class='ocrx_word' id='word_1_230' title='bbox 1436 2810 1610 2864; x_wconf 92' lang='lat' dir='ltr'><strong>solum</strong></span> <span class='ocrx_word' id='word_1_231' title='bbox 1641 2808 1930 2874; x_wconf 86' lang='lat' dir='ltr'><strong>masculos,</strong></span> 
     </span>
    </p>
   </div>
   <div class='ocr_carea' id='block_1_28' title="bbox 328 2904 1591 2964">
    <p class='ocr_par' dir='ltr' id='par_1_28' title="bbox 328 2904 1591 2964">
     <span class='ocr_line' id='line_1_28' title="bbox 328 2904 1591 2964; baseline -0.006 0"><span class='ocrx_word' id='word_1_232' title='bbox 328 2906 430 2964; x_wconf 90' lang='lat' dir='ltr'><strong>sed</strong></span> <span class='ocrx_word' id='word_1_233' title='bbox 460 2907 619 2960; x_wconf 90' lang='lat' dir='ltr'><strong>etiam</strong></span> <span class='ocrx_word' id='word_1_234' title='bbox 647 2905 871 2961; x_wconf 78' lang='lat' dir='ltr'><strong>feminas</strong></span> <span class='ocrx_word' id='word_1_235' title='bbox 897 2905 1094 2961; x_wconf 89' lang='lat' dir='ltr'><strong>habere</strong></span> <span class='ocrx_word' id='word_1_236' title='bbox 1121 2904 1461 2960; x_wconf 81' lang='lat' dir='ltr'><strong>manifestum</strong></span> <span class='ocrx_word' id='word_1_237' title='bbox 1488 2913 1591 2960; x_wconf 89' lang='lat' dir='ltr'><strong>est.</strong></span> 
     </span>
    </p>
   </div>
   <div class='ocr_carea' id='block_1_29' title="bbox 403 2985 1931 3060">
    <p class='ocr_par' dir='ltr' id='par_1_29' title="bbox 403 2985 1931 3060">
     <span class='ocr_line' id='line_1_29' title="bbox 403 2985 1931 3060; baseline -0.003 -13"><span class='ocrx_word' id='word_1_238' title='bbox 403 2991 629 3048; x_wconf 85' lang='lat' dir='ltr'><strong>CAPUT</strong></span> <span class='ocrx_word' id='word_1_239' title='bbox 668 2989 802 3044; x_wconf 79' lang='lat' dir='ltr'><strong>Vill.</strong></span> <span class='ocrx_word' id='word_1_240' title='bbox 825 3019 897 3029; x_wconf 92' lang='grc'><strong>--</strong></span> <span class='ocrx_word' id='word_1_241' title='bbox 917 2989 1005 3044; x_wconf 80' lang='grc'><strong>15.</strong></span> <span class='ocrx_word' id='word_1_242' title='bbox 1053 2987 1290 3059; x_wconf 75' lang='lat' dir='ltr'><strong>Deﬂexus</strong></span> <span class='ocrx_word' id='word_1_243' title='bbox 1317 2987 1379 3042; x_wconf 83' lang='lat' dir='ltr'><strong>ab</strong></span> <span class='ocrx_word' id='word_1_244' title='bbox 1403 2987 1621 3060; x_wconf 87' lang='lat' dir='ltr'><strong>imagine</strong></span> <span class='ocrx_word' id='word_1_245' title='bbox 1646 2986 1761 3041; x_wconf 90' lang='lat' dir='ltr'><strong>Dei.</strong></span> <span class='ocrx_word' id='word_1_246' title='bbox 1788 2985 1931 3057; x_wconf 87' lang='lat' dir='ltr'><strong>Ergo</strong></span> 
     </span>
    </p>
   </div>
   <div class='ocr_carea' id='block_1_30' title="bbox 330 3077 1932 3150">
    <p class='ocr_par' dir='ltr' id='par_1_30' title="bbox 330 3077 1932 3150">
     <span class='ocr_line' id='line_1_30' title="bbox 330 3077 1932 3150; baseline -0.006 -10"><span class='ocrx_word' id='word_1_247' title='bbox 330 3085 387 3140; x_wconf 87' lang='lat' dir='ltr'><strong>in</strong></span> <span class='ocrx_word' id='word_1_248' title='bbox 417 3100 602 3139; x_wconf 89' lang='lat' dir='ltr'><strong>eorum</strong></span> <span class='ocrx_word' id='word_1_249' title='bbox 635 3082 902 3137; x_wconf 86' lang='lat' dir='ltr'><strong>mentibus</strong></span> <span class='ocrx_word' id='word_1_250' title='bbox 931 3080 1230 3136; x_wconf 90' lang='lat' dir='ltr'><strong>communis</strong></span> <span class='ocrx_word' id='word_1_251' title='bbox 1256 3091 1443 3134; x_wconf 86' lang='lat' dir='ltr'><strong>natura</strong></span> <span class='ocrx_word' id='word_1_252' title='bbox 1473 3079 1847 3150; x_wconf 79' lang='lat' dir='ltr'><strong>cognoscitur;</strong></span> <span class='ocrx_word' id='word_1_253' title='bbox 1875 3077 1932 3132; x_wconf 90' lang='lat' dir='ltr'><strong>in</strong></span> 
     </span>
    </p>
   </div>
   <div class='ocr_carea' id='block_1_31' title="bbox 331 3170 1931 3245">
    <p class='ocr_par' dir='ltr' id='par_1_31' title="bbox 331 3170 1931 3245">
     <span class='ocr_line' id='line_1_31' title="bbox 331 3170 1931 3245; baseline -0.005 -12"><span class='ocrx_word' id='word_1_254' title='bbox 331 3192 522 3233; x_wconf 85' lang='lat' dir='ltr'><strong>eorum</strong></span> <span class='ocrx_word' id='word_1_255' title='bbox 550 3191 678 3231; x_wconf 91' lang='lat' dir='ltr'><strong>vero</strong></span> <span class='ocrx_word' id='word_1_256' title='bbox 721 3173 1034 3245; x_wconf 87' lang='lat' dir='ltr'><strong>corporibus</strong></span> <span class='ocrx_word' id='word_1_257' title='bbox 1067 3173 1232 3244; x_wconf 91' lang='lat' dir='ltr'><strong>ipsius</strong></span> <span class='ocrx_word' id='word_1_258' title='bbox 1259 3172 1418 3226; x_wconf 91' lang='lat' dir='ltr'><strong>unius</strong></span> <span class='ocrx_word' id='word_1_259' title='bbox 1447 3172 1642 3228; x_wconf 91' lang='lat' dir='ltr'><strong>mentis</strong></span> <span class='ocrx_word' id='word_1_260' title='bbox 1672 3170 1931 3227; x_wconf 86' lang='lat' dir='ltr'><strong>distribu-</strong></span> 
     </span>
    </p>
   </div>
   <div class='ocr_carea' id='block_1_32' title="bbox 331 3262 1929 3338">
    <p class='ocr_par' dir='ltr' id='par_1_32' title="bbox 331 3262 1929 3338">
     <span class='ocr_line' id='line_1_32' title="bbox 331 3262 1929 3338; baseline -0.003 -16"><span class='ocrx_word' id='word_1_261' title='bbox 331 3267 411 3322; x_wconf 89' lang='lat' dir='ltr'><strong>tio</strong></span> <span class='ocrx_word' id='word_1_262' title='bbox 441 3267 715 3338; x_wconf 80' lang='lat' dir='ltr'><strong>ﬁgdratur.</strong></span> <span class='ocrx_word' id='word_1_263' title='bbox 748 3263 1176 3320; x_wconf 88' lang='lat' dir='ltr'><strong>Ascendcntibus</strong></span> <span class='ocrx_word' id='word_1_264' title='bbox 1204 3263 1382 3333; x_wconf 88' lang='lat' dir='ltr'><strong>itaque</strong></span> <span class='ocrx_word' id='word_1_265' title='bbox 1423 3263 1684 3318; x_wconf 88' lang='lat' dir='ltr'><strong>introrsus</strong></span> <span class='ocrx_word' id='word_1_266' title='bbox 1708 3262 1929 3334; x_wconf 90' lang='lat' dir='ltr'><strong>quibus-</strong></span> 
     </span>
    </p>
   </div>
   <div class='ocr_carea' id='block_1_33' title="bbox 329 3355 1928 3428">
    <p class='ocr_par' dir='ltr' id='par_1_33' title="bbox 329 3355 1928 3428">
     <span class='ocr_line' id='line_1_33' title="bbox 329 3355 1928 3428; baseline -0.004 -15"><span class='ocrx_word' id='word_1_267' title='bbox 329 3357 459 3413; x_wconf 89' lang='lat' dir='ltr'><strong>dam</strong></span> <span class='ocrx_word' id='word_1_268' title='bbox 512 3355 765 3428; x_wconf 82' lang='lat' dir='ltr'><strong>gradibus</strong></span> <span class='ocrx_word' id='word_1_269' title='bbox 816 3355 1262 3411; x_wconf 88' lang='lat' dir='ltr'><strong>considerationis</strong></span> <span class='ocrx_word' id='word_1_270' title='bbox 1314 3370 1408 3424; x_wconf 91' lang='lat' dir='ltr'><strong>per</strong></span> <span class='ocrx_word' id='word_1_271' title='bbox 1458 3355 1651 3408; x_wconf 70' lang='lat' dir='ltr'><strong>animae</strong></span> <span class='ocrx_word' id='word_1_272' title='bbox 1703 3362 1883 3423; x_wconf 90' lang='lat' dir='ltr'><strong>partes</strong></span> <span class='ocrx_word' id='word_1_273' title='bbox 1912 3393 1928 3420; x_wconf 94' lang='lat'><strong>,</strong></span> 
     </span>
    </p>
   </div>
   <div class='ocr_carea' id='block_1_34' title="bbox 330 3445 1933 3520">
    <p class='ocr_par' dir='ltr' id='par_1_34' title="bbox 330 3445 1933 3520">
     <span class='ocr_line' id='line_1_34' title="bbox 330 3445 1933 3520; baseline -0.003 -14"><span class='ocrx_word' id='word_1_274' title='bbox 330 3451 478 3506; x_wconf 87' lang='lat' dir='ltr'><strong>unde</strong></span> <span class='ocrx_word' id='word_1_275' title='bbox 520 3449 704 3520; x_wconf 87' lang='lat' dir='ltr'><strong>incipit</strong></span> <span class='ocrx_word' id='word_1_276' title='bbox 742 3447 938 3519; x_wconf 90' lang='lat' dir='ltr'><strong>aliquid</strong></span> <span class='ocrx_word' id='word_1_277' title='bbox 985 3462 1306 3512; x_wconf 89' lang='lat' dir='ltr'><strong>occurrere,</strong></span> <span class='ocrx_word' id='word_1_278' title='bbox 1337 3445 1480 3518; x_wconf 91' lang='lat' dir='ltr'><strong>quod</strong></span> <span class='ocrx_word' id='word_1_279' title='bbox 1517 3461 1622 3501; x_wconf 90' lang='lat' dir='ltr'><strong>non</strong></span> <span class='ocrx_word' id='word_1_280' title='bbox 1667 3446 1735 3502; x_wconf 89' lang='lat' dir='ltr'><strong>sit</strong></span> <span class='ocrx_word' id='word_1_281' title='bbox 1777 3445 1933 3501; x_wconf 89' lang='lat' dir='ltr'><strong>nobis</strong></span> 
     </span>
    </p>
   </div>
   <div class='ocr_carea' id='block_1_35' title="bbox 332 3535 1932 3607">
    <p class='ocr_par' dir='ltr' id='par_1_35' title="bbox 332 3535 1932 3607">
     <span class='ocr_line' id='line_1_35' title="bbox 332 3535 1932 3607; baseline -0.003 -11"><span class='ocrx_word' id='word_1_282' title='bbox 332 3555 617 3596; x_wconf 87' lang='lat' dir='ltr'><strong>commune</strong></span> <span class='ocrx_word' id='word_1_283' title='bbox 648 3557 768 3595; x_wconf 89' lang='lat' dir='ltr'><strong>cum</strong></span> <span class='ocrx_word' id='word_1_284' title='bbox 796 3538 983 3597; x_wconf 89' lang='lat' dir='ltr'><strong>bestiis</strong></span> <span class='ocrx_word' id='word_1_285' title='bbox 1007 3581 1020 3604; x_wconf 92' lang='lat'><strong>,</strong></span> <span class='ocrx_word' id='word_1_286' title='bbox 1051 3538 1176 3594; x_wconf 91' lang='lat' dir='ltr'><strong>inde</strong></span> <span class='ocrx_word' id='word_1_287' title='bbox 1205 3538 1387 3607; x_wconf 91' lang='lat' dir='ltr'><strong>incipit</strong></span> <span class='ocrx_word' id='word_1_288' title='bbox 1427 3537 1562 3592; x_wconf 88' lang='lat' dir='ltr'><strong>ratio</strong></span> <span class='ocrx_word' id='word_1_289' title='bbox 1582 3579 1596 3605; x_wconf 95' lang='lat'><strong>,</strong></span> <span class='ocrx_word' id='word_1_290' title='bbox 1648 3535 1738 3591; x_wconf 91' lang='lat' dir='ltr'><strong>ubi</strong></span> <span class='ocrx_word' id='word_1_291' title='bbox 1769 3536 1932 3592; x_wconf 90' lang='lat' dir='ltr'><strong>homo</strong></span> 
     </span>
    </p>
   </div>
   <div class='ocr_carea' id='block_1_36' title="bbox 332 3625 1932 3705">
    <p class='ocr_par' dir='ltr' id='par_1_36' title="bbox 332 3625 1932 3705">
     <span class='ocr_line' id='line_1_36' title="bbox 332 3625 1932 3705; baseline -0.005 -15"><span class='ocrx_word' id='word_1_292' title='bbox 332 3633 558 3690; x_wconf 90' lang='lat' dir='ltr'><strong>interior</strong></span> <span class='ocrx_word' id='word_1_293' title='bbox 574 3634 682 3705; x_wconf 88' lang='lat' dir='ltr'><strong>jam</strong></span> <span class='ocrx_word' id='word_1_294' title='bbox 712 3633 878 3703; x_wconf 88' lang='lat' dir='ltr'><strong>possit</strong></span> <span class='ocrx_word' id='word_1_295' title='bbox 900 3631 1135 3703; x_wconf 88' lang='lat' dir='ltr'><strong>agnosci.</strong></span> <span class='ocrx_word' id='word_1_296' title='bbox 1153 3631 1254 3698; x_wconf 87' lang='lat' dir='ltr'><strong>Qui</strong></span> <span class='ocrx_word' id='word_1_297' title='bbox 1275 3629 1433 3685; x_wconf 91' lang='lat' dir='ltr'><strong>etiam</strong></span> <span class='ocrx_word' id='word_1_298' title='bbox 1459 3627 1574 3699; x_wconf 86' lang='lat' dir='ltr'><strong>ipse</strong></span> <span class='ocrx_word' id='word_1_299' title='bbox 1600 3625 1644 3682; x_wconf 80' lang='lat' dir='ltr'><strong>Si</strong></span> <span class='ocrx_word' id='word_1_300' title='bbox 1666 3643 1762 3698; x_wconf 88' lang='lat' dir='ltr'><strong>per</strong></span> <span class='ocrx_word' id='word_1_301' title='bbox 1785 3628 1932 3683; x_wconf 89' lang='lat' dir='ltr'><strong>illam</strong></span> 
     </span>
    </p>
   </div>
   <div class='ocr_carea' id='block_1_37' title="bbox 332 3719 1928 3795">
    <p class='ocr_par' dir='ltr' id='par_1_37' title="bbox 332 3719 1928 3795">
     <span class='ocr_line' id='line_1_37' title="bbox 332 3719 1928 3795; baseline -0.005 -11"><span class='ocrx_word' id='word_1_302' title='bbox 332 3729 598 3785; x_wconf 89' lang='lat' dir='ltr'><strong>rationem</strong></span> <span class='ocrx_word' id='word_1_303' title='bbox 629 3727 712 3783; x_wconf 93' lang='lat' dir='ltr'><strong>cui</strong></span> <span class='ocrx_word' id='word_1_304' title='bbox 741 3725 1111 3795; x_wconf 89' lang='lat' dir='ltr'><strong>temporalium</strong></span> <span class='ocrx_word' id='word_1_305' title='bbox 1144 3738 1324 3778; x_wconf 88' lang='lat' dir='ltr'><strong>rerum</strong></span> <span class='ocrx_word' id='word_1_306' title='bbox 1360 3719 1751 3782; x_wconf 80' lang='lat' dir='ltr'><strong>adminiStratio</strong></span> <span class='ocrx_word' id='word_1_307' title='bbox 1778 3721 1928 3777; x_wconf 89' lang='lat' dir='ltr'><strong>dele-</strong></span> 
     </span>
    </p>
   </div>
   <div class='ocr_carea' id='block_1_38' title="bbox 331 3814 1931 3894">
    <p class='ocr_par' dir='ltr' id='par_1_38' title="bbox 331 3814 1931 3894">
     <span class='ocr_line' id='line_1_38' title="bbox 331 3814 1931 3894; baseline -0.004 -18"><span class='ocrx_word' id='word_1_308' title='bbox 331 3829 456 3894; x_wconf 88' lang='lat' dir='ltr'><strong>gata</strong></span> <span class='ocrx_word' id='word_1_309' title='bbox 484 3830 604 3888; x_wconf 90' lang='lat' dir='ltr'><strong>est,</strong></span> <span class='ocrx_word' id='word_1_310' title='bbox 653 3818 1005 3874; x_wconf 90' lang='lat' dir='ltr'><strong>immoderato</strong></span> <span class='ocrx_word' id='word_1_311' title='bbox 1051 3829 1338 3886; x_wconf 90' lang='lat' dir='ltr'><strong>progressu</strong></span> <span class='ocrx_word' id='word_1_312' title='bbox 1385 3815 1544 3878; x_wconf 89' lang='lat' dir='ltr'><strong>nimis</strong></span> <span class='ocrx_word' id='word_1_313' title='bbox 1569 3814 1624 3870; x_wconf 88' lang='lat' dir='ltr'><strong>in</strong></span> <span class='ocrx_word' id='word_1_314' title='bbox 1663 3815 1931 3870; x_wconf 86' lang='lat' dir='ltr'><strong>exteriora</strong></span> 
     </span>
    </p>
   </div>
   <div class='ocr_carea' id='block_1_39' title="bbox 331 3904 1930 3986">
    <p class='ocr_par' dir='ltr' id='par_1_39' title="bbox 331 3904 1930 3986">
     <span class='ocr_line' id='line_1_39' title="bbox 331 3904 1930 3986; baseline -0.005 -18"><span class='ocrx_word' id='word_1_315' title='bbox 331 3913 653 3986; x_wconf 82' lang='lat' dir='ltr'><strong>prolabitur,</strong></span> <span class='ocrx_word' id='word_1_316' title='bbox 681 3910 1052 3966; x_wconf 89' lang='lat' dir='ltr'><strong>consentiente</strong></span> <span class='ocrx_word' id='word_1_317' title='bbox 1098 3907 1198 3962; x_wconf 89' lang='lat' dir='ltr'><strong>sibi</strong></span> <span class='ocrx_word' id='word_1_318' title='bbox 1239 3906 1411 3976; x_wconf 90' lang='lat' dir='ltr'><strong>capite</strong></span> <span class='ocrx_word' id='word_1_319' title='bbox 1439 3921 1557 3972; x_wconf 92' lang='lat' dir='ltr'><strong>suo,</strong></span> <span class='ocrx_word' id='word_1_320' title='bbox 1588 3904 1640 3960; x_wconf 89' lang='lat' dir='ltr'><strong>id</strong></span> <span class='ocrx_word' id='word_1_321' title='bbox 1671 3914 1755 3961; x_wconf 89' lang='lat' dir='ltr'><strong>est</strong></span> <span class='ocrx_word' id='word_1_322' title='bbox 1779 3946 1794 3971; x_wconf 90' lang='lat'><strong>,</strong></span> <span class='ocrx_word' id='word_1_323' title='bbox 1822 3922 1930 3961; x_wconf 90' lang='lat' dir='ltr'><strong>non</strong></span> 
     </span>
    </p>
   </div>
   <div class='ocr_carea' id='block_1_40' title="bbox 332 3999 1926 4073">
    <p class='ocr_par' dir='ltr' id='par_1_40' title="bbox 332 3999 1926 4073">
     <span class='ocr_line' id='line_1_40' title="bbox 332 3999 1926 4073; baseline -0.005 -11"><span class='ocrx_word' id='word_1_324' title='bbox 332 4020 454 4062; x_wconf 88' lang='lat' dir='ltr'><strong>eam</strong></span> <span class='ocrx_word' id='word_1_325' title='bbox 496 4005 779 4060; x_wconf 89' lang='lat' dir='ltr'><strong>cohibente</strong></span> <span class='ocrx_word' id='word_1_326' title='bbox 818 4013 977 4073; x_wconf 90' lang='lat' dir='ltr'><strong>atque</strong></span> <span class='ocrx_word' id='word_1_327' title='bbox 1005 3999 1314 4057; x_wconf 88' lang='lat' dir='ltr'><strong>refrenante</strong></span> <span class='ocrx_word' id='word_1_328' title='bbox 1352 3999 1440 4054; x_wconf 91' lang='lat' dir='ltr'><strong>illa</strong></span> <span class='ocrx_word' id='word_1_329' title='bbox 1470 4015 1589 4070; x_wconf 83' lang='lat' dir='ltr'><strong>quae</strong></span> <span class='ocrx_word' id='word_1_330' title='bbox 1621 4000 1672 4053; x_wconf 92' lang='lat' dir='ltr'><strong>in</strong></span> <span class='ocrx_word' id='word_1_331' title='bbox 1710 3999 1926 4069; x_wconf 87' lang='lat' dir='ltr'><strong>specula</strong></span> 
     </span>
    </p>
   </div>
   <div class='ocr_carea' id='block_1_41' title="bbox 331 4091 1928 4167">
    <p class='ocr_par' dir='ltr' id='par_1_41' title="bbox 331 4091 1928 4167">
     <span class='ocr_line' id='line_1_41' title="bbox 331 4091 1928 4167; baseline -0.006 -13"><span class='ocrx_word' id='word_1_332' title='bbox 331 4097 546 4156; x_wconf 88' lang='lat' dir='ltr'><strong>consilii</strong></span> <span class='ocrx_word' id='word_1_333' title='bbox 574 4096 822 4166; x_wconf 63' lang='lat' dir='ltr'><strong>prarsidet</strong></span> <span class='ocrx_word' id='word_1_334' title='bbox 849 4095 999 4167; x_wconf 91' lang='lat' dir='ltr'><strong>quasi</strong></span> <span class='ocrx_word' id='word_1_335' title='bbox 1027 4093 1161 4148; x_wconf 91' lang='lat' dir='ltr'><strong>virili</strong></span> <span class='ocrx_word' id='word_1_336' title='bbox 1195 4093 1458 4163; x_wconf 89' lang='lat' dir='ltr'><strong>portione,</strong></span> <span class='ocrx_word' id='word_1_337' title='bbox 1488 4091 1818 4146; x_wconf 90' lang='lat' dir='ltr'><strong>inveteratur</strong></span> <span class='ocrx_word' id='word_1_338' title='bbox 1842 4092 1928 4146; x_wconf 92' lang='lat' dir='ltr'><strong>in-</strong></span> 
     </span>
    </p>
   </div>
   <div class='ocr_carea' id='block_1_42' title="bbox 331 4181 1930 4257">
    <p class='ocr_par' dir='ltr' id='par_1_42' title="bbox 331 4181 1930 4257">
     <span class='ocr_line' id='line_1_42' title="bbox 331 4181 1930 4257; baseline -0.006 -12"><span class='ocrx_word' id='word_1_339' title='bbox 331 4199 418 4245; x_wconf 85' lang='lat' dir='ltr'><strong>ter</strong></span> <span class='ocrx_word' id='word_1_340' title='bbox 449 4189 694 4243; x_wconf 92' lang='lat' dir='ltr'><strong>inimicos</strong></span> <span class='ocrx_word' id='word_1_341' title='bbox 723 4202 846 4241; x_wconf 82' lang='lat' dir='ltr'><strong>suos</strong></span> <span class='ocrx_word' id='word_1_342' title='bbox 869 4185 887 4257; x_wconf 96' lang='lat'><strong>(</strong></span> <span class='ocrx_word' id='word_1_343' title='bbox 912 4184 1058 4239; x_wconf 89' lang='lat' dir='ltr'><strong>Psal.</strong></span> <span class='ocrx_word' id='word_1_344' title='bbox 1087 4199 1174 4251; x_wconf 82' lang='lat' dir='ltr'><strong>v1,</strong></span> <span class='ocrx_word' id='word_1_345' title='bbox 1207 4183 1281 4254; x_wconf 90' lang='lat'><strong>8)</strong></span> <span class='ocrx_word' id='word_1_346' title='bbox 1308 4183 1520 4237; x_wconf 89' lang='lat' dir='ltr'><strong>virtutis</strong></span> <span class='ocrx_word' id='word_1_347' title='bbox 1562 4181 1772 4237; x_wconf 88' lang='lat' dir='ltr'><strong>invidos</strong></span> <span class='ocrx_word' id='word_1_348' title='bbox 1816 4181 1930 4236; x_wconf 86' lang='lat' dir='ltr'><strong>dae-</strong></span> 
     </span>
    </p>
   </div>
   <div class='ocr_carea' id='block_1_43' title="bbox 331 4273 1922 4350">
    <p class='ocr_par' dir='ltr' id='par_1_43' title="bbox 331 4273 1922 4350">
     <span class='ocr_line' id='line_1_43' title="bbox 331 4273 1922 4350; baseline -0.006 -12"><span class='ocrx_word' id='word_1_349' title='bbox 331 4298 525 4339; x_wconf 88' lang='lat' dir='ltr'><strong>mones</strong></span> <span class='ocrx_word' id='word_1_350' title='bbox 545 4297 665 4338; x_wconf 93' lang='lat' dir='ltr'><strong>cum</strong></span> <span class='ocrx_word' id='word_1_351' title='bbox 697 4295 794 4336; x_wconf 86' lang='lat' dir='ltr'><strong>suo</strong></span> <span class='ocrx_word' id='word_1_352' title='bbox 823 4278 1063 4350; x_wconf 88' lang='lat' dir='ltr'><strong>principe</strong></span> <span class='ocrx_word' id='word_1_353' title='bbox 1087 4276 1297 4331; x_wconf 89' lang='lat' dir='ltr'><strong>diabolo</strong></span> <span class='ocrx_word' id='word_1_354' title='bbox 1330 4293 1345 4329; x_wconf 91' lang='lat'><strong>:</strong></span> <span class='ocrx_word' id='word_1_355' title='bbox 1375 4284 1806 4342; x_wconf 63' lang='lat' dir='ltr'><strong>aeternorumque</strong></span> <span class='ocrx_word' id='word_1_356' title='bbox 1832 4273 1922 4328; x_wconf 89' lang='lat' dir='ltr'><strong>illa</strong></span> 
     </span>
    </p>
   </div>
   <div class='ocr_carea' id='block_1_44' title="bbox 331 4365 1931 4442">
    <p class='ocr_par' dir='ltr' id='par_1_44' title="bbox 331 4365 1931 4442">
     <span class='ocr_line' id='line_1_44' title="bbox 331 4365 1931 4442; baseline -0.006 -14"><span class='ocrx_word' id='word_1_357' title='bbox 331 4371 470 4428; x_wconf 86' lang='lat' dir='ltr'><strong>visio</strong></span> <span class='ocrx_word' id='word_1_358' title='bbox 497 4373 565 4428; x_wconf 92' lang='lat' dir='ltr'><strong>ab</strong></span> <span class='ocrx_word' id='word_1_359' title='bbox 590 4373 706 4442; x_wconf 90' lang='lat' dir='ltr'><strong>ipso</strong></span> <span class='ocrx_word' id='word_1_360' title='bbox 735 4371 892 4425; x_wconf 89' lang='lat' dir='ltr'><strong>etiam</strong></span> <span class='ocrx_word' id='word_1_361' title='bbox 921 4369 1095 4439; x_wconf 89' lang='lat' dir='ltr'><strong>capite</strong></span> <span class='ocrx_word' id='word_1_362' title='bbox 1127 4382 1248 4422; x_wconf 89' lang='lat' dir='ltr'><strong>cum</strong></span> <span class='ocrx_word' id='word_1_363' title='bbox 1275 4365 1501 4435; x_wconf 86' lang='lat' dir='ltr'><strong>conjuge</strong></span> <span class='ocrx_word' id='word_1_364' title='bbox 1525 4365 1747 4420; x_wconf 87' lang='lat' dir='ltr'><strong>vetitum</strong></span> <span class='ocrx_word' id='word_1_365' title='bbox 1779 4379 1931 4418; x_wconf 92' lang='lat' dir='ltr'><strong>man-</strong></span> 
     </span>
    </p>
   </div>
   <div class='ocr_carea' id='block_1_45' title="bbox 331 4455 1930 4525">
    <p class='ocr_par' dir='ltr' id='par_1_45' title="bbox 331 4455 1930 4525">
     <span class='ocr_line' id='line_1_45' title="bbox 331 4455 1930 4525; baseline -0.007 -6"><span class='ocrx_word' id='word_1_366' title='bbox 331 4463 566 4519; x_wconf 88' lang='lat' dir='ltr'><strong>ducante</strong></span> <span class='ocrx_word' id='word_1_367' title='bbox 603 4459 953 4524; x_wconf 87' lang='lat' dir='ltr'><strong>subtrahitur,</strong></span> <span class='ocrx_word' id='word_1_368' title='bbox 1000 4467 1060 4513; x_wconf 91' lang='lat' dir='ltr'><strong>ut</strong></span> <span class='ocrx_word' id='word_1_369' title='bbox 1114 4458 1290 4512; x_wconf 91' lang='lat' dir='ltr'><strong>lumen</strong></span> <span class='ocrx_word' id='word_1_370' title='bbox 1343 4455 1618 4511; x_wconf 89' lang='lat' dir='ltr'><strong>oculorum</strong></span> <span class='ocrx_word' id='word_1_371' title='bbox 1661 4455 1776 4525; x_wconf 87' lang='lat' dir='ltr'><strong>ejus</strong></span> <span class='ocrx_word' id='word_1_372' title='bbox 1822 4471 1930 4509; x_wconf 90' lang='lat' dir='ltr'><strong>non</strong></span> 
     </span>
    </p>
   </div>
   <div class='ocr_carea' id='block_1_46' title="bbox 332 4546 1932 4622">
    <p class='ocr_par' dir='ltr' id='par_1_46' title="bbox 332 4546 1932 4622">
     <span class='ocr_line' id='line_1_46' title="bbox 332 4546 1932 4622; baseline -0.005 -13"><span class='ocrx_word' id='word_1_373' title='bbox 332 4556 406 4610; x_wconf 87' lang='lat' dir='ltr'><strong>sit</strong></span> <span class='ocrx_word' id='word_1_374' title='bbox 451 4569 573 4609; x_wconf 91' lang='lat' dir='ltr'><strong>cum</strong></span> <span class='ocrx_word' id='word_1_375' title='bbox 624 4552 715 4606; x_wconf 89' lang='lat' dir='ltr'><strong>illo</strong></span> <span class='ocrx_word' id='word_1_376' title='bbox 741 4549 920 4622; x_wconf 86' lang='lat' dir='ltr'><strong>(Psal.</strong></span> <span class='ocrx_word' id='word_1_377' title='bbox 948 4565 1133 4604; x_wconf 80' lang='lat' dir='ltr'><strong>xxxvn</strong></span> <span class='ocrx_word' id='word_1_378' title='bbox 1154 4590 1168 4613; x_wconf 92' lang='lat'><strong>,</strong></span> <span class='ocrx_word' id='word_1_379' title='bbox 1203 4549 1262 4602; x_wconf 83' lang='lat' dir='ltr'><strong>H</strong></span> <span class='ocrx_word' id='word_1_380' title='bbox 1285 4550 1344 4619; x_wconf 88' lang='lat'><strong>);</strong></span> <span class='ocrx_word' id='word_1_381' title='bbox 1395 4563 1456 4602; x_wconf 90' lang='lat' dir='ltr'><strong>ac</strong></span> <span class='ocrx_word' id='word_1_382' title='bbox 1490 4546 1568 4602; x_wconf 91' lang='lat' dir='ltr'><strong>sic</strong></span> <span class='ocrx_word' id='word_1_383' title='bbox 1596 4546 1663 4600; x_wconf 86' lang='lat' dir='ltr'><strong>ab</strong></span> <span class='ocrx_word' id='word_1_384' title='bbox 1695 4547 1783 4601; x_wconf 91' lang='lat' dir='ltr'><strong>illa</strong></span> <span class='ocrx_word' id='word_1_385' title='bbox 1813 4546 1932 4601; x_wconf 89' lang='lat' dir='ltr'><strong>illu-</strong></span> 
     </span>
    </p>
   </div>
   <div class='ocr_carea' id='block_1_47' title="bbox 332 4638 1932 4710">
    <p class='ocr_par' dir='ltr' id='par_1_47' title="bbox 332 4638 1932 4710">
     <span class='ocr_line' id='line_1_47' title="bbox 332 4638 1932 4710; baseline -0.006 -8"><span class='ocrx_word' id='word_1_386' title='bbox 332 4648 597 4702; x_wconf 82' lang='lat' dir='ltr'><strong>stratione</strong></span> <span class='ocrx_word' id='word_1_387' title='bbox 626 4643 864 4699; x_wconf 90' lang='lat' dir='ltr'><strong>veritatis</strong></span> <span class='ocrx_word' id='word_1_388' title='bbox 891 4643 1048 4695; x_wconf 89' lang='lat' dir='ltr'><strong>ambo</strong></span> <span class='ocrx_word' id='word_1_389' title='bbox 1076 4641 1289 4708; x_wconf 89' lang='lat' dir='ltr'><strong>nudati,</strong></span> <span class='ocrx_word' id='word_1_390' title='bbox 1323 4649 1486 4710; x_wconf 90' lang='lat' dir='ltr'><strong>atque</strong></span> <span class='ocrx_word' id='word_1_391' title='bbox 1522 4638 1723 4708; x_wconf 90' lang='lat' dir='ltr'><strong>apertis</strong></span> <span class='ocrx_word' id='word_1_392' title='bbox 1761 4639 1932 4705; x_wconf 82' lang='lat' dir='ltr'><strong>oculis</strong></span> 
     </span>
    </p>
   </div>
   <div class='ocr_carea' id='block_1_48' title="bbox 331 4729 1932 4804">
    <p class='ocr_par' dir='ltr' id='par_1_48' title="bbox 331 4729 1932 4804">
     <span class='ocr_line' id='line_1_48' title="bbox 331 4729 1932 4804; baseline -0.006 -10"><span class='ocrx_word' id='word_1_393' title='bbox 331 4736 681 4794; x_wconf 71' lang='lat' dir='ltr'><strong>conscientia:</strong></span> <span class='ocrx_word' id='word_1_394' title='bbox 705 4736 770 4792; x_wconf 90' lang='lat' dir='ltr'><strong>ad</strong></span> <span class='ocrx_word' id='word_1_395' title='bbox 793 4734 1079 4790; x_wconf 91' lang='lat' dir='ltr'><strong>videndum</strong></span> <span class='ocrx_word' id='word_1_396' title='bbox 1104 4749 1262 4804; x_wconf 92' lang='lat' dir='ltr'><strong>quam</strong></span> <span class='ocrx_word' id='word_1_397' title='bbox 1293 4730 1560 4786; x_wconf 91' lang='lat' dir='ltr'><strong>inhonesti</strong></span> <span class='ocrx_word' id='word_1_398' title='bbox 1590 4738 1751 4800; x_wconf 90' lang='lat' dir='ltr'><strong>atque</strong></span> <span class='ocrx_word' id='word_1_399' title='bbox 1782 4729 1932 4784; x_wconf 88' lang='lat' dir='ltr'><strong>inde-</strong></span> 
     </span>
    </p>
   </div>
   <div class='ocr_carea' id='block_1_49' title="bbox 332 4821 1927 4898">
    <p class='ocr_par' dir='ltr' id='par_1_49' title="bbox 332 4821 1927 4898">
     <span class='ocr_line' id='line_1_49' title="bbox 332 4821 1927 4898; baseline -0.006 -11"><span class='ocrx_word' id='word_1_400' title='bbox 332 4833 451 4886; x_wconf 89' lang='lat' dir='ltr'><strong>cori</strong></span> <span class='ocrx_word' id='word_1_401' title='bbox 497 4830 884 4896; x_wconf 88' lang='lat' dir='ltr'><strong>remanserint,</strong></span> <span class='ocrx_word' id='word_1_402' title='bbox 920 4837 1170 4898; x_wconf 87' lang='lat' dir='ltr'><strong>tanquam</strong></span> <span class='ocrx_word' id='word_1_403' title='bbox 1213 4823 1338 4879; x_wconf 91' lang='lat' dir='ltr'><strong>folia</strong></span> <span class='ocrx_word' id='word_1_404' title='bbox 1375 4823 1608 4879; x_wconf 89' lang='lat' dir='ltr'><strong>dulcium</strong></span> <span class='ocrx_word' id='word_1_405' title='bbox 1640 4821 1927 4888; x_wconf 87' lang='lat' dir='ltr'><strong>fructuum,</strong></span> 
     </span>
    </p>
   </div>
   <div class='ocr_carea' id='block_1_50' title="bbox 332 4915 1932 4994">
    <p class='ocr_par' dir='ltr' id='par_1_50' title="bbox 332 4915 1932 4994">
     <span class='ocr_line' id='line_1_50' title="bbox 332 4915 1932 4994; baseline -0.008 -13"><span class='ocrx_word' id='word_1_406' title='bbox 332 4925 437 4982; x_wconf 87' lang='lat' dir='ltr'><strong>sed</strong></span> <span class='ocrx_word' id='word_1_407' title='bbox 480 4925 597 4980; x_wconf 88' lang='lat' dir='ltr'><strong>sine</strong></span> <span class='ocrx_word' id='word_1_408' title='bbox 635 4921 764 4994; x_wconf 87' lang='lat' dir='ltr'><strong>ipsis</strong></span> <span class='ocrx_word' id='word_1_409' title='bbox 793 4920 1052 4976; x_wconf 86' lang='lat' dir='ltr'><strong>fructibus</strong></span> <span class='ocrx_word' id='word_1_410' title='bbox 1074 4961 1089 4987; x_wconf 92' lang='lat'><strong>,</strong></span> <span class='ocrx_word' id='word_1_411' title='bbox 1120 4919 1191 4974; x_wconf 90' lang='lat' dir='ltr'><strong>ita</strong></span> <span class='ocrx_word' id='word_1_412' title='bbox 1229 4918 1346 4973; x_wconf 91' lang='lat' dir='ltr'><strong>sine</strong></span> <span class='ocrx_word' id='word_1_413' title='bbox 1376 4917 1549 4972; x_wconf 84' lang='lat' dir='ltr'><strong>fructu</strong></span> <span class='ocrx_word' id='word_1_414' title='bbox 1579 4915 1709 4972; x_wconf 90' lang='lat' dir='ltr'><strong>boni</strong></span> <span class='ocrx_word' id='word_1_415' title='bbox 1753 4915 1932 4986; x_wconf 90' lang='lat' dir='ltr'><strong>operis</strong></span> 
     </span>
    </p>
   </div>
   <div class='ocr_carea' id='block_1_51' title="bbox 332 5004 1932 5078">
    <p class='ocr_par' dir='ltr' id='par_1_51' title="bbox 332 5004 1932 5078">
     <span class='ocr_line' id='line_1_51' title="bbox 332 5004 1932 5078; baseline -0.005 -7"><span class='ocrx_word' id='word_1_416' title='bbox 332 5015 480 5072; x_wconf 79' lang='lat' dir='ltr'><strong>bona</strong></span> <span class='ocrx_word' id='word_1_417' title='bbox 525 5013 686 5070; x_wconf 89' lang='lat' dir='ltr'><strong>verba</strong></span> <span class='ocrx_word' id='word_1_418' title='bbox 731 5004 1055 5076; x_wconf 80' lang='lat' dir='ltr'><strong>contexunt,</strong></span> <span class='ocrx_word' id='word_1_419' title='bbox 1091 5019 1146 5065; x_wconf 91' lang='lat' dir='ltr'><strong>ut</strong></span> <span class='ocrx_word' id='word_1_420' title='bbox 1170 5010 1310 5064; x_wconf 90' lang='lat' dir='ltr'><strong>male</strong></span> <span class='ocrx_word' id='word_1_421' title='bbox 1341 5009 1583 5064; x_wconf 79' lang='lat' dir='ltr'><strong>viventes</strong></span> <span class='ocrx_word' id='word_1_422' title='bbox 1612 5010 1764 5078; x_wconf 88' lang='lat' dir='ltr'><strong>quasi</strong></span> <span class='ocrx_word' id='word_1_423' title='bbox 1794 5007 1932 5064; x_wconf 86' lang='lat' dir='ltr'><strong>bene</strong></span> 
     </span>
    </p>
   </div>
   <div class='ocr_carea' id='block_1_52' title="bbox 331 5099 1856 5179">
    <p class='ocr_par' dir='ltr' id='par_1_52' title="bbox 331 5099 1856 5179">
     <span class='ocr_line' id='line_1_52' title="bbox 331 5099 1856 5179; baseline -0.007 -15"><span class='ocrx_word' id='word_1_424' title='bbox 331 5105 612 5179; x_wconf 83' lang='lat' dir='ltr'><strong>loquendo</strong></span> <span class='ocrx_word' id='word_1_425' title='bbox 640 5112 925 5176; x_wconf 85' lang='lat' dir='ltr'><strong>contegant</strong></span> <span class='ocrx_word' id='word_1_426' title='bbox 954 5102 1332 5173; x_wconf 84' lang='lat' dir='ltr'><strong>turpitudinem</strong></span> <span class='ocrx_word' id='word_1_427' title='bbox 1359 5116 1508 5154; x_wconf 90' lang='lat' dir='ltr'><strong>suam</strong></span> <span class='ocrx_word' id='word_1_428' title='bbox 1541 5099 1706 5172; x_wconf 86' lang='lat' dir='ltr'><strong>(Gen.</strong></span> <span class='ocrx_word' id='word_1_429' title='bbox 1742 5100 1856 5168; x_wconf 90' lang='grc' dir='ltr'>ιιι).</span> 
     </span>
    </p>
   </div>
   <div class='ocr_carea' id='block_1_53' title="bbox 410 5191 1936 5264">
    <p class='ocr_par' dir='ltr' id='par_1_53' title="bbox 410 5191 1936 5264">
     <span class='ocr_line' id='line_1_53' title="bbox 410 5191 1936 5264; baseline -0.007 -8"><span class='ocrx_word' id='word_1_430' title='bbox 410 5198 642 5256; x_wconf 85' lang='lat' dir='ltr'><strong>CAPUT</strong></span> <span class='ocrx_word' id='word_1_431' title='bbox 673 5195 839 5254; x_wconf 79' lang='lat' dir='ltr'><strong>lX.——</strong></span> <span class='ocrx_word' id='word_1_432' title='bbox 864 5197 952 5252; x_wconf 73' lang='grc'><strong>14.</strong></span> <span class='ocrx_word' id='word_1_433' title='bbox 983 5194 1219 5264; x_wconf 81' lang='lat' dir='ltr'><strong>Sequitur</strong></span> <span class='ocrx_word' id='word_1_434' title='bbox 1239 5193 1302 5246; x_wconf 83' lang='lat' dir='ltr'><strong>de</strong></span> <span class='ocrx_word' id='word_1_435' title='bbox 1326 5193 1495 5248; x_wconf 87' lang='lat' dir='ltr'><strong>eodem</strong></span> <span class='ocrx_word' id='word_1_436' title='bbox 1513 5202 1825 5263; x_wconf 89' lang='lat' dir='ltr'><strong>argumento.</strong></span> <span class='ocrx_word' id='word_1_437' title='bbox 1841 5191 1936 5246; x_wconf 88' lang='lat' dir='ltr'><strong>Po-</strong></span> 
     </span>
    </p>
   </div>
   <div class='ocr_carea' id='block_1_54' title="bbox 331 5283 1934 5364">
    <p class='ocr_par' dir='ltr' id='par_1_54' title="bbox 331 5283 1934 5364">
     <span class='ocr_line' id='line_1_54' title="bbox 331 5283 1934 5364; baseline -0.007 -15"><span class='ocrx_word' id='word_1_438' title='bbox 331 5301 586 5350; x_wconf 80' lang='lat' dir='ltr'><strong>testatem</strong></span> <span class='ocrx_word' id='word_1_439' title='bbox 615 5291 812 5364; x_wconf 88' lang='lat' dir='ltr'><strong>quippe</strong></span> <span class='ocrx_word' id='word_1_440' title='bbox 836 5305 984 5344; x_wconf 91' lang='lat' dir='ltr'><strong>suam</strong></span> <span class='ocrx_word' id='word_1_441' title='bbox 1012 5287 1236 5356; x_wconf 81' lang='lat' dir='ltr'><strong>diligens</strong></span> <span class='ocrx_word' id='word_1_442' title='bbox 1256 5284 1450 5351; x_wconf 87' lang='lat' dir='ltr'><strong>anima,</strong></span> <span class='ocrx_word' id='word_1_443' title='bbox 1476 5299 1505 5338; x_wconf 91' lang='lat' dir='ltr'><strong>a</strong></span> <span class='ocrx_word' id='word_1_444' title='bbox 1527 5283 1795 5339; x_wconf 88' lang='lat' dir='ltr'><strong>communi</strong></span> <span class='ocrx_word' id='word_1_445' title='bbox 1817 5284 1934 5338; x_wconf 91' lang='lat' dir='ltr'><strong>uni-</strong></span> 
     </span>
    </p>
   </div>
   <div class='ocr_carea' id='block_1_55' title="bbox 330 5377 1934 5456">
    <p class='ocr_par' dir='ltr' id='par_1_55' title="bbox 330 5377 1934 5456">
     <span class='ocr_line' id='line_1_55' title="bbox 330 5377 1934 5456; baseline -0.008 -13"><span class='ocrx_word' id='word_1_446' title='bbox 330 5401 500 5443; x_wconf 83' lang='lat' dir='ltr'><strong>verso</strong></span> <span class='ocrx_word' id='word_1_447' title='bbox 518 5385 584 5440; x_wconf 92' lang='lat' dir='ltr'><strong>ad</strong></span> <span class='ocrx_word' id='word_1_448' title='bbox 606 5385 863 5456; x_wconf 89' lang='lat' dir='ltr'><strong>privatam</strong></span> <span class='ocrx_word' id='word_1_449' title='bbox 884 5387 1086 5452; x_wconf 84' lang='lat' dir='ltr'><strong>partem</strong></span> <span class='ocrx_word' id='word_1_450' title='bbox 1109 5378 1428 5450; x_wconf 86' lang='lat' dir='ltr'><strong>prolabitur:</strong></span> <span class='ocrx_word' id='word_1_451' title='bbox 1457 5385 1510 5434; x_wconf 91' lang='lat' dir='ltr'><strong>et</strong></span> <span class='ocrx_word' id='word_1_452' title='bbox 1535 5377 1822 5447; x_wconf 86' lang='lat' dir='ltr'><strong>apostatica</strong></span> <span class='ocrx_word' id='word_1_453' title='bbox 1846 5377 1934 5431; x_wconf 90' lang='lat' dir='ltr'><strong>illa</strong></span> 
     </span>
    </p>
   </div>
   <div class='ocr_carea' id='block_1_56' title="bbox 331 5466 1930 5546">
    <p class='ocr_par' dir='ltr' id='par_1_56' title="bbox 331 5466 1930 5546">
     <span class='ocr_line' id='line_1_56' title="bbox 331 5466 1930 5546; baseline -0.007 -13"><span class='ocrx_word' id='word_1_454' title='bbox 331 5475 615 5546; x_wconf 79' lang='lat' dir='ltr'><strong>superbia,</strong></span> <span class='ocrx_word' id='word_1_455' title='bbox 638 5473 777 5544; x_wconf 88' lang='lat' dir='ltr'><strong>quod</strong></span> <span class='ocrx_word' id='word_1_456' title='bbox 807 5473 1009 5526; x_wconf 83' lang='lat' dir='ltr'><strong>initium</strong></span> <span class='ocrx_word' id='word_1_457' title='bbox 1039 5470 1228 5542; x_wconf 87' lang='lat' dir='ltr'><strong>peccati</strong></span> <span class='ocrx_word' id='word_1_458' title='bbox 1252 5469 1445 5524; x_wconf 89' lang='lat' dir='ltr'><strong>dicitur</strong></span> <span class='ocrx_word' id='word_1_459' title='bbox 1473 5468 1491 5538; x_wconf 98' lang='lat'><strong>(</strong></span> <span class='ocrx_word' id='word_1_460' title='bbox 1519 5466 1682 5521; x_wconf 84' lang='lat' dir='ltr'><strong>Eccli.</strong></span> <span class='ocrx_word' id='word_1_461' title='bbox 1710 5484 1742 5522; x_wconf 85' lang='lat' dir='ltr'><strong>x</strong></span> <span class='ocrx_word' id='word_1_462' title='bbox 1765 5509 1776 5534; x_wconf 92' lang='lat'><strong>,</strong></span> <span class='ocrx_word' id='word_1_463' title='bbox 1804 5468 1930 5541; x_wconf 75' lang='grc'>15),</span> 
     </span>
    </p>
   </div>
   <div class='ocr_carea' id='block_1_57' title="bbox 333 5563 1930 5628">
    <p class='ocr_par' dir='ltr' id='par_1_57' title="bbox 333 5563 1930 5628">
     <span class='ocr_line' id='line_1_57' title="bbox 333 5563 1930 5628; baseline -0.009 -1"><span class='ocrx_word' id='word_1_464' title='bbox 333 5583 468 5628; x_wconf 84' lang='lat' dir='ltr'><strong>cum</strong></span> <span class='ocrx_word' id='word_1_465' title='bbox 491 5568 542 5622; x_wconf 92' lang='lat' dir='ltr'><strong>in</strong></span> <span class='ocrx_word' id='word_1_466' title='bbox 571 5565 912 5621; x_wconf 87' lang='lat' dir='ltr'><strong>universitate</strong></span> <span class='ocrx_word' id='word_1_467' title='bbox 938 5575 1198 5620; x_wconf 67' lang='lat' dir='ltr'><strong>creaturae</strong></span> <span class='ocrx_word' id='word_1_468' title='bbox 1227 5563 1393 5616; x_wconf 90' lang='lat' dir='ltr'><strong>Deum</strong></span> <span class='ocrx_word' id='word_1_469' title='bbox 1423 5569 1687 5616; x_wconf 87' lang='lat' dir='ltr'><strong>rectorem</strong></span> <span class='ocrx_word' id='word_1_470' title='bbox 1717 5570 1897 5614; x_wconf 88' lang='lat' dir='ltr'><strong>secuta</strong></span> <span class='ocrx_word' id='word_1_471' title='bbox 1917 5601 1930 5625; x_wconf 93' lang='lat'><strong>,</strong></span> 
     </span>
    </p>
   </div>
   <div class='ocr_carea' id='block_1_58' title="bbox 334 5649 1935 5732">
    <p class='ocr_par' dir='ltr' id='par_1_58' title="bbox 334 5649 1935 5732">
     <span class='ocr_line' id='line_1_58' title="bbox 334 5649 1935 5732; baseline -0.007 -15"><span class='ocrx_word' id='word_1_472' title='bbox 334 5659 557 5732; x_wconf 80' lang='lat' dir='ltr'><strong>legibus</strong></span> <span class='ocrx_word' id='word_1_473' title='bbox 590 5656 706 5729; x_wconf 91' lang='lat' dir='ltr'><strong>ejus</strong></span> <span class='ocrx_word' id='word_1_474' title='bbox 735 5659 932 5726; x_wconf 89' lang='lat' dir='ltr'><strong>optime</strong></span> <span class='ocrx_word' id='word_1_475' title='bbox 961 5652 1244 5726; x_wconf 85' lang='lat' dir='ltr'><strong>gubernari</strong></span> <span class='ocrx_word' id='word_1_476' title='bbox 1278 5652 1555 5724; x_wconf 90' lang='lat' dir='ltr'><strong>potuisset,</strong></span> <span class='ocrx_word' id='word_1_477' title='bbox 1587 5651 1702 5721; x_wconf 90' lang='lat' dir='ltr'><strong>plus</strong></span> <span class='ocrx_word' id='word_1_478' title='bbox 1735 5649 1935 5721; x_wconf 91' lang='lat' dir='ltr'><strong>aliquid</strong></span> 
     </span>
    </p>
   </div>
   <div class='ocr_carea' id='block_1_59' title="bbox 412 5809 1908 5875">
    <p class='ocr_par' dir='ltr' id='par_1_59' title="bbox 412 5809 1908 5875">
     <span class='ocr_line' id='line_1_59' title="bbox 412 5809 1908 5875; baseline -0.003 -12"><span class='ocrx_word' id='word_1_479' title='bbox 412 5816 433 5846; x_wconf 82' lang='grc' dir='ltr'><strong>ι</strong></span> <span class='ocrx_word' id='word_1_480' title='bbox 470 5820 543 5863; x_wconf 81' lang='lat' dir='ltr'><strong>Er.</strong></span> <span class='ocrx_word' id='word_1_481' title='bbox 570 5820 623 5863; x_wconf 86' lang='lat' dir='ltr'><strong>et</strong></span> <span class='ocrx_word' id='word_1_482' title='bbox 642 5819 774 5872; x_wconf 84' lang='lat' dir='ltr'><strong>Lov.,</strong></span> <span class='ocrx_word' id='word_1_483' title='bbox 795 5809 962 5875; x_wconf 75' lang='lat' dir='ltr'><strong>igitur.</strong></span> <span class='ocrx_word' id='word_1_484' title='bbox 989 5818 1046 5862; x_wconf 81' lang='lat' dir='ltr'><strong>At</strong></span> <span class='ocrx_word' id='word_1_485' title='bbox 1067 5817 1226 5863; x_wconf 81' lang='lat' dir='ltr'><strong>Am.et</strong></span> <span class='ocrx_word' id='word_1_486' title='bbox 1247 5817 1376 5874; x_wconf 65' lang='lat' dir='ltr'><strong>uss,</strong></span> <span class='ocrx_word' id='word_1_487' title='bbox 1399 5815 1592 5873; x_wconf 80' lang='lat' dir='ltr'><strong>autem;</strong></span> <span class='ocrx_word' id='word_1_488' title='bbox 1616 5809 1908 5861; x_wconf 87' lang='lat' dir='ltr'><strong>concinnius.</strong></span> 
     </span>
    </p>
   </div>
   <div class='ocr_carea' id='block_1_60' title="bbox 407 5871 1062 5938">
    <p class='ocr_par' dir='ltr' id='par_1_60' title="bbox 407 5871 1062 5938">
     <span class='ocr_line' id='line_1_60' title="bbox 407 5871 1062 5938; baseline -0.005 -12"><span class='ocrx_word' id='word_1_489' title='bbox 407 5879 434 5908; x_wconf 71' lang='grc'>⁸</span> <span class='ocrx_word' id='word_1_490' title='bbox 466 5875 619 5928; x_wconf 72' lang='lat' dir='ltr'><strong>mitto</strong></span> <span class='ocrx_word' id='word_1_491' title='bbox 636 5871 768 5938; x_wconf 81' lang='lat' dir='ltr'><strong>Lov.,</strong></span> <span class='ocrx_word' id='word_1_492' title='bbox 791 5871 1062 5925; x_wconf 68' lang='lat' dir='ltr'><strong>adhcsertt.</strong></span> 
     </span>
    </p>
   </div>
   <div class='ocr_carea' id='block_1_61' title="bbox 1652 399 2332 464">
    <p class='ocr_par' dir='ltr' id='par_1_61' title="bbox 1652 399 2332 464">
     <span class='ocr_line' id='line_1_61' title="bbox 1652 399 2332 464; baseline 0.007 -8"><span class='ocrx_word' id='word_1_493' title='bbox 1652 399 1856 464; x_wconf 77' lang='lat' dir='ltr'><strong>LIBER</strong></span> <span class='ocrx_word' id='word_1_494' title='bbox 1895 400 2332 461; x_wconf 77' lang='lat' dir='ltr'><strong>DUODECIMUS</strong></span> 
     </span>
    </p>
   </div>
   <div class='ocr_carea' id='block_1_62' title="bbox 3485 411 3626 468">
    <p class='ocr_par' dir='ltr' id='par_1_62' title="bbox 3485 411 3626 468">
     <span class='ocr_line' id='line_1_62' title="bbox 3485 411 3626 468; baseline 0 -1"><span class='ocrx_word' id='word_1_495' title='bbox 3485 411 3626 468; x_wconf 70' lang='lat'><strong>1006</strong></span> 
     </span>
    </p>
   </div>
   <div class='ocr_carea' id='block_1_63' title="bbox 2046 515 3708 592">
    <p class='ocr_par' dir='ltr' id='par_1_63' title="bbox 2046 515 3708 592">
     <span class='ocr_line' id='line_1_63' title="bbox 2046 515 3708 592; baseline 0.008 -22"><span class='ocrx_word' id='word_1_496' title='bbox 2046 517 2296 574; x_wconf 82' lang='lat' dir='ltr'><strong>universo</strong></span> <span class='ocrx_word' id='word_1_497' title='bbox 2327 525 2582 587; x_wconf 87' lang='lat' dir='ltr'><strong>appetens</strong></span> <span class='ocrx_word' id='word_1_498' title='bbox 2606 559 2620 584; x_wconf 90' lang='lat'><strong>,</strong></span> <span class='ocrx_word' id='word_1_499' title='bbox 2652 525 2811 588; x_wconf 89' lang='lat' dir='ltr'><strong>atque</strong></span> <span class='ocrx_word' id='word_1_500' title='bbox 2835 515 2889 573; x_wconf 90' lang='lat' dir='ltr'><strong>id</strong></span> <span class='ocrx_word' id='word_1_501' title='bbox 2917 533 3012 574; x_wconf 88' lang='lat' dir='ltr'><strong>sua</strong></span> <span class='ocrx_word' id='word_1_502' title='bbox 3037 518 3153 590; x_wconf 85' lang='lat' dir='ltr'><strong>lege</strong></span> <span class='ocrx_word' id='word_1_503' title='bbox 3176 520 3474 591; x_wconf 88' lang='lat' dir='ltr'><strong>gubernare</strong></span> <span class='ocrx_word' id='word_1_504' title='bbox 3501 542 3620 583; x_wconf 51' lang='lat' dir='ltr'><strong>mo.</strong></span> <span class='ocrx_word' id='word_1_505' title='bbox 3651 581 3659 592; x_wconf 85' lang='grc'><strong>,</strong></span> <span class='ocrx_word' id='word_1_506' title='bbox 3699 528 3708 543; x_wconf 83' lang='grc'><strong>’</strong></span> 
     </span>
    </p>
   </div>
   <div class='ocr_carea' id='block_1_64' title="bbox 2043 608 3622 686">
    <p class='ocr_par' dir='ltr' id='par_1_64' title="bbox 2043 608 3622 686">
     <span class='ocr_line' id='line_1_64' title="bbox 2043 608 3622 686; baseline 0.005 -22"><span class='ocrx_word' id='word_1_507' title='bbox 2043 610 2156 671; x_wconf 83' lang='lat' dir='ltr'><strong>lita,</strong></span> <span class='ocrx_word' id='word_1_508' title='bbox 2176 610 2298 679; x_wconf 88' lang='lat' dir='ltr'><strong>quia</strong></span> <span class='ocrx_word' id='word_1_509' title='bbox 2316 608 2449 664; x_wconf 85' lang='lat' dir='ltr'><strong>nihil</strong></span> <span class='ocrx_word' id='word_1_510' title='bbox 2474 618 2554 664; x_wconf 88' lang='lat' dir='ltr'><strong>est</strong></span> <span class='ocrx_word' id='word_1_511' title='bbox 2582 610 2809 680; x_wconf 91' lang='lat' dir='ltr'><strong>amplius</strong></span> <span class='ocrx_word' id='word_1_512' title='bbox 2837 611 3202 677; x_wconf 84' lang='lat' dir='ltr'><strong>universitate,</strong></span> <span class='ocrx_word' id='word_1_513' title='bbox 3223 613 3275 666; x_wconf 92' lang='lat' dir='ltr'><strong>in</strong></span> <span class='ocrx_word' id='word_1_514' title='bbox 3300 629 3482 670; x_wconf 88' lang='lat' dir='ltr'><strong>curam</strong></span> <span class='ocrx_word' id='word_1_515' title='bbox 3504 634 3622 686; x_wconf 82' lang='lat' dir='ltr'><strong>par—</strong></span> 
     </span>
    </p>
   </div>
   <div class='ocr_carea' id='block_1_65' title="bbox 2041 700 3621 774">
    <p class='ocr_par' dir='ltr' id='par_1_65' title="bbox 2041 700 3621 774">
     <span class='ocr_line' id='line_1_65' title="bbox 2041 700 3621 774; baseline 0.004 -18"><span class='ocrx_word' id='word_1_516' title='bbox 2041 700 2187 756; x_wconf 90' lang='lat' dir='ltr'><strong>tilem</strong></span> <span class='ocrx_word' id='word_1_517' title='bbox 2216 700 2470 766; x_wconf 87' lang='lat' dir='ltr'><strong>truditur,</strong></span> <span class='ocrx_word' id='word_1_518' title='bbox 2511 708 2565 754; x_wconf 91' lang='lat' dir='ltr'><strong>et</strong></span> <span class='ocrx_word' id='word_1_519' title='bbox 2609 702 2684 756; x_wconf 86' lang='lat' dir='ltr'><strong>sic</strong></span> <span class='ocrx_word' id='word_1_520' title='bbox 2713 701 2913 770; x_wconf 90' lang='lat' dir='ltr'><strong>aliquid</strong></span> <span class='ocrx_word' id='word_1_521' title='bbox 2939 703 3169 772; x_wconf 89' lang='lat' dir='ltr'><strong>amplius</strong></span> <span class='ocrx_word' id='word_1_522' title='bbox 3195 706 3621 774; x_wconf 89' lang='lat' dir='ltr'><strong>concupiscendo</strong></span> 
     </span>
    </p>
   </div>
   <div class='ocr_carea' id='block_1_66' title="bbox 2039 776 3623 858">
    <p class='ocr_par' dir='ltr' id='par_1_66' title="bbox 2039 776 3623 858">
     <span class='ocr_line' id='line_1_66' title="bbox 2039 776 3623 858; baseline 0.004 -10"><span class='ocrx_word' id='word_1_523' title='bbox 2039 794 2324 858; x_wconf 88' lang='lat' dir='ltr'><strong>minuitur;</strong></span> <span class='ocrx_word' id='word_1_524' title='bbox 2344 793 2486 849; x_wconf 88' lang='lat' dir='ltr'><strong>unde</strong></span> <span class='ocrx_word' id='word_1_525' title='bbox 2503 802 2557 848; x_wconf 90' lang='lat' dir='ltr'><strong>et</strong></span> <span class='ocrx_word' id='word_1_526' title='bbox 2585 795 2803 848; x_wconf 88' lang='lat' dir='ltr'><strong>avaritia</strong></span> <span class='ocrx_word' id='word_1_527' title='bbox 2825 794 3022 851; x_wconf 88' lang='lat' dir='ltr'><strong>dicitur</strong></span> <span class='ocrx_word' id='word_1_528' title='bbox 3036 796 3188 850; x_wconf 74' lang='lat' dir='ltr'><strong>radix</strong></span> <span class='ocrx_word' id='word_1_529' title='bbox 3212 776 3433 852; x_wconf 80' lang='lat' dir='ltr'><strong>omnium</strong></span> <span class='ocrx_word' id='word_1_530' title='bbox 3458 799 3623 855; x_wconf 86' lang='lat' dir='ltr'><strong>malo-</strong></span> 
     </span>
    </p>
   </div>
   <div class='ocr_carea' id='block_1_67' title="bbox 2038 883 3624 960">
    <p class='ocr_par' dir='ltr' id='par_1_67' title="bbox 2038 883 3624 960">
     <span class='ocr_line' id='line_1_67' title="bbox 2038 883 3624 960; baseline 0.006 -23"><span class='ocrx_word' id='word_1_531' title='bbox 2038 900 2151 937; x_wconf 88' lang='lat' dir='ltr'><strong>rum</strong></span> <span class='ocrx_word' id='word_1_532' title='bbox 2177 884 2235 953; x_wconf 93' lang='lat' dir='ltr'><strong>(l</strong></span> <span class='ocrx_word' id='word_1_533' title='bbox 2262 883 2391 937; x_wconf 90' lang='lat' dir='ltr'><strong>Tim.</strong></span> <span class='ocrx_word' id='word_1_534' title='bbox 2423 899 2496 952; x_wconf 77' lang='lat' dir='ltr'><strong>Vl,</strong></span> <span class='ocrx_word' id='word_1_535' title='bbox 2524 884 2621 956; x_wconf 76' lang='grc'><strong>10)</strong></span> <span class='ocrx_word' id='word_1_536' title='bbox 2649 903 2664 940; x_wconf 88' lang='grc'>;</span> <span class='ocrx_word' id='word_1_537' title='bbox 2695 895 2968 958; x_wconf 90' lang='lat' dir='ltr'><strong>totumque</strong></span> <span class='ocrx_word' id='word_1_538' title='bbox 2997 886 3125 942; x_wconf 91' lang='lat' dir='ltr'><strong>illud</strong></span> <span class='ocrx_word' id='word_1_539' title='bbox 3151 887 3236 943; x_wconf 88' lang='lat' dir='ltr'><strong>ubi</strong></span> <span class='ocrx_word' id='word_1_540' title='bbox 3267 889 3467 959; x_wconf 90' lang='lat' dir='ltr'><strong>aliquid</strong></span> <span class='ocrx_word' id='word_1_541' title='bbox 3500 907 3624 960; x_wconf 90' lang='lat' dir='ltr'><strong>pro-</strong></span> 
     </span>
    </p>
   </div>
   <div class='ocr_carea' id='block_1_68' title="bbox 2038 976 3622 1051">
    <p class='ocr_par' dir='ltr' id='par_1_68' title="bbox 2038 976 3622 1051">
     <span class='ocr_line' id='line_1_68' title="bbox 2038 976 3622 1051; baseline 0.006 -23"><span class='ocrx_word' id='word_1_542' title='bbox 2038 976 2211 1046; x_wconf 90' lang='lat' dir='ltr'><strong>prium</strong></span> <span class='ocrx_word' id='word_1_543' title='bbox 2233 984 2416 1032; x_wconf 88' lang='lat' dir='ltr'><strong>contra</strong></span> <span class='ocrx_word' id='word_1_544' title='bbox 2446 977 2608 1045; x_wconf 85' lang='lat' dir='ltr'><strong>leges,</strong></span> <span class='ocrx_word' id='word_1_545' title='bbox 2630 977 2819 1046; x_wconf 90' lang='lat' dir='ltr'><strong>quibus</strong></span> <span class='ocrx_word' id='word_1_546' title='bbox 2847 979 3166 1034; x_wconf 89' lang='lat' dir='ltr'><strong>universitas</strong></span> <span class='ocrx_word' id='word_1_547' title='bbox 3202 980 3622 1051; x_wconf 85' lang='lat' dir='ltr'><strong>administratur,</strong></span> 
     </span>
    </p>
   </div>
   <div class='ocr_carea' id='block_1_69' title="bbox 2038 1068 3676 1143">
    <p class='ocr_par' dir='ltr' id='par_1_69' title="bbox 2038 1068 3676 1143">
     <span class='ocr_line' id='line_1_69' title="bbox 2038 1068 3676 1143; baseline 0.004 -21"><span class='ocrx_word' id='word_1_548' title='bbox 2038 1083 2197 1138; x_wconf 87' lang='lat' dir='ltr'><strong>agere</strong></span> <span class='ocrx_word' id='word_1_549' title='bbox 2219 1068 2424 1133; x_wconf 87' lang='lat' dir='ltr'><strong>nititur,</strong></span> <span class='ocrx_word' id='word_1_550' title='bbox 2451 1083 2546 1137; x_wconf 92' lang='lat' dir='ltr'><strong>per</strong></span> <span class='ocrx_word' id='word_1_551' title='bbox 2574 1083 2770 1138; x_wconf 87' lang='lat' dir='ltr'><strong>corpus</strong></span> <span class='ocrx_word' id='word_1_552' title='bbox 2796 1072 3067 1141; x_wconf 88' lang='lat' dir='ltr'><strong>pr0prium</strong></span> <span class='ocrx_word' id='word_1_553' title='bbox 3093 1072 3259 1143; x_wconf 88' lang='lat' dir='ltr'><strong>gerit,</strong></span> <span class='ocrx_word' id='word_1_554' title='bbox 3281 1073 3424 1143; x_wconf 90' lang='lat' dir='ltr'><strong>quod</strong></span> <span class='ocrx_word' id='word_1_555' title='bbox 3453 1076 3622 1143; x_wconf 88' lang='lat' dir='ltr'><strong>parti-</strong></span> <span class='ocrx_word' id='word_1_556' title='bbox 3665 1098 3676 1109; x_wconf 84' lang='lat'><em>-</em></span> 
     </span>
    </p>
   </div>
   <div class='ocr_carea' id='block_1_70' title="bbox 2038 1158 3626 1235">
    <p class='ocr_par' dir='ltr' id='par_1_70' title="bbox 2038 1158 3626 1235">
     <span class='ocr_line' id='line_1_70' title="bbox 2038 1158 3626 1235; baseline 0.005 -21"><span class='ocrx_word' id='word_1_557' title='bbox 2038 1158 2162 1214; x_wconf 90' lang='lat' dir='ltr'><strong>liter</strong></span> <span class='ocrx_word' id='word_1_558' title='bbox 2180 1161 2444 1230; x_wconf 86' lang='lat' dir='ltr'><strong>possidet;</strong></span> <span class='ocrx_word' id='word_1_559' title='bbox 2468 1171 2625 1230; x_wconf 91' lang='lat' dir='ltr'><strong>atque</strong></span> <span class='ocrx_word' id='word_1_560' title='bbox 2645 1162 2717 1216; x_wconf 87' lang='lat' dir='ltr'><strong>ita</strong></span> <span class='ocrx_word' id='word_1_561' title='bbox 2740 1162 2926 1218; x_wconf 84' lang='lat' dir='ltr'><strong>formis</strong></span> <span class='ocrx_word' id='word_1_562' title='bbox 2937 1172 2992 1218; x_wconf 92' lang='lat' dir='ltr'><strong>et</strong></span> <span class='ocrx_word' id='word_1_563' title='bbox 3009 1165 3238 1220; x_wconf 87' lang='lat' dir='ltr'><strong>motibus</strong></span> <span class='ocrx_word' id='word_1_564' title='bbox 3258 1166 3626 1235; x_wconf 87' lang='lat' dir='ltr'><strong>corporalibus</strong></span> 
     </span>
    </p>
   </div>
   <div class='ocr_carea' id='block_1_71' title="bbox 2037 1250 3623 1322">
    <p class='ocr_par' dir='ltr' id='par_1_71' title="bbox 2037 1250 3623 1322">
     <span class='ocr_line' id='line_1_71' title="bbox 2037 1250 3623 1322; baseline 0.004 -18"><span class='ocrx_word' id='word_1_565' title='bbox 2037 1250 2294 1306; x_wconf 89' lang='lat' dir='ltr'><strong>delectata</strong></span> <span class='ocrx_word' id='word_1_566' title='bbox 2311 1294 2326 1319; x_wconf 95' lang='lat'><strong>,</strong></span> <span class='ocrx_word' id='word_1_567' title='bbox 2346 1251 2467 1322; x_wconf 90' lang='lat' dir='ltr'><strong>quia</strong></span> <span class='ocrx_word' id='word_1_568' title='bbox 2490 1252 2631 1306; x_wconf 90' lang='lat' dir='ltr'><strong>intus</strong></span> <span class='ocrx_word' id='word_1_569' title='bbox 2655 1268 2716 1307; x_wconf 91' lang='lat' dir='ltr'><strong>ea</strong></span> <span class='ocrx_word' id='word_1_570' title='bbox 2749 1268 2930 1308; x_wconf 89' lang='lat' dir='ltr'><strong>secum</strong></span> <span class='ocrx_word' id='word_1_571' title='bbox 2959 1270 3064 1308; x_wconf 89' lang='lat' dir='ltr'><strong>non</strong></span> <span class='ocrx_word' id='word_1_572' title='bbox 3087 1255 3246 1310; x_wconf 83' lang='lat' dir='ltr'><strong>habet</strong></span> <span class='ocrx_word' id='word_1_573' title='bbox 3265 1297 3281 1322; x_wconf 96' lang='lat'><strong>,</strong></span> <span class='ocrx_word' id='word_1_574' title='bbox 3299 1271 3418 1310; x_wconf 85' lang='lat' dir='ltr'><strong>cum</strong></span> <span class='ocrx_word' id='word_1_575' title='bbox 3438 1272 3623 1311; x_wconf 87' lang='lat' dir='ltr'><strong>eorum</strong></span> 
     </span>
    </p>
   </div>
   <div class='ocr_carea' id='block_1_72' title="bbox 2037 1344 3625 1420">
    <p class='ocr_par' dir='ltr' id='par_1_72' title="bbox 2037 1344 3625 1420">
     <span class='ocr_line' id='line_1_72' title="bbox 2037 1344 3625 1420; baseline 0.003 -22"><span class='ocrx_word' id='word_1_576' title='bbox 2037 1344 2388 1414; x_wconf 90' lang='lat' dir='ltr'><strong>imaginibus,</strong></span> <span class='ocrx_word' id='word_1_577' title='bbox 2422 1359 2554 1414; x_wconf 89' lang='lat' dir='ltr'><strong>quas</strong></span> <span class='ocrx_word' id='word_1_578' title='bbox 2579 1345 2851 1400; x_wconf 73' lang='lat' dir='ltr'><strong>memoria:</strong></span> <span class='ocrx_word' id='word_1_579' title='bbox 2877 1347 3015 1414; x_wconf 83' lang='lat' dir='ltr'><strong>ﬁxit,</strong></span> <span class='ocrx_word' id='word_1_580' title='bbox 3044 1348 3343 1414; x_wconf 88' lang='lat' dir='ltr'><strong>involvitur,</strong></span> <span class='ocrx_word' id='word_1_581' title='bbox 3378 1358 3432 1403; x_wconf 89' lang='lat' dir='ltr'><strong>et</strong></span> <span class='ocrx_word' id='word_1_582' title='bbox 3454 1349 3625 1420; x_wconf 89' lang='lat' dir='ltr'><strong>phan-</strong></span> 
     </span>
    </p>
   </div>
   <div class='ocr_carea' id='block_1_73' title="bbox 2037 1435 3620 1508">
    <p class='ocr_par' dir='ltr' id='par_1_73' title="bbox 2037 1435 3620 1508">
     <span class='ocr_line' id='line_1_73' title="bbox 2037 1435 3620 1508; baseline 0.003 -18"><span class='ocrx_word' id='word_1_583' title='bbox 2037 1436 2223 1490; x_wconf 89' lang='lat' dir='ltr'><strong>tastica</strong></span> <span class='ocrx_word' id='word_1_584' title='bbox 2253 1435 2602 1491; x_wconf 85' lang='lat' dir='ltr'><strong>fornicatione</strong></span> <span class='ocrx_word' id='word_1_585' title='bbox 2629 1438 2857 1506; x_wconf 90' lang='lat' dir='ltr'><strong>turpiter</strong></span> <span class='ocrx_word' id='word_1_586' title='bbox 2882 1439 3208 1508; x_wconf 86' lang='lat' dir='ltr'><strong>inquinatur,</strong></span> <span class='ocrx_word' id='word_1_587' title='bbox 3241 1441 3418 1493; x_wconf 89' lang='lat' dir='ltr'><strong>omnia</strong></span> <span class='ocrx_word' id='word_1_588' title='bbox 3444 1439 3620 1495; x_wconf 79' lang='lat' dir='ltr'><strong>officia</strong></span> 
     </span>
    </p>
   </div>
   <div class='ocr_carea' id='block_1_74' title="bbox 2035 1529 3625 1602">
    <p class='ocr_par' dir='ltr' id='par_1_74' title="bbox 2035 1529 3625 1602">
     <span class='ocr_line' id='line_1_74' title="bbox 2035 1529 3625 1602; baseline 0.003 -17"><span class='ocrx_word' id='word_1_589' title='bbox 2035 1545 2130 1585; x_wconf 88' lang='lat' dir='ltr'><strong>sua</strong></span> <span class='ocrx_word' id='word_1_590' title='bbox 2151 1529 2216 1584; x_wconf 88' lang='lat' dir='ltr'><strong>ad</strong></span> <span class='ocrx_word' id='word_1_591' title='bbox 2239 1545 2332 1585; x_wconf 90' lang='lat' dir='ltr'><strong>eos</strong></span> <span class='ocrx_word' id='word_1_592' title='bbox 2359 1531 2497 1585; x_wconf 83' lang='lat' dir='ltr'><strong>ﬁnes</strong></span> <span class='ocrx_word' id='word_1_593' title='bbox 2521 1529 2780 1599; x_wconf 89' lang='lat' dir='ltr'><strong>referens,</strong></span> <span class='ocrx_word' id='word_1_594' title='bbox 2799 1533 2987 1602; x_wconf 90' lang='lat' dir='ltr'><strong>quibus</strong></span> <span class='ocrx_word' id='word_1_595' title='bbox 3003 1533 3214 1588; x_wconf 90' lang='lat' dir='ltr'><strong>curiose</strong></span> <span class='ocrx_word' id='word_1_596' title='bbox 3238 1533 3534 1602; x_wconf 87' lang='lat' dir='ltr'><strong>corporalia</strong></span> <span class='ocrx_word' id='word_1_597' title='bbox 3559 1547 3625 1589; x_wconf 85' lang='lat' dir='ltr'><strong>ac</strong></span> 
     </span>
    </p>
   </div>
   <div class='ocr_carea' id='block_1_75' title="bbox 2038 1621 3626 1692">
    <p class='ocr_par' dir='ltr' id='par_1_75' title="bbox 2038 1621 3626 1692">
     <span class='ocr_line' id='line_1_75' title="bbox 2038 1621 3626 1692; baseline 0.001 -16"><span class='ocrx_word' id='word_1_598' title='bbox 2038 1621 2347 1690; x_wconf 84' lang='lat' dir='ltr'><strong>temporalia</strong></span> <span class='ocrx_word' id='word_1_599' title='bbox 2367 1637 2460 1692; x_wconf 88' lang='lat' dir='ltr'><strong>per</strong></span> <span class='ocrx_word' id='word_1_600' title='bbox 2475 1622 2714 1691; x_wconf 91' lang='lat' dir='ltr'><strong>corporis</strong></span> <span class='ocrx_word' id='word_1_601' title='bbox 2732 1637 2920 1678; x_wconf 91' lang='lat' dir='ltr'><strong>sensus</strong></span> <span class='ocrx_word' id='word_1_602' title='bbox 2935 1624 3146 1692; x_wconf 72' lang='lat' dir='ltr'><strong>quzerit,</strong></span> <span class='ocrx_word' id='word_1_603' title='bbox 3163 1631 3250 1676; x_wconf 86' lang='lat' dir='ltr'><strong>aut</strong></span> <span class='ocrx_word' id='word_1_604' title='bbox 3267 1622 3469 1677; x_wconf 91' lang='lat' dir='ltr'><strong>tumido</strong></span> <span class='ocrx_word' id='word_1_605' title='bbox 3483 1623 3626 1678; x_wconf 89' lang='lat' dir='ltr'><strong>fastu</strong></span> 
     </span>
    </p>
   </div>
   <div class='ocr_carea' id='block_1_76' title="bbox 2035 1713 3627 1783">
    <p class='ocr_par' dir='ltr' id='par_1_76' title="bbox 2035 1713 3627 1783">
     <span class='ocr_line' id='line_1_76' title="bbox 2035 1713 3627 1783; baseline 0.001 -17"><span class='ocrx_word' id='word_1_606' title='bbox 2035 1713 2152 1767; x_wconf 91' lang='lat' dir='ltr'><strong>aliis</strong></span> <span class='ocrx_word' id='word_1_607' title='bbox 2171 1713 2361 1768; x_wconf 89' lang='lat' dir='ltr'><strong>animis</strong></span> <span class='ocrx_word' id='word_1_608' title='bbox 2387 1713 2668 1783; x_wconf 88' lang='lat' dir='ltr'><strong>corporeis</strong></span> <span class='ocrx_word' id='word_1_609' title='bbox 2687 1714 2935 1768; x_wconf 89' lang='lat' dir='ltr'><strong>sensibus</strong></span> <span class='ocrx_word' id='word_1_610' title='bbox 2957 1714 3150 1768; x_wconf 89' lang='lat' dir='ltr'><strong>deditis</strong></span> <span class='ocrx_word' id='word_1_611' title='bbox 3165 1729 3284 1768; x_wconf 90' lang='lat' dir='ltr'><strong>esse</strong></span> <span class='ocrx_word' id='word_1_612' title='bbox 3305 1713 3516 1768; x_wconf 65' lang='lat' dir='ltr'><strong>allectat</strong></span> <span class='ocrx_word' id='word_1_613' title='bbox 3533 1728 3627 1768; x_wconf 86' lang='lat' dir='ltr'><strong>ex-</strong></span> 
     </span>
    </p>
   </div>
   <div class='ocr_carea' id='block_1_77' title="bbox 2034 1805 3624 1879">
    <p class='ocr_par' dir='ltr' id='par_1_77' title="bbox 2034 1805 3624 1879">
     <span class='ocr_line' id='line_1_77' title="bbox 2034 1805 3624 1879; baseline 0.001 -19"><span class='ocrx_word' id='word_1_614' title='bbox 2034 1805 2247 1874; x_wconf 90' lang='lat' dir='ltr'><strong>celsior,</strong></span> <span class='ocrx_word' id='word_1_615' title='bbox 2262 1817 2352 1862; x_wconf 91' lang='lat' dir='ltr'><strong>aut</strong></span> <span class='ocrx_word' id='word_1_616' title='bbox 2375 1822 2594 1863; x_wconf 81' lang='lat' dir='ltr'><strong>caenoso</strong></span> <span class='ocrx_word' id='word_1_617' title='bbox 2620 1807 2826 1879; x_wconf 85' lang='lat' dir='ltr'><strong>gurgite</strong></span> <span class='ocrx_word' id='word_1_618' title='bbox 2845 1806 3075 1862; x_wconf 87' lang='lat' dir='ltr'><strong>carnalis</strong></span> <span class='ocrx_word' id='word_1_619' title='bbox 3099 1806 3382 1876; x_wconf 80' lang='lat' dir='ltr'><strong>voluptatis</strong></span> <span class='ocrx_word' id='word_1_620' title='bbox 3407 1805 3624 1861; x_wconf 47' lang='lat' dir='ltr'><strong>immers-</strong></span> 
     </span>
    </p>
   </div>
   <div class='ocr_carea' id='block_1_78' title="bbox 2033 1899 2197 1969">
    <p class='ocr_par' dir='ltr' id='par_1_78' title="bbox 2033 1899 2197 1969">
     <span class='ocr_line' id='line_1_78' title="bbox 2033 1899 2197 1969; baseline 0 -16"><span class='ocrx_word' id='word_1_621' title='bbox 2033 1899 2197 1969; x_wconf 81' lang='lat' dir='ltr'><strong>gitur.</strong></span> 
     </span>
    </p>
   </div>
   <div class='ocr_carea' id='block_1_79' title="bbox 2104 1985 3626 2056">
    <p class='ocr_par' dir='ltr' id='par_1_79' title="bbox 2104 1985 3626 2056">
     <span class='ocr_line' id='line_1_79' title="bbox 2104 1985 3626 2056; baseline -0.003 -11"><span class='ocrx_word' id='word_1_622' title='bbox 2104 1988 2330 2045; x_wconf 82' lang='lat' dir='ltr'><strong>CAPUT</strong></span> <span class='ocrx_word' id='word_1_623' title='bbox 2354 1989 2421 2044; x_wconf 76' lang='grc' dir='ltr'><strong>Χ.</strong></span> <span class='ocrx_word' id='word_1_624' title='bbox 2444 2019 2516 2030; x_wconf 92' lang='grc'><strong><em>-</em></strong></span> <span class='ocrx_word' id='word_1_625' title='bbox 2541 1989 2628 2044; x_wconf 75' lang='grc'><strong>15.</strong></span> <span class='ocrx_word' id='word_1_626' title='bbox 2660 1987 2867 2042; x_wconf 81' lang='lat' dir='ltr'><strong>Gradus</strong></span> <span class='ocrx_word' id='word_1_627' title='bbox 2892 1987 2960 2041; x_wconf 83' lang='lat' dir='ltr'><strong>ad</strong></span> <span class='ocrx_word' id='word_1_628' title='bbox 2992 1987 3305 2056; x_wconf 79' lang='lat' dir='ltr'><strong>turpissima.</strong></span> <span class='ocrx_word' id='word_1_629' title='bbox 3335 1985 3469 2041; x_wconf 90' lang='lat' dir='ltr'><strong>Cum</strong></span> <span class='ocrx_word' id='word_1_630' title='bbox 3498 2000 3626 2056; x_wconf 79' lang='lat' dir='ltr'><strong>ergo</strong></span> 
     </span>
    </p>
   </div>
   <div class='ocr_carea' id='block_1_80' title="bbox 2034 2077 3624 2150">
    <p class='ocr_par' dir='ltr' id='par_1_80' title="bbox 2034 2077 3624 2150">
     <span class='ocr_line' id='line_1_80' title="bbox 2034 2077 3624 2150; baseline -0.004 -12"><span class='ocrx_word' id='word_1_631' title='bbox 2034 2084 2171 2138; x_wconf 89' lang='lat' dir='ltr'><strong>bona</strong></span> <span class='ocrx_word' id='word_1_632' title='bbox 2203 2083 2474 2138; x_wconf 89' lang='lat' dir='ltr'><strong>voluntate</strong></span> <span class='ocrx_word' id='word_1_633' title='bbox 2500 2082 2566 2135; x_wconf 90' lang='lat' dir='ltr'><strong>ad</strong></span> <span class='ocrx_word' id='word_1_634' title='bbox 2594 2081 2853 2136; x_wconf 89' lang='lat' dir='ltr'><strong>interiora</strong></span> <span class='ocrx_word' id='word_1_635' title='bbox 2881 2091 2936 2135; x_wconf 90' lang='lat' dir='ltr'><strong>et</strong></span> <span class='ocrx_word' id='word_1_636' title='bbox 2961 2080 3234 2150; x_wconf 88' lang='lat' dir='ltr'><strong>superiora</strong></span> <span class='ocrx_word' id='word_1_637' title='bbox 3261 2077 3624 2148; x_wconf 87' lang='lat' dir='ltr'><strong>percipienda,</strong></span> 
     </span>
    </p>
   </div>
   <div class='ocr_carea' id='block_1_81' title="bbox 2035 2167 3626 2244">
    <p class='ocr_par' dir='ltr' id='par_1_81' title="bbox 2035 2167 3626 2244">
     <span class='ocr_line' id='line_1_81' title="bbox 2035 2167 3626 2244; baseline -0.004 -17"><span class='ocrx_word' id='word_1_638' title='bbox 2035 2189 2153 2244; x_wconf 65' lang='lat' dir='ltr'><strong>quae</strong></span> <span class='ocrx_word' id='word_1_639' title='bbox 2180 2188 2286 2226; x_wconf 90' lang='lat' dir='ltr'><strong>non</strong></span> <span class='ocrx_word' id='word_1_640' title='bbox 2317 2172 2594 2242; x_wconf 88' lang='lat' dir='ltr'><strong>privatim,</strong></span> <span class='ocrx_word' id='word_1_641' title='bbox 2628 2171 2723 2226; x_wconf 89' lang='lat' dir='ltr'><strong>sed</strong></span> <span class='ocrx_word' id='word_1_642' title='bbox 2766 2170 3124 2226; x_wconf 88' lang='lat' dir='ltr'><strong>communiter</strong></span> <span class='ocrx_word' id='word_1_643' title='bbox 3153 2169 3221 2223; x_wconf 90' lang='lat' dir='ltr'><strong>ab</strong></span> <span class='ocrx_word' id='word_1_644' title='bbox 3259 2169 3507 2222; x_wconf 89' lang='lat' dir='ltr'><strong>omnibus</strong></span> <span class='ocrx_word' id='word_1_645' title='bbox 3536 2167 3626 2237; x_wconf 92' lang='lat' dir='ltr'><strong>qui</strong></span> 
     </span>
    </p>
   </div>
   <div class='ocr_carea' id='block_1_82' title="bbox 2036 2260 3626 2333">
    <p class='ocr_par' dir='ltr' id='par_1_82' title="bbox 2036 2260 3626 2333">
     <span class='ocr_line' id='line_1_82' title="bbox 2036 2260 3626 2333; baseline -0.003 -15"><span class='ocrx_word' id='word_1_646' title='bbox 2036 2265 2162 2319; x_wconf 90' lang='lat' dir='ltr'><strong>talia</strong></span> <span class='ocrx_word' id='word_1_647' title='bbox 2185 2264 2438 2333; x_wconf 88' lang='lat' dir='ltr'><strong>diligunt,</strong></span> <span class='ocrx_word' id='word_1_648' title='bbox 2463 2264 2578 2318; x_wconf 90' lang='lat' dir='ltr'><strong>sine</strong></span> <span class='ocrx_word' id='word_1_649' title='bbox 2599 2263 2702 2317; x_wconf 92' lang='lat' dir='ltr'><strong>ulla</strong></span> <span class='ocrx_word' id='word_1_650' title='bbox 2724 2262 2966 2333; x_wconf 90' lang='lat' dir='ltr'><strong>angustia</strong></span> <span class='ocrx_word' id='word_1_651' title='bbox 2988 2261 3072 2316; x_wconf 86' lang='lat' dir='ltr'><strong>vel</strong></span> <span class='ocrx_word' id='word_1_652' title='bbox 3103 2260 3299 2315; x_wconf 85' lang='lat' dir='ltr'><strong>invidia</strong></span> <span class='ocrx_word' id='word_1_653' title='bbox 3329 2271 3477 2316; x_wconf 85' lang='lat' dir='ltr'><strong>casto</strong></span> <span class='ocrx_word' id='word_1_654' title='bbox 3499 2273 3626 2328; x_wconf 79' lang='lat' dir='ltr'><strong>pos-</strong></span> 
     </span>
    </p>
   </div>
   <div class='ocr_carea' id='block_1_83' title="bbox 2035 2351 3628 2426">
    <p class='ocr_par' dir='ltr' id='par_1_83' title="bbox 2035 2351 3628 2426">
     <span class='ocr_line' id='line_1_83' title="bbox 2035 2351 3628 2426; baseline -0.004 -13"><span class='ocrx_word' id='word_1_655' title='bbox 2035 2358 2276 2414; x_wconf 89' lang='lat' dir='ltr'><strong>sidentur</strong></span> <span class='ocrx_word' id='word_1_656' title='bbox 2304 2359 2571 2426; x_wconf 88' lang='lat' dir='ltr'><strong>amplexu,</strong></span> <span class='ocrx_word' id='word_1_657' title='bbox 2595 2358 2680 2412; x_wconf 91' lang='lat' dir='ltr'><strong>vel</strong></span> <span class='ocrx_word' id='word_1_658' title='bbox 2707 2357 2807 2411; x_wconf 90' lang='lat' dir='ltr'><strong>sibi</strong></span> <span class='ocrx_word' id='word_1_659' title='bbox 2836 2356 2918 2411; x_wconf 89' lang='lat' dir='ltr'><strong>vel</strong></span> <span class='ocrx_word' id='word_1_660' title='bbox 2949 2355 3068 2409; x_wconf 88' lang='lat' dir='ltr'><strong>aliis</strong></span> <span class='ocrx_word' id='word_1_661' title='bbox 3094 2353 3355 2418; x_wconf 92' lang='lat' dir='ltr'><strong>consulit;</strong></span> <span class='ocrx_word' id='word_1_662' title='bbox 3376 2360 3431 2407; x_wconf 91' lang='lat' dir='ltr'><strong>et</strong></span> <span class='ocrx_word' id='word_1_663' title='bbox 3453 2352 3497 2406; x_wconf 91' lang='lat' dir='ltr'><strong>si</strong></span> <span class='ocrx_word' id='word_1_664' title='bbox 3527 2351 3628 2406; x_wconf 86' lang='lat' dir='ltr'><strong>fal-</strong></span> 
     </span>
    </p>
   </div>
   <div class='ocr_carea' id='block_1_84' title="bbox 2035 2441 3621 2519">
    <p class='ocr_par' dir='ltr' id='par_1_84' title="bbox 2035 2441 3621 2519">
     <span class='ocr_line' id='line_1_84' title="bbox 2035 2441 3621 2519; baseline -0.006 -15"><span class='ocrx_word' id='word_1_665' title='bbox 2035 2450 2175 2504; x_wconf 87' lang='lat' dir='ltr'><strong>latur</strong></span> <span class='ocrx_word' id='word_1_666' title='bbox 2199 2451 2252 2504; x_wconf 90' lang='lat' dir='ltr'><strong>in</strong></span> <span class='ocrx_word' id='word_1_667' title='bbox 2277 2450 2455 2518; x_wconf 88' lang='lat' dir='ltr'><strong>aliquo</strong></span> <span class='ocrx_word' id='word_1_668' title='bbox 2483 2464 2578 2519; x_wconf 87' lang='lat' dir='ltr'><strong>per</strong></span> <span class='ocrx_word' id='word_1_669' title='bbox 2603 2447 2957 2518; x_wconf 82' lang='lat' dir='ltr'><strong>ignorantiam</strong></span> <span class='ocrx_word' id='word_1_670' title='bbox 2985 2444 3389 2514; x_wconf 89' lang='lat' dir='ltr'><strong>temporalium,</strong></span> <span class='ocrx_word' id='word_1_671' title='bbox 3419 2441 3545 2512; x_wconf 89' lang='lat' dir='ltr'><strong>quia</strong></span> <span class='ocrx_word' id='word_1_672' title='bbox 3569 2452 3621 2495; x_wconf 92' lang='lat' dir='ltr'><strong>et</strong></span> 
     </span>
    </p>
   </div>
   <div class='ocr_carea' id='block_1_85' title="bbox 2035 2533 3621 2608">
    <p class='ocr_par' dir='ltr' id='par_1_85' title="bbox 2035 2533 3621 2608">
     <span class='ocr_line' id='line_1_85' title="bbox 2035 2533 3621 2608; baseline -0.006 -14"><span class='ocrx_word' id='word_1_673' title='bbox 2035 2541 2137 2595; x_wconf 92' lang='lat' dir='ltr'><strong>hoc</strong></span> <span class='ocrx_word' id='word_1_674' title='bbox 2166 2539 2533 2608; x_wconf 88' lang='lat' dir='ltr'><strong>temporaliter</strong></span> <span class='ocrx_word' id='word_1_675' title='bbox 2556 2538 2728 2608; x_wconf 85' lang='lat' dir='ltr'><strong>gerit,</strong></span> <span class='ocrx_word' id='word_1_676' title='bbox 2757 2546 2813 2592; x_wconf 91' lang='lat' dir='ltr'><strong>et</strong></span> <span class='ocrx_word' id='word_1_677' title='bbox 2837 2535 3060 2590; x_wconf 88' lang='lat' dir='ltr'><strong>modum</strong></span> <span class='ocrx_word' id='word_1_678' title='bbox 3083 2533 3275 2605; x_wconf 85' lang='lat' dir='ltr'><strong>agendi</strong></span> <span class='ocrx_word' id='word_1_679' title='bbox 3304 2548 3408 2587; x_wconf 91' lang='lat' dir='ltr'><strong>non</strong></span> <span class='ocrx_word' id='word_1_680' title='bbox 3442 2539 3621 2587; x_wconf 87' lang='lat' dir='ltr'><strong>teneat</strong></span> 
     </span>
    </p>
   </div>
   <div class='ocr_carea' id='block_1_86' title="bbox 2034 2627 3627 2702">
    <p class='ocr_par' dir='ltr' id='par_1_86' title="bbox 2034 2627 3627 2702">
     <span class='ocr_line' id='line_1_86' title="bbox 2034 2627 3627 2702; baseline -0.007 -14"><span class='ocrx_word' id='word_1_681' title='bbox 2034 2647 2194 2702; x_wconf 88' lang='lat' dir='ltr'><strong>quem</strong></span> <span class='ocrx_word' id='word_1_682' title='bbox 2223 2632 2479 2695; x_wconf 88' lang='lat' dir='ltr'><strong>debebat,</strong></span> <span class='ocrx_word' id='word_1_683' title='bbox 2520 2631 2751 2685; x_wconf 80' lang='lat' dir='ltr'><strong>humana</strong></span> <span class='ocrx_word' id='word_1_684' title='bbox 2783 2629 3005 2684; x_wconf 89' lang='lat' dir='ltr'><strong>tentatio</strong></span> <span class='ocrx_word' id='word_1_685' title='bbox 3029 2636 3129 2682; x_wconf 91' lang='lat' dir='ltr'><strong>est.</strong></span> <span class='ocrx_word' id='word_1_686' title='bbox 3161 2627 3227 2681; x_wconf 81' lang='lat' dir='ltr'><strong>Et</strong></span> <span class='ocrx_word' id='word_1_687' title='bbox 3259 2641 3507 2695; x_wconf 88' lang='lat' dir='ltr'><strong>maguum</strong></span> <span class='ocrx_word' id='word_1_688' title='bbox 3543 2633 3627 2679; x_wconf 89' lang='lat' dir='ltr'><strong>est</strong></span> 
     </span>
    </p>
   </div>
   <div class='ocr_carea' id='block_1_87' title="bbox 2035 2717 3626 2792">
    <p class='ocr_par' dir='ltr' id='par_1_87' title="bbox 2035 2717 3626 2792">
     <span class='ocr_line' id='line_1_87' title="bbox 2035 2717 3626 2792; baseline -0.005 -14"><span class='ocrx_word' id='word_1_689' title='bbox 2035 2723 2174 2777; x_wconf 88' lang='lat' dir='ltr'><strong>hanc</strong></span> <span class='ocrx_word' id='word_1_690' title='bbox 2214 2723 2376 2776; x_wconf 89' lang='lat' dir='ltr'><strong>vitam</strong></span> <span class='ocrx_word' id='word_1_691' title='bbox 2409 2722 2487 2776; x_wconf 92' lang='lat' dir='ltr'><strong>sic</strong></span> <span class='ocrx_word' id='word_1_692' title='bbox 2519 2721 2714 2792; x_wconf 86' lang='lat' dir='ltr'><strong>degere</strong></span> <span class='ocrx_word' id='word_1_693' title='bbox 2735 2763 2749 2786; x_wconf 93' lang='lat'><strong>,</strong></span> <span class='ocrx_word' id='word_1_694' title='bbox 2783 2735 2941 2791; x_wconf 89' lang='lat' dir='ltr'><strong>quam</strong></span> <span class='ocrx_word' id='word_1_695' title='bbox 2984 2720 3132 2774; x_wconf 89' lang='lat' dir='ltr'><strong>velut</strong></span> <span class='ocrx_word' id='word_1_696' title='bbox 3159 2718 3301 2773; x_wconf 88' lang='lat' dir='ltr'><strong>viam</strong></span> <span class='ocrx_word' id='word_1_697' title='bbox 3337 2717 3626 2772; x_wconf 88' lang='lat' dir='ltr'><strong>redeuntes</strong></span> 
     </span>
    </p>
   </div>
   <div class='ocr_carea' id='block_1_88' title="bbox 2035 2807 3627 2882">
    <p class='ocr_par' dir='ltr' id='par_1_88' title="bbox 2035 2807 3627 2882">
     <span class='ocr_line' id='line_1_88' title="bbox 2035 2807 3627 2882; baseline -0.005 -13"><span class='ocrx_word' id='word_1_698' title='bbox 2035 2815 2338 2882; x_wconf 89' lang='lat' dir='ltr'><strong>carpimus,</strong></span> <span class='ocrx_word' id='word_1_699' title='bbox 2371 2823 2428 2867; x_wconf 92' lang='lat' dir='ltr'><strong>ut</strong></span> <span class='ocrx_word' id='word_1_700' title='bbox 2458 2813 2680 2868; x_wconf 91' lang='lat' dir='ltr'><strong>tentatio</strong></span> <span class='ocrx_word' id='word_1_701' title='bbox 2708 2827 2805 2866; x_wconf 90' lang='lat' dir='ltr'><strong>nos</strong></span> <span class='ocrx_word' id='word_1_702' title='bbox 2833 2827 2938 2866; x_wconf 93' lang='lat' dir='ltr'><strong>non</strong></span> <span class='ocrx_word' id='word_1_703' title='bbox 2979 2809 3346 2881; x_wconf 88' lang='lat' dir='ltr'><strong>apprehendat</strong></span> <span class='ocrx_word' id='word_1_704' title='bbox 3387 2809 3486 2862; x_wconf 90' lang='lat' dir='ltr'><strong>nisi</strong></span> <span class='ocrx_word' id='word_1_705' title='bbox 3527 2807 3627 2862; x_wconf 89' lang='lat' dir='ltr'><strong>hu-</strong></span> 
     </span>
    </p>
   </div>
   <div class='ocr_carea' id='block_1_89' title="bbox 2034 2902 3623 2976">
    <p class='ocr_par' dir='ltr' id='par_1_89' title="bbox 2034 2902 3623 2976">
     <span class='ocr_line' id='line_1_89' title="bbox 2034 2902 3623 2976; baseline -0.004 -15"><span class='ocrx_word' id='word_1_706' title='bbox 2034 2920 2190 2961; x_wconf 86' lang='lat' dir='ltr'><strong>mana</strong></span> <span class='ocrx_word' id='word_1_707' title='bbox 2223 2903 2278 2974; x_wconf 94' lang='lat' dir='ltr'><strong>(l</strong></span> <span class='ocrx_word' id='word_1_708' title='bbox 2301 2904 2417 2958; x_wconf 85' lang='lat' dir='ltr'><strong>Cor.</strong></span> <span class='ocrx_word' id='word_1_709' title='bbox 2447 2919 2481 2958; x_wconf 83' lang='lat' dir='ltr'><strong>x</strong></span> <span class='ocrx_word' id='word_1_710' title='bbox 2505 2945 2518 2968; x_wconf 95' lang='lat'><strong>,</strong></span> <span class='ocrx_word' id='word_1_711' title='bbox 2547 2905 2615 2959; x_wconf 77' lang='grc'><strong>15</strong></span> <span class='ocrx_word' id='word_1_712' title='bbox 2634 2902 2676 2976; x_wconf 90' lang='grc'><strong>).</strong></span> <span class='ocrx_word' id='word_1_713' title='bbox 2703 2903 2816 2958; x_wconf 86' lang='lat' dir='ltr'><strong>Hoc</strong></span> <span class='ocrx_word' id='word_1_714' title='bbox 2842 2903 2984 2958; x_wconf 89' lang='lat' dir='ltr'><strong>enim</strong></span> <span class='ocrx_word' id='word_1_715' title='bbox 3016 2910 3293 2972; x_wconf 88' lang='lat' dir='ltr'><strong>peccatum</strong></span> <span class='ocrx_word' id='word_1_716' title='bbox 3317 2909 3468 2956; x_wconf 88' lang='lat' dir='ltr'><strong>extra</strong></span> <span class='ocrx_word' id='word_1_717' title='bbox 3495 2914 3623 2954; x_wconf 90' lang='lat' dir='ltr'><strong>cor-</strong></span> 
     </span>
    </p>
   </div>
   <div class='ocr_carea' id='block_1_90' title="bbox 2036 2992 3623 3065">
    <p class='ocr_par' dir='ltr' id='par_1_90' title="bbox 2036 2992 3623 3065">
     <span class='ocr_line' id='line_1_90' title="bbox 2036 2992 3623 3065; baseline -0.003 -16"><span class='ocrx_word' id='word_1_718' title='bbox 2036 3010 2136 3065; x_wconf 87' lang='lat' dir='ltr'><strong>pus</strong></span> <span class='ocrx_word' id='word_1_719' title='bbox 2160 3003 2274 3063; x_wconf 85' lang='lat' dir='ltr'><strong>est,</strong></span> <span class='ocrx_word' id='word_1_720' title='bbox 2307 3009 2403 3049; x_wconf 91' lang='lat' dir='ltr'><strong>nec</strong></span> <span class='ocrx_word' id='word_1_721' title='bbox 2429 2993 2769 3050; x_wconf 83' lang='lat' dir='ltr'><strong>fornicationi</strong></span> <span class='ocrx_word' id='word_1_722' title='bbox 2807 2994 3124 3063; x_wconf 89' lang='lat' dir='ltr'><strong>deputatur,</strong></span> <span class='ocrx_word' id='word_1_723' title='bbox 3153 3003 3208 3048; x_wconf 90' lang='lat' dir='ltr'><strong>et</strong></span> <span class='ocrx_word' id='word_1_724' title='bbox 3233 3001 3512 3062; x_wconf 89' lang='lat' dir='ltr'><strong>propterea</strong></span> <span class='ocrx_word' id='word_1_725' title='bbox 3545 2992 3623 3044; x_wconf 75' lang='lat' dir='ltr'><strong>fa—</strong></span> 
     </span>
    </p>
   </div>
   <div class='ocr_carea' id='block_1_91' title="bbox 2036 3083 3625 3156">
    <p class='ocr_par' dir='ltr' id='par_1_91' title="bbox 2036 3083 3625 3156">
     <span class='ocr_line' id='line_1_91' title="bbox 2036 3083 3625 3156; baseline -0.003 -15"><span class='ocrx_word' id='word_1_726' title='bbox 2036 3087 2231 3142; x_wconf 91' lang='lat' dir='ltr'><strong>cillime</strong></span> <span class='ocrx_word' id='word_1_727' title='bbox 2259 3087 2573 3156; x_wconf 86' lang='lat' dir='ltr'><strong>ignoscitur.</strong></span> <span class='ocrx_word' id='word_1_728' title='bbox 2605 3087 2739 3141; x_wconf 90' lang='lat' dir='ltr'><strong>Cum</strong></span> <span class='ocrx_word' id='word_1_729' title='bbox 2768 3101 2894 3140; x_wconf 91' lang='lat' dir='ltr'><strong>vero</strong></span> <span class='ocrx_word' id='word_1_730' title='bbox 2919 3095 3138 3156; x_wconf 88' lang='lat' dir='ltr'><strong>propter</strong></span> <span class='ocrx_word' id='word_1_731' title='bbox 3181 3083 3523 3154; x_wconf 90' lang='lat' dir='ltr'><strong>adipiscenda</strong></span> <span class='ocrx_word' id='word_1_732' title='bbox 3562 3098 3625 3138; x_wconf 92' lang='lat' dir='ltr'><strong>ea</strong></span> 
     </span>
    </p>
   </div>
   <div class='ocr_carea' id='block_1_92' title="bbox 2036 3175 3627 3250">
    <p class='ocr_par' dir='ltr' id='par_1_92' title="bbox 2036 3175 3627 3250">
     <span class='ocr_line' id='line_1_92' title="bbox 2036 3175 3627 3250; baseline -0.004 -15"><span class='ocrx_word' id='word_1_733' title='bbox 2036 3195 2152 3250; x_wconf 70' lang='lat' dir='ltr'><strong>quae</strong></span> <span class='ocrx_word' id='word_1_734' title='bbox 2194 3194 2291 3250; x_wconf 90' lang='lat' dir='ltr'><strong>per</strong></span> <span class='ocrx_word' id='word_1_735' title='bbox 2332 3194 2530 3250; x_wconf 89' lang='lat' dir='ltr'><strong>corpus</strong></span> <span class='ocrx_word' id='word_1_736' title='bbox 2568 3179 2902 3244; x_wconf 89' lang='lat' dir='ltr'><strong>sentiuntur,</strong></span> <span class='ocrx_word' id='word_1_737' title='bbox 2949 3186 3168 3247; x_wconf 87' lang='lat' dir='ltr'><strong>propter</strong></span> <span class='ocrx_word' id='word_1_738' title='bbox 3201 3175 3511 3246; x_wconf 85' lang='lat' dir='ltr'><strong>experiendi</strong></span> <span class='ocrx_word' id='word_1_739' title='bbox 3543 3175 3627 3230; x_wconf 90' lang='lat' dir='ltr'><strong>vel</strong></span> 
     </span>
    </p>
   </div>
   <div class='ocr_carea' id='block_1_93' title="bbox 2035 3265 3625 3343">
    <p class='ocr_par' dir='ltr' id='par_1_93' title="bbox 2035 3265 3625 3343">
     <span class='ocr_line' id='line_1_93' title="bbox 2035 3265 3625 3343; baseline -0.005 -15"><span class='ocrx_word' id='word_1_740' title='bbox 2035 3271 2329 3328; x_wconf 87' lang='lat' dir='ltr'><strong>excellendi</strong></span> <span class='ocrx_word' id='word_1_741' title='bbox 2359 3271 2444 3325; x_wconf 89' lang='lat' dir='ltr'><strong>vel</strong></span> <span class='ocrx_word' id='word_1_742' title='bbox 2472 3270 2840 3343; x_wconf 83' lang='lat' dir='ltr'><strong>contrectandi</strong></span> <span class='ocrx_word' id='word_1_743' title='bbox 2868 3268 3212 3340; x_wconf 88' lang='lat' dir='ltr'><strong>cupiditatem</strong></span> <span class='ocrx_word' id='word_1_744' title='bbox 3233 3309 3246 3333; x_wconf 94' lang='lat'><strong>,</strong></span> <span class='ocrx_word' id='word_1_745' title='bbox 3281 3269 3413 3322; x_wconf 91' lang='lat' dir='ltr'><strong>utin</strong></span> <span class='ocrx_word' id='word_1_746' title='bbox 3445 3266 3529 3321; x_wconf 90' lang='lat' dir='ltr'><strong>his</strong></span> <span class='ocrx_word' id='word_1_747' title='bbox 3563 3265 3625 3320; x_wconf 85' lang='lat' dir='ltr'><strong>ﬁ-</strong></span> 
     </span>
    </p>
   </div>
   <div class='ocr_carea' id='block_1_94' title="bbox 2036 3360 3624 3433">
    <p class='ocr_par' dir='ltr' id='par_1_94' title="bbox 2036 3360 3624 3433">
     <span class='ocr_line' id='line_1_94' title="bbox 2036 3360 3624 3433; baseline -0.004 -13"><span class='ocrx_word' id='word_1_748' title='bbox 2036 3379 2157 3420; x_wconf 82' lang='lat' dir='ltr'><strong>nem</strong></span> <span class='ocrx_word' id='word_1_749' title='bbox 2191 3365 2316 3419; x_wconf 91' lang='lat' dir='ltr'><strong>boni</strong></span> <span class='ocrx_word' id='word_1_750' title='bbox 2342 3364 2423 3419; x_wconf 91' lang='lat' dir='ltr'><strong>sui</strong></span> <span class='ocrx_word' id='word_1_751' title='bbox 2458 3372 2649 3433; x_wconf 90' lang='lat' dir='ltr'><strong>ponat,</strong></span> <span class='ocrx_word' id='word_1_752' title='bbox 2681 3362 2881 3432; x_wconf 88' lang='lat' dir='ltr'><strong>aliquid</strong></span> <span class='ocrx_word' id='word_1_753' title='bbox 2907 3363 3048 3430; x_wconf 78' lang='lat' dir='ltr'><strong>agit,</strong></span> <span class='ocrx_word' id='word_1_754' title='bbox 3083 3361 3301 3431; x_wconf 90' lang='lat' dir='ltr'><strong>quiquid</strong></span> <span class='ocrx_word' id='word_1_755' title='bbox 3333 3360 3476 3428; x_wconf 87' lang='lat' dir='ltr'><strong>agit,</strong></span> <span class='ocrx_word' id='word_1_756' title='bbox 3513 3368 3624 3414; x_wconf 85' lang='lat' dir='ltr'><strong>tur-</strong></span> 
     </span>
    </p>
   </div>
   <div class='ocr_carea' id='block_1_95' title="bbox 2034 3453 3625 3526">
    <p class='ocr_par' dir='ltr' id='par_1_95' title="bbox 2034 3453 3625 3526">
     <span class='ocr_line' id='line_1_95' title="bbox 2034 3453 3625 3526; baseline -0.003 -16"><span class='ocrx_word' id='word_1_757' title='bbox 2034 3457 2176 3526; x_wconf 86' lang='lat' dir='ltr'><strong>piter</strong></span> <span class='ocrx_word' id='word_1_758' title='bbox 2202 3455 2342 3526; x_wconf 88' lang='lat' dir='ltr'><strong>agit;</strong></span> <span class='ocrx_word' id='word_1_759' title='bbox 2375 3466 2428 3510; x_wconf 92' lang='lat' dir='ltr'><strong>et</strong></span> <span class='ocrx_word' id='word_1_760' title='bbox 2455 3455 2750 3509; x_wconf 88' lang='lat' dir='ltr'><strong>fornicatur</strong></span> <span class='ocrx_word' id='word_1_761' title='bbox 2775 3454 2828 3507; x_wconf 94' lang='lat' dir='ltr'><strong>in</strong></span> <span class='ocrx_word' id='word_1_762' title='bbox 2855 3467 3049 3521; x_wconf 89' lang='lat' dir='ltr'><strong>corpus</strong></span> <span class='ocrx_word' id='word_1_763' title='bbox 3075 3453 3348 3521; x_wconf 86' lang='lat' dir='ltr'><strong>proprium</strong></span> <span class='ocrx_word' id='word_1_764' title='bbox 3398 3465 3625 3520; x_wconf 82' lang='lat' dir='ltr'><strong>peccans</strong></span> 
     </span>
    </p>
   </div>
   <div class='ocr_carea' id='block_1_96' title="bbox 2036 3544 3626 3620">
    <p class='ocr_par' dir='ltr' id='par_1_96' title="bbox 2036 3544 3626 3620">
     <span class='ocr_line' id='line_1_96' title="bbox 2036 3544 3626 3620; baseline -0.002 -18"><span class='ocrx_word' id='word_1_765' title='bbox 2036 3547 2156 3620; x_wconf 83' lang='lat' dir='ltr'><strong>(Id.</strong></span> <span class='ocrx_word' id='word_1_766' title='bbox 2186 3563 2276 3614; x_wconf 87' lang='lat' dir='ltr'><strong>vt,</strong></span> <span class='ocrx_word' id='word_1_767' title='bbox 2317 3547 2386 3602; x_wconf 81' lang='grc'><strong>18</strong></span> <span class='ocrx_word' id='word_1_768' title='bbox 2408 3546 2431 3618; x_wconf 91' lang='grc'><em>)</em></span> <span class='ocrx_word' id='word_1_769' title='bbox 2452 3589 2467 3614; x_wconf 94' lang='grc'><strong>,</strong></span> <span class='ocrx_word' id='word_1_770' title='bbox 2495 3556 2550 3602; x_wconf 90' lang='lat' dir='ltr'><strong>et</strong></span> <span class='ocrx_word' id='word_1_771' title='bbox 2570 3560 2946 3616; x_wconf 89' lang='lat' dir='ltr'><strong>corporearum</strong></span> <span class='ocrx_word' id='word_1_772' title='bbox 2972 3561 3151 3599; x_wconf 91' lang='lat' dir='ltr'><strong>rerum</strong></span> <span class='ocrx_word' id='word_1_773' title='bbox 3203 3544 3412 3598; x_wconf 83' lang='lat' dir='ltr'><strong>fallacia</strong></span> <span class='ocrx_word' id='word_1_774' title='bbox 3462 3544 3626 3599; x_wconf 83' lang='lat' dir='ltr'><strong>simu-</strong></span> 
     </span>
    </p>
   </div>
   <div class='ocr_carea' id='block_1_97' title="bbox 2035 3636 3620 3708">
    <p class='ocr_par' dir='ltr' id='par_1_97' title="bbox 2035 3636 3620 3708">
     <span class='ocr_line' id='line_1_97' title="bbox 2035 3636 3620 3708; baseline -0.002 -13"><span class='ocrx_word' id='word_1_775' title='bbox 2035 3640 2180 3695; x_wconf 87' lang='lat' dir='ltr'><strong>Iaera</strong></span> <span class='ocrx_word' id='word_1_776' title='bbox 2217 3639 2480 3694; x_wconf 91' lang='lat' dir='ltr'><strong>introrsus</strong></span> <span class='ocrx_word' id='word_1_777' title='bbox 2523 3637 2735 3708; x_wconf 88' lang='lat' dir='ltr'><strong>rapiens</strong></span> <span class='ocrx_word' id='word_1_778' title='bbox 2769 3645 2825 3691; x_wconf 90' lang='lat' dir='ltr'><strong>et</strong></span> <span class='ocrx_word' id='word_1_779' title='bbox 2849 3651 2982 3696; x_wconf 83' lang='lat' dir='ltr'><strong>vana</strong></span> <span class='ocrx_word' id='word_1_780' title='bbox 3021 3636 3366 3691; x_wconf 88' lang='lat' dir='ltr'><strong>meditatione</strong></span> <span class='ocrx_word' id='word_1_781' title='bbox 3396 3651 3620 3707; x_wconf 90' lang='lat' dir='ltr'><strong>compo-</strong></span> 
     </span>
    </p>
   </div>
   <div class='ocr_carea' id='block_1_98' title="bbox 2034 3726 3619 3799">
    <p class='ocr_par' dir='ltr' id='par_1_98' title="bbox 2034 3726 3619 3799">
     <span class='ocr_line' id='line_1_98' title="bbox 2034 3726 3619 3799; baseline -0.002 -13"><span class='ocrx_word' id='word_1_782' title='bbox 2034 3745 2167 3786; x_wconf 88' lang='lat' dir='ltr'><strong>nens</strong></span> <span class='ocrx_word' id='word_1_783' title='bbox 2186 3771 2201 3796; x_wconf 92' lang='lat'><strong>,</strong></span> <span class='ocrx_word' id='word_1_784' title='bbox 2236 3738 2293 3785; x_wconf 91' lang='lat' dir='ltr'><strong>ut</strong></span> <span class='ocrx_word' id='word_1_785' title='bbox 2315 3730 2364 3784; x_wconf 92' lang='lat' dir='ltr'><strong>ei</strong></span> <span class='ocrx_word' id='word_1_786' title='bbox 2389 3743 2486 3784; x_wconf 86' lang='lat' dir='ltr'><strong>nec</strong></span> <span class='ocrx_word' id='word_1_787' title='bbox 2510 3729 2747 3784; x_wconf 90' lang='lat' dir='ltr'><strong>divinum</strong></span> <span class='ocrx_word' id='word_1_788' title='bbox 2770 3728 2966 3799; x_wconf 84' lang='lat' dir='ltr'><strong>aliquid</strong></span> <span class='ocrx_word' id='word_1_789' title='bbox 3000 3726 3099 3782; x_wconf 91' lang='lat' dir='ltr'><strong>nisi</strong></span> <span class='ocrx_word' id='word_1_790' title='bbox 3128 3729 3230 3782; x_wconf 89' lang='lat' dir='ltr'><strong>tale</strong></span> <span class='ocrx_word' id='word_1_791' title='bbox 3249 3770 3264 3796; x_wconf 94' lang='lat'><strong>,</strong></span> <span class='ocrx_word' id='word_1_792' title='bbox 3312 3729 3553 3784; x_wconf 90' lang='lat' dir='ltr'><strong>videatur</strong></span> <span class='ocrx_word' id='word_1_793' title='bbox 3576 3731 3619 3796; x_wconf 75' lang='grc'>⁸,</span> 
     </span>
    </p>
   </div>
   <div class='ocr_carea' id='block_1_99' title="bbox 2035 3819 3621 3892">
    <p class='ocr_par' dir='ltr' id='par_1_99' title="bbox 2035 3819 3621 3892">
     <span class='ocr_line' id='line_1_99' title="bbox 2035 3819 3621 3892; baseline -0.001 -16"><span class='ocrx_word' id='word_1_794' title='bbox 2035 3821 2278 3892; x_wconf 85' lang='lat' dir='ltr'><strong>privatim</strong></span> <span class='ocrx_word' id='word_1_795' title='bbox 2309 3836 2468 3875; x_wconf 89' lang='lat' dir='ltr'><strong>avara</strong></span> <span class='ocrx_word' id='word_1_796' title='bbox 2495 3821 2690 3876; x_wconf 71' lang='lat' dir='ltr'><strong>letatur</strong></span> <span class='ocrx_word' id='word_1_797' title='bbox 2715 3820 3015 3887; x_wconf 90' lang='lat' dir='ltr'><strong>erroribus,</strong></span> <span class='ocrx_word' id='word_1_798' title='bbox 3045 3828 3100 3874; x_wconf 90' lang='lat' dir='ltr'><strong>et</strong></span> <span class='ocrx_word' id='word_1_799' title='bbox 3125 3819 3370 3888; x_wconf 87' lang='lat' dir='ltr'><strong>privatim</strong></span> <span class='ocrx_word' id='word_1_800' title='bbox 3401 3819 3621 3890; x_wconf 88' lang='lat' dir='ltr'><strong>prodiga</strong></span> 
     </span>
    </p>
   </div>
   <div class='ocr_carea' id='block_1_100' title="bbox 2035 3909 3620 3981">
    <p class='ocr_par' dir='ltr' id='par_1_100' title="bbox 2035 3909 3620 3981">
     <span class='ocr_line' id='line_1_100' title="bbox 2035 3909 3620 3981; baseline -0.002 -13"><span class='ocrx_word' id='word_1_801' title='bbox 2035 3913 2270 3968; x_wconf 88' lang='lat' dir='ltr'><strong>inanitur</strong></span> <span class='ocrx_word' id='word_1_802' title='bbox 2290 3912 2492 3967; x_wconf 89' lang='lat' dir='ltr'><strong>viribus</strong></span> <span class='ocrx_word' id='word_1_803' title='bbox 2519 3909 2617 3981; x_wconf 91' lang='lat' dir='ltr'><strong>(a).</strong></span> <span class='ocrx_word' id='word_1_804' title='bbox 2645 3911 2752 3966; x_wconf 88' lang='lat' dir='ltr'><strong>Nec</strong></span> <span class='ocrx_word' id='word_1_805' title='bbox 2777 3912 2843 3966; x_wconf 90' lang='lat' dir='ltr'><strong>ad</strong></span> <span class='ocrx_word' id='word_1_806' title='bbox 2885 3919 2992 3965; x_wconf 91' lang='lat' dir='ltr'><strong>tam</strong></span> <span class='ocrx_word' id='word_1_807' title='bbox 3035 3920 3244 3980; x_wconf 87' lang='lat' dir='ltr'><strong>turpem</strong></span> <span class='ocrx_word' id='word_1_808' title='bbox 3265 3920 3317 3965; x_wconf 92' lang='lat' dir='ltr'><strong>et</strong></span> <span class='ocrx_word' id='word_1_809' title='bbox 3342 3911 3620 3968; x_wconf 85' lang='lat' dir='ltr'><strong>miserabi-</strong></span> 
     </span>
    </p>
   </div>
   <div class='ocr_carea' id='block_1_101' title="bbox 2033 4001 3619 4071">
    <p class='ocr_par' dir='ltr' id='par_1_101' title="bbox 2033 4001 3619 4071">
     <span class='ocr_line' id='line_1_101' title="bbox 2033 4001 3619 4071; baseline -0.001 -14"><span class='ocrx_word' id='word_1_810' title='bbox 2033 4003 2139 4059; x_wconf 89' lang='lat' dir='ltr'><strong>lem</strong></span> <span class='ocrx_word' id='word_1_811' title='bbox 2167 4003 2572 4058; x_wconf 75' lang='lat' dir='ltr'><strong>fornicationem</strong></span> <span class='ocrx_word' id='word_1_812' title='bbox 2600 4003 2760 4057; x_wconf 90' lang='lat' dir='ltr'><strong>simul</strong></span> <span class='ocrx_word' id='word_1_813' title='bbox 2781 4005 2802 4034; x_wconf 78' lang='grc'>³</span> <span class='ocrx_word' id='word_1_814' title='bbox 2828 4005 2896 4056; x_wconf 88' lang='lat' dir='ltr'><strong>ab</strong></span> <span class='ocrx_word' id='word_1_815' title='bbox 2917 4002 3145 4056; x_wconf 84' lang='lat' dir='ltr'><strong>exordio</strong></span> <span class='ocrx_word' id='word_1_816' title='bbox 3169 4001 3473 4071; x_wconf 88' lang='lat' dir='ltr'><strong>prosiliret:</strong></span> <span class='ocrx_word' id='word_1_817' title='bbox 3503 4002 3619 4067; x_wconf 91' lang='lat' dir='ltr'><strong>sed,</strong></span> 
     </span>
    </p>
   </div>
   <div class='ocr_carea' id='block_1_102' title="bbox 2035 4092 3625 4165">
    <p class='ocr_par' dir='ltr' id='par_1_102' title="bbox 2035 4092 3625 4165">
     <span class='ocr_line' id='line_1_102' title="bbox 2035 4092 3625 4165; baseline -0.004 -14"><span class='ocrx_word' id='word_1_818' title='bbox 2035 4096 2173 4151; x_wconf 84' lang='lat' dir='ltr'><strong>sicut</strong></span> <span class='ocrx_word' id='word_1_819' title='bbox 2205 4097 2466 4165; x_wconf 87' lang='lat' dir='ltr'><strong>scriptum</strong></span> <span class='ocrx_word' id='word_1_820' title='bbox 2493 4103 2615 4161; x_wconf 89' lang='lat' dir='ltr'><strong>est,</strong></span> <span class='ocrx_word' id='word_1_821' title='bbox 2645 4094 2749 4161; x_wconf 84' lang='lat' dir='ltr'><strong>Qui</strong></span> <span class='ocrx_word' id='word_1_822' title='bbox 2773 4093 2972 4148; x_wconf 71' lang='lat' dir='ltr'><strong>modica</strong></span> <span class='ocrx_word' id='word_1_823' title='bbox 2997 4093 3222 4164; x_wconf 80' lang='lat' dir='ltr'><strong>spernit,</strong></span> <span class='ocrx_word' id='word_1_824' title='bbox 3253 4093 3499 4164; x_wconf 83' lang='lat' dir='ltr'><strong>paulatim</strong></span> <span class='ocrx_word' id='word_1_825' title='bbox 3529 4092 3625 4146; x_wconf 86' lang='lat' dir='ltr'><strong>de-</strong></span> 
     </span>
    </p>
   </div>
   <div class='ocr_carea' id='block_1_103' title="bbox 2035 4185 2670 4254">
    <p class='ocr_par' dir='ltr' id='par_1_103' title="bbox 2035 4185 2670 4254">
     <span class='ocr_line' id='line_1_103' title="bbox 2035 4185 2670 4254; baseline -0.005 -14"><span class='ocrx_word' id='word_1_826' title='bbox 2035 4186 2166 4240; x_wconf 81' lang='lat' dir='ltr'><strong>cidet</strong></span> <span class='ocrx_word' id='word_1_827' title='bbox 2190 4186 2208 4254; x_wconf 94' lang='lat'><strong>(</strong></span> <span class='ocrx_word' id='word_1_828' title='bbox 2231 4185 2396 4240; x_wconf 79' lang='lat' dir='ltr'><strong>Eccli.</strong></span> <span class='ocrx_word' id='word_1_829' title='bbox 2430 4201 2519 4240; x_wconf 81' lang='lat' dir='ltr'><strong>xIx</strong></span> <span class='ocrx_word' id='word_1_830' title='bbox 2539 4225 2555 4252; x_wconf 93' lang='lat'><strong>,</strong></span> <span class='ocrx_word' id='word_1_831' title='bbox 2580 4185 2605 4239; x_wconf 75' lang='grc'><strong>1</strong></span> <span class='ocrx_word' id='word_1_832' title='bbox 2630 4185 2670 4254; x_wconf 93' lang='grc'><strong>).</strong></span> 
     </span>
    </p>
   </div>
   <div class='ocr_carea' id='block_1_104' title="bbox 2105 4273 3623 4346">
    <p class='ocr_par' dir='ltr' id='par_1_104' title="bbox 2105 4273 3623 4346">
     <span class='ocr_line' id='line_1_104' title="bbox 2105 4273 3623 4346; baseline -0.003 -13"><span class='ocrx_word' id='word_1_833' title='bbox 2105 4277 2329 4333; x_wconf 82' lang='lat' dir='ltr'><strong>CAPUT</strong></span> <span class='ocrx_word' id='word_1_834' title='bbox 2358 4276 2449 4331; x_wconf 81' lang='lat' dir='ltr'><strong>XI.</strong></span> <span class='ocrx_word' id='word_1_835' title='bbox 2476 4306 2547 4318; x_wconf 94' lang='lat'><strong><em>—</em></strong></span> <span class='ocrx_word' id='word_1_836' title='bbox 2575 4276 2660 4330; x_wconf 82' lang='grc'><strong>16.</strong></span> <span class='ocrx_word' id='word_1_837' title='bbox 2693 4274 2874 4346; x_wconf 85' lang='lat' dir='ltr'><strong>Imago</strong></span> <span class='ocrx_word' id='word_1_838' title='bbox 2902 4275 3106 4345; x_wconf 84' lang='lat' dir='ltr'><strong>pecudis</strong></span> <span class='ocrx_word' id='word_1_839' title='bbox 3133 4275 3186 4329; x_wconf 87' lang='lat' dir='ltr'><strong>in</strong></span> <span class='ocrx_word' id='word_1_840' title='bbox 3212 4274 3429 4328; x_wconf 81' lang='lat' dir='ltr'><strong>homine.</strong></span> <span class='ocrx_word' id='word_1_841' title='bbox 3475 4273 3623 4342; x_wconf 87' lang='lat' dir='ltr'><strong>Quo-</strong></span> 
     </span>
    </p>
   </div>
   <div class='ocr_carea' id='block_1_105' title="bbox 2035 4366 3625 4438">
    <p class='ocr_par' dir='ltr' id='par_1_105' title="bbox 2035 4366 3625 4438">
     <span class='ocr_line' id='line_1_105' title="bbox 2035 4366 3625 4438; baseline -0.003 -13"><span class='ocrx_word' id='word_1_842' title='bbox 2035 4369 2196 4425; x_wconf 90' lang='lat' dir='ltr'><strong>modo</strong></span> <span class='ocrx_word' id='word_1_843' title='bbox 2225 4371 2370 4424; x_wconf 90' lang='lat' dir='ltr'><strong>enim</strong></span> <span class='ocrx_word' id='word_1_844' title='bbox 2400 4369 2620 4424; x_wconf 88' lang='lat' dir='ltr'><strong>coluber</strong></span> <span class='ocrx_word' id='word_1_845' title='bbox 2657 4383 2765 4422; x_wconf 90' lang='lat' dir='ltr'><strong>non</strong></span> <span class='ocrx_word' id='word_1_846' title='bbox 2791 4369 2988 4438; x_wconf 86' lang='lat' dir='ltr'><strong>apertis</strong></span> <span class='ocrx_word' id='word_1_847' title='bbox 3016 4368 3258 4436; x_wconf 90' lang='lat' dir='ltr'><strong>passibus</strong></span> <span class='ocrx_word' id='word_1_848' title='bbox 3277 4409 3292 4433; x_wconf 94' lang='lat'><strong>,</strong></span> <span class='ocrx_word' id='word_1_849' title='bbox 3339 4366 3433 4422; x_wconf 90' lang='lat' dir='ltr'><strong>sed</strong></span> <span class='ocrx_word' id='word_1_850' title='bbox 3461 4381 3625 4437; x_wconf 86' lang='lat' dir='ltr'><strong>squa-</strong></span> 
     </span>
    </p>
   </div>
   <div class='ocr_carea' id='block_1_106' title="bbox 2035 4458 3628 4530">
    <p class='ocr_par' dir='ltr' id='par_1_106' title="bbox 2035 4458 3628 4530">
     <span class='ocr_line' id='line_1_106' title="bbox 2035 4458 3628 4530; baseline -0.001 -14"><span class='ocrx_word' id='word_1_851' title='bbox 2035 4477 2242 4517; x_wconf 90' lang='lat' dir='ltr'><strong>marum</strong></span> <span class='ocrx_word' id='word_1_852' title='bbox 2271 4461 2640 4516; x_wconf 88' lang='lat' dir='ltr'><strong>minutissimis</strong></span> <span class='ocrx_word' id='word_1_853' title='bbox 2670 4461 2873 4515; x_wconf 88' lang='lat' dir='ltr'><strong>nisibus</strong></span> <span class='ocrx_word' id='word_1_854' title='bbox 2899 4461 3068 4530; x_wconf 91' lang='lat' dir='ltr'><strong>repit;</strong></span> <span class='ocrx_word' id='word_1_855' title='bbox 3113 4460 3189 4514; x_wconf 89' lang='lat' dir='ltr'><strong>sic</strong></span> <span class='ocrx_word' id='word_1_856' title='bbox 3218 4459 3452 4514; x_wconf 87' lang='lat' dir='ltr'><strong>lubricus</strong></span> <span class='ocrx_word' id='word_1_857' title='bbox 3496 4458 3628 4514; x_wconf 83' lang='lat' dir='ltr'><strong>deli-</strong></span> 
     </span>
    </p>
   </div>
   <div class='ocr_carea' id='block_1_107' title="bbox 2035 4551 3626 4622">
    <p class='ocr_par' dir='ltr' id='par_1_107' title="bbox 2035 4551 3626 4622">
     <span class='ocr_line' id='line_1_107' title="bbox 2035 4551 3626 4622; baseline -0.001 -14"><span class='ocrx_word' id='word_1_858' title='bbox 2035 4551 2210 4608; x_wconf 90' lang='lat' dir='ltr'><strong>ciendi</strong></span> <span class='ocrx_word' id='word_1_859' title='bbox 2236 4559 2410 4606; x_wconf 90' lang='lat' dir='ltr'><strong>motus</strong></span> <span class='ocrx_word' id='word_1_860' title='bbox 2439 4552 2764 4622; x_wconf 81' lang='lat' dir='ltr'><strong>negligentes</strong></span> <span class='ocrx_word' id='word_1_861' title='bbox 2795 4553 3092 4606; x_wconf 90' lang='lat' dir='ltr'><strong>minutatim</strong></span> <span class='ocrx_word' id='word_1_862' title='bbox 3121 4560 3376 4621; x_wconf 88' lang='lat' dir='ltr'><strong>occupat,</strong></span> <span class='ocrx_word' id='word_1_863' title='bbox 3409 4561 3463 4607; x_wconf 91' lang='lat' dir='ltr'><strong>et</strong></span> <span class='ocrx_word' id='word_1_864' title='bbox 3489 4552 3626 4607; x_wconf 87' lang='lat' dir='ltr'><strong>inci-</strong></span> 
     </span>
    </p>
   </div>
   <div class='ocr_carea' id='block_1_108' title="bbox 2034 4645 3628 4717">
    <p class='ocr_par' dir='ltr' id='par_1_108' title="bbox 2034 4645 3628 4717">
     <span class='ocr_line' id='line_1_108' title="bbox 2034 4645 3628 4717; baseline -0.002 -16"><span class='ocrx_word' id='word_1_865' title='bbox 2034 4647 2188 4717; x_wconf 89' lang='lat' dir='ltr'><strong>piens</strong></span> <span class='ocrx_word' id='word_1_866' title='bbox 2211 4661 2240 4700; x_wconf 88' lang='lat' dir='ltr'><strong>a</strong></span> <span class='ocrx_word' id='word_1_867' title='bbox 2270 4660 2520 4716; x_wconf 86' lang='lat' dir='ltr'><strong>perverso</strong></span> <span class='ocrx_word' id='word_1_868' title='bbox 2549 4645 2780 4714; x_wconf 88' lang='lat' dir='ltr'><strong>appetitu</strong></span> <span class='ocrx_word' id='word_1_869' title='bbox 2819 4645 3178 4700; x_wconf 90' lang='lat' dir='ltr'><strong>similitudinis</strong></span> <span class='ocrx_word' id='word_1_870' title='bbox 3205 4645 3337 4710; x_wconf 89' lang='lat' dir='ltr'><strong>Dei,</strong></span> <span class='ocrx_word' id='word_1_871' title='bbox 3388 4646 3628 4713; x_wconf 83' lang='lat' dir='ltr'><strong>pervenit</strong></span> 
     </span>
    </p>
   </div>
   <div class='ocr_carea' id='block_1_109' title="bbox 2034 4736 3627 4808">
    <p class='ocr_par' dir='ltr' id='par_1_109' title="bbox 2034 4736 3627 4808">
     <span class='ocr_line' id='line_1_109' title="bbox 2034 4736 3627 4808; baseline -0.001 -14"><span class='ocrx_word' id='word_1_872' title='bbox 2034 4740 2101 4795; x_wconf 89' lang='lat' dir='ltr'><strong>ad</strong></span> <span class='ocrx_word' id='word_1_873' title='bbox 2131 4739 2528 4794; x_wconf 89' lang='lat' dir='ltr'><strong>similitudinem</strong></span> <span class='ocrx_word' id='word_1_874' title='bbox 2557 4753 2830 4808; x_wconf 89' lang='lat' dir='ltr'><strong>pecorum.</strong></span> <span class='ocrx_word' id='word_1_875' title='bbox 2854 4737 2980 4793; x_wconf 87' lang='lat' dir='ltr'><strong>Inde</strong></span> <span class='ocrx_word' id='word_1_876' title='bbox 2999 4745 3082 4792; x_wconf 91' lang='lat' dir='ltr'><strong>est</strong></span> <span class='ocrx_word' id='word_1_877' title='bbox 3108 4737 3247 4807; x_wconf 91' lang='lat' dir='ltr'><strong>quod</strong></span> <span class='ocrx_word' id='word_1_878' title='bbox 3279 4737 3456 4790; x_wconf 91' lang='lat' dir='ltr'><strong>nudati</strong></span> <span class='ocrx_word' id='word_1_879' title='bbox 3491 4736 3627 4792; x_wconf 90' lang='lat' dir='ltr'><strong>stola</strong></span> 
     </span>
    </p>
   </div>
   <div class='ocr_carea' id='block_1_110' title="bbox 2036 4825 3621 4903">
    <p class='ocr_par' dir='ltr' id='par_1_110' title="bbox 2036 4825 3621 4903">
     <span class='ocr_line' id='line_1_110' title="bbox 2036 4825 3621 4903; baseline -0.003 -15"><span class='ocrx_word' id='word_1_880' title='bbox 2036 4831 2483 4903; x_wconf 86' lang='lat' dir='ltr'><strong>prima,pelliceas</strong></span> <span class='ocrx_word' id='word_1_881' title='bbox 2493 4832 2697 4886; x_wconf 92' lang='lat' dir='ltr'><strong>tunicas</strong></span> <span class='ocrx_word' id='word_1_882' title='bbox 2710 4831 3366 4886; x_wconf 87' lang='lat' dir='ltr'><strong>mortalitate-meruerunt.</strong></span> <span class='ocrx_word' id='word_1_883' title='bbox 3376 4825 3529 4896; x_wconf 84' lang='lat' dir='ltr'><strong>(Gen.</strong></span> <span class='ocrx_word' id='word_1_884' title='bbox 3545 4843 3621 4894; x_wconf 88' lang='grc' dir='ltr'>ιιι,</span> 
     </span>
    </p>
   </div>
   <div class='ocr_carea' id='block_1_111' title="bbox 2035 4919 3625 4994">
    <p class='ocr_par' dir='ltr' id='par_1_111' title="bbox 2035 4919 3625 4994">
     <span class='ocr_line' id='line_1_111' title="bbox 2035 4919 3625 4994; baseline -0.003 -16"><span class='ocrx_word' id='word_1_885' title='bbox 2035 4924 2155 4994; x_wconf 73' lang='grc'><strong>21).</strong></span> <span class='ocrx_word' id='word_1_886' title='bbox 2179 4925 2364 4979; x_wconf 83' lang='lat' dir='ltr'><strong>Honor</strong></span> <span class='ocrx_word' id='word_1_887' title='bbox 2387 4924 2531 4980; x_wconf 91' lang='lat' dir='ltr'><strong>enim</strong></span> <span class='ocrx_word' id='word_1_888' title='bbox 2557 4923 2789 4979; x_wconf 90' lang='lat' dir='ltr'><strong>hominis</strong></span> <span class='ocrx_word' id='word_1_889' title='bbox 2798 4938 2955 4978; x_wconf 89' lang='lat' dir='ltr'><strong>verus</strong></span> <span class='ocrx_word' id='word_1_890' title='bbox 2975 4931 3057 4977; x_wconf 90' lang='lat' dir='ltr'><strong>est</strong></span> <span class='ocrx_word' id='word_1_891' title='bbox 3075 4922 3249 4991; x_wconf 90' lang='lat' dir='ltr'><strong>imago</strong></span> <span class='ocrx_word' id='word_1_892' title='bbox 3263 4930 3318 4974; x_wconf 92' lang='lat' dir='ltr'><strong>et</strong></span> <span class='ocrx_word' id='word_1_893' title='bbox 3336 4919 3625 4974; x_wconf 82' lang='lat' dir='ltr'><strong>similitudo</strong></span> 
     </span>
    </p>
   </div>
   <div class='ocr_carea' id='block_1_112' title="bbox 2037 5011 3626 5088">
    <p class='ocr_par' dir='ltr' id='par_1_112' title="bbox 2037 5011 3626 5088">
     <span class='ocr_line' id='line_1_112' title="bbox 2037 5011 3626 5088; baseline -0.004 -16"><span class='ocrx_word' id='word_1_894' title='bbox 2037 5017 2152 5084; x_wconf 88' lang='lat' dir='ltr'><strong>Dei,</strong></span> <span class='ocrx_word' id='word_1_895' title='bbox 2176 5032 2294 5088; x_wconf 67' lang='lat' dir='ltr'><strong>quae</strong></span> <span class='ocrx_word' id='word_1_896' title='bbox 2314 5031 2421 5072; x_wconf 90' lang='lat' dir='ltr'><strong>non</strong></span> <span class='ocrx_word' id='word_1_897' title='bbox 2444 5015 2741 5071; x_wconf 90' lang='lat' dir='ltr'><strong>custoditur</strong></span> <span class='ocrx_word' id='word_1_898' title='bbox 2753 5016 2852 5072; x_wconf 89' lang='lat' dir='ltr'><strong>nisi</strong></span> <span class='ocrx_word' id='word_1_899' title='bbox 2877 5014 2942 5069; x_wconf 87' lang='lat' dir='ltr'><strong>ad</strong></span> <span class='ocrx_word' id='word_1_900' title='bbox 2964 5015 3134 5084; x_wconf 90' lang='lat' dir='ltr'><strong>ipsum</strong></span> <span class='ocrx_word' id='word_1_901' title='bbox 3153 5013 3174 5044; x_wconf 83' lang='grc'>³</span> <span class='ocrx_word' id='word_1_902' title='bbox 3192 5027 3223 5066; x_wconf 88' lang='lat' dir='ltr'><strong>a</strong></span> <span class='ocrx_word' id='word_1_903' title='bbox 3241 5027 3348 5082; x_wconf 91' lang='lat' dir='ltr'><strong>quo</strong></span> <span class='ocrx_word' id='word_1_904' title='bbox 3370 5011 3626 5082; x_wconf 86' lang='lat' dir='ltr'><strong>imprimi-</strong></span> 
     </span>
    </p>
   </div>
   <div class='ocr_carea' id='block_1_113' title="bbox 2039 5106 3627 5180">
    <p class='ocr_par' dir='ltr' id='par_1_113' title="bbox 2039 5106 3627 5180">
     <span class='ocr_line' id='line_1_113' title="bbox 2039 5106 3627 5180; baseline -0.003 -15"><span class='ocrx_word' id='word_1_905' title='bbox 2039 5119 2142 5165; x_wconf 89' lang='lat' dir='ltr'><strong>tur.</strong></span> <span class='ocrx_word' id='word_1_906' title='bbox 2164 5109 2336 5165; x_wconf 87' lang='lat' dir='ltr'><strong>Tanto</strong></span> <span class='ocrx_word' id='word_1_907' title='bbox 2355 5113 2524 5180; x_wconf 87' lang='lat' dir='ltr'><strong>magis</strong></span> <span class='ocrx_word' id='word_1_908' title='bbox 2544 5111 2721 5180; x_wconf 88' lang='lat' dir='ltr'><strong>itaque</strong></span> <span class='ocrx_word' id='word_1_909' title='bbox 2750 5107 3038 5163; x_wconf 68' lang='lat' dir='ltr'><strong>inbueretur</strong></span> <span class='ocrx_word' id='word_1_910' title='bbox 3062 5107 3190 5172; x_wconf 91' lang='lat' dir='ltr'><strong>Deo,</strong></span> <span class='ocrx_word' id='word_1_911' title='bbox 3221 5115 3420 5176; x_wconf 87' lang='lat' dir='ltr'><strong>quanto</strong></span> <span class='ocrx_word' id='word_1_912' title='bbox 3449 5106 3627 5160; x_wconf 73' lang='lat' dir='ltr'><strong>minus</strong></span> 
     </span>
    </p>
   </div>
   <div class='ocr_carea' id='block_1_114' title="bbox 2038 5196 3627 5271">
    <p class='ocr_par' dir='ltr' id='par_1_114' title="bbox 2038 5196 3627 5271">
     <span class='ocr_line' id='line_1_114' title="bbox 2038 5196 3627 5271; baseline -0.003 -15"><span class='ocrx_word' id='word_1_913' title='bbox 2038 5200 2274 5270; x_wconf 88' lang='lat' dir='ltr'><strong>diligitur</strong></span> <span class='ocrx_word' id='word_1_914' title='bbox 2303 5202 2596 5271; x_wconf 90' lang='lat' dir='ltr'><strong>proprium.</strong></span> <span class='ocrx_word' id='word_1_915' title='bbox 2625 5199 2925 5269; x_wconf 89' lang='lat' dir='ltr'><strong>Cupiditate</strong></span> <span class='ocrx_word' id='word_1_916' title='bbox 2949 5211 3080 5253; x_wconf 87' lang='lat' dir='ltr'><strong>vero</strong></span> <span class='ocrx_word' id='word_1_917' title='bbox 3104 5196 3440 5267; x_wconf 84' lang='lat' dir='ltr'><strong>experientiae</strong></span> <span class='ocrx_word' id='word_1_918' title='bbox 3470 5205 3595 5266; x_wconf 89' lang='lat' dir='ltr'><strong>pote</strong></span> <span class='ocrx_word' id='word_1_919' title='bbox 3619 5226 3627 5234; x_wconf 90' lang='lat'><strong>-</strong></span> 
     </span>
    </p>
   </div>
   <div class='ocr_carea' id='block_1_115' title="bbox 2039 5289 3626 5364">
    <p class='ocr_par' dir='ltr' id='par_1_115' title="bbox 2039 5289 3626 5364">
     <span class='ocr_line' id='line_1_115' title="bbox 2039 5289 3626 5364; baseline -0.003 -16"><span class='ocrx_word' id='word_1_920' title='bbox 2039 5293 2191 5348; x_wconf 90' lang='lat' dir='ltr'><strong>statis</strong></span> <span class='ocrx_word' id='word_1_921' title='bbox 2220 5307 2364 5360; x_wconf 82' lang='lat' dir='ltr'><strong>suae,</strong></span> <span class='ocrx_word' id='word_1_922' title='bbox 2399 5291 2630 5364; x_wconf 89' lang='lat' dir='ltr'><strong>quodam</strong></span> <span class='ocrx_word' id='word_1_923' title='bbox 2669 5299 2800 5345; x_wconf 88' lang='lat' dir='ltr'><strong>nutu</strong></span> <span class='ocrx_word' id='word_1_924' title='bbox 2824 5304 2921 5345; x_wconf 91' lang='lat' dir='ltr'><strong>suo</strong></span> <span class='ocrx_word' id='word_1_925' title='bbox 2945 5289 3013 5344; x_wconf 89' lang='lat' dir='ltr'><strong>ad</strong></span> <span class='ocrx_word' id='word_1_926' title='bbox 3053 5304 3112 5344; x_wconf 89' lang='lat' dir='ltr'><strong>se</strong></span> <span class='ocrx_word' id='word_1_927' title='bbox 3155 5290 3326 5358; x_wconf 90' lang='lat' dir='ltr'><strong>ipsum</strong></span> <span class='ocrx_word' id='word_1_928' title='bbox 3373 5297 3626 5358; x_wconf 88' lang='lat' dir='ltr'><strong>tanquam</strong></span> 
     </span>
    </p>
   </div>
   <div class='ocr_carea' id='block_1_116' title="bbox 2039 5379 3630 5452">
    <p class='ocr_par' dir='ltr' id='par_1_116' title="bbox 2039 5379 3630 5452">
     <span class='ocr_line' id='line_1_116' title="bbox 2039 5379 3630 5452; baseline 0 -16"><span class='ocrx_word' id='word_1_929' title='bbox 2039 5383 2108 5439; x_wconf 92' lang='lat' dir='ltr'><strong>ad</strong></span> <span class='ocrx_word' id='word_1_930' title='bbox 2153 5384 2385 5438; x_wconf 91' lang='lat' dir='ltr'><strong>medium</strong></span> <span class='ocrx_word' id='word_1_931' title='bbox 2416 5383 2640 5452; x_wconf 90' lang='lat' dir='ltr'><strong>proruit.</strong></span> <span class='ocrx_word' id='word_1_932' title='bbox 2684 5379 2759 5435; x_wconf 89' lang='lat' dir='ltr'><strong>lta</strong></span> <span class='ocrx_word' id='word_1_933' title='bbox 2787 5396 2908 5436; x_wconf 91' lang='lat' dir='ltr'><strong>cum</strong></span> <span class='ocrx_word' id='word_1_934' title='bbox 2945 5381 3059 5435; x_wconf 88' lang='lat' dir='ltr'><strong>vult</strong></span> <span class='ocrx_word' id='word_1_935' title='bbox 3087 5394 3206 5435; x_wconf 88' lang='lat' dir='ltr'><strong>esse</strong></span> <span class='ocrx_word' id='word_1_936' title='bbox 3245 5380 3384 5435; x_wconf 89' lang='lat' dir='ltr'><strong>sicut</strong></span> <span class='ocrx_word' id='word_1_937' title='bbox 3410 5379 3500 5435; x_wconf 89' lang='lat' dir='ltr'><strong>ille</strong></span> <span class='ocrx_word' id='word_1_938' title='bbox 3528 5380 3630 5437; x_wconf 91' lang='lat' dir='ltr'><strong>sub</strong></span> 
     </span>
    </p>
   </div>
   <div class='ocr_carea' id='block_1_117' title="bbox 2104 5489 3631 5557">
    <p class='ocr_par' dir='ltr' id='par_1_117' title="bbox 2104 5489 3631 5557">
     <span class='ocr_line' id='line_1_117' title="bbox 2104 5489 3631 5557; baseline -0.003 -11"><span class='ocrx_word' id='word_1_939' title='bbox 2104 5497 2123 5529; x_wconf 74' lang='grc' dir='ltr'>ί</span> <span class='ocrx_word' id='word_1_940' title='bbox 2154 5503 2230 5546; x_wconf 85' lang='lat' dir='ltr'><strong>Er.</strong></span> <span class='ocrx_word' id='word_1_941' title='bbox 2253 5502 2305 5546; x_wconf 87' lang='lat' dir='ltr'><strong>et</strong></span> <span class='ocrx_word' id='word_1_942' title='bbox 2325 5503 2454 5557; x_wconf 76' lang='lat' dir='ltr'><strong>LQV.,</strong></span> <span class='ocrx_word' id='word_1_943' title='bbox 2484 5499 2534 5543; x_wconf 89' lang='lat' dir='ltr'><strong>ut</strong></span> <span class='ocrx_word' id='word_1_944' title='bbox 2560 5493 2605 5543; x_wconf 88' lang='lat' dir='ltr'><strong>ei</strong></span> <span class='ocrx_word' id='word_1_945' title='bbox 2627 5506 2714 5543; x_wconf 82' lang='lat' dir='ltr'><strong>nec</strong></span> <span class='ocrx_word' id='word_1_946' title='bbox 2738 5492 2952 5544; x_wconf 80' lang='lat' dir='ltr'><strong>divinum</strong></span> <span class='ocrx_word' id='word_1_947' title='bbox 2987 5491 3172 5557; x_wconf 82' lang='lat' dir='ltr'><strong>aliquid</strong></span> <span class='ocrx_word' id='word_1_948' title='bbox 3195 5491 3398 5555; x_wconf 80' lang='lat' dir='ltr'><strong>placeat,</strong></span> <span class='ocrx_word' id='word_1_949' title='bbox 3423 5489 3517 5542; x_wconf 84' lang='lat' dir='ltr'><strong>nisi</strong></span> <span class='ocrx_word' id='word_1_950' title='bbox 3533 5492 3631 5542; x_wconf 79' lang='lat' dir='ltr'><strong>tale</strong></span> 
     </span>
    </p>
   </div>
   <div class='ocr_carea' id='block_1_118' title="bbox 2039 5555 3631 5618">
    <p class='ocr_par' dir='ltr' id='par_1_118' title="bbox 2039 5555 3631 5618">
     <span class='ocr_line' id='line_1_118' title="bbox 2039 5555 3631 5618; baseline -0.004 -8"><span class='ocrx_word' id='word_1_951' title='bbox 2039 5557 2276 5610; x_wconf 80' lang='lat' dir='ltr'><strong>videatur.</strong></span> <span class='ocrx_word' id='word_1_952' title='bbox 2302 5556 2472 5618; x_wconf 69' lang='lat' dir='ltr'><strong>melius</strong></span> <span class='ocrx_word' id='word_1_953' title='bbox 2493 5565 2602 5618; x_wconf 53' lang='lat' dir='ltr'><strong>am.</strong></span> <span class='ocrx_word' id='word_1_954' title='bbox 2631 5563 2682 5618; x_wconf 84' lang='lat' dir='ltr'><strong>et</strong></span> <span class='ocrx_word' id='word_1_955' title='bbox 2724 5564 2832 5618; x_wconf 66' lang='lat' dir='ltr'><strong>ptss.</strong></span> <span class='ocrx_word' id='word_1_956' title='bbox 2856 5557 3034 5618; x_wconf 78' lang='lat' dir='ltr'><strong>verbo,</strong></span> <span class='ocrx_word' id='word_1_957' title='bbox 3063 5555 3268 5618; x_wconf 75' lang='lat' dir='ltr'><strong>placeat,</strong></span> <span class='ocrx_word' id='word_1_958' title='bbox 3293 5562 3555 5618; x_wconf 50' lang='lat' dir='ltr'><strong>extruncto,</strong></span> <span class='ocrx_word' id='word_1_959' title='bbox 3579 5559 3631 5604; x_wconf 83' lang='lat' dir='ltr'><strong>ut</strong></span> 
     </span>
    </p>
   </div>
   <div class='ocr_carea' id='block_1_119' title="bbox 2039 5613 3630 5689">
    <p class='ocr_par' dir='ltr' id='par_1_119' title="bbox 2039 5613 3630 5689">
     <span class='ocr_line' id='line_1_119' title="bbox 2039 5613 3630 5689; baseline -0.004 -18"><span class='ocrx_word' id='word_1_960' title='bbox 2039 5620 2086 5672; x_wconf 89' lang='lat' dir='ltr'><strong>ei</strong></span> <span class='ocrx_word' id='word_1_961' title='bbox 2110 5631 2195 5689; x_wconf 76' lang='lat' dir='ltr'><strong>nec</strong></span> <span class='ocrx_word' id='word_1_962' title='bbox 2219 5617 2432 5689; x_wconf 54' lang='lat' dir='ltr'><strong>clurinum</strong></span> <span class='ocrx_word' id='word_1_963' title='bbox 2455 5614 2659 5689; x_wconf 61' lang='lat' dir='ltr'><strong>aliquid,</strong></span> <span class='ocrx_word' id='word_1_964' title='bbox 2683 5613 2776 5689; x_wconf 71' lang='lat' dir='ltr'><strong>nisi</strong></span> <span class='ocrx_word' id='word_1_965' title='bbox 2798 5615 2892 5689; x_wconf 79' lang='lat' dir='ltr'><strong>tale</strong></span> <span class='ocrx_word' id='word_1_966' title='bbox 2933 5615 3004 5680; x_wconf 89' lang='lat' dir='ltr'><strong>(id</strong></span> <span class='ocrx_word' id='word_1_967' title='bbox 3022 5613 3115 5679; x_wconf 83' lang='lat' dir='ltr'><strong>est,</strong></span> <span class='ocrx_word' id='word_1_968' title='bbox 3144 5617 3237 5667; x_wconf 88' lang='lat' dir='ltr'><strong>nisi</strong></span> <span class='ocrx_word' id='word_1_969' title='bbox 3256 5613 3384 5681; x_wconf 82' lang='lat' dir='ltr'><strong>quod</strong></span> <span class='ocrx_word' id='word_1_970' title='bbox 3413 5617 3518 5678; x_wconf 89' lang='lat' dir='ltr'><strong>ejus</strong></span> <span class='ocrx_word' id='word_1_971' title='bbox 3537 5629 3630 5678; x_wconf 82' lang='lat' dir='ltr'><strong>ge-</strong></span> 
     </span>
    </p>
   </div>
   <div class='ocr_carea' id='block_1_120' title="bbox 2042 5678 2900 5740">
    <p class='ocr_par' dir='ltr' id='par_1_120' title="bbox 2042 5678 2900 5740">
     <span class='ocr_line' id='line_1_120' title="bbox 2042 5678 2900 5740; baseline -0.006 -8"><span class='ocrx_word' id='word_1_972' title='bbox 2042 5683 2176 5732; x_wconf 84' lang='lat' dir='ltr'><strong>neris</strong></span> <span class='ocrx_word' id='word_1_973' title='bbox 2201 5680 2360 5728; x_wconf 86' lang='lat' dir='ltr'><strong>estde</strong></span> <span class='ocrx_word' id='word_1_974' title='bbox 2384 5692 2481 5740; x_wconf 88' lang='lat' dir='ltr'><strong>quo</strong></span> <span class='ocrx_word' id='word_1_975' title='bbox 2504 5678 2641 5740; x_wconf 86' lang='lat' dir='ltr'><strong>dicit)</strong></span> <span class='ocrx_word' id='word_1_976' title='bbox 2666 5678 2900 5740; x_wconf 63' lang='lat' dir='ltr'><strong>videmur.</strong></span> 
     </span>
    </p>
   </div>
   <div class='ocr_carea' id='block_1_121' title="bbox 2104 5737 3629 5802">
    <p class='ocr_par' dir='ltr' id='par_1_121' title="bbox 2104 5737 3629 5802">
     <span class='ocr_line' id='line_1_121' title="bbox 2104 5737 3629 5802; baseline -0.002 -12"><span class='ocrx_word' id='word_1_977' title='bbox 2104 5747 2126 5776; x_wconf 84' lang='grc'><strong><em>²</em></strong></span> <span class='ocrx_word' id='word_1_978' title='bbox 2149 5743 2222 5802; x_wconf 81' lang='lat' dir='ltr'><strong>sic</strong></span> <span class='ocrx_word' id='word_1_979' title='bbox 2244 5749 2344 5788; x_wconf 83' lang='lat' dir='ltr'><strong>Am.</strong></span> <span class='ocrx_word' id='word_1_980' title='bbox 2367 5737 2419 5789; x_wconf 76' lang='lat' dir='ltr'><strong>et</strong></span> <span class='ocrx_word' id='word_1_981' title='bbox 2434 5739 2600 5802; x_wconf 82' lang='lat' dir='ltr'><strong>plures</strong></span> <span class='ocrx_word' id='word_1_982' title='bbox 2624 5737 2732 5802; x_wconf 68' lang='lat' dir='ltr'><strong>Mss,</strong></span> <span class='ocrx_word' id='word_1_983' title='bbox 2756 5738 2842 5789; x_wconf 74' lang='lat' dir='ltr'><strong>Alii</strong></span> <span class='ocrx_word' id='word_1_984' title='bbox 2858 5753 2977 5793; x_wconf 86' lang='lat' dir='ltr'><strong>vero</strong></span> <span class='ocrx_word' id='word_1_985' title='bbox 3002 5753 3115 5794; x_wconf 82' lang='lat' dir='ltr'><strong>cum</strong></span> <span class='ocrx_word' id='word_1_986' title='bbox 3135 5747 3210 5792; x_wconf 79' lang='lat' dir='ltr'><strong>Er.</strong></span> <span class='ocrx_word' id='word_1_987' title='bbox 3237 5746 3292 5792; x_wconf 85' lang='lat' dir='ltr'><strong>et</strong></span> <span class='ocrx_word' id='word_1_988' title='bbox 3311 5746 3438 5801; x_wconf 61' lang='lat' dir='ltr'><strong>hom,</strong></span> <span class='ocrx_word' id='word_1_989' title='bbox 3465 5737 3629 5790; x_wconf 72' lang='lat' dir='ltr'><strong>semel.</strong></span> 
     </span>
    </p>
   </div>
   <div class='ocr_carea' id='block_1_122' title="bbox 2107 5799 2826 5864">
    <p class='ocr_par' dir='ltr' id='par_1_122' title="bbox 2107 5799 2826 5864">
     <span class='ocr_line' id='line_1_122' title="bbox 2107 5799 2826 5864; baseline -0.001 -15"><span class='ocrx_word' id='word_1_990' title='bbox 2107 5805 2128 5836; x_wconf 78' lang='grc'>³</span> <span class='ocrx_word' id='word_1_991' title='bbox 2149 5801 2337 5864; x_wconf 72' lang='lat' dir='ltr'><strong>Aliquot</strong></span> <span class='ocrx_word' id='word_1_992' title='bbox 2357 5799 2485 5861; x_wconf 58' lang='lat' dir='ltr'><strong>Mss,</strong></span> <span class='ocrx_word' id='word_1_993' title='bbox 2504 5799 2598 5850; x_wconf 84' lang='lat' dir='ltr'><strong>nisi</strong></span> <span class='ocrx_word' id='word_1_994' title='bbox 2625 5801 2687 5849; x_wconf 83' lang='lat' dir='ltr'><strong>ab</strong></span> <span class='ocrx_word' id='word_1_995' title='bbox 2709 5799 2826 5864; x_wconf 81' lang='lat' dir='ltr'><strong>ipso.</strong></span> 
     </span>
    </p>
   </div>
   <div class='ocr_carea' id='block_1_123' title="bbox 2107 5863 2859 5928">
    <p class='ocr_par' dir='ltr' id='par_1_123' title="bbox 2107 5863 2859 5928">
     <span class='ocr_line' id='line_1_123' title="bbox 2107 5863 2859 5928; baseline 0 -14"><span class='ocrx_word' id='word_1_996' title='bbox 2107 5863 2180 5928; x_wconf 87' lang='lat' dir='ltr'><strong>(a)</strong></span> <span class='ocrx_word' id='word_1_997' title='bbox 2205 5863 2245 5912; x_wconf 87' lang='grc' dir='ltr'><strong>ιι</strong></span> <span class='ocrx_word' id='word_1_998' title='bbox 2264 5869 2466 5915; x_wconf 74' lang='lat' dir='ltr'><strong>Retract.</strong></span> <span class='ocrx_word' id='word_1_999' title='bbox 2481 5899 2498 5926; x_wconf 61' lang='grc' dir='ltr'><strong>ν</strong></span> <span class='ocrx_word' id='word_1_1000' title='bbox 2514 5876 2618 5928; x_wconf 84' lang='lat' dir='ltr'><strong>cap.</strong></span> <span class='ocrx_word' id='word_1_1001' title='bbox 2643 5863 2794 5925; x_wconf 59' lang='lat' dir='ltr'><strong>15m.</strong></span> <span class='ocrx_word' id='word_1_1002' title='bbox 2811 5865 2859 5914; x_wconf 78' lang='lat'><strong>3.</strong></span> 
     </span>
    </p>
   </div>
  </div>
