4104 6440
403 399 539 457 1007

358 566 359 569 η
401 515 568 580 nullo,
600 516 656 567 et
676 507 743 564 ab
771 506 883 577 ipsa
907 501 988 559 sui
1017 499 1298 557 medietate
1325 493 1604 565 poenaliter
1630 494 1697 548 ad
1726 494 1831 548 ima
1850 506 1977 563 pro-

400 608 615 680 pellitur
633 643 648 670 ,
676 600 730 656 id
751 606 865 664 est,
892 596 959 651 ad
985 609 1046 649 ea
1072 590 1265 662 quibus
1289 602 1482 680 pecora
1510 586 1794 680 laetantur:
1822 592 1981 654 atque

400 678 474 755 ita
494 712 614 754 cum
640 692 711 748 sit
728 690 897 747 honor
926 686 1043 756 ejus
1066 680 1356 739 similitudo
1388 679 1515 746 Dei,
1542 678 1775 734 dedecus
1802 685 1978 732 autem

402 792 519 859 ejus
560 780 847 842 similitudo
888 776 1132 848 pecoris,
1159 774 1307 827 homo
1340 772 1397 825 in
1430 771 1619 824 honore
1660 770 1852 837 positus
1878 782 1980 821 non

400 858 675 942 intellexit;
705 877 1023 942 comparatus
1045 876 1118 921 est
1130 862 1376 935 jumentis
1400 860 1783 933 insipientibus,
1828 868 1875 913 et
1912 858 1981 911 si-

402 972 537 1027 milis
583 974 747 1039 {actus
791 971 862 1017 est
903 962 972 1015 eis
999 959 1018 1031 (
1044 958 1187 1012 Psat.
1236 970 1400 1011 xmu
1427 997 1442 1022 ,
1492 954 1614 1024 l5).
1662 952 1776 1020 Qua
1824 950 1983 1020 igitur

402 1072 511 1118 tam
538 1061 695 1129 longe
720 1053 972 1111 transiret
996 1066 1028 1106 a
1053 1048 1275 1104 summis
1300 1046 1367 1101 ad
1397 1045 1598 1111 intima,
1624 1043 1726 1098 nisi
1748 1058 1843 1112 per
1866 1057 1981 1096 mc-

401 1152 547 1209 dium
577 1147 702 1205 sui?
742 1145 873 1201 Cum
914 1142 1056 1197 enim
1096 1138 1334 1210 neglecta
1374 1134 1635 1190 charitate
1676 1132 1977 1202 sapientiae,

403 1256 524 1312 quae
542 1250 754 1308 semper
776 1232 964 1289 eodem
990 1228 1150 1285 modo
1169 1235 1367 1293 manet,
1391 1222 1780 1293 concupiscitur
1806 1221 1983 1275 scien-

321 1366 335 1386 .
404 1332 479 1388 tia
502 1345 570 1387 ex
596 1325 924 1385 mutabilium
955 1320 1434 1391 temporaliumque
1461 1315 1827 1385 experimento
1851 1354 1866 1381 ,
1896 1314 1982 1367 in-

309 1402 325 1487 }:
406 1427 531 1491 fiat,
580 1437 687 1478 non
733 1418 962 1475 aedificat
1000 1414 1058 1486 (I
1085 1413 1203 1469 Cor.
1248 1427 1374 1479 vut,
1401 1409 1459 1480 1)
1484 1428 1497 1463 :
1523 1410 1595 1463 ita
1623 1415 1983 1479 praegravatus

408 1490 619 1575 animus
655 1512 806 1585 quasi
842 1508 1079 1581 pondere
1120 1520 1216 1561 suo
1243 1520 1273 1559 a
1301 1501 1631 1559 beatitudine
1676 1499 1981 1570 expellitur,

302 1608 318 1684 ᾗ
405 1619 461 1666 et
488 1623 584 1681 per
622 1604 753 1661 illud
779 1617 889 1657 suae
932 1597 1229 1654 medietatis
1258 1594 1679 1665 experimentum
1707 1606 1861 1662 poena
1889 1604 1986 1645 sua

309 1690 322 1767 ἶ
404 1701 591 1765 discit,
618 1696 744 1768 quid
765 1693 974 1750 intersit
1005 1691 1143 1746 inter
1163 1689 1359 1743 bonum
1391 1686 1660 1742 desertum
1683 1684 1986 1753 malumque

404 1792 777 1855 commissum,
810 1801 908 1842 nec
948 1782 1125 1840 redire
1166 1788 1339 1851 potest
1363 1779 1545 1834 effusis
1570 1793 1633 1832 ac
1658 1776 1880 1847 perditis
1910 1775 1988 1829 vi-

404 1885 554 1941 ribus
582 1924 598 1951 ,
649 1880 753 1936 nisi
800 1877 967 1949 gratia
1017 1872 1321 1931 Conditoris
1359 1870 1443 1925 sui
1498 1868 1565 1924 ad
1622 1867 1987 1938 paenitentiam

404 1976 644 2033 vocantis
698 1979 752 2026 et
787 1976 1006 2039 peccata
1051 1962 1315 2019 donantis.
1360 1960 1490 2027 Quis
1537 1961 1679 2014 enim
1720 1957 1986 2013 infelicem

406 2068 637 2123 animam
665 2059 910 2118 liberabit
937 2074 967 2112 a
1015 2070 1239 2125 corpone
1272 2053 1461 2107 mortis
1507 2050 1695 2121 hujus,
1726 2050 1831 2104 nisi
1868 2063 1989 2119 gn.

404 2162 479 2215 tia
504 2158 597 2213 Dei
617 2170 711 2226 per
734 2152 914 2208 Jesum
934 2147 1202 2205 Christum
1228 2145 1511 2200 Dominum
1532 2152 1768 2197 nostrum
1795 2139 1986 2210 (Rom.

405 2269 513 2319 vn,
564 2250 667 2315 24,
713 2244 869 2317 25)?
900 2245 974 2298 De
1012 2257 1113 2313 qua
1159 2239 1326 2311 gratia
1354 2252 1451 2293 suo
1491 2236 1642 2303 loco,
1689 2234 1988 2305 quantum1

405 2346 521 2416 ipse
544 2339 886 2414 praestiterit,
916 2335 1261 2391 disseremus.

478 2431 706 2492 CAPUT
771 2428 887 2486 XII.
934 2455 1004 2467 --
1036 2426 1125 2480 17.
1164 2423 1234 2477 1η
1281 2422 1516 2477 interiore
1570 2419 1766 2473 homine
1825 2415 1991 2488 quod-

409 2530 529 2583 dam
579 2531 824 2580 secretum
873 2517 1185 2589 eonjugium.
1234 2512 1603 2585 Cogitationum
1641 2508 1991 2563 delectationes

407 2616 620 2673 illicita.
659 2612 810 2669 Nunc
858 2609 927 2665 de
972 2607 1062 2662 illa
1108 2611 1257 2675 parte
1298 2601 1519 2657 rationis
1556 2598 1624 2654 ad
1667 2612 1824 2668 quam
1871 2611 1992 2667 per-

408 2710 542 2765 tinet
568 2703 820 2770 scientia,
851 2700 904 2756 id
957 2706 1072 2766 est,
1125 2694 1355 2766 cognitio
1393 2707 1571 2748 rerum
1619 2688 1993 2760 temporalium

408 2811 567 2873 atque
633 2794 967 2854 mutabilium
1030 2787 1283 2845 navandis
1353 2785 1477 2839 vita:
1544 2782 1700 2853 hujus
1767 2781 1991 2836 actioni-

408 2895 509 2950 bus
551 2886 880 2951 necessaria,
929 2888 1228 2951 susceptam
1274 2874 1793 2939 considerationem,
1826 2886 1994 2943 quan-

411 2995 525 3041 tum
554 2980 807 3038 Dominus
835 2976 1083 3045 adjuvat,
1112 2982 1447 3042 peragamus.
1476 2967 1624 3023 Sicut
1648 2967 1790 3022 enim
1821 2966 1873 3020 in
1902 2965 1993 3019 illo

410 3075 692 3134 manifesto
715 3070 959 3141 conjugio
986 3067 1215 3122 duorum
1243 3063 1517 3119 hominum
1542 3060 1635 3131 qui
1674 3060 1834 3131 primi
1866 3058 1989 3113 facti

410 3177 571 3236 sunt,
596 3180 701 3221 non
734 3158 1075 3219 manducavit
1103 3170 1323 3226 serpens
1350 3153 1418 3209 de
1446 3153 1636 3207 arbore
1673 3152 1834 3206 vetita
1853 3190 1869 3218 ,
1898 3149 1995 3206 sed

411 3256 778 3316 tantummodo
803 3248 1228 3309 manducandum
1258 3245 1520 3317 persuasit
1549 3260 1561 3295 :
1591 3242 1782 3298 mulier
1815 3250 1993 3297 autem

408 3367 519 3408 non
564 3345 902 3405 manducavit
940 3342 1052 3397 sola
1075 3381 1091 3407 ,
1137 3338 1232 3394 sed
1262 3337 1375 3391 viro
1404 3348 1503 3390 suo
1545 3333 1725 3401 dedit,
1754 3341 1807 3387 et
1834 3332 1995 3388 simul

416 3444 870 3498 manducaverunt
895 3451 910 3503 ;
946 3432 1187 3504 quamvis
1212 3443 1333 3485 cum
1361 3436 1608 3498 serpente
1635 3425 1749 3481 sola
1778 3425 1953 3480 locuta
1974 3464 1991 3493 ,

412 3543 467 3590 et
491 3533 559 3588 ab
587 3547 653 3589 eo
689 3530 801 3587 sola
840 3526 1057 3583 seducta
1082 3523 1151 3579 sit
1186 3520 1441 3594 (Gemit:
1465 3561 1480 3587 ,
1513 3518 1654 3589 1-6)
1683 3537 1694 3572 :
1730 3518 1801 3572 ita
1844 3524 1898 3572 et
1939 3517 1995 3572 in

410 3612 517 3682 hoc.
537 3624 679 3694 quod
702 3622 864 3679 etiam
885 3620 937 3674 in
968 3617 1183 3673 homine
1207 3629 1313 3668 uno
1337 3612 1539 3683 geritur
1564 3620 1617 3666 et
1644 3610 1990 3679 dignoscitur,

403 3712 611 3770 occulto
638 3709 869 3782 quodam
909 3712 1222 3773 secretoque
1248 3699 1497 3771 coniugio
1523 3698 1774 3761 carnalis,
1804 3700 1911 3766 vel,
1939 3703 1998 3750 ut

401 3808 477 3864 ita
501 3806 675 3861 dicam
697 3844 713 3869 ,
742 3801 833 3872 qui
859 3799 914 3854 in
937 3795 1177 3869 corporis
1195 3807 1388 3850 sensus
1413 3790 1705 3847 intenditur
1724 3832 1738 3857 ,
1768 3802 1996 3844 sensua-

401 3902 471 3959 lis
497 3900 691 3955 animae
718 3902 896 3950 motus
916 3932 931 3956 .
959 3891 1049 3963 qui
1093 3889 1247 3944 nobis
1274 3885 1660 3958 pecoribusque
1699 3880 1997 3938 communis

404 4002 525 4060 est,
553 3988 795 4045 seclusus
820 3994 902 4040 est
944 3998 976 4037 a
1015 3982 1221 4037 ratione
1268 3979 1561 4050 sapientiae.
1607 3974 1999 4044 Sensu'quippe

406 4080 652 4152 corporis
688 4075 986 4148 corporalia
1026 4073 1326 4129 sentiuntur
1356 4086 1371 4121 :
1403 4078 1601 4124 aeterna
1639 4080 1769 4122 vero
1812 4073 1867 4120 et
1914 4065 2000 4119 in-

407 4170 807 4231 commutabilia
830 4165 1127 4239 spiritualia
1150 4163 1357 4218 ratione
1382 4159 1661 4229 sapientiae
1689 4157 1999 4226 intelligun-

405 4278 516 4325 tur.
560 4264 775 4322 Rationi
827 4268 1004 4316 autem
1050 4256 1286 4313 scientiae
1320 4254 1586 4324 appetitus
1628 4250 1832 4305 vicinus
1872 4256 1997 4305 est:

406 4354 835 4432 quandoquidem
860 4352 929 4408 de
970 4350 1097 4420 ipsis
1131 4345 1498 4417 corporalibus
1522 4359 1643 4432 quae
1679 4356 1841 4397 sensu
1882 4354 2002 4395 cor-

406 4453 557 4524 poris
578 4450 911 4513 sentiuntur,
942 4442 1291 4499 ratiocinatur
1309 4453 1370 4495 ea
1397 4452 1517 4508 quae
1543 4434 1764 4492 scientia
1808 4433 2001 4488 dicitur

408 4542 667 4607 actionis;
697 4541 743 4594 si
778 4538 949 4603 bene,
979 4543 1039 4589 ut
1065 4548 1182 4589 eam
1227 4530 1470 4586 notitiam
1514 4528 1712 4583 referat
1737 4526 1803 4579 ad
1838 4526 1999 4579 finem

408 4633 604 4693 summi
641 4630 802 4695 boni;
835 4629 881 4683 si
907 4633 1086 4681 autem
1117 4623 1255 4678 male
1280 4663 1294 4687 ,
1322 4629 1381 4675 ut
1408 4620 1486 4675 eis
1513 4618 1718 4671 fruatur
1749 4624 2001 4685 tauquam

407 4728 564 4785 bonis
590 4723 784 4780 talibus
809 4721 861 4775 in
889 4717 1079 4789 quibus
1106 4716 1235 4769 falsa
1259 4710 1590 4767 beatitudine
1633 4706 2000 4778 conquiescat.

410 4819 541 4877 Cum
577 4814 704 4886 ergo
732 4814 857 4869 huic
884 4807 1165 4866 intentioni
1192 4803 1417 4869 mentis,
1450 4816 1570 4872 qua:
1591 4801 1646 4853 in
1670 4798 1838 4853 rebus
1865 4804 2004 4850 tem-

409 4910 683 4984 poralibus
703 4916 757 4961 et
783 4901 1146 4974 corporalibus
1174 4905 1390 4966 propter
1410 4892 1635 4984 actionis
1659 4889 1893 4944 officium
1921 4902 2008 4984 ra:

412 4978 707 5059 tiocinandi
729 4995 1009 5052 vivacitate
1034 4999 1299 5053 versatur,
1332 4983 1559 5040 carnalis
1585 4982 1672 5036 ille
1703 4996 1894 5035 sensus
1920 4978 2006 5034 vel

414 5091 662 5149 animalis
692 5088 885 5159 ingerit
912 5081 1194 5155 quamdam
1236 5074 1542 5132 illecebram
1574 5070 1782 5127 fruendi
1816 5085 1876 5125 se
1896 5111 1929 5159 ,7
1955 5066 2008 5123 id

415 5196 500 5243 est
537 5158 789 5252 tanquam
834 5179 975 5233 bono
1000 5172 1227 5244 quodam
1258 5168 1464 5238 privato
1510 5174 1564 5220 et
1604 5162 1854 5233 proprio,
1902 5158 2008 5213 rion

415 5287 673 5348 tanquam
702 5270 915 5344 publico
943 5276 1103 5337 atque
1123 5262 1391 5319 communi
1420 5257 1562 5329 quod
1594 5264 1676 5311 est
1714 5256 2013 5348 incommuo

415 5345 583 5428 tabile
601 5368 798 5423 bonum
815 5405 831 5431 ,
853 5371 979 5418 tunc
1002 5359 1149 5415 velut
1172 5368 1393 5425 serpens
1418 5350 1705 5421 alloquitur
1735 5345 2011 5401 feminam.

414 5462 552 5519 Huic
579 5466 757 5513 autem
796 5453 1061 5511 illecebrae
1110 5446 1414 5506 consentire
1449 5486 1465 5513 ,
1491 5445 1559 5499 de
1585 5443 1727 5513 ligno
1751 5437 2016 5510 prohibito

416 5548 741 5608 manducare
759 5554 859 5602 est.
889 5543 995 5601 Sed
1022 5542 1123 5597 iste
1145 5550 1438 5595 consensus
1466 5534 1509 5591 si
1538 5533 1652 5589 sola
1678 5527 2017 5601 cogitationis

416 5642 776 5703 delectatione
802 5645 1085 5697 contentus
1108 5642 1222 5700 est,
1273 5627 1564 5701 superioris
1611 5640 1737 5682 vero
1782 5620 2017 5677 auctori-

420 5747 529 5795 tate
553 5733 763 5794 consilii
786 5732 858 5789 ita
887 5729 1126 5789 membra
1149 5724 1449 5781 retinentur
1468 5764 1482 5789 ,
1508 5728 1569 5776 ut
1586 5732 1695 5776 non
1721 5714 2017 5775 exhibean-

486 5895 509 5931 θ
532 5893 756 5958 Plerique
777 5898 885 5942 Mss.
914 5894 968 5941 et
990 5884 1140 5939 editio
1161 5888 1284 5945 Am.,
1308 5877 1514 5945 quando.
1836 5876 1837 5879 ‘
1942 5858 1960 5889 ’

1511 380 1600 437 DE
1640 373 2028 446 TRINITATE,
2064 375 2124 432 S.
2163 370 2534 433 AUGUSTINI

3531 374 3673 433 1008

2089 518 2178 567 tur
2204 510 2496 582 iniquitatis
2524 524 2673 565 arma
2710 514 2930 580 peccato
2954 506 3141 583 (Rom.
3172 522 3258 577 vr,
3290 508 3430 581 l3);
3461 509 3540 565 sic
3575 510 3675 566 ba-

2087 603 2318 659 bendum
2334 604 2581 659 existimo
2596 604 2738 659 velut
2752 602 2927 658 cibum
2944 602 3165 658 vetitum
3185 602 3378 658 mulier
3392 603 3503 658 sola
3518 617 3672 658 com-

2088 695 2278 750 ederit.
2306 694 2362 751 Si
2390 704 2567 751 autem
2611 694 2666 749 in
2710 693 3255 750 consensione‘male
3301 692 3484 749 utendi
3513 694 3679 748 rebus

2090 800 2211 855 quae
2240 800 2333 855 per
2370 801 2586 842 sensum
2612 786 2851 858 corporis
2881 787 3183 842 sentiuntur
3206 825 3222 852 ,
3254 785 3327 842 ita
3369 785 3681 842 decernitur

2088 878 2457 949 quodcumque
2482 888 2761 950 peccatum
2777 920 2793 944 ,
2821 887 2879 933 ut
2902 879 2946 933 si
2975 886 3214 949 potestas
3232 878 3339 945 sit,
3368 879 3528 933 etiam
3553 892 3679 933 cor-

2090 985 2220 1040 pore
2246 972 2612 1042 compleatur;
2642 970 2983 1042 intelligenda
3011 980 3093 1028 est
3122 971 3211 1026 illa
3241 970 3437 1027 mulier
3464 970 3683 1026 dedisse

2088 1062 2205 1117 viro
2227 1077 2325 1132 suo
2342 1078 2524 1118 secum
2541 1063 2698 1118 simul
2723 1061 2987 1118 edendum
3014 1062 3256 1117 illicitum
3277 1062 3476 1118 cibum.
3496 1062 3683 1133 Neque

2089 1151 2231 1206 enim
2276 1161 2449 1222 potest
2477 1162 2753 1224 peccatum
2792 1167 2899 1208 non
2929 1152 3099 1209 solum
3128 1152 3469 1223 cogitandum
3499 1154 3684 1208 suavi-

2089 1249 2189 1308 ter,
2219 1258 2405 1298 verum
2434 1245 2595 1300 etiam
2619 1244 2908 1300 efficaciter
2937 1244 3353 1317 perpetrandum
3378 1256 3559 1301 mente
3587 1245 3687 1301 de:

2090 1333 2259 1399 cerni,
2285 1333 2389 1389 nisi
2413 1342 2468 1390 et
2486 1335 2573 1389 illa
2595 1338 2791 1391 mentis
2811 1336 3069 1402 intentio,
3099 1352 3263 1407 penes
3287 1352 3446 1407 quam
3472 1350 3683 1391 summa

2093 1432 2328 1494 potestas
2365 1435 2448 1481 est
2474 1427 2714 1483 membra
2740 1428 2793 1482 in
2820 1442 2954 1497 opus
2980 1428 3268 1496 movendi,
3298 1429 3382 1485 vel
3413 1429 3481 1484 ab
3517 1444 3686 1499 opere

2091 1517 2374 1573 oohibendi
2395 1560 2411 1587 ,
2438 1520 2592 1576 malas
2618 1522 2816 1577 actioni
2843 1522 2999 1578 cedat
3026 1531 3083 1578 et
3106 1522 3324 1579 serviat.

2163 1609 2252 1665 18.
2291 1610 2402 1668 Νεε
2423 1626 2588 1683 sane,
2620 1629 2743 1670 cum
2769 1616 2883 1671 sola
2906 1617 3231 1687 cogitatione
3258 1631 3413 1673 mens
3441 1617 3688 1673 oblecta-

2093 1710 2179 1759 tur
2198 1703 2396 1763 illicitis
2414 1747 2429 1773 ,
2460 1723 2567 1763 non
2593 1710 2807 1780 quidem
2829 1710 3122 1766 decernens
3150 1726 3271 1767 esse
3291 1710 3531 1767 facienda
3554 1754 3570 1779 ,
3604 1721 3689 1769 te-

2092 1812 2227 1854 nens
2258 1807 2435 1856 tamen
2462 1805 2527 1857 'et
2552 1804 2771 1858 volvens
2797 1804 3023 1859 libenter
3049 1820 3168 1875 quae
3205 1804 3384 1859 statim
3416 1814 3473 1860 ut
3497 1806 3691 1877 attige-

2093 1899 2218 1944 runt
2256 1890 2493 1946 animum
2532 1894 2710 1963 respui
2752 1892 3085 1962 debuerunt,
3116 1894 3418 1966 negandum
3448 1904 3533 1951 est
3558 1910 3686 1952 esse

2094 1990 2389 2050 peccatum,
2409 1983 2503 2039 sed
2520 1984 2673 2055 longe
2700 1985 2877 2040 minus
2903 2002 3063 2056 quam
3089 1987 3134 2041 si
3158 1996 3213 2043 et
3236 2003 3401 2058 opere
3422 1995 3692 2045 statuatur

2095 2071 2444 2142 implendum.
2476 2076 2544 2130 Et
2562 2075 2685 2132 ideo
2711 2076 2778 2134 de
2808 2078 3004 2133 talibus
3030 2094 3243 2149 quoque
3272 2081 3692 2150 cogitationibus

2094 2163 2248 2217 venia
2291 2165 2519 2234 petenda
2548 2173 2664 2234 est,
2710 2179 3003 2239 pectusque
3036 2169 3478 2240 percutiendum,
3527 2179 3693 2242 atque

2102 2251 2387 2308 dicendum
2409 2295 2423 2321 ,
2450 2255 2658 2311 Dimitte
2678 2258 2821 2312 nobis
2848 2258 3015 2313 debita
3040 2270 3213 2315 nostra
3238 2275 3257 2315 :
3284 2260 3694 2333 faciendumque

2096 2344 2237 2413 quod
2264 2345 2538 2418 sequitur,
2591 2355 2749 2418 atque
2794 2349 2851 2404 in
2879 2350 3122 2406 oratione
3148 2351 3514 2423 jungendum,
3560 2354 3694 2408 sicut

2096 2444 2143 2490 et
2188 2453 2279 2491 nos
2306 2438 2602 2494 dimittimus
2630 2439 2933 2496 debitoribus
2961 2443 3145 2498 nostris
3175 2442 3403 2514 (Matth.
3433 2459 3486 2499 vt
3510 2486 3525 2510 ,
3559 2444 3688 2515 12).

2095 2527 2279 2601 Neque
2304 2531 2449 2587 enim
2486 2532 2624 2589 sicut
2669 2533 2723 2588 in
2768 2534 2874 2590 illis
2902 2534 3110 2592 duobus
3161 2536 3347 2606 primis
3385 2535 3695 2592 hominibus

2097 2635 2380 2691 personam
2405 2638 2557 2679 suam
2586 2626 2811 2697 quisque
2837 2628 3103 2697 portabat.
3134 2637 3189 2685 et
3208 2629 3329 2686 ideo
3356 2630 3403 2686 si
3430 2633 3543 2686 sola
3571 2646 3696 2686 mu—

2098 2711 2196 2767 lier
2218 2712 2397 2768 cibum
2424 2714 2624 2771 edisset
2668 2715 2907 2773 illicitum
2930 2758 2946 2783 ,
2980 2719 3095 2775 sola
3136 2720 3319 2791 utique
3348 2724 3537 2776 mortis
3566 2735 3698 2792 sup-

2098 2802 2258 2873 plicio
2299 2805 2662 2875 plecteretur;
2714 2807 2789 2863 ita
2835 2808 2940 2865 dici
2982 2819 3163 2881 potest
3211 2811 3266 2867 in
3303 2811 3519 2869 homine
3561 2829 3691 2880 uno,

2099 2895 2145 2948 si
2170 2896 2613 2955 delectationibus
2641 2898 2862 2971 illicitis,
2891 2916 2921 2955 a
2947 2903 3141 2972 quibus
3170 2918 3229 2960 se
3254 2905 3508 2961 continuo
3530 2905 3700 2962 debe-

2098 3000 2183 3046 ret
2227 3001 2476 3049 avertere
2519 2995 2776 3065 cogitatio
2799 3038 2815 3063 ,
2845 2996 3074 3053 libenter
3120 2998 3234 3053 sola
3276 3008 3523 3069 pascatur
3545 3043 3560 3068 ,
3594 3015 3700 3058 nec

2100 3082 2344 3142 facienda
2368 3086 2725 3143 decernantur
2761 3089 2900 3144 mala
2923 3131 2938 3155 ,
2986 3090 3080 3146 sed
3118 3098 3325 3146 tantum
3353 3094 3594 3150 suaviter
3639 3094 3697 3150 in

2099 3177 2471 3233 recordatione
2513 3186 2795 3235 teneantur
2819 3221 2833 3246 ,
2886 3181 3039 3251 quasi
3086 3183 3367 3239 mulierem
3411 3183 3531 3239 sine
3570 3185 3687 3240 viro

2106 3283 2264 3338 posse
2292 3269 2535 3325 damnari
2564 3289 2578 3325 :
2605 3270 2747 3326 absit
2781 3271 2883 3327 hoc
2925 3272 3165 3329 credere.
3202 3274 3327 3330 Haec
3368 3275 3563 3346 quippe
3592 3290 3700 3332 una

2098 3376 2331 3432 persona
2376 3372 2491 3429 est,
2522 3378 2661 3418 unus
2687 3362 2850 3419 homo
2873 3372 2984 3430 est,
3032 3373 3281 3437 totusque
3324 3366 3699 3437 damnabitur,

2100 3454 2200 3508 nisi
2231 3453 2346 3509 haec
2373 3469 2493 3523 quae
2515 3454 2633 3510 sine
2651 3455 2924 3512 voluntate
2948 3457 3205 3527 operandi
3224 3500 3239 3524 ,
3266 3458 3361 3515 sed
3379 3467 3554 3515 tamen
3574 3476 3702 3517 cum

2099 3544 2373 3599 voluntate
2415 3545 2651 3600 animum
2679 3546 2871 3601 talibus
2912 3547 3252 3614 oblectandi,
3284 3550 3450 3607 solius
3496 3554 3701 3623 cogita-

2101 3636 2261 3691 tionis
2290 3636 2592 3691 sentiuntur
2618 3651 2739 3693 esse
2766 3647 2983 3709 peccata
3007 3655 3105 3709 per
3134 3639 3443 3697 Mediatoris
3466 3643 3699 3710 gratiam

2103 3723 2465 3778 remittantur.

2108 3823 2129 3847 λ’
2178 3815 2267 3871 19.
2298 3816 2425 3871 Haec
2453 3815 2632 3886 itaque
2651 3814 2940 3886 disputatio
2959 3828 3063 3885 qua
3083 3812 3137 3868 in
3162 3821 3343 3869 mente
3361 3813 3707 3884 uniuscujus-

2105 3924 2209 3981 que
2254 3908 2486 3965 hominis
2517 3908 2863 3978 quaesivimus
2901 3906 3167 3979 quoddam
3218 3907 3481 3963 rationale
3519 3907 3710 3977 conju-

2104 4002 2251 4072 gium
2290 4000 2757 4071 contemplationis
2794 4008 2847 4055 et
2889 3999 3114 4055 actionis
3138 4041 3153 4067 ,
3185 3998 3376 4054 officiis
3422 4012 3519 4068 per
3559 4012 3713 4067 quae-

2106 4096 2229 4151 dam
2279 4096 2483 4167 singula
2531 4094 2861 4160 distributis,
2910 4102 3089 4148 tamen
3135 4094 3187 4147 in
3234 4100 3460 4161 utroque
3506 4090 3708 4145 mentis

2107 4188 2310 4243 unitate
2351 4196 2593 4251 servata,
2631 4185 2776 4241 salva
2802 4185 2943 4239 illius
2973 4184 3212 4239 veritatis
3252 4182 3509 4248 historia,
3543 4197 3709 4251 quam

2108 4280 2175 4336 de
2217 4279 2426 4335 duobus
2471 4278 2658 4349 primis
2705 4276 3048 4343 hominibus,
3077 4276 3194 4330 viro
3240 4274 3441 4329 scilicet
3480 4273 3711 4343 ejusque

2108 4372 2352 4438 muliere,
2382 4371 2450 4426 de
2479 4370 2669 4441 quibus
2700 4378 3045 4440 propagatum
3074 4376 3158 4422 est
3186 4381 3353 4437 genus
3390 4365 3710 4429 humanum,

2111 4463 2289 4519 divina
2312 4462 2470 4517 tradit
2489 4460 2795 4524 auctoritas,
2826 4458 2891 4513 ad
2914 4458 3017 4513 hoc
3042 4455 3415 4512 tantummodo
3440 4453 3713 4509 audienda

2112 4564 2194 4611 est
2220 4598 2235 4623 ,
2269 4563 2326 4609 ut
2351 4553 2673 4623 intelligatur
2693 4550 2979 4621 Apostolus
3009 4548 3295 4619 imaginem
3326 4546 3424 4601 Dei
3449 4546 3566 4601 viro
3589 4555 3714 4600 tan-

2112 4656 2224 4703 tum
2253 4645 2535 4702 tribuendo
2555 4687 2569 4709 ,
2616 4660 2725 4699 non
2758 4643 2921 4698 etiam
2952 4641 3163 4696 femina:
3184 4683 3198 4705 ,
3230 4640 3473 4710 quamvis
3518 4640 3573 4694 in
3623 4638 3713 4693 di-

2112 4756 2270 4795 verso
2298 4755 2430 4794 sexu
2471 4738 2697 4793 duorum
2726 4734 3035 4798 hominum,
3064 4732 3262 4803 aliquid
3292 4742 3471 4785 tamen
3503 4730 3715 4800 signiﬁ-

2113 4850 2236 4892 care
2262 4835 2496 4889 voluisse
2524 4832 2663 4902 quod
2691 4832 2741 4886 in
2773 4846 2880 4886 uno
2909 4830 3127 4884 homine
3153 4837 3507 4898 quaereretur.

2187 4927 2411 4984 CAPUT
2441 4924 2579 4980 XIII.
2601 4954 2672 4965 ——
2689 4924 2780 4979 20.
2808 4923 2995 4993 Opinio
3022 4938 3197 4976 eorum
3221 4920 3308 4989 qui
3338 4920 3447 4973 viro
3474 4925 3714 4981 mentem,

2117 5022 2324 5078 muliere
2349 5036 2553 5075 sensum
2585 5018 2810 5090 corporis
2842 5014 3124 5088 significari
3164 5022 3450 5069 senserunt.
3480 5010 3589 5065 Nec
3627 5022 3719 5062 me

2118 5114 2283 5185 fugit,
2312 5111 2568 5181 quosdam
2598 5112 2687 5180 qui
2717 5109 2932 5165 fuerunt
2959 5115 3083 5161 ante
3112 5121 3210 5161 nos
3239 5103 3434 5175 egregii
3468 5100 3722 5155 defenso-

2118 5223 2207 5263 res
2231 5206 2509 5261 catholica:
2533 5203 2655 5258 fidei
2680 5210 2735 5259 et
2776 5200 2938 5256 divini
2966 5197 3166 5267 eloquii
3213 5203 3532 5251 tractatores
3552 5234 3566 5255 ,
3593 5206 3719 5246 cum

2119 5301 2176 5356 in
2222 5298 2439 5354 homine
2492 5310 2631 5363 uno,
2686 5292 2838 5364 cujus
2884 5290 3187 5345 universam
3238 5287 3471 5342 animam
3522 5283 3719 5338 bonam

2120 5390 2404 5467 quemdam
2428 5386 2733 5459 paradisum
2759 5398 2879 5440 esse
2919 5389 3243 5445 senserunt,
3272 5377 3380 5433 duo
3407 5377 3506 5430 ista
3533 5372 3721 5442 requi-

2122 5490 2304 5540 rerent
2324 5522 2340 5549 ,
2371 5480 2545 5535 virum
2574 5483 2809 5534 mentem
2828 5516 2844 5542 ,
2875 5473 3155 5529 mulierem
3186 5484 3315 5524 vero
3354 5467 3555 5522 dixisse
3598 5477 3721 5518 cor-

2124 5578 2270 5650 poris
2293 5590 2531 5633 sensum.
2563 5571 2631 5627 Et
2655 5568 2948 5626 secundum
2975 5566 3115 5621 hanc
3142 5559 3572 5650 distributionem
3612 5567 3720 5650 qua

2124 5644 2208 5727 vir
2231 5667 2445 5741 ponitur
2471 5677 2624 5721 mens
2642 5702 2657 5731 ,
2708 5672 2900 5718 sensus
2925 5672 3055 5714 vero
3093 5652 3337 5727 corporis
3361 5649 3557 5708 mulier
3573 5688 3590 5716 ,
3632 5644 3719 5701 vi-

3546 5784 3570 5811 ἰ

2198 5866 2217 5901 ι
2238 5864 2387 5917 Editio
2408 5869 2540 5924 Lov.,
2560 5859 2613 5911 in
2632 5859 2985 5910 consertum
3305 5872 3312 5886 -
3383 5870 3393 5877 -
3420 5870 3423 5873 ·
3531 5866 3583 5883 ιλ

2220 6036 2246 6044 ,4
