4104 6430
418 390 559 449 1009

416 507 610 565 dentur
635 514 759 578 apte
787 507 967 564 omnia
988 509 1299 579 convenire,
1334 509 1379 565 si
1403 510 1737 570 considerata
1763 522 2000 572 tracten-

416 611 503 657 tur
530 620 545 657 :
586 601 690 656 nisi
717 601 859 672 quod
886 601 941 657 in
969 603 1215 659 omnibus
1238 604 1423 660 bestiis
1450 613 1507 661 et
1534 605 1840 662 volatilibus
1867 609 2001 665 scri-

413 703 563 766 ptum
600 702 814 750 estnon
857 710 977 752 esse
1002 696 1277 753 inventum
1318 698 1433 753 viro
1468 698 1791 770 adjutorium
1827 701 2001 761 simile

410 786 523 854 illi,
555 796 610 842 et
638 795 763 843 tunc
786 795 870 845 est
895 789 947 844 ei
966 790 1157 845 mulier
1175 790 1315 847 facta
1340 791 1411 848 de
1438 792 1607 850 latere
1628 790 1786 864 (Gen.
1809 811 1847 850 ιι
1868 837 1884 864 ,
1910 795 2001 853 20-

408 875 530 945 22).
564 876 792 947 Propter
818 878 961 950 quod
986 894 1087 951 ego
1124 896 1228 937 non
1262 884 1442 953 putavi
1479 898 1578 955 pro
1607 885 1832 942 muliere
1870 902 1998 945 sen-

407 982 524 1021 sum
556 969 798 1038 corporis
826 985 948 1026 esse
991 972 1294 1041 ponendum
1316 1014 1330 1040 ,
1370 990 1530 1045 quem
1558 976 1799 1033 videmus
1842 980 1996 1037 nobis

405 1068 460 1114 et
503 1060 690 1116 bestiis
734 1076 854 1118 esse
881 1077 1256 1132 communem;
1288 1066 1383 1121 sed
1425 1068 1626 1139 aliquid
1667 1071 1809 1126 volui
1853 1074 1995 1143 quod

403 1150 591 1206 bestiae
615 1169 723 1208 non
751 1153 1006 1209 haberent
1035 1173 1049 1210 :
1081 1170 1407 1228 sensumque
1434 1161 1674 1231 corporis
1702 1165 1872 1236 magis
1896 1180 1994 1236 pro

401 1254 653 1315 serpente
674 1246 1071 1319 intelligendum
1091 1249 1420 1318 existimavi,
1450 1253 1539 1323 qui
1564 1253 1755 1325 legitur
1780 1257 1995 1326 sapien-

402 1337 793 1392 tionomnibus
838 1339 1118 1408 pecoribus
1163 1326 1366 1414 terr:e(
1382 1341 1468 1397 Id.
1524 1361 1612 1411 nt,
1669 1344 1753 1418 1).
1806 1348 1865 1403 lu
1912 1350 1992 1407 eis

402 1430 598 1499 quippe
627 1431 956 1486 naturalibus
983 1432 1169 1500 bonis,
1203 1450 1322 1504 quae
1349 1435 1504 1491 nobis
1531 1447 1585 1507 et
1610 1438 1988 1497 irrationabili~

399 1518 501 1572 bus
529 1520 887 1577 animantibus
917 1524 1158 1580 videmus
1188 1541 1309 1583 esse
1337 1530 1639 1585 communia
1664 1570 1680 1597 ,
1710 1532 1990 1592 vivacitate

399 1610 627 1680 quadam
648 1627 838 1669 sensus
861 1616 1075 1670 excellit
1101 1635 1114 1671 :
1149 1632 1253 1671 non
1281 1618 1374 1675 ille
1397 1620 1463 1674 de
1487 1636 1594 1690 quo
1620 1622 1875 1692 scriptum
1905 1633 1991 1682 est

397 1700 452 1755 in
486 1701 722 1772 Epistula
746 1720 863 1775 quze
892 1715 974 1761 est
1008 1707 1076 1761 ad
1105 1708 1391 1779 Hebraeos,
1438 1711 1526 1765 ubi
1555 1712 1748 1783 legitur
1768 1755 1783 1783 ,
1818 1719 1986 1787 perfe-

396 1802 590 1849 ctorum
622 1811 742 1852 esse
775 1798 1001 1854 solidum
1029 1801 1205 1856 cibum
1230 1843 1245 1867 ,
1276 1804 1360 1871 qui
1406 1821 1495 1873 per
1523 1805 1755 1861 habitum
1799 1809 1987 1864 exerci-

394 1894 525 1941 tatos
572 1887 756 1942 habent
800 1906 974 1944 sensus
1017 1892 1088 1943 ad
1129 1893 1471 1964 separandum
1519 1894 1705 1951 bonum
1762 1914 1795 1951 a
1850 1900 1986 1956 malo

397 1978 585 2048 (Hebr.
630 1996 697 2049 v,
730 1974 855 2050 14);
890 1982 964 2036 illi
1004 1984 1200 2054 quippe
1227 1999 1417 2041 sensus
1464 1995 1665 2043 naturae
1711 1990 1986 2048 rationalis

394 2080 520 2124 sunt
546 2071 612 2125 ad
656 2072 1057 2144 intelligentiam
1110 2075 1478 2147 pertinentes:
1506 2078 1601 2133 sed
1645 2080 1746 2135 iste
1793 2096 1985 2140 sensus

393 2163 852 2233 quinquepartitus
889 2165 944 2219 in
972 2180 1234 2236 corpore,
1277 2184 1372 2238 per
1411 2185 1570 2239 quem
1598 2185 1707 2226 non
1748 2174 1921 2229 solum
1949 2190 1982 2231 a

394 2254 549 2309 nobis
571 2296 586 2320 ,
616 2270 803 2311 verum
830 2256 993 2312 etiam
1032 2272 1064 2313 a
1089 2257 1278 2315 bestiis
1306 2261 1601 2331 corporalis
1628 2263 1836 2334 species
1865 2279 1981 2323 mo-

395 2356 583 2417 tusque
603 2349 847 2405 sentitur.
1616 2341 1618 2343 ’

462 2439 554 2493 21.
596 2441 699 2497 Sed
726 2443 838 2498 sive
863 2442 967 2498 isto
990 2484 1004 2510 ,
1034 2443 1146 2499 sive
1189 2444 1284 2499 illo
1301 2486 1316 2514 ,
1346 2445 1459 2503 sive
1486 2447 1665 2519 aliquo
1688 2449 1795 2505 alio
1820 2450 1981 2508 modo

391 2533 756 2603 accipiendum
784 2537 892 2604 sit,
921 2536 1065 2606 quod
1101 2536 1388 2606 Apostolus
1417 2537 1590 2594 virum
1619 2540 1751 2596 dixit
1791 2544 1981 2614 imagi-

390 2640 513 2681 nem
577 2634 631 2681 et
695 2627 914 2697 gloriam
984 2628 1116 2694 Dei,
1180 2628 1459 2685 mulierem
1500 2639 1680 2686 autem
1754 2632 1978 2703 gloriam

388 2719 484 2772 viri
528 2718 569 2789 (ι
607 2718 839 2789 Cur.x1,
890 2717 993 2789 7);
1030 2730 1248 2791 apparet
1294 2730 1468 2777 tamen
1516 2737 1639 2777 cum
1682 2725 1978 2780 secundum

385 2810 552 2866 Deum
584 2811 845 2881 vivimus,
889 2820 1123 2868 mentem
1176 2823 1411 2869 nostram
1450 2814 1505 2869 in
1535 2814 1816 2871 invisibilia
1860 2818 1978 2888 ejus

386 2904 673 2973 intentam,
727 2920 795 2961 ex
840 2905 954 2976 ejus
998 2905 1316 2974 aeternitate,
1373 2906 1629 2975 veritate,
1684 2907 1974 2981 charitate,

383 2998 725 3069 prolicienter
771 2998 967 3055 debere
1008 2998 1228 3055 formari
1276 3013 1291 3053 :
1342 2999 1593 3071 quiddam
1644 3016 1772 3058 vero
1814 3004 1978 3060 ratio.

381 3092 516 3146 nalis
556 3091 862 3148 intentionis
891 3101 1117 3161 nostrae,
1162 3091 1265 3147 hoc
1292 3101 1375 3148 est
1399 3092 1638 3163 ejusdem
1661 3095 1857 3152 mentis
1877 3137 1892 3164 ,
1922 3096 1976 3153 in

383 3204 534 3244 usum
586 3188 918 3245 mutabilium
968 3188 1432 3259 corporaliumque
1468 3203 1677 3258 rerum,
1708 3191 1826 3245 sine
1869 3205 1976 3262 quo

380 3278 496 3336 lucc
534 3280 640 3335 vita
678 3295 784 3335 non
832 3278 1038 3350 agitur,
1082 3277 1457 3350 dirigendum;
1506 3294 1614 3334 non
1654 3287 1712 3335 ut
1756 3280 1974 3337 confor-

377 3388 587 3429 memur
625 3373 643 3404 ⁸
685 3371 811 3427 huic
853 3371 1048 3427 saeculo
1092 3370 1277 3442 (Rom.
1318 3387 1421 3439 xu,
1459 3369 1554 3444 2),
1582 3371 1742 3428 linem
1776 3375 1974 3430 consti-

378 3464 575 3521 tuendo
613 3464 669 3519 in
694 3463 851 3520 bonis
887 3462 1109 3529 talibus,
1139 3471 1194 3517 et
1218 3463 1273 3518 in
1319 3477 1383 3517 ea
1432 3461 1798 3534 detorquendo
1840 3465 1971 3522 bea-

375 3559 618 3617 titudinis
664 3558 982 3630 appetitum;
1013 3557 1105 3612 sed
1136 3564 1195 3612 ut
1236 3555 1489 3627 quidquid
1529 3556 1583 3610 in
1630 3572 1729 3612 usu
1768 3567 1974 3629 tempo-

377 3654 564 3709 ralium
597 3652 983 3708 rationabiliter
1011 3649 1232 3704 facimus
1253 3690 1270 3717 ,
1302 3657 1627 3704 aetemortun
1672 3649 1971 3721 adipiscen-

376 3746 566 3801 dorum
587 3743 1034 3814 contemplatione
1059 3740 1347 3811 faciamus,
1370 3755 1468 3813 per
1492 3739 1593 3798 ista
1612 3749 1967 3813 transeuntes,

376 3839 481 3894 illis
524 3837 867 3893 inhaerentes.

442 3932 670 3989 CAPUT
694 3931 837 3988 XIV.
864 3960 936 3971 —
960 3930 1106 3987 Inter
1145 3930 1448 4002 sapientiam
1467 3939 1516 3985 et
1540 3931 1802 3987 scientiam
1844 3932 1967 4003 quid

374 4026 537 4080 distet.
568 4023 742 4080 Cultus
768 4023 896 4090 Dei,
927 4040 1070 4078 amor
1093 4024 1223 4094 ejus.
1259 4024 1523 4090 Quomodo
1546 4040 1637 4096 per
1664 4025 1967 4096 sapientiam

375 4118 464 4187 ﬁat
513 4116 733 4188 cognitio
796 4115 1149 4170 intellectualis
1200 4130 1372 4169 rerum
1412 4124 1736 4171 wternarum.
1794 4115 1968 4174 Habet

372 4208 512 4264 enim
538 4218 590 4263 et
618 4207 839 4263 scientia
862 4206 1079 4263 modum
1106 4221 1261 4262 suum
1292 4206 1490 4271 bonum
1514 4249 1530 4275 ,
1573 4207 1619 4263 si
1646 4207 1788 4278 quod
1818 4208 1875 4263 in
1900 4223 1965 4265 ea

372 4300 519 4356 inﬂat
545 4300 627 4355 vel
656 4298 842 4355 inﬂare
872 4301 1101 4365 assolet,
1133 4308 1456 4355 aeternorum
1483 4298 1745 4355 charitate
1774 4301 1962 4357 vinca-

370 4402 487 4462 tur,
517 4408 636 4464 qua:
654 4408 761 4447 non
788 4390 966 4460 inﬂat,
995 4391 1091 4447 sed
1110 4432 1125 4457 ,
1160 4400 1218 4447 ut
1252 4391 1472 4458 scimus,
1503 4391 1736 4448 mdiﬂcat
1762 4391 1818 4464 (Ι
1840 4392 1958 4449 Cor.

366 4501 455 4540 vin
476 4528 490 4553 ,
524 4486 550 4540 1
575 4485 617 4557 ).
647 4484 774 4541 Sine
802 4484 1024 4539 scientia
1049 4484 1244 4555 quippe
1274 4498 1374 4540 nec
1402 4484 1628 4541 virtutes
1655 4485 1807 4555 ipsae,
1839 4487 1962 4557 qui.

364 4578 462 4634 bus
490 4586 636 4634 recte
666 4578 861 4633 vivitur
879 4619 894 4643 ,
925 4586 1147 4648 possunt
1174 4576 1358 4632 haberi
1383 4618 1399 4644 ,
1428 4592 1524 4647 per
1552 4592 1684 4649 quas
1710 4579 1825 4634 haec
1852 4580 1960 4636 vita

364 4672 561 4727 misera
599 4671 679 4727 sic
714 4671 1074 4742 gubernetur,
1107 4677 1166 4726 ut
1195 4669 1260 4727 ad
1292 4670 1436 4727 illam
1475 4686 1593 4742 quae
1633 4686 1763 4729 vere
1802 4672 1960 4730 beata

362 4772 443 4819 est
461 4802 476 4826 ,
508 4763 849 4834 perveniatur
874 4772 1151 4819 aeternam.

431 4854 521 4910 22.
568 4855 743 4912 Distat
790 4863 968 4911 tamen
1022 4855 1090 4912 ab
1136 4863 1461 4912 aeternorum
1508 4857 1959 4929 contemplatione

358 4947 498 5001 actio
541 4962 644 5019 qua
691 4947 829 5003 bene
880 4947 1079 5003 utimur
1123 4949 1504 5019 temporalibus
1545 4951 1739 5019 rebus,
1764 4959 1819 5007 et
1867 4950 1957 5008 illa

357 5038 673 5108 sapientiae,
720 5037 838 5093 haec
882 5038 1117 5094 scientiae
1171 5040 1471 5110 deputatur.
1508 5040 1759 5109 Quamvis
1811 5042 1954 5099 enim

358 5141 411 5186 et
445 5131 534 5187 illa
571 5146 691 5202 quae
731 5130 989 5201 sapientia
1034 5139 1152 5198 est,
1179 5132 1346 5202 possit
1378 5132 1597 5188 scientia
1638 5135 1949 5205 nuncupari,

356 5226 495 5282 sicut
522 5235 576 5283 et
600 5226 888 5297 Apostolus
922 5225 1190 5297 loquitur,
1234 5225 1326 5282 ubi
1363 5225 1528 5294 dicit,
1569 5226 1723 5282 Nunc
1763 5230 1866 5283 scio
1889 5244 1955 5285 ex

356 5327 532 5389 parte,
588 5328 707 5374 tunc
756 5328 924 5376 autem
964 5334 1263 5391 cognoscam
1301 5320 1431 5373 sicut
1475 5330 1522 5374 et
1572 5319 1802 5391 cognitus
1839 5336 1952 5377 sum

357 5409 467 5480 (Id.
498 5426 616 5477 xui,
659 5408 788 5479 i2);
836 5427 995 5483 quam
1023 5410 1299 5466 scientiam
1350 5409 1591 5480 profecto
1619 5414 1950 5484 contempla-

356 5503 516 5559 tionis
581 5496 689 5560 Dei
738 5506 853 5560 vult
921 5504 1181 5576 intelligi,
1261 5502 1402 5575 quod
1466 5512 1770 5560 sanctorum
1850 5506 1951 5563 erit

356 5596 634 5667 praemium
682 5612 951 5653 summum
1001 5616 1016 5653 :

354 5699 469 5745 dem
511 5692 662 5746 datur
700 5706 789 5763 per
836 5690 1084 5762 Spiritum
1112 5708 1273 5747 sermo
1307 5691 1598 5764 sapientiae,
1648 5692 1737 5747 alii
1786 5709 1949 5751 sermo

354 5783 577 5840 scientia:
604 5783 878 5841 secundum
916 5784 1145 5841 eumdem
1194 5785 1448 5859 Spiritum
1496 5783 1655 5861 (Id.,
1696 5802 1810 5862 xu,
1834 5786 1944 5864 8);

421 5918 440 5950 ⁸
464 5916 633 5970 Plures
650 5924 778 5982 πίει,
802 5919 1146 5980 confertum.

1689 397 1896 455 LIBER
1933 398 2390 467 DUODECIMUS.
2462 475 2464 478 ,

1070 5606 1249 5654 tamen
1318 5597 1409 5653 ubi
1473 5597 1629 5668 dicit,
1687 5600 1789 5655 Alii
1838 5600 1985 5672 qui-.

2501 336 2590 357 -.ν-

3555 438 3695 499 1010

2110 525 2227 627 haec
2256 532 2436 627 utique
2459 535 2569 593 duo
2608 538 2724 597 sine
2751 540 3078 603 dubitatione
3099 547 3410 627 distinguit,
3436 553 3561 615 licet
3583 576 3693 620 non

2108 620 2181 727 ibi
2225 625 2454 695 explicet
2480 630 2608 700 quid
2637 632 2885 704 intersit,
2933 628 3171 711 etunde
3198 620 3368 714 possit
3393 620 3694 727 utrumque

2107 716 2365 818 dignosci.
2387 722 2583 781 Verum
2605 727 3000 801 Scripturarum
3019 746 3323 797 sanctarum
3342 716 3690 818 multiplicem

2105 808 2311 913 copiam
2342 826 2626 888 scrutatus,
2648 823 2873 885 invenio
2896 830 3152 900 scriptum
3179 836 3376 892 essein
3401 808 3540 897 libro
3563 842 3688 913 Job,

2102 994 2350 1053 abstinere
2372 1011 2539 1057 autem
2563 1021 2597 1059 a
2629 1008 2777 1064 malis
2799 1020 2873 1064 est
2894 1014 3103 1069 scientia
3168 1017 3287 1081 Job,
3318 994 3480 1080 xxvui
3503 1064 3519 1091 ,
3549 1026 3619 1083 28
3638 994 3685 1100 ).

2102 1088 2159 1144 In
2184 1091 2283 1148 hac
2312 1094 2613 1156 differentia
2649 1102 3050 1176 intelligendum
3074 1120 3157 1166 est
3180 1113 3246 1168 ad
3272 1088 3687 1189 contemplatio-

2100 1198 2224 1239 nem
2266 1189 2614 1261 sapientiam,
2659 1193 2726 1249 ad
2769 1196 3034 1256 actionem
3076 1204 3352 1262 scientiam
3393 1211 3683 1278 pertinere.

2099 1274 2356 1335 Pietatem
2386 1284 2580 1354 quippe
2623 1285 2726 1342 hoc
2765 1289 2886 1345 loco
2924 1295 3102 1364 posuit
3148 1297 3242 1353 Dei
3285 1274 3521 1371 cultum,
3564 1320 3685 1371 quin

2096 1388 2269 1443 graece
2310 1376 2504 1433 dicitur
2544 1388 2795 1439 orantem.
2819 1384 2950 1441 Nam
2981 1386 3085 1445 hoc
3112 1392 3333 1448 verbum
3376 1394 3537 1452 habet
3580 1398 3684 1455 ista

2096 1468 2358 1522 sententia
2398 1469 2451 1524 in
2490 1471 2761 1531 codicibus
2788 1481 2995 1547 graecis.
3024 1482 3093 1537 Et
3118 1484 3242 1553 quid
3272 1496 3353 1542 est
3384 1488 3436 1542 in
3466 1490 3683 1548 aeternis

2095 1558 2443 1616 excellentius
2473 1577 2631 1632 quam
2656 1565 2794 1622 Deus
2812 1610 2827 1634 ,
2859 1572 3009 1641 cujus
3035 1574 3202 1630 solius
3231 1577 3574 1636 immutabilis
3597 1590 3683 1640 est

2095 1652 2327 1705 natura?
2375 1652 2441 1708 Et
2466 1655 2584 1725 quis
2637 1659 2810 1715 cultus
2874 1662 3024 1732 ejus,
3057 1666 3160 1720 nisi
3199 1683 3350 1724 amor
3391 1670 3542 1741 ejus,
3574 1687 3682 1743 quo

2094 1754 2236 1795 nunc
2256 1741 2623 1803 desideramus
2645 1764 2769 1805 eum
2790 1751 2992 1819 videre,
3020 1756 3391 1828 credimusque
3415 1772 3469 1817 et
3497 1741 3680 1833 spera-

2091 1846 2213 1887 mus
2242 1849 2339 1889 nos
2366 1850 2485 1893 esse
2502 1839 2740 1907 visuros;
2769 1852 2824 1897 et
2841 1854 3096 1914 quantum
3119 1848 3427 1917 proﬁcimus
3456 1853 3680 1909 videmus

2091 1940 2224 1978 nunc
2253 1942 2342 1993 per
2364 1930 2623 1998 speculum
2651 1931 2704 1986 in
2726 1934 2994 2003 tenigmate
3012 1978 3026 2001 ,
3049 1944 3167 1993 tunc
3187 1949 3351 1994 autem
3379 1941 3432 1996 in
3464 1942 3680 1999 manife-

2090 2015 2363 2071 statione?
2410 2019 2523 2076 Hoc
2560 2030 2643 2077 est
2676 2024 2816 2079 enim
2844 2026 2986 2095 quod
3014 2028 3088 2083 ait
3129 2031 3401 2100 apostolus
3442 2032 3639 2089 Paulus
3660 2075 3678 2103 ,

2089 2108 2221 2179 facie
2263 2110 2332 2163 ad
2375 2111 2637 2184 faciem(l
2681 2116 2798 2171 Cor.
2853 2133 2985 2183 xui,
3016 2118 3118 2191 l2)
3147 2122 3288 2177 :hoc
3326 2123 3485 2179 etiam
3533 2126 3680 2196 quod

2086 2200 2340 2272 Joannes,
2368 2204 2714 2277 Dilectissimi,
2742 2227 2876 2265 nunc
2904 2212 3000 2281 ﬁlii
3023 2212 3119 2268 Dei
3153 2231 3349 2284 sumus,
3380 2225 3427 2271 et
3451 2217 3677 2273 nondum

2087 2298 2327 2365 apparuit
2354 2299 2477 2367 quid
2505 2301 2725 2367 erimus;
2749 2304 2936 2359 scimus
2960 2306 3079 2377 quia
3105 2323 3220 2361 cum
3243 2309 3571 2379 apparuerit,
3603 2311 3677 2364 si-

2086 2389 2230 2444 miles
2279 2392 2324 2446 ei
2370 2393 2586 2463 erimus,
2629 2397 2869 2468 quoniam
2917 2398 3193 2456 videbimus
3242 2418 3357 2455 eum
3412 2403 3562 2457 sicuti
3606 2415 3678 2460 est

2091 2480 2306 2554 (lJoan.
2332 2501 2421 2550 ιιι,
2450 2486 2544 2559 2).
2574 2488 2651 2545 De
2679 2490 2761 2546 his
2787 2499 2945 2563 atque
2972 2493 3275 2564 hujusmodi
3304 2510 3480 2552 sermo
3513 2497 3533 2528 ¹
3558 2496 3676 2567 ipse

2088 2574 2218 2630 mihi
2256 2575 2461 2634 videtur
2498 2595 2619 2636 esse
2644 2597 2824 2639 sermo
2849 2586 3143 2655 sapientiae.
3185 2586 3470 2643 Abstinere
3494 2596 3675 2643 autem

2084 2680 2116 2720 a
2154 2668 2309 2724 malis
2331 2710 2347 2736 ,
2378 2686 2535 2740 quam
2565 2672 2667 2728 Job
2695 2675 2970 2732 scientiam
3000 2677 3131 2733 dixit
3158 2694 3309 2748 esse,
3341 2694 3521 2736 rerum
3548 2695 3675 2752 pro-

2084 2757 2171 2812 cul
2198 2758 2361 2815 dubio
2390 2764 2759 2833 temporalium
2796 2778 2897 2823 est.
2926 2767 3184 2836 Quoniam
3216 2770 3511 2825 secundum
3538 2778 3675 2827 tein-

2082 2862 2183 2918 pus
2209 2848 2263 2905 in
2293 2851 2446 2908 malis
2474 2868 2686 2926 sumus,
2715 2871 2746 2911 a
2774 2857 2966 2928 quibus
2993 2860 3260 2917 abstinere
3286 2858 3543 2916 debemus
3567 2901 3582 2927 ,
3614 2872 3675 2918 ut

2082 2940 2150 2995 ad
2177 2941 2265 2997 illa
2295 2943 2433 3001 bona
2460 2956 2656 3003 aeterna
2695 2948 2989 3008 veniamus.
3031 2953 3388 3023 Quamobrem
3415 2953 3675 3026 quidquid

2082 3032 2372 3102 prudenter
2394 3078 2409 3104 ,
2431 3038 2640 3096 fortiter
2658 3082 2673 3105 ,
2705 3050 3069 3114 temperanter
3095 3054 3150 3100 et
3171 3045 3317 3115 juste
3343 3046 3572 3118 agimus,
3600 3045 3671 3103 ad

2081 3140 2200 3182 eam
2229 3130 2461 3198 pertinet
2486 3132 2765 3189 scientiam
2792 3136 2906 3192 sive
2932 3135 3268 3208 disciplinam
3294 3179 3310 3205 ,
3348 3138 3535 3210 quain
3561 3138 3674 3195 evi-

2080 3218 2257 3275 tandis
2285 3220 2442 3276 malis
2469 3221 2732 3295 bonisque
2753 3226 3069 3297 appetendis
3095 3229 3235 3284 actio
3262 3238 3447 3285 nostra
3484 3243 3674 3286 versa-

2079 3318 2199 3378 tur;
2231 3321 2286 3367 et
2320 3314 2578 3386 quidquid
2622 3326 2840 3389 propter
2874 3321 3117 3391 exempla
3156 3322 3240 3377 vel
3285 3322 3548 3391 cavenda,
3585 3324 3675 3382 vel

2078 3403 2334 3461 imitanda
2353 3447 2367 3472 ,
2395 3416 2449 3462 et
2484 3419 2703 3479 propter
2726 3427 3058 3484 quarumque
3082 3428 3261 3470 rerum
3308 3430 3428 3486 qua:
3469 3417 3669 3473 nostris

2076 3500 2475 3556 accommodata
2504 3512 2628 3559 sunt
2657 3504 2841 3561 usibus
2860 3507 3162 3564 necessaria
3184 3507 3502 3567 documenta
3521 3549 3539 3579 ,
3584 3509 3669 3589 hi-

2075 3590 2272 3647 storica
2309 3594 2611 3663 cognitione
2635 3598 2953 3669 colligimus.

2145 3682 2237 3739 25.
2268 3684 2346 3743 De
2374 3685 2459 3743 his
2484 3703 2612 3760 ergo
2635 3704 2816 3747 sermo
2843 3706 2966 3749 cum
2994 3692 3089 3762 ιιι,
3133 3710 3259 3753 eum
3287 3696 3527 3753 scientiae
3552 3712 3670 3755 ser-

2074 3790 2288 3833 monem
2318 3788 2467 3850 puto,
2499 3779 2914 3839 discernendum
2938 3800 2971 3840 a
2998 3800 3247 3844 sermone
3270 3789 3568 3859 sapientiae,
3598 3789 3669 3847 ad

2074 3882 2234 3938 quam
2262 3871 2532 3939 pertinent
2550 3887 2611 3927 ea
2637 3889 2757 3944 quae
2785 3889 2888 3931 nec
2914 3874 3146 3943 fuerunt,
3176 3893 3277 3934 nec
3304 3878 3479 3935 futura
3503 3890 3629 3937 sunt
3646 3922 3664 3951 ,

2071 3960 2166 4015 sed
2199 3969 2344 4030 sunt,
2372 3969 2426 4016 et
2452 3970 2671 4033 propter
2697 3979 2818 4022 eam
2843 3968 3197 4025 aeternitatem
3222 3970 3277 4026 in
3305 3986 3411 4043 qua
3436 3982 3582 4040 sunt,
3611 3982 3667 4030 et

2072 4051 2240 4110 fuisse
2266 4065 2322 4110 et
2351 4070 2473 4113 esse
2512 4066 2567 4113 et
2606 4058 2782 4115 futura
2810 4075 2932 4118 esse
2957 4062 3229 4131 dicuntur,
3259 4065 3379 4121 sine
3406 4066 3515 4122 ulla
3542 4082 3665 4124 mu-

2069 4148 2332 4206 tabilitate
2360 4158 2682 4222 temporum.
2729 4152 2847 4210 Non
2893 4156 3035 4212 enim
3072 4158 3151 4213 sic
3191 4156 3411 4215 fuerunt
3446 4168 3505 4215 ut
3541 4175 3664 4218 esse

2070 4243 2413 4313 desinerent,
2445 4255 2537 4302 aut
2563 4247 2642 4303 sic
2666 4247 2842 4304 futura
2869 4260 2995 4305 sunt
3019 4252 3173 4321 quasi
3209 4267 3351 4308 nunc
3375 4268 3483 4309 non
3512 4253 3620 4310 sint
3644 4271 3661 4310 :

2068 4336 2162 4392 sed
2192 4336 2420 4406 idipsum
2446 4352 2567 4394 esse
2595 4354 2809 4410 semper
2833 4340 3153 4409 habuerunt,
3180 4358 3395 4415 semper
3416 4345 3662 4403 habitura

2067 4435 2212 4484 sunt.
2242 4429 2457 4485 Manent
2476 4440 2677 4501 autem,
2706 4448 2813 4489 non
2842 4442 3095 4506 tanquam
3121 4436 3175 4493 in
3202 4439 3388 4508 spatiis
3414 4439 3659 4496 locorum

2067 4522 2172 4578 ﬁxa
2200 4523 2363 4579 veluti
2391 4539 2658 4597 corpora:
2689 4526 2785 4583 sed
2810 4528 2864 4582 in
2900 4536 3088 4585 natura
3114 4529 3436 4602 incorporali
3465 4533 3542 4589 sic
3572 4533 3659 4590 in-

2067 4616 2364 4688 telligibilia
2395 4628 2591 4689 praesto
2617 4630 2744 4677 sunt
2782 4623 2975 4679 mentis
3013 4626 3344 4696 aspectibus,
3388 4627 3526 4682 sicut
3553 4628 3658 4684 ista

2064 4707 2122 4765 in
2147 4708 2281 4765 locis
2307 4709 2539 4765 visibilia
2572 4712 2661 4768 vel
2687 4714 3084 4771 contrectabilia
3110 4717 3350 4787 corporis
3383 4716 3652 4775 sensibus.
3709 4708 3718 4788 ῗ

2062 4800 2180 4857 Non
2211 4810 2391 4859 autem
2420 4803 2594 4859 solum
2631 4818 2812 4861 rerum
2835 4806 3167 4864 sensibilium
3202 4806 3253 4863 in
3282 4808 3415 4863 locis
3448 4809 3650 4880 posita-

2062 4909 2181 4950 rum
2208 4894 2325 4950 sine
2355 4894 2545 4965 spatiis
2568 4895 2829 4954 localibus
2854 4908 3072 4956 manent
3096 4898 3457 4969 intelligibiles
3483 4900 3643 4958 incor-
3706 4960 3710 4967 ,

2062 4985 2383 5057 poralesque
2408 4986 2674 5055 rationes;
2704 5004 2887 5045 verum
2916 4991 3077 5046 etiam
3104 4990 3400 5047 motionum
3429 4991 3486 5049 in
3510 5001 3653 5050 temv
3704 4979 3712 4988 ’

2060 5078 2280 5151 poribus
2322 5081 2712 5137 transeuntium
2753 5082 2871 5139 sine
2912 5083 3195 5154 temporali
3239 5085 3465 5141 transitu
3505 5094 3653 5143 stant

2059 5173 2221 5229 etiam
2250 5173 2382 5244 ipsas
2425 5176 2608 5245 utique
2650 5173 3044 5245 intelligibiles,
3085 5191 3194 5232 non
3230 5176 3531 5235 sensibiles.
3564 5178 3651 5237 Ad

2058 5281 2191 5341 quas
2230 5266 2425 5323 mentis
2453 5267 2566 5323 acie
2610 5268 2890 5337 pervenire
2929 5282 3221 5340 paucorum
3264 5280 3380 5339 est;
3426 5281 3484 5329 et
3523 5287 3650 5330 cum

2059 5358 2386 5429 pervenitur,
2430 5367 2687 5430 quantum
2728 5358 2847 5415 ﬁeri
2885 5368 3094 5430 potest,
3125 5375 3235 5417 non
3264 5360 3319 5417 in
3347 5360 3429 5419 eis
3464 5372 3650 5420 manet

2058 5454 2171 5522 ipse
2199 5462 2506 5523 perventor,
2544 5451 2639 5509 sed
2666 5452 2835 5509 veluti
2862 5453 2975 5509 acie
3004 5458 3025 5489 ³
3054 5453 3169 5524 ipsa
3194 5454 3533 5510 reverberata
3560 5468 3648 5509 re-

2055 5544 2293 5615 pellitur,
2321 5552 2378 5601 et
2402 5543 2460 5600 ﬁt
2485 5545 2565 5601 rei
2603 5561 2711 5603 non
2740 5546 3059 5603 transitoria:
3096 5546 3397 5603 transitoria
3438 5546 3644 5615 cogita-

2056 5636 2151 5693 tio.
2196 5636 2325 5706 Qua:
2363 5644 2544 5695 tamen
2590 5638 2843 5711 cogitatio
2883 5639 3149 5698 transiens
3195 5655 3291 5714 per
3334 5637 3642 5711 disciplinas

2120 5791 2359 5844 *mdices
2396 5792 2628 5857 Quidam.
2673 5802 2748 5849 De
2783 5794 2862 5852 his
2908 5801 3050 5863 atque
3092 5794 3369 5863 Mummii
3404 5792 3639 5850 temtati-

2056 5855 2334 5973 b'i'ptures
2352 5922 2484 5984 uss,
2506 5917 2655 5974 acies.
