4076 6498
458 453 587 511 1οΜ

454 570 649 642 quibus
678 566 918 623 eruditur
956 564 1196 631 animus,
1242 559 1515 617 memoriae
1542 558 1960 623 commendatur,
1994 563 2055 611 ut

460 662 532 717 sit
579 675 685 731 quo
732 658 908 717 redire
950 656 1150 727 possit,
1198 668 1317 725 quae
1367 653 1571 723 cogitur
1615 649 1739 705 inde
1778 650 2047 704 transire:

457 752 703 824 quamvis
729 752 773 805 si
798 751 865 805 ad
891 749 1205 804 memoriam
1235 746 1486 817 cogitatio
1513 760 1616 799 non
1644 743 1862 810 rediret,
1891 752 2050 813 atque

455 847 600 917 quod
623 844 1091 901 commendaverat
1119 842 1189 897 ibi
1216 842 1497 907 inveniret,
1521 839 1665 893 velut
1688 838 1833 892 rudis
1859 837 1925 891 ad
1947 836 2048 891 hoc

455 938 596 992 sicut
624 936 779 991 ducta
810 936 981 990 fuerat
1006 934 1309 998 duceretur,
1344 932 1501 1000 idque
1526 931 1789 985 inveniret
1810 930 1899 983 ubi
1933 930 2042 999 pri-

459 1045 607 1085 mum
646 1032 954 1095 invenerat,
993 1027 1046 1082 in
1086 1028 1171 1081 illa
1212 1026 1414 1081 scilicet
1444 1025 1755 1093 incorporea
1785 1023 2040 1087 veritate,

451 1125 595 1179 unde
637 1137 822 1179 rursus
848 1124 996 1193 quasi
1024 1121 1347 1190 descriptum
1388 1120 1441 1173 in
1484 1120 1737 1173 memoria
1772 1117 2039 1187 figeretur.

455 1214 638 1285 Neque
669 1215 811 1269 enim
840 1214 977 1269 sicut
1003 1221 1217 1279 manet,
1249 1211 1397 1267 verbi
1425 1212 1591 1279 gratia
1614 1253 1628 1277 ,
1657 1210 1895 1280 quadrati
1925 1223 2044 1263 cor-

454 1309 599 1378 poris
629 1308 979 1377 incorporalis
1009 1315 1062 1360 et
1092 1305 1542 1361 incommutabilis
1569 1306 1703 1358 ratio
1728 1344 1741 1369 ,
1773 1304 1849 1358 sic
1884 1305 1937 1358 in
1978 1318 2041 1358 ea

452 1409 634 1454 manet
658 1399 890 1453 hominis
920 1399 1168 1468 cogitatio
1193 1398 1273 1462 ;si
1304 1407 1477 1451 tamen
1497 1396 1562 1451 ad
1588 1411 1705 1451 eam
1736 1397 1851 1451 sine
1876 1396 2041 1465 phan-

410 1464 585 1576 ἰθεῖα
615 1492 769 1561 epatii
800 1464 1011 1546 localis'
1028 1491 1197 1560 potuit
1242 1489 1537 1559 pervenire.
1582 1490 1689 1542 Aut
1727 1489 1772 1543 si
1815 1464 2040 1557 alicujus

418 1590 419 1593 ‘
449 1582 725 1637 artiﬁciosi
748 1590 801 1636 et
821 1581 1009 1636 musici
1032 1581 1146 1636 soni
1172 1595 1266 1650 per
1286 1594 1461 1633 moras
1485 1578 1739 1647 temporis
1763 1586 2042 1634 transeun-

452 1676 520 1730 tis
549 1677 905 1731 numerositas
943 1673 1448 1744 comprebendatur,
1481 1673 1597 1727 sine
1628 1682 1867 1743 tempore
1893 1682 2040 1729 stans

448 1769 503 1823 in
530 1768 758 1839 quodam
784 1777 993 1824 secreto
1015 1768 1226 1836 altoque
1247 1766 1480 1833 silentio,
1510 1766 1710 1820 tamdiu
1738 1766 1922 1821 saltem
1949 1781 2040 1821 co-

451 1862 607 1932 gitari
631 1870 803 1931 potest
827 1860 1077 1932 quamdiu
1104 1868 1279 1930 potest
1301 1860 1389 1913 ille
1414 1867 1603 1913 cantus
1627 1859 1796 1913 audiri
1821 1877 1834 1912 :
1860 1868 2038 1915 tamen

450 1954 594 2023 quod
622 1954 743 2009 inde
767 1954 1001 2023 rapuerit
1027 1952 1124 2007 etsi
1158 1950 1422 2007 transiens
1450 1951 1645 2006 mentis
1674 1958 1920 2020 aspectus
1941 1991 1955 2017 ,
1986 1958 2041 2005 et

452 2046 603 2115 quasi
635 2046 861 2116 glutiens
892 2048 943 2099 in
982 2054 1221 2099 ventrem
1252 2045 1269 2076 ί
1301 2045 1370 2099 ita
1413 2044 1467 2098 in
1498 2045 1754 2099 memoria
1784 2059 2039 2115 reposue-

446 2138 547 2204 rit,
576 2139 769 2207 poterit
796 2137 1128 2192 recordando
1166 2138 1395 2208 quodam
1435 2138 1594 2193 modo
1631 2140 1930 2205 ruminare,
1984 2148 2040 2195 et

446 2230 504 2285 in
540 2230 875 2301 disciplinam
922 2231 1061 2301 quod
1102 2232 1179 2286 sic
1217 2230 1464 2285 didicerit
1500 2232 1762 2301 trajicere.
1802 2232 1953 2301 Quod
1991 2234 2038 2288 si

444 2322 604 2377 fuerit
629 2323 933 2381 annimoda
973 2324 1241 2379 oblivione
1266 2323 1500 2379 deletum
1521 2366 1536 2390 ,
1568 2338 1754 2379 rursus
1794 2326 2035 2380 doctrina

445 2414 582 2470 duce
602 2416 666 2469 ad
694 2416 744 2470 id
772 2418 1017 2471 venietur
1041 2416 1181 2486 quod
1213 2417 1426 2487 penitus
1450 2417 1740 2483 exciderat,
1769 2425 1823 2473 et
1850 2418 1927 2473 sic
1956 2418 2036 2471 in-

445 2507 691 2562 venietur
716 2516 771 2561 ut
798 2514 929 2561 erat.

516 2598 743 2656 CAPUT
770 2600 959 2655 XV.—
970 2599 1059 2654 24.
1084 2599 1273 2656 Contra
1291 2601 1715 2655 reminiscentiam
1733 2599 1967 2655 Platonis
1989 2608 2035 2655 et

446 2691 774 2764 Pythagoras.
793 2693 1000 2748 Samius
1020 2694 1360 2765 Pythagoras.
1376 2692 1456 2747 De
1475 2693 1759 2761 tit/ferentia
1774 2694 2035 2765 sapientia:

446 2802 478 2837 a
507 2786 736 2849 scientia,
767 2794 811 2839 et
838 2786 900 2839 de
931 2787 1200 2857 quaerenda
1222 2789 1443 2842 trinitate
1470 2789 1521 2842 in
1545 2790 1752 2842 scientia
1781 2797 2035 2857 tempora-

448 2878 591 2931 lium.
626 2878 779 2933 Unde
825 2880 977 2935 Plato
1001 2880 1091 2935 ille
1118 2881 1466 2953 philosophus
1496 2883 1691 2937 nobilis
1712 2883 2033 2953 persuadere

444 2980 670 3025 conatus
694 2981 775 3028 est
799 2974 996 3030 vixisse
1016 2975 1102 3030 hic
1128 2977 1331 3031 animas
1352 2976 1645 3041 hominum,
1672 2987 1727 3033 et
1750 2986 2033 3050 antequam

443 3065 547 3118 ista
565 3080 786 3135 corpora
800 3078 1076 3138 gererent:
1095 3080 1147 3125 et
1168 3070 1289 3125 hinc
1316 3085 1435 3125 esse
1449 3070 1587 3141 quod
1602 3085 1663 3125 ea
1682 3087 1798 3141 quae
1819 3070 2034 3126 discun-

446 3166 551 3223 tur,
572 3162 987 3217 reminiscuntur
1008 3165 1182 3235 potius
1206 3166 1433 3235 cognita,
1459 3182 1616 3235 quam
1640 3174 2035 3235 cognoscuntur

444 3264 604 3305 nova.
632 3252 830 3308 Retulit
854 3257 995 3309 enim
1014 3299 1027 3323 ,
1064 3272 1285 3325 puerum
1310 3258 1590 3328 quemdam
1616 3258 1797 3312 nescio
1824 3272 1941 3327 qua:
1967 3255 2037 3313 de

444 3351 766 3414 geometrica
795 3348 816 3378 ’
845 3349 1246 3418 interrogatum,
1280 3349 1355 3403 sic
1380 3347 1751 3418 respondisse,
1780 3360 2032 3420 tauquam

446 3444 591 3491 esset
622 3436 761 3490 illius
799 3440 1151 3509 peritissimus
1192 3440 1507 3509 disciplima.
1540 3439 1812 3495 Gradatim
1840 3441 2035 3511 quippe

445 3536 605 3599 atque
626 3532 913 3587 artiﬁciose
941 3533 1317 3603 interrogatus,
1346 3532 1557 3587 videbat
1580 3534 1721 3603 quod
1747 3533 2033 3590 videndum

446 3632 582 3689 erat,
616 3623 934 3693 dicebatque
963 3624 1103 3694 quod
1136 3625 1362 3680 viderat.
1392 3624 1496 3680 Sed
1522 3626 1564 3680 si
1594 3626 1892 3681 recordatio
1923 3627 2036 3683 hmc

445 3722 589 3769 esset
613 3730 790 3769 rerum
821 3723 972 3770 antea
1002 3717 1354 3786 cognitarum,
1388 3732 1491 3772 non
1520 3716 1705 3789 utique
1735 3734 1922 3774 omnes
1950 3719 2034 3775 vel

443 3820 583 3875 pene
626 3822 850 3876 omnes,
897 3823 1017 3863 cum
1061 3808 1152 3864 illo
1200 3810 1359 3865 modo
1407 3811 1880 3883 interrogarentur,
1931 3810 2035 3869 hoc

442 3908 683 3971 possent.
716 3899 833 3954 Non
865 3901 1006 3956 enim
1048 3917 1234 3957 omnes
1274 3903 1327 3957 in
1377 3905 1550 3974 priore
1596 3905 1699 3959 vita
1748 3915 2035 3977 geometra:

444 3990 676 4052 fuerunt,
708 4007 827 4045 cum
861 4000 967 4047 tam
1000 3994 1105 4047 rari
1134 3995 1243 4049 sint
1272 3996 1322 4049 in
1353 4012 1548 4065 genere
1576 3995 1829 4065 humano,
1862 4008 1917 4053 ut
1947 4000 2032 4053 vix

446 4086 618 4153 possit
664 4085 854 4154 aliquis
904 4087 1179 4141 inveniri:
1231 4087 1323 4142 sed
1374 4089 1545 4157 potius
1590 4090 1914 4145 credendum
1956 4104 2036 4148 est

447 4176 640 4229 mentis
680 4176 1050 4231 intellectualis
1091 4177 1164 4232 ita
1201 4178 1467 4233 conditam
1499 4194 1616 4235 esse
1659 4192 1933 4251 naturam,
1979 4194 2036 4239 ut

444 4270 609 4324 rebus
636 4268 1051 4339 intelligibilibus
1076 4272 1299 4350 naturali
1327 4272 1532 4338 ordine,
1552 4274 1869 4343 disponente
1893 4276 2033 4332 Con-

447 4362 651 4429 ditore,
680 4361 957 4431 subjnncta
986 4364 1063 4418 sic
1104 4364 1200 4418 ista
1242 4364 1418 4420 videat
1446 4367 1494 4420 in
1538 4368 1764 4435 quadam
1810 4370 1927 4424 luce
1954 4372 2032 4424 sui

447 4455 662 4525 generis
691 4455 1027 4525 incorporea,
1062 4458 1503 4526 quemadmodum
1543 4463 1728 4515 oculus
1758 4463 1932 4517 carnis
1959 4464 2036 4518 vi-

448 4544 539 4601 det
564 4561 683 4615 qua:
713 4546 762 4599 in
804 4546 906 4601 hac
936 4563 1187 4618 corporea
1220 4550 1337 4604 luce
1375 4552 1851 4624 circumadjacent,
1882 4556 2034 4627 cujus

446 4634 581 4691 lucis
619 4654 785 4709 capax
824 4641 977 4709 eique
1017 4630 1314 4712 congruens
1352 4654 1434 4699 cst
1468 4656 1697 4703 creatus.
1744 4648 1858 4703 Non
1890 4651 2031 4705 enim

448 4737 501 4783 et
540 4729 653 4799 ipse
694 4731 815 4787 ideo
854 4734 969 4787 sine
1010 4736 1261 4804 magistro
1304 4737 1420 4790 alba
1467 4748 1519 4793 et
1549 4741 1696 4805 nigra
1742 4740 2029 4810 discernit,

446 4820 569 4891 quia
600 4822 697 4902 ista
723 4823 833 4894 jam
862 4810 1084 4882 noverat
1109 4836 1391 4899 antequam
1422 4830 1472 4883 in
1504 4831 1602 4887 hac
1629 4847 1789 4889 carne
1813 4849 2031 4891 creare-

445 4920 553 4969 tur.
606 4914 845 4986 Denique
887 4934 982 4972 cur
1024 4919 1089 4974 de
1135 4921 1262 4974 solis
1309 4922 1467 4977 rebus
1517 4925 1936 4997 intelligibilibus
1980 4927 2030 4983 id

444 5008 559 5064 fieri
590 5021 796 5081 potest,
830 5022 884 5066 ut
914 5013 1048 5069 bene
1078 5016 1429 5087 interrogatus
1458 5018 1680 5088 quisque
1709 5021 2032 5089 respondeat

448 5104 588 5175 quod
624 5105 689 5160 ad
728 5122 994 5177 quamque
1021 5112 1250 5178 pertinet
1278 5110 1644 5181 disciplinam,
1678 5114 1884 5169 etiamsi
1916 5115 2029 5185 ejus

453 5193 658 5265 'gnarus
682 5198 798 5254 est?
826 5199 933 5255 Cur
954 5201 1056 5255 hoc
1082 5201 1254 5257 facere
1278 5203 1345 5258 de
1369 5203 1527 5258 rebus
1550 5203 1887 5261 sensibilibus
1911 5207 2029 5261 nul-

456 5284 530 5341 lus
556 5297 751 5357 potest,
782 5292 882 5347 nisi
910 5309 1041 5364 quas
1066 5295 1168 5351 isto
1197 5295 1328 5351 vidit
1353 5282 1406 5351 in
1433 5311 1655 5369 corpore
1683 5300 2016 5369 constitutus,

512 5444 535 5478 ί
556 5452 685 5505 Μεδον
701 5446 753 5498 in
772 5456 952 5504 uentre.

510 5506 534 5540 ²
554 5507 629 5560 sic
646 5515 754 5562 Mss.
771 5513 891 5566 Editt
916 5530 1049 5579 vero,
1072 5518 1134 5571 de
1150 5522 1426 5586 geometria.

1600 438 1689 495 DE
1724 432 2117 503 TRINITATE,
2159 431 2217 492 S.
2260 434 2625 495 AUGUSTINI

3606 450 3748 510 1012

2160 563 2252 611 aut
2278 555 2357 613 eis
2382 571 2501 627 qua:
2532 566 2791 615 noverant
2828 559 3183 620 indicantibus
3221 564 3449 624 credidit
3462 588 3490 635 ,ε
3521 582 3621 626 seu
3657 570 3746 628 iit-

2161 652 2287 706 teris
2313 652 2588 724 cujusque,
2621 668 2715 709 seu
2742 655 2952 711 verbis?
2980 656 3094 712 Non
3125 659 3267 714 enim
3298 662 3745 732 acquiescendum

2158 752 2238 796 est
2268 744 2344 798 eis
2387 746 2475 815 qui
2505 743 2742 801 Samium
2784 746 3140 818 Pythagoram
3183 751 3360 807 ferunt
3402 756 3743 823 recordatum

2157 833 2319 889 fuisse
2347 838 2467 891 talia
2508 838 2763 894 nonnulla
2795 855 2912 909 qua:
2956 840 3127 897 fuerat
3152 854 3403 913 expertus
3432 848 3472 913 ί,
3504 864 3627 903 cum
3660 850 3746 907 hic

2155 929 2384 999 aliojam
2410 930 2591 988 fuisset
2613 934 2664 988 in
2687 948 2915 1005 corpore
2940 952 2953 993 :
2982 944 3034 991 et
3055 937 3189 993 alios
3217 941 3502 996 nonnullos
3524 954 3745 1002 narrant

2153 1023 2274 1090 alii,
2308 1024 2566 1095 ejusmodi
2596 1029 2791 1099 aliquid
2820 1030 2871 1085 in
2912 1032 3023 1086 suis
3054 1034 3324 1089 mentibus
3350 1050 3536 1104 passos
3566 1055 3578 1089 :
3612 1054 3745 1108 quas

2152 1114 2311 1170 falsas
2338 1116 2499 1173 fuisse
2528 1122 2814 1175 memorias
2833 1163 2848 1187 ,
2882 1122 3065 1192 quales
3095 1124 3408 1197 plerumque
3434 1128 3744 1197 experimur

2150 1206 2202 1261 in
2254 1210 2487 1276 somnis,
2536 1213 2748 1283 quando
2794 1214 2949 1269 nobis
2994 1216 3239 1272 videmur
3279 1218 3548 1278 reminisci
3591 1222 3742 1291 quasi

2151 1301 2417 1370 egerimus
2458 1313 2548 1357 aut
2590 1304 2917 1371 viderimus,
2960 1310 3101 1379 quod
3132 1326 3231 1367 nec
3274 1314 3479 1382 egimus
3519 1315 3743 1374 omnino

2151 1408 2251 1447 nec
2271 1392 2532 1460 vidimus;
2566 1404 2619 1450 et
2638 1413 2703 1451 eo
2723 1399 2883 1454 modo
2909 1398 3124 1456 affectas
3150 1419 3271 1459 esse
3293 1405 3504 1461 illorum
3528 1417 3740 1466 mentes

2149 1485 2309 1541 etiam
2344 1486 2706 1557 vigilantium,
2754 1490 3009 1545 instinctu
3053 1494 3333 1562 spirituum
3379 1497 3739 1569 malignorum

2149 1584 2306 1648 atque
2334 1576 2634 1646 fallaciam,
2670 1581 2859 1651 quibus
2900 1599 3041 1638 cura:
3071 1594 3151 1639 est
3196 1585 3264 1640 de
3312 1589 3737 1646 revolutionibus

2149 1670 2444 1725 animarum
2477 1671 2661 1727 falsam
2692 1675 2995 1743 opinionem
3025 1675 3091 1731 ad
3118 1676 3463 1749 decipiendos
3490 1679 3737 1737 homines

2149 1760 2366 1817 ﬁrmare
2396 1765 2481 1819 vel
2511 1781 2711 1830 serere,
2736 1782 2798 1821 ex
2823 1767 2923 1821 hoc
2947 1767 3134 1839 conjici
3164 1780 3356 1839 potest,
3391 1772 3512 1842 quia
3541 1774 3585 1827 si
3613 1788 3737 1829 vere

2148 1853 2237 1908 illa
2274 1856 2687 1911 recordarentur
2717 1874 2835 1929 qua:
2879 1860 2963 1915 hic
3000 1862 3050 1915 in
3081 1862 3199 1916 aliis
3229 1871 3383 1918 antea
3416 1866 3571 1934 positi
3611 1882 3731 1922 cor-

2147 1946 2365 2015 poribus
2400 1947 2671 2015 viderant,
2713 1950 2896 2006 multis
2923 1968 2985 2007 ac
3018 1969 3151 2023 pene
3177 1954 3422 2010 omnibus
3450 1957 3501 2012 id
3526 1958 3734 2013 contin-

2145 2045 2339 2107 geret:
2389 2039 2815 2110 quandoquidem
2863 2051 2921 2097 ut
2962 2042 3027 2097 de
3066 2043 3201 2099 vivis
3244 2056 3517 2114 mortuos,
3565 2048 3637 2104 ita
3668 2049 3734 2106 de

2146 2132 2373 2185 mortuis
2401 2131 2578 2199 vivos,
2618 2143 2863 2205 tanquam
2896 2135 2962 2190 de
2988 2136 3331 2207 vigilantibus
3367 2139 3730 2208 dormientes,

2145 2234 2200 2281 et
2236 2225 2305 2281 de
2348 2225 2735 2282 dormientibus
2762 2228 3073 2299 vigilantes,
3120 2231 3235 2307 sine
3277 2232 3575 2287 cessatione
3618 2232 3733 2289 ﬁeri

2144 2320 2501 2388 suspicantur.

2212 2414 2304 2469 25.
2337 2412 2392 2469 Si
2419 2428 2549 2483 ergo
2573 2412 2688 2469 haec
2706 2422 2789 2470 est
2809 2415 3082 2485 sapientire
3113 2422 3168 2471 et
3192 2416 3427 2472 scientiae
3452 2424 3595 2472 recta
3622 2417 3733 2474 dis-

2143 2504 2361 2573 tinctio,
2405 2512 2466 2559 ut
2503 2504 2570 2559 ad
2628 2505 2939 2574 sapientiam
2981 2509 3247 2577 pertineat
3288 2518 3604 2564 :eternarum
3635 2525 3724 2566 re-

2141 2612 2261 2652 rum
2301 2596 2535 2668 cognitio
2571 2596 2976 2665 intellectualis;
3008 2599 3075 2651 ad
3106 2599 3380 2654 scientiam
3410 2616 3567 2668 vero,
3598 2609 3732 2655 tem-

2142 2689 2403 2759 poralium
2432 2704 2611 2744 rerum
2642 2689 2873 2759 cognitio
2907 2690 3182 2745 rationalis
3208 2709 3221 2745 :
3252 2690 3378 2761 quid
3407 2692 3492 2747 cui
3526 2709 3729 2762 praepo-

2142 2782 2375 2837 nendum
2427 2784 2539 2836 sive
2588 2782 3009 2852 postponendum
3066 2784 3164 2849 sit,
3220 2798 3325 2838 non
3381 2790 3463 2839 est
3509 2783 3727 2841 difﬁcile

2138 2873 2394 2943 judicare.
2428 2872 2483 2928 Si
2521 2882 2699 2928 autem
2740 2875 2838 2928 alia
2868 2882 2951 2929 est
2977 2873 3275 2929 adhibenda
3305 2874 3591 2943 discretio,
3624 2893 3730 2948 qua

2141 2967 2519 3037 dignoscantur
2542 2966 2655 3021 hare
2679 2966 2805 3029 duo,
2835 2982 2952 3036 qum
2975 2967 3157 3036 procul
3184 2965 3345 3021 dubio
3370 2969 3572 3024 distare
3596 2971 3728 3039 Apo-

2141 3057 2310 3112 stolus
2348 3056 2503 3111 docet
2521 3099 2536 3124 ,
2565 3056 2786 3124 dicens,
2826 3056 2929 3111 Alii
2955 3056 3107 3109 datur
3135 3058 3335 3127 quidem
3362 3075 3452 3128 per
3478 3058 3732 3127 Spiritum

2141 3165 2304 3203 sermo
2334 3149 2613 3217 sapientior,
2644 3148 2735 3202 alii
2756 3162 2918 3202 sermo
2942 3148 3165 3202 scientia:
3195 3150 3475 3203 secundum
3502 3151 3731 3205 eumdem

2142 3239 2430 3311 Spiritum;
2462 3250 2638 3295 tamen
2668 3240 2827 3294 etiam
2854 3239 3073 3295 istorum
3106 3239 3331 3295 duorum
3365 3256 3484 3311 quae
3512 3257 3613 3298 nos
3640 3257 3731 3312 po-

2141 3334 2346 3388 suimus
2374 3332 2774 3387 evidentissima
2804 3330 3101 3387 differentia
3133 3342 3235 3397 est,
3262 3335 3401 3405 quod
3429 3334 3530 3389 alia
3562 3336 3632 3390 sit
3660 3338 3731 3391 in-

2141 3424 2459 3480 tellectualis
2482 3424 2718 3494 cognitio
2748 3433 3068 3480 :eternarum
3097 3440 3299 3489 rerum,
3329 3426 3429 3480 alia
3458 3428 3733 3484 rationalis

2144 3518 2536 3588 temporalium,
2570 3525 2625 3573 et
2653 3516 2777 3571 huic
2808 3517 2950 3571 illam
2980 3518 3389 3588 prteponendam
3415 3534 3536 3576 esse
3560 3521 3731 3576 ambi-

2141 3611 2215 3681 git
2243 3624 2417 3665 nemo.
2462 3608 2905 3679 Relinquentibus
2946 3608 3126 3679 itaque
3167 3609 3323 3665 nobis
3362 3624 3423 3665 ea
3453 3624 3573 3680 qua:
3611 3619 3732 3667 sunt

2142 3702 2424 3756 exterioris
2455 3700 2706 3768 hominis,
2736 3707 2791 3755 ct
2815 3701 2882 3755 ab
2912 3701 2988 3755 eis
3013 3716 3133 3771 quae
3160 3702 3461 3756 communia
3490 3717 3614 3757 cum
3644 3718 3733 3773 pe-

2142 3793 2357 3848 coribus
2396 3792 2651 3847 habemus
2698 3792 2986 3846 introrsum
3028 3793 3318 3849 ascendere
3358 3794 3731 3865 cupientibus,

2141 3894 2425 3955 antequam
2454 3883 2519 3937 ad
2548 3883 2907 3954 cognitionem
2931 3899 3109 3938 rerum
3132 3884 3546 3956 intelligibilium
3574 3896 3731 3958 atque

2140 3993 2469 4034 summarum
2495 3992 2612 4048 qure
2639 3978 2977 4047 sempiterna:
3005 3987 3128 4033 sunt
3150 3981 3459 4036 veniremus
3481 4022 3494 4045 ,
3523 3991 3731 4052 tempo-

2140 4070 2333 4126 raiium
2364 4085 2541 4126 rerum
2580 4070 2815 4141 cognitio
2852 4072 3127 4126 rationalis
3166 4074 3419 4128 occurrit.
3470 4073 3647 4129 Etiam
3679 4075 3729 4131 in

2143 4162 2242 4217 hac
2273 4162 2431 4233 igitur
2456 4163 2818 4229 inveniamus,
2848 4165 2892 4218 si
2924 4178 3234 4232 possumus,
3267 4165 3499 4235 aliquam
3532 4166 3731 4222 trinita-

2142 4266 2247 4312 tem
2270 4298 2282 4321 ,
2322 4256 2458 4310 sicut
2497 4255 2893 4311 inveniebamus
2921 4256 2973 4309 in
3013 4257 3257 4312 sensibus
3286 4259 3555 4328 corporis,
3588 4267 3640 4312 et
3672 4259 3723 4313 in

2142 4348 2205 4402 iis
2232 4363 2350 4418 qua:
2372 4363 2469 4417 per
2497 4362 2590 4402 eos
2614 4348 2663 4401 in
2692 4347 2924 4401 animam
2952 4347 3031 4401 vel
3061 4348 3303 4417 spiritum
3333 4360 3568 4403 nostrum
3596 4350 3720 4403 ima-

2141 4441 2387 4512 ginalitcr
2415 4441 2779 4505 intraverunt;
2811 4448 2867 4494 ut
2894 4454 2990 4509 pro
3018 4441 3390 4510 corporalibus
3414 4441 3570 4497 rebus
3595 4456 3726 4512 quas

2140 4548 2400 4603 corporeo
2431 4534 2558 4588 foris
2589 4534 2789 4603 positas
2815 4532 3123 4603 attingimus
3150 4547 3309 4587 sensu
3328 4574 3345 4601 ,
3376 4533 3517 4587 intus
3544 4549 3728 4603 corpo-

2138 4640 2259 4681 rum
2303 4624 2675 4679 similitudines
2718 4623 3037 4678 haberemus
3082 4625 3371 4694 impressas
3410 4625 3723 4694 memoriae,

2139 4733 2205 4772 ex
2272 4718 2463 4787 quibus
2520 4716 2770 4785 cogitatio
2823 4715 3174 4782 formaretur,
3243 4718 3399 4770 tertia
3456 4717 3727 4773 voluntate

2139 4818 2424 4878 utrumque
2450 4807 2705 4877 jungcnte
2730 4825 2742 4860 :
2772 4807 2910 4860 sicut
2933 4806 3261 4861 formabatur
3285 4806 3418 4861 foris
3438 4808 3580 4863 acies
3607 4824 3726 4863 ocu-

2139 4902 2344 4965 lorum,
2378 4914 2535 4969 quam
2565 4898 2840 4965 voluntas,
2869 4908 2926 4951 ut
2953 4899 3088 4953 visio
3115 4900 3295 4965 ﬁeret,
3328 4900 3616 4956 adhibebat
3647 4898 3721 4957 rei

2137 4993 2356 5059 visibili,
2390 5000 2442 5046 et
2466 5000 2751 5062 utrumque
2775 4991 3051 5062 jungebat,
3084 4993 3242 5047 etiam
3272 4992 3379 5048 illic
3406 4986 3518 5063 ipsa
3550 5008 3609 5049 se
3634 4993 3726 5049 ad-

2138 5100 2359 5141 movens
2401 5086 2632 5139 tertiam.
2684 5083 2790 5139 Sed
2839 5099 2945 5138 non
2988 5091 3071 5139 est
3115 5084 3214 5139 hoc
3243 5086 3622 5141 coaretandum
3669 5086 3724 5142 in

2138 5179 2280 5235 hunc
2309 5178 2525 5245 librum,
2552 5186 2611 5233 ut
2634 5177 2685 5232 in
2714 5192 2779 5232 eo
2803 5177 2893 5248 qui
2918 5178 3175 5248 sequitur,
3206 5177 3250 5231 si
3275 5177 3415 5233 Deus
3436 5178 3719 5247 adjuvet-it,

2136 5271 2517 5326 convenienter
2556 5270 2721 5342 possit
2747 5270 2973 5341 inquiri,
3007 5277 3061 5325 et
3094 5269 3237 5340 quod
3265 5268 3539 5325 inventum
3566 5270 3724 5328 fuerit

2138 5364 2412 5434 explicari.
3722 5443 3741 5527 ε

2211 5526 2230 5558 ί
2251 5525 2386 5588 aliti,
2408 5536 2505 5576 non
2523 5523 2699 5589 fuerat.
2717 5526 2883 5588 Abest,
2906 5536 3021 5588 non,
3041 5534 3073 5576 α
3090 5520 3444 5584 mamma.

1774 5746 2405 5823 (Mem
