4104 6454
359 354 499 417 1015

1543 344 1748 407 LIBER
1785 345 2077 406 TERTIUS
2113 343 2432 407 DECIMUS.

3487 360 3631 420 κει

972 528 1515 714 LIBER
1588 546 1898 713 TER
1918 604 2082 715 T1
2101 604 2287 716 U‘S
2351 606 2569 716 DE
2581 528 3084 723 minus

410 818 725 882 Mm
745 814 810 867 de
830 813 1049 903 λθθηιὶίλ
1073 813 1135 903 ii}-
1147 825 1250 903 q‘iﬁ
1264 811 3309 903 νίάἶὶίοβίε-ἒὲἮῌᾷἓὲίέὲαδηὲἱίἮἯἪιὲξειξξ,ξξξιὲφέἢξιξςὲίεθξς
3475 839 3629 903 δυρρ-

349 874 671 951 riorecte'pit,
692 890 790 951 qua
813 874 1064 929 ocasione
1088 874 1179 951 hie
1189 874 1334 951 iidem
1348 874 1674 951 christianum
1680 874 2041 951 Ψεοςέμξ,
2056 888 2130 924 ex
2137 874 2289 951 plicag'
2300 874 2541 951 quonion
2561 874 2867 932 credentium
2888 886 2955 951 sit
2982 883 3105 937 ﬁdes
3123 874 3309 937 anisi

350 952 470 993 Tum
491 934 845 993 beatitudinem
867 951 1042 1006 omnes
1056 937 1207 1006 velle,
1229 950 1326 986 nec
1346 944 1510 987 tamen
1531 936 1745 1006 omnium
1770 948 1886 1006 esse
1915 934 2182 1006 iidemque
2216 934 2663 1006 ad__beatitudinem
2708 947 3009 1005 pervenitur.
3049 934 3194 998 ian;
3216 934 3633 1006 ξιιίίθιῖᾗᾶἶιῖἷιί

347 1007 534 1055 Christo
559 1016 670 1054 esse
692 1002 942 1052 deﬁnitam
963 1002 1047 1065 qui
1070 1001 1120 1049 in
1142 1012 1289 1067 carne
1310 999 1586 1067 resurrexit
1608 1010 1637 1067 a
1654 998 1877 1067 mortuis,
1898 1010 2001 1067 nec,
2032 998 2124 1067 nisi
2148 1014 2237 1062 per
2255 999 2625 1067 ill‘umrliberari
2650 998 2748 1067 qu'e

347 1068 691 1121 remissionem

2749 1018 3021 1077 mquam_a_
3042 1009 3218 1077 diaboli
3252 1011 3500 1077 dominatu
3536 1028 3630 1077 per

713 1059 1054 1136 νεοαιιονιιιὲιε
1083 1069 1134 1113 οι
1162 1061 1508 1139 ἣξδθρειίέηάίι
1533 1059 1903 1139 demissas
1920 1059 2163 1139 Εἱὲίέίίἓὲ
2182 1062 2276 1139 sed.
2300 1062 2487 1139 ἱμειίιίεε
2515 1067 2642 1139 visci
2666 1059 2695 1116 ὃ
2732 1059 2917 1139 Christo
2942 1059 3190 1139 debui-sse-
3232 1059 3636 1139 mbae-rhea;

345 1131 498 1180 verba
529 1128 559 1179 li
571 1129 644 1178 dei
666 1120 781 1177 dum
804 1127 1048 1177 memoriae
1070 1124 1371 1198 mandantur,
1383 1124 1555 1204 inesse
1577 1120 1832 1204 quamdam
1852 1122 1902 1171 in
1918 1120 2078 1204 animo
2085 1120 2384 1197 trinitatem,
2402 1127 2531 1204 quia.
2542 1134 2594 1176 et
2604 1129 2665 1204 ’in
2672 1132 2911 1204 memoria
2933 1139 3047 1204 sunt
3062 1120 3328 1204 verboan
3337 1120 3468 1204 gilii,
3486 1120 3635 1189 ctiam

345 1190 707 1258 quandohomo
739 1189 852 1238 inde
867 1188 1217 1258 _non_cogitat;
1243 1192 1296 1236 et
1316 1183 1683 1258 indeiormatur
1705 1184 1839 1233 acies
1858 1183 2206 1243 recordationis
2231 1187 2356 1249 ejus,
2370 1183 2566 1252 quando
2587 1189 2653 1242 de
2672 1191 2749 1243 his
2770 1193 2978 1258 cogitat;
2998 1201 3051 1248 ct
3071 1183 3630 1251 amystidas?

343 1247 753 1317 dordantisatqne
771 1250 1029 1316 cogitantis
1050 1247 1314 1313 ﬂuuntque
1335 1247 1602 1312 coniungit.

1869 1370 2135 1425 εθζῦοωϐι

411 1515 638 1574 CAPUT
665 1513 951 1573 PRIMUM.
974 1544 1046 1556 -—-
1074 1514 1128 1570 i.
1155 1512 1433 1585 Sapientiae
1457 1519 1505 1566 et
1528 1509 1749 1566 scientia:
1773 1510 1935 1582 ofﬁcia

340 1628 405 1666 ea:
431 1610 713 1680 Scripturis
733 1608 1018 1663 discernere
1038 1605 1352 1678 aggreditur.
1377 1603 1460 1660 Ex
1484 1603 1704 1659 Joannis
1727 1603 1933 1659 exordio

340 1704 447 1758 alia
487 1702 626 1757 dicta
664 1701 732 1756 ad
759 1700 1059 1771 sapientiam
1081 1740 1098 1767 ,
1124 1700 1230 1753 alia
1276 1699 1343 1752 ad
1379 1698 1637 1753 scientiam
1665 1696 1930 1768 pertinere.

343 1792 591 1860 Quadam
629 1792 701 1847 ibi
725 1790 846 1861 ﬁdei
876 1799 1071 1844 tantum
1099 1789 1291 1844 auxilio
1331 1789 1552 1860 cognita.
1583 1787 1849 1852 Quomodo
1868 1786 1934 1855 ﬁ-

338 1887 454 1941 dem
494 1900 608 1955 qum
630 1885 683 1939 in
710 1884 852 1939 nobis
879 1892 952 1937 est
976 1883 1222 1937 videmus.
1252 1880 1322 1936 In
1362 1881 1538 1936 eadem
1564 1881 1783 1935 Joannis
1811 1896 1933 1935 nar-

337 1980 534 2035 ratione
556 2017 577 2046 ,
604 1977 710 2033 alia
737 1985 855 2031 sunt
896 1975 1126 2044 corporis
1163 1990 1311 2028 sensu
1334 2013 1349 2041 ,
1381 1972 1487 2027 alia
1535 1981 1729 2026 tantum
1773 1973 1931 2027 animi

336 2071 533 2127 ratione
570 2069 793 2139 cognita.
823 2066 881 2122 in
907 2066 1047 2121 libro
1074 2064 1351 2135 superiore
1379 2064 1540 2134 hujus
1566 2064 1747 2134 operis
1789 2064 1927 2120 duo-

334 2163 548 2221 decimo
576 2164 709 2219 satis
745 2162 950 2232 egimus
974 2160 1281 2216 discernere
1309 2158 1583 2214 rationalis
1622 2157 1817 2216 mentis
1845 2159 1928 2213 of-

335 2256 519 2311 ﬁcium
544 2254 601 2310 in
631 2253 1014 2325 temporalibus
1039 2252 1203 2308 rebus
1225 2290 1240 2317 ,
1272 2250 1361 2307 ubi
1388 2267 1495 2305 non
1525 2250 1637 2306 sola
1657 2251 1890 2321 cognitio
1907 2293 1924 2321 ,

336 2362 525 2404 verum
544 2354 600 2403 et
625 2349 769 2402 actio
794 2354 974 2401 nostra
1002 2354 1265 2411 versatur,
1293 2342 1362 2397 ab
1381 2343 1760 2399 excellentiore
1785 2344 1930 2414 ejus-

337 2438 463 2494 dem
492 2437 689 2493 meutis
711 2436 891 2493 cilicio
912 2478 929 2504 ,
957 2434 1100 2507 quod
1134 2435 1559 2505 contemplandis
1596 2436 1810 2491 aeternis
1839 2451 1928 2492 re-

335 2528 437 2584 bus
476 2529 823 2600 impenditur,
853 2544 917 2583 ac
959 2528 1071 2583 sola
1109 2528 1412 2599 cognitione
1441 2528 1641 2583 ﬁnitur.
1674 2528 1926 2584 Commo-

334 2619 453 2676 dius
479 2630 657 2676 autem
687 2620 807 2676 ﬁeri
832 2625 965 2691 puto
981 2660 996 2686 ,
1021 2628 1081 2674 ut
1104 2618 1173 2675 de
1202 2618 1491 2690 Scripturis
1510 2620 1707 2675 sanctis
1730 2620 1925 2691 aliquid

332 2714 687 2782 interseram,
716 2728 823 2785 quo
867 2714 1073 2769 facilius
1125 2714 1294 2785 possit
1340 2720 1626 2784 utrumque
1664 2714 1924 2786 dignosci.

401 2804 458 2860 2.
489 2805 838 2877 Evangelium
882 2820 1037 2861 suum
1057 2804 1293 2861 Joannes
1311 2806 1635 2878 evangelista
1663 2806 1743 2862 sic
1770 2822 1927 2863 exor-

332 2912 425 2953 sus
467 2905 550 2955 est
583 2915 597 2951 :
631 2896 697 2952 In
743 2896 993 2967 principio
1034 2906 1143 2953 erat
1190 2896 1446 2963 Verbum,
1475 2906 1522 2952 et
1556 2897 1773 2954 Verbum
1818 2907 1927 2955 erat

332 2990 472 3062 apud
511 2990 678 3046 Deum
696 3030 712 3059 ,
738 2998 785 3044 et
808 2989 948 3044 Deus
990 2999 1099 3045 erat
1137 2989 1347 3045 Verbum
1380 3006 1399 3045 :
1426 2992 1522 3045 hoc
1562 2998 1668 3045 erat
1700 2992 1756 3047 in
1785 2993 1927 3062 prin-

333 3084 467 3155 cipio
494 3084 635 3152 apud
658 3082 845 3141 Deum.
877 3082 1063 3140 Omnia
1088 3099 1178 3154 per
1204 3082 1373 3153 ipsum
1398 3084 1534 3154 facta
1561 3093 1678 3138 sunt
1701 3126 1717 3152 ,
1749 3093 1795 3139 et
1817 3086 1931 3141 sine

334 3175 444 3246 ipso
467 3175 658 3246 factum
675 3184 746 3231 est
766 3176 895 3235 nihil
913 3177 1049 3248 quod
1073 3180 1265 3248 factum
1293 3184 1371 3230 est
1393 3191 1413 3231 :
1437 3176 1491 3230 in
1529 3177 1642 3247 ipso
1666 3178 1768 3231 vita
1795 3185 1923 3243 erat,

335 3278 384 3324 et
409 3268 510 3323 vita
538 3277 646 3323 erat
691 3268 783 3323 tua:
807 3268 1068 3323 hominum
1091 3308 1105 3333 ,
1134 3277 1182 3322 et
1208 3268 1298 3322 lux
1340 3268 1396 3322 in
1425 3267 1635 3323 tenebris
1679 3269 1809 3324 lucet
1830 3311 1846 3337 ,
1878 3277 1927 3324 et

337 3365 551 3419 tenebris
583 3379 699 3417 eant
719 3378 821 3419 non
849 3362 1354 3435 comprehenderunt.
1384 3360 1510 3416 Fuit
1547 3361 1698 3417 homo
1739 3363 1926 3419 missus

337 3470 371 3508 a
394 3453 527 3522 Deo,
555 3455 638 3508 cui
681 3470 863 3510 nomen
890 3462 1001 3509 erat
1036 3452 1265 3508 Joannes
1290 3469 1310 3508 :
1340 3453 1422 3508 hic
1447 3452 1578 3507 venit
1616 3455 1671 3509 in
1699 3457 1925 3509 testimo-

339 3548 515 3614 nium,
556 3556 609 3601 ut
633 3548 973 3602 testimonium
1003 3544 1282 3617 perhiberet
1322 3546 1386 3600 de
1409 3546 1632 3613 lumine,
1674 3556 1730 3600 ut
1754 3562 1927 3602 omnes

339 3642 597 3697 crederem
631 3657 722 3713 per
742 3641 911 3696 illum.
941 3640 1062 3694 Non
1089 3648 1197 3694 erat
1221 3640 1312 3694 ille
1352 3639 1475 3707 tum,
1506 3638 1595 3694 sed
1623 3648 1680 3693 ut
1704 3641 1928 3695 testimo-

340 3734 480 3788 nium
517 3732 794 3804 perhiberet
820 3734 884 3787 de
911 3731 1120 3789 lumine.
1151 3730 1282 3786 Erat
1316 3731 1407 3787 tua:
1431 3747 1549 3786 vera
1592 3747 1707 3803 qua:
1733 3731 1927 3788 illumi-

339 3834 427 3880 nat
464 3839 664 3880 omnem
691 3825 943 3879 bonainem
981 3824 1257 3879 venientem
1302 3824 1354 3877 in
1384 3823 1518 3878 hunc
1562 3824 1827 3879 mundum.
1859 3821 1927 3879 In

338 3918 528 3973 mundo
555 3922 682 3983 erat,
715 3927 763 3973 et
789 3918 1008 3972 mundus
1032 3934 1122 3989 per
1137 3918 1303 3987 ipsum
1328 3921 1492 3990 factus
1519 3927 1611 3982 est,
1638 3927 1683 3972 et
1708 3918 1926 3973 mundus

338 4027 451 4067 eam
488 4028 591 4067 non
615 4011 862 4084 cognouit.
890 4009 958 4064 In
978 4011 1188 4082 propria
1207 4010 1370 4077 venit,
1401 4019 1449 4063 et
1471 4009 1550 4063 sui
1575 4025 1689 4063 eum
1714 4025 1815 4064 non
1841 4025 1924 4063 re-

340 4112 598 4175 ceperunt.
651 4102 909 4172 Quotquot
947 4109 1115 4155 autem
1162 4110 1456 4172 receperunt
1494 4116 1642 4165 eum,
1672 4101 1809 4155 dedit
1855 4101 1927 4156 eis

342 4204 635 4266 potestatem
683 4196 819 4266 ﬁlios
861 4194 960 4249 Dei
990 4196 1134 4265 ﬁeri,
1165 4194 1228 4249 iis
1269 4196 1356 4267 qui
1400 4193 1610 4249 credunt
1646 4195 1699 4249 in
1726 4197 1928 4250 nomine

339 4290 451 4353 eius
478 4303 501 4345 :
522 4290 611 4360 qui
635 4305 738 4343 non
781 4304 845 4343 ea:
868 4286 1197 4359 sanguinibus
1212 4329 1226 4353 ,
1259 4302 1418 4359 neque
1441 4303 1505 4341 ex
1529 4286 1785 4342 voluntate
1808 4303 1923 4339 car-

339 4386 452 4453 nis,
493 4399 652 4455 neque
692 4399 756 4438 ea:
794 4380 1048 4436 voluntate
1082 4380 1209 4447 viri,
1253 4380 1341 4435 sed
1388 4395 1452 4435 ea:
1492 4379 1603 4435 Deo
1639 4380 1744 4435 nati
1786 4388 1922 4434 sunt.

340 4476 407 4532 Et
435 4475 639 4530 verbum
679 4490 799 4529 caro
847 4476 1037 4546 factum
1065 4480 1170 4539 est,
1198 4480 1244 4525 et
1283 4471 1526 4526 habitavit
1560 4472 1613 4526 in
1661 4472 1824 4526 nobis.
1858 4471 1927 4525 Et

338 4569 555 4624 vidimus
577 4568 792 4640 gloriam
822 4568 952 4637 ejus,
979 4565 1193 4637 gloriam
1217 4565 1359 4635 quasi
1391 4562 1650 4635 Unigeniti
1673 4578 1704 4616 a
1731 4561 1889 4617 Patre
1907 4605 1923 4631 ,

341 4663 546 4734 plenum
573 4661 755 4734 gratia:
792 4668 837 4714 et
859 4659 1082 4714 veritatis
1104 4656 1281 4731 (Joan.
1311 4673 1360 4723 ι,
1389 4657 1568 4728 1-14).
1600 4656 1712 4713 Hoc
1753 4663 1924 4712 totum

338 4755 477 4828 quod
501 4771 569 4810 ex
597 4753 886 4825 Evangelia
925 4750 1073 4822 posui
1099 4794 1114 4818 ,
1148 4751 1199 4805 in
1225 4747 1647 4821 praecedentibus
1672 4750 1783 4805 suis
1803 4762 1926 4820 par—

336 4847 478 4902 tibus
521 4845 682 4901 habet
718 4842 857 4915 quod
900 4840 1230 4898 immutabile
1270 4855 1332 4896 ac
1377 4839 1761 4911 sempiternum
1801 4848 1921 4909 est,

334 4940 489 5011 cujus
515 4937 891 5007 contemplatio
931 4950 1028 4990 nos
1050 4934 1236 4990 beatos
1264 4932 1426 4988 facit:
1457 4932 1509 4987 in
1548 4933 1926 5005 consequenti-

332 5030 437 5086 bus
467 5044 597 5086 vero
624 5029 885 5100 permixta
910 5040 1032 5082 cum
1077 5024 1461 5095 temporalibus
1488 5038 1923 5080 commemoran-

336 5132 426 5178 tur
469 5121 799 5195 tcterna.’Ac
837 5134 937 5192 per
961 5118 1064 5173 hoc
1092 5117 1271 5187 aliqua
1302 5115 1371 5170 ibi
1399 5116 1466 5171 ad
1492 5115 1770 5172 scientiam
1799 5131 1923 5186 per-

339 5216 511 5271 tinent
533 5254 550 5280 ,
581 5214 754 5285 aliqua
803 5211 869 5267 ad
914 5210 1225 5281 sapientiam
1249 5248 1264 5271 .
1294 5206 1431 5263 sicut
1469 5208 1523 5263 in
1551 5207 1688 5263 libro
1715 5206 1921 5264 duode-

335 5309 477 5363 cimo
498 5316 680 5361 nostra
727 5305 997 5377 praecessit
1040 5301 1331 5358 distinctio.
1373 5298 1629 5368 Nam,!n
1675 5301 1925 5372 principio

336 5410 443 5455 erat
495 5399 747 5464 Verbum,
775 5408 821 5454 et
858 5396 1074 5452 Verbum
1105 5404 1213 5451 erat
1257 5394 1398 5465 apud
1442 5393 1647 5458 Deum,
1699 5402 1745 5448 et
1783 5393 1926 5449 Deus

336 5503 443 5551 erat
476 5491 695 5549 Verbum
722 5508 742 5547 :
765 5494 860 5547 hoc
882 5500 987 5546 erat
1007 5491 1058 5545 in
1086 5486 1336 5560 principio
1361 5486 1501 5560 apud
1524 5486 1706 5544 Deum.
1737 5487 1924 5544 Omnia

338 5602 425 5658 per
472 5587 643 5659 ipsum
693 5587 827 5655 facta
874 5593 1027 5651 sunt,
1060 5590 1109 5637 et
1148 5582 1256 5637 sine
1279 5582 1388 5651 ipso
1434 5585 1624 5652 factum
1653 5590 1725 5636 est
1754 5583 1922 5637 nihil:

336 5681 471 5753 quod
497 5680 688 5751 factum
726 5686 800 5733 est
845 5677 897 5731 in
921 5677 1033 5745 ipso
1058 5679 1161 5729 vita
1201 5682 1327 5740 erat,
1359 5682 1405 5727 et
1428 5674 1529 5728 vita
1557 5683 1663 5727 erat
1694 5674 1784 5729 lux
1830 5675 1923 5729 Ιισ-

340 5771 533 5826 minum
559 5814 575 5840 ,
599 5779 648 5826 et
676 5771 765 5825 tua:
786 5770 840 5824 in
883 5768 1093 5823 tenebris
1138 5767 1270 5821 lucet
1289 5808 1303 5833 ,
1331 5774 1377 5821 et
1408 5765 1624 5821 tenebris
1667 5782 1777 5821 eam
1819 5784 1921 5822 non

338 5863 859 5938 comprehenderunt;
887 5860 1352 5934 contemplativam
1392 5860 1554 5918 vitam
1589 5861 1839 5932 requirit,
1867 5872 1923 5919 et

2041 1508 2387 1567 intellectuali
2417 1521 2599 1570 mente
2629 1516 2960 1575 cernendum
3000 1528 3101 1579 est.
3131 1522 3246 1591 Qua
3266 1522 3318 1578 in
3344 1538 3404 1580 re
3432 1532 3635 1595 quanto

2039 1602 2208 1673 magis
2231 1604 2456 1675 quisque
2484 1605 2812 1676 profecerit,
2846 1618 2994 1667 tanto
3035 1612 3127 1669 ﬂet
3154 1614 3271 1671 sine
3299 1614 3636 1676 dubitatione

2038 1696 2349 1765 sapientior.
2380 1698 2483 1754 Sed
2510 1708 2730 1771 propter
2756 1702 2809 1757 id
2835 1704 2978 1772 quo’d
3022 1706 3129 1772 ait,
3161 1706 3276 1763 Luc
3315 1710 3445 1765 lucet
3472 1711 3525 1765 in
3553 1720 3628 1767 te-

2038 1785 2223 1851 nebris,
2253 1796 2301 1840 et
2331 1789 2545 1845 tenebrae
2567 1807 2677 1845 eam
2699 1809 2801 1847 non
2830 1796 3316 1866 comprehenderunt
3339 1816 3359 1865 ;
3389 1800 3494 1857 ﬁde
3523 1801 3632 1858 uti-

2036 1893 2139 1948 que
2166 1894 2300 1951 opus
2341 1894 2487 1952 erat,
2519 1900 2622 1954 qua
2648 1885 2957 1943 crederetur
2999 1878 3141 1960 quod
3186 1906 3292 1947 non
3332 1893 3627 1950 videretur.

2038 1971 2309 2028 Tenebras
2334 1975 2530 2046 quippe
2553 1978 2774 2051 intelligi
2798 1980 2963 2036 voluit
2988 2022 3003 2047 ,
3028 1997 3214 2040 aversa
3235 1984 3301 2041 ab
3325 1985 3632 2057 ltujusmodi

2035 2064 2153 2119 luce
2200 2081 2424 2137 eamque
2472 2070 2649 2125 minus
2696 2070 2885 2127 idonea
2925 2076 3170 2131 contueri
3218 2076 3382 2133 corda
3424 2087 3629 2135 morta-

2034 2157 2164 2235 lium
2197 2177 2210 2214 :
2244 2169 2462 2232 propter
2484 2162 2628 2243 quod
2649 2163 2890 2239 adjungit
2915 2175 2969 2222 et
2988 2167 3152 2242 dicit,
3179 2169 3303 2226 Fuit
3331 2172 3480 2227 homo
3506 2175 3630 2229 mis-

2033 2265 2118 2305 sus
2143 2268 2176 2305 α
2214 2251 2342 2319 Deo,
2365 2254 2449 2308 cui
2474 2271 2653 2309 nomen
2693 2266 2801 2311 erat
2830 2256 3060 2315 Joannes
3090 2276 3109 2316 :
3137 2260 3219 2316 hic
3243 2263 3378 2317 venit
3402 2264 3456 2317 in
3491 2265 3631 2321 testi-

2018 2338 2280 2410 monium,
2311 2352 2364 2398 ut
2385 2346 2725 2402 testimonium
2746 2348 3026 2420 perhiberet
3055 2351 3118 2405 de
3138 2352 3348 2422 lumine,
3375 2363 3430 2408 ut
3455 2370 3629 2411 omnes

2031 2436 2289 2494 crederent
2313 2456 2403 2511 per
2421 2439 2585 2495 illum.
2617 2442 2731 2498 Hoc
2750 2442 2863 2514 jam
2893 2446 3261 2515 temporaliter
3286 2456 3492 2519 gestum
3522 2457 3628 2516 est,

2032 2536 2086 2583 et
2133 2531 2200 2586 ad
2240 2532 2518 2588 scientiam
2560 2536 2826 2605 pertinet,
2860 2554 2979 2610 quae
3021 2539 3326 2611 cognitione
3368 2540 3630 2601 historica

2030 2623 2352 2681 continetur.
2396 2626 2681 2684 Hominem
2723 2638 2903 2687 autem
2944 2631 3205 2690 Joannem
3247 2635 3302 2691 in
3348 2635 3627 2713 phantasia

2031 2716 2349 2787 cogitamus,
2377 2734 2499 2789 qum
2524 2718 2589 2776 de
2617 2721 2864 2778 humana:
2903 2732 3112 2781 natura;
3155 2728 3343 2783 notitia
3366 2729 3629 2801 impressa

2030 2818 2114 2865 est
2154 2819 2351 2867 nostra:
2397 2814 2694 2870 memoriae.
2721 2816 2789 2871 Et
2818 2814 2922 2873 hoc
2940 2817 3127 2874 eodem
3158 2820 3321 2876 modo
3349 2822 3621 2894 cogitant,

2030 2898 2142 2956 sive
2165 2901 2255 2971 qui
2286 2902 2384 2957 ista
2416 2920 2520 2958 non
2551 2905 2810 2975 credunt,
2833 2908 2946 2963 sive
2969 2908 3061 2980 qui
3088 2910 3336 2968 credunt.
3364 2911 3620 2986 Utrisque

2029 2992 2171 3047 enim
2220 3003 2405 3048 notum
2453 3003 2538 3051 est
2587 2995 2713 3068 quid
2764 2998 2834 3053 sit
2861 2998 3059 3071 homo,
3100 3002 3253 3074 cujus
3297 3003 3624 3062 exteriorem

2028 3093 2234 3156 partem
2258 3126 2274 3154 ,
2308 3085 2360 3142 id
2383 3095 2501 3155 est,
2528 3102 2723 3161 corpus
2755 3105 2853 3162 per
2893 3094 3135 3163 corporis
3178 3095 3377 3152 lumina
3420 3095 3626 3153 didice-

2028 3185 2154 3231 runt
2187 3193 2200 3232 :
2229 3176 2539 3234 interiorem
2587 3195 2716 3236 vero
2739 3224 2754 3251 ,
2779 3183 2833 3238 id
2871 3192 2987 3250 est,
3013 3185 3247 3243 animam
3275 3190 3329 3243 in
3376 3192 3434 3245 Se
3460 3188 3622 3262 ipsis,

2030 3268 2155 3339 quia
2184 3276 2239 3325 et
2266 3269 2367 3340 ipsi
2397 3272 2641 3329 homines
2669 3282 2833 3343 sunt,
2867 3285 2920 3332 et
2944 3292 3039 3348 per
3064 3278 3350 3336 humanam
3394 3297 3626 3339 conver-

2029 3360 2292 3417 sationem
2326 3364 2591 3435 cognitam
2632 3375 2815 3423 tenent
2846 3378 2941 3425 :ut
2961 3372 3167 3440 possint
3207 3373 3441 3445 cogitare
3482 3375 3628 3447 quod

2030 3452 2228 3510 dicimr
2247 3497 2262 3522 ,
2296 3454 2423 3509 Fuit
2474 3457 2623 3513 homo
2668 3461 2753 3513 cui
2780 3478 2961 3515 nomen
2986 3470 3095 3517 erat
3118 3463 3347 3520 Joannes
3372 3482 3392 3521 :
3418 3466 3539 3538 quia
3570 3476 3628 3523 et

2030 3546 2244 3601 nomina
2269 3546 2443 3603 sciunt
2469 3548 2735 3620 loquendo
2762 3560 2815 3606 et
2842 3553 3131 3612 audiendo.
3159 3556 3312 3626 Quod
3338 3566 3518 3614 autem
3545 3556 3622 3614 ibi

2028 3645 2110 3692 est
2133 3678 2148 3704 ,
2173 3637 2358 3692 missus
2382 3654 2414 3692 a
2441 3637 2585 3706 Deo;
2614 3640 2717 3697 ﬁde
2749 3648 2931 3698 tenent
2959 3642 3051 3715 qui
3073 3654 3254 3707 tenent
3278 3666 3292 3703 :
3323 3656 3378 3704 et
3397 3650 3489 3721 qui
3516 3648 3621 3707 fide

2030 3738 2139 3782 non
2182 3737 2406 3797 tenent,
2448 3739 2542 3785 aut
2570 3731 2902 3790 dubitatione
2931 3737 3242 3809 ambigunt,
3270 3748 3362 3796 aut
3390 3741 3623 3798 inﬁdeli-

2028 3825 2139 3876 tate
2165 3820 2426 3877 derident.
2454 3823 2676 3896 Utrique
2704 3835 2902 3894 tamen,
2936 3830 2980 3883 si
3009 3842 3114 3886 non
3143 3842 3267 3888 sunt
3291 3849 3357 3889 ex
3392 3851 3620 3893 numero

2029 3912 2189 3968 nimis
2217 3913 2583 3983 insipientium
2604 3957 2620 3985 ,
2653 3918 2742 3988 qui
2773 3917 2957 3975 dicunt
2984 3922 3037 3977 in
3062 3924 3227 3981 corde
3248 3939 3366 3993 suo,
3395 3925 3518 3982 Non
3547 3938 3621 3984 est

2029 4004 2170 4061 Deus
2195 4005 2366 4080 (Psal.
2396 4024 2517 4077 xm,
2550 4007 2625 4083 l),
2659 4009 2773 4067 haec
2797 4012 3075 4070 audientes
3108 4018 3269 4074 verba
3289 4059 3308 4088 ,
3338 4031 3625 4093 utrumque

2028 4098 2282 4169 cogitant,
2315 4106 2371 4155 et
2393 4099 2522 4170 quid
2550 4102 2619 4156 sit
2642 4102 2780 4158 Deus
2799 4145 2816 4171 ,
2845 4112 2900 4159 et
2924 4106 3049 4175 quid
3080 4108 3148 4162 sit
3174 4110 3311 4165 mitti
3334 4126 3363 4166 a
3392 4111 3539 4181 Deo;
3567 4119 3625 4170 et

2028 4192 2073 4247 si
2099 4206 2206 4246 non
2237 4192 2373 4246 sicut
2400 4208 2487 4248 res
2513 4208 2572 4249 se
2598 4193 2794 4251 habent
2818 4238 2833 4261 ,
2862 4206 2917 4251 at
2943 4206 3087 4255 certe
3112 4200 3252 4257 sicut
3274 4204 3473 4260 valent.

2101 4284 2155 4339 5.
2178 4283 2364 4339 Fidem
2396 4299 2555 4355 porro
2577 4286 2744 4357 ipsam
2771 4304 2930 4359 quam
2958 4290 3103 4348 videt
3125 4294 3350 4366 quisque
3374 4296 3426 4351 in
3457 4297 3621 4355 corde

2028 4391 2127 4432 suo
2166 4390 2319 4444 esse,
2352 4376 2398 4432 si
2436 4379 2636 4447 credit,
2685 4382 2770 4436 vel
2812 4397 2917 4439 non
2971 4400 3124 4454 esse,
3155 4388 3201 4444 si
3254 4405 3360 4444 non
3408 4391 3617 4464 credit,

2028 4466 2185 4522 aliter
2212 4468 2459 4523 novimus
2488 4487 2503 4525 :
2536 4485 2640 4525 non
2667 4472 2803 4529 sicut
2827 4489 3051 4546 corpora
3082 4493 3201 4549 quae
3222 4479 3467 4539 videmus
3491 4498 3622 4540 ocu-

2029 4558 2095 4614 lis
2115 4559 2389 4629 corporeis
2410 4603 2423 4626 ,
2450 4571 2505 4617 et
2532 4578 2627 4633 per
2656 4564 2893 4634 ipsorum
2918 4569 3172 4641 imagines
3197 4587 3328 4644 quas
3359 4577 3619 4634 memoria

2029 4658 2293 4720 tenemus,
2315 4653 2474 4708 etiam
2502 4654 2740 4712 absentia
2771 4659 3101 4731 cogitamus;
3129 4679 3229 4722 nec
3252 4668 3389 4724 sicut
3413 4683 3478 4725 ea
3499 4686 3619 4742 qua:

2029 4758 2135 4800 non
2176 4745 2405 4802 vidimus
2426 4789 2440 4815 ,
2476 4756 2530 4803 et
2578 4763 2645 4805 ex
2674 4750 2739 4807 iis
2767 4768 2884 4823 qua:
2923 4754 3151 4812 vidimus
3178 4760 3498 4830 cogitatione
3528 4771 3617 4819 ut~

2029 4849 2257 4908 cumque
2282 4836 2602 4908 formamus,
2634 4850 2689 4898 et
2717 4846 2988 4902 memoria:
3015 4849 3452 4908 commendamus
3470 4895 3486 4921 ,
3508 4871 3619 4927 quo

2029 4945 2366 4988 recurremus
2403 4947 2524 4989 cum
2554 4935 2910 5007 voluerimus,
2950 4948 3009 4995 ut
3051 4940 3158 4996 illic
3183 4957 3280 5011 ea,
3307 4944 3393 5000 vel
3436 4947 3615 5020 potius

2028 5023 2440 5094 qualescumque
2483 5025 2738 5098 imagines
2767 5043 2953 5085 eorum
2998 5046 3130 5101 quas
3156 5032 3228 5088 ibi
3257 5032 3504 5106 tiximus,
3533 5038 3614 5094 si-

2027 5115 2223 5172 militer
2267 5117 2637 5196 recordatione
2681 5137 2994 5191 cernamus;
3020 5138 3119 5181 nec
3158 5126 3294 5182 sicut
3339 5127 3615 5187 hominem

2026 5206 2231 5275 Vivum,
2260 5208 2413 5279 cujus
2434 5212 2662 5266 animam
2685 5214 2891 5269 etiamsi
2914 5229 3017 5269 non
3048 5215 3309 5288 videmus,
3335 5233 3404 5275 ex
3429 5229 3614 5280 nostra

2028 5300 2340 5371 conjicimus
2359 5342 2374 5367 ,
2403 5309 2457 5357 et
2482 5318 2547 5358 ex
2573 5304 2806 5361 motibus
2832 5306 3200 5378 corporalibus
3230 5309 3501 5368 hominem
3528 5313 3614 5370 vi-
3665 5329 3673 5335 '

2026 5404 2172 5459 vum,
2204 5393 2343 5448 sicut
2368 5393 2596 5451 videndo
2626 5395 2643 5427 ί
2677 5395 2959 5455 didicimus
2982 5441 2996 5466 ,
3025 5401 3297 5459 intuemur
3323 5404 3487 5462 etiam
3520 5420 3617 5464 co-

2026 5482 2263 5553 gitando.
2305 5482 2423 5549 Non,
2460 5485 2538 5540 sic
2567 5486 2777 5543 videtur
2806 5488 2937 5546 ﬁdes
2974 5490 3027 5546 in
3056 5495 3238 5562 corde,
3270 5495 3323 5551 in
3350 5512 3458 5570 quo
3486 5507 3609 5569 est,
3646 5483 3663 5502 ’

2025 5575 2093 5631 ab
2121 5590 2186 5629 eo
2205 5574 2356 5644 cujus
2392 5584 2475 5631 est
2504 5595 2517 5632 :
2547 5579 2642 5635 sed
2678 5596 2796 5636 eam
2826 5591 2969 5640 tenet
3006 5588 3302 5645 certissima
3345 5591 3568 5647 scientia
3598 5635 3615 5662 ,
3648 5590 3655 5601 “

2025 5668 2322 5739 clamatque
2367 5672 2713 5730 conscientia.
2756 5676 2891 5732 Cum
2938 5677 3118 5751 itaque
3167 5692 3444 5753 propterea
3489 5700 3612 5742 cre-

2026 5759 2153 5815 dere
2192 5759 2492 5829 jubeamur,
2524 5767 2645 5836 quia
2699 5767 2752 5824 id
2792 5769 2933 5841 quod
2968 5773 3188 5831 credere
3230 5775 3503 5849 jubemur,
3530 5779 3612 5837 vi-

2089 5877 2107 5908 ⁸
2130 5873 2299 5928 Plures
2319 5884 2446 5941 Mss,
2472 5880 2687 5935 vivendo.
