4104 6434
532 344 671 401 ωίό

524 459 654 514 dere
706 472 814 513 non
871 473 1189 529 possumus;
1243 461 1414 531 ipsam
1467 470 1645 516 tamen
1683 461 1841 518 ﬁdem
1890 463 2103 533 quando

523 552 664 606 inest
710 550 763 605 in
822 551 1005 619 nobis,
1052 552 1292 608 videmus
1338 552 1391 607 in
1433 552 1587 607 nobis
1616 568 1631 606 :
1659 553 1784 623 quia
1825 562 1879 609 et
1923 569 2104 611 rerum

522 642 822 698 absentium
869 657 1103 712 praesens
1155 652 1238 699 est
1284 642 1455 709 ﬁdes,
1485 652 1540 699 et
1578 660 1757 699 rerum
1800 660 1917 715 qua:
1970 646 2101 702 foris

524 741 647 787 sunt
675 733 816 787 intus
847 741 929 787 est
958 732 1107 800 ﬁdes,
1140 742 1194 789 et
1226 748 1407 788 rerum
1435 749 1553 804 quae
1583 750 1685 789 non
1736 735 1981 790 videntur
2016 735 2097 792 vi-

523 825 678 880 detur
719 825 888 893 ﬁdes,
938 834 993 880 et
1028 827 1143 897 ipsa
1186 836 1364 882 tamen
1408 828 1771 897 temporaliter
1797 828 1854 883 ﬁt
1898 829 1952 884 in
1977 844 2100 884 cor-

525 917 676 972 dibus
720 917 1035 984 hominum;
1067 928 1121 973 et
1166 919 1212 973 si
1242 935 1307 973 ex
1350 918 1625 984 ﬁdelibus,
1663 919 1904 974 inﬁdeles
1930 919 2095 987 ﬁunt,

522 1011 654 1080 perit
680 1010 745 1064 ab
770 1011 866 1064 eis.
896 1011 1194 1081 Aliquando
1224 1020 1402 1067 autem
1430 1021 1485 1067 et
1513 1014 1669 1067 rebus
1698 1011 1845 1067 falsis
1874 1028 2098 1068 accom-

522 1101 764 1156 modatur
790 1102 921 1157 ﬁdes
952 1121 964 1155 :
997 1103 1266 1173 loquimur
1298 1104 1439 1158 enim
1465 1103 1543 1159 sic
1566 1145 1582 1170 ,
1614 1112 1673 1159 ιιι
1699 1103 1958 1168 dicamus,
1989 1104 2094 1159 Ha-

518 1193 622 1249 bita
652 1202 733 1247 est
753 1194 801 1249 ei
831 1193 961 1248 ﬁdes
980 1236 995 1260 ,
1026 1202 1080 1249 et
1105 1194 1332 1265 decepit.
1360 1194 1541 1263 Qualis
1567 1194 1729 1259 ﬁdes,
1765 1196 1807 1249 si
1836 1203 2012 1250 tamen
2039 1204 2095 1251 et

515 1283 627 1353 ipsa
662 1284 881 1338 dicenda
927 1293 1009 1339 est
1050 1284 1215 1351 ﬁdes,
1243 1300 1349 1340 non
1380 1285 1713 1355 culpabiliter
1738 1284 1804 1340 de
1841 1286 2092 1341 cordibus

514 1375 671 1443 perit,
702 1374 917 1445 quando
944 1390 1060 1430 eam
1104 1376 1316 1431 inventa
1356 1377 1551 1431 veritas
1579 1378 1745 1445 pellit.
1774 1376 2093 1447 Optabilitcr

511 1476 687 1521 autem
730 1484 909 1523 rerum
953 1484 1199 1525 verarum
1228 1470 1282 1523 in
1309 1470 1522 1525 easdem
1571 1485 1657 1525 res
1706 1470 1836 1524 ﬁdes
1878 1469 2085 1524 transit.

509 1558 625 1613 Non
651 1560 790 1614 enim
818 1560 1099 1615 dicendum
1130 1571 1210 1616 est
1229 1604 1244 1629 ,
1277 1561 1441 1628 Perit,
1472 1561 1683 1631 quando
1708 1576 1789 1627 ea,
1822 1576 1940 1630 quze
1966 1575 2089 1615 cre-

508 1649 797 1717 debantur,
823 1652 1086 1706 videntur.
1126 1652 1393 1721 Numquid
1443 1653 1582 1706 enim
1625 1652 1798 1705 adhuc
1833 1652 1965 1707 ﬁdes
2001 1650 2088 1705 di-

506 1743 674 1797 cenda
699 1752 808 1810 est,
839 1760 957 1798 eum
1002 1745 1219 1800 delinita
1257 1746 1327 1801 sit
1369 1745 1421 1799 in
1450 1744 1682 1813 Epistola
1720 1744 1786 1798 ad
1833 1743 2087 1799 Hebrreos

508 1835 679 1902 ﬁdes,
723 1836 1028 1907 dictumque
1076 1838 1143 1892 sit
1168 1854 1283 1892 eam
1314 1852 1432 1893 esse
1472 1835 1861 1892 convictionem
1905 1850 2086 1892 rerum

506 1942 623 1997 qum
656 1944 758 1982 non
792 1929 1035 1984 videntur
1063 1929 1245 1999 (Hebr.
1274 1945 1328 1983 ιι
1348 1971 1362 1994 ,
1393 1928 1479 1999 1)?

574 2021 628 2074 4.
660 2020 862 2075 Deinde
890 2021 1028 2090 quod
1056 2021 1313 2090 sequitur,
1343 2018 1445 2073 Hic
1473 2020 1604 2073 venit
1628 2020 1680 2073 in
1707 2019 2043 2073 testimonium
2066 2058 2082 2083 ,

500 2119 557 2164 ut
591 2111 925 2164 testimonium
973 2110 1250 2180 perhiberet
1280 2110 1343 2164 de
1365 2110 1554 2165 lumine
1578 2151 1592 2176 ,
1621 2120 1675 2164 ut
1704 2126 1875 2164 omnes
1911 2110 2085 2164 crede-

499 2213 607 2258 rent
655 2221 743 2275 per
788 2204 955 2267 illum;
999 2203 1176 2269 actio,
1223 2212 1283 2257 ut
1326 2202 1593 2267 diximus,
1624 2203 1928 2272 temporalis
1979 2210 2081 2257 est.

498 2296 885 2364 Temporaliter
909 2296 1052 2350 enim
1095 2296 1455 2351 testimonium
1500 2294 1806 2363 perhibetur
1833 2294 1989 2348 etiam
2016 2292 2084 2347 de

495 2404 557 2443 re
587 2389 910 2458 sempiterna
932 2431 945 2455 ,
977 2387 1117 2458 quod
1147 2397 1227 2441 est
1270 2387 1599 2456 intelligibile
1640 2386 1841 2440 lumen.
1876 2386 1949 2439 De
1977 2399 2082 2455 quo

497 2488 560 2535 ut
607 2480 969 2535 testimonium
1018 2480 1323 2549 perhiberet
1366 2479 1508 2533 venit
1550 2477 1819 2544 Joannes,
1854 2478 1941 2547 qui
1981 2493 2082 2531 non

493 2583 605 2629 erat
651 2574 741 2627 lux
768 2617 783 2640 ,
831 2573 919 2627 sed
958 2582 1010 2626 ut
1060 2574 1396 2626 testimonium
1438 2572 1714 2642 perhiberet
1762 2571 1825 2625 de
1870 2571 2079 2627 lumine.

492 2668 748 2738 Adjungit
793 2668 933 2722 enim
964 2686 976 2720 :
1010 2665 1139 2720 Erat
1182 2667 1273 2721 lux
1309 2682 1425 2720 vera
1462 2682 1576 2736 qua:
1602 2665 1859 2719 illuminat
1882 2680 2079 2719 onmem

492 2760 745 2814 hominem
769 2760 1043 2814 venientem
1088 2759 1139 2811 in
1167 2759 1300 2811 hunc
1328 2757 1590 2811 mundum.
1621 2756 1689 2810 In
1717 2756 1904 2810 mundo
1927 2765 2034 2809 erat
2056 2796 2075 2825 ,

491 2860 539 2907 ct
585 2851 802 2905 mundus
829 2868 917 2921 per
947 2852 1113 2920 ipsum
1159 2854 1323 2920 factus
1348 2859 1457 2917 est,
1487 2858 1534 2903 et
1564 2848 1783 2903 mundus
1821 2865 1936 2902 eum
1975 2864 2078 2903 non

490 2945 740 3015 cognovit.
772 2943 839 2997 In
870 2944 1077 3013 prapria
1105 2944 1236 2997 venit
1256 2986 1270 3009 ,
1295 2951 1341 2997 et
1369 2942 1450 2996 sui
1487 2959 1600 2996 eum
1630 2958 1730 2995 non
1760 2950 2072 3010 receperunt.

488 3036 619 3094 Haec
665 3038 828 3092 verba
878 3035 1055 3092 omnia
1096 3038 1184 3107 qui
1232 3036 1447 3091 latinam
1494 3037 1725 3107 linguam
1772 3036 1966 3101 sciunt,
2008 3050 2075 3091 ex

487 3129 654 3186 rebus
675 3128 972 3200 intelligunt
998 3144 1129 3199 quas
1151 3136 1438 3185 noverunt.
1458 3128 1691 3196 Quarum
1708 3127 2075 3207 aliqumnobis

489 3225 843 3280 innatuerunt
884 3238 980 3291 per
1028 3222 1269 3291 corporis
1310 3235 1520 3285 sensus,
1549 3220 1684 3275 sicut
1725 3219 1905 3287 homo,
1938 3221 2075 3277 sicut

488 3319 606 3389 ipse
653 3318 917 3382 mundus,
959 3316 1113 3386 cujus
1152 3326 1259 3369 tam
1306 3314 1607 3370 evidentem
1654 3313 2072 3383 magnitudinem

488 3412 777 3476 cernimus,
825 3411 962 3465 sicut
1003 3408 1313 3465 eorumdem
1356 3408 1641 3463 verborum
1683 3407 1836 3473 soni;
1868 3421 1990 3461 nam
2019 3415 2073 3463 et

486 3506 697 3561 auditus
718 3520 908 3561 sensus
934 3512 1016 3558 est
1039 3503 1278 3573 corporis
1312 3519 1325 3555 :
1357 3502 1549 3571 aliqua:
1586 3508 1762 3554 autem
1794 3515 1889 3570 per
1908 3500 2072 3557 animi

486 3601 770 3666 rationem,
802 3600 940 3653 sicut
960 3597 1010 3652 id
1053 3596 1196 3668 quod
1242 3595 1441 3651 dictum
1480 3602 1582 3661 est,
1616 3592 1684 3647 Et
1706 3593 1787 3648 sui
1811 3610 1924 3648 eum
1970 3610 2072 3649 non

485 3701 781 3760 receperunt
816 3690 1170 3759 :intclligitur
1207 3686 1371 3754 enim,
1420 3685 1534 3740 Non
1575 3685 1627 3739 in
1668 3700 1788 3739 eum
1832 3684 2072 3741 credide—

484 3793 638 3850 runt,
661 3783 803 3854 quod
833 3780 958 3851 quid
982 3780 1070 3845 sit,
1100 3778 1246 3834 nullo
1279 3778 1520 3848 corporis
1568 3791 1749 3842 sensu,
1778 3777 1873 3833 sed
1907 3778 2072 3834 animi

486 3886 696 3940 ratione
731 3882 1097 3953 cognovimus.
1147 3878 1386 3949 Ipsorum
1437 3879 1596 3934 etiam
1637 3878 1940 3945 verborum,
1964 3894 2072 3936 non

487 3990 650 4032 sonos
670 3976 710 4042 ‘,
739 3973 833 4029 sed
864 3971 1295 4043 signiﬁcationes,
1329 3970 1523 4042 partim
1556 3986 1650 4039 per
1676 3972 1917 4041 corporis
1948 3984 2074 4027 sen-

484 4082 627 4131 sum,
662 4066 855 4136 partim
896 4079 991 4133 per
1032 4063 1195 4117 animi
1239 4062 1500 4118 rationem
1542 4061 1848 4117 didicimus.
1871 4061 1981 4117 Nec
2006 4076 2072 4120 ea

486 4158 647 4212 verba
698 4171 839 4211 nunc
868 4155 1097 4225 primum
1121 4153 1417 4209 audivimus
1446 4170 1460 4207 :
1491 4151 1585 4208 sed
1610 4168 1729 4222 qua:
1755 4153 1863 4222 jam
1891 4154 2073 4211 audie-

484 4266 698 4317 ramus;
729 4260 783 4306 et
810 4266 916 4304 non
958 4249 1130 4304 solum
1154 4248 1289 4317 ipsa,
1320 4261 1505 4301 verum
1537 4247 1697 4301 etiam
1720 4262 1839 4316 qua;
1870 4247 2072 4317 signiﬁ-

484 4353 688 4408 carent,
708 4344 915 4415 cognita
939 4340 1194 4397 memoria
1212 4339 1542 4404 tenebamus,
1563 4345 1617 4393 et
1637 4338 1722 4393 hic
1737 4339 2068 4409 agnovimus.

485 4414 599 4494 Hoc
628 4438 768 4493 enim
816 4450 1012 4492 nomen
1057 4431 1403 4503 dissyllabum
1432 4445 1555 4486 cum
1585 4430 1797 4497 dicitur,
1829 4431 2069 4500 mundus,

484 4530 736 4603 quoniam
785 4542 947 4583 sonus
968 4534 1069 4592 est,
1099 4540 1187 4580 res
1210 4524 1395 4594 utique
1418 4522 1713 4592 corporalis
1738 4537 1833 4593 per
1875 4537 2071 4594 corpus

485 4624 735 4687 innotuit,
783 4621 834 4676 id
882 4628 983 4686 est,
1011 4633 1108 4688 per
1143 4632 1329 4673 aurem
1362 4635 1376 4671 :
1404 4615 1498 4671 sed
1540 4616 1701 4671 etiam
1741 4614 1884 4685 quod
1911 4614 2073 4685 signi-

486 4717 609 4771 ﬁcat
640 4730 731 4783 per
755 4727 951 4782 corpus
996 4708 1245 4773 innotuit,
1290 4707 1343 4761 id
1372 4715 1474 4774 est,
1502 4721 1598 4777 per
1650 4705 1834 4761 oculos
1872 4705 2067 4761 carnis.

483 4808 714 4864 Mundus
740 4808 937 4878 quippe
963 4806 1016 4858 in
1042 4810 1296 4873 quantum
1334 4809 1493 4855 notus
1518 4798 1928 4864 est,videntibus
1971 4813 2073 4865 no-V

483 4908 571 4955 tus
593 4908 692 4954 est.
720 4900 789 4953 At
819 4897 920 4951 hoc
949 4894 1169 4951 verbum
1200 4900 1427 4963 quatuor
1447 4890 1769 4961 syllabarum
1797 4888 1940 4960 quod
1964 4898 2067 4957 est,

483 4992 854 5056 Crediderunt,
877 5003 1011 5045 sono
1038 4985 1422 5057 suo,quoniam
1444 4998 1638 5053 corpus
1657 4989 1762 5049 est,
1776 4996 1871 5052 per
1885 4996 2073 5051 aurem;

481 5086 662 5143 carnis
710 5082 989 5139 illabitur:
1022 5078 1167 5150 quod
1209 5085 1389 5132 autem
1439 5074 1723 5144 signiﬁcat,
1755 5073 1901 5127 nullo
1945 5087 2068 5128 cor-

482 5180 630 5251 poris
681 5190 875 5242 sensu,
924 5171 1018 5229 sed
1063 5170 1227 5226 animi
1281 5166 1489 5223 ratione
1548 5166 1908 5236 cognoscitur.
1954 5164 2069 5223 NiSt

481 5274 625 5331 enim
654 5271 782 5341 quid
828 5270 918 5335 sit,
950 5264 1329 5327 Crediderunt,
1362 5276 1458 5332 per
1483 5261 1719 5316 animum
1764 5277 2067 5330 nossemus,

482 5381 587 5421 non
620 5363 1039 5433 intelligeremus
1081 5355 1210 5428 quid
1252 5370 1357 5409 non
1401 5354 1625 5410 fecerint
1662 5354 1737 5409 illi
1767 5353 1834 5409 de
1877 5355 2070 5425 quibus

483 5458 681 5512 dictum
722 5463 823 5521 est,
855 5453 924 5508 Et
952 5452 1031 5508 sui
1074 5464 1189 5504 eum
1234 5462 1335 5501 non
1376 5454 1689 5517 receperunt.
1720 5446 1897 5504 Sonus
1940 5462 2068 5518 ergo

481 5549 631 5605 verbi
652 5548 948 5603 forinsecus
976 5541 1224 5612 instrepit
1248 5540 1465 5595 auribus
1488 5540 1751 5610 corporis,
1781 5548 1837 5596 et
1858 5541 2069 5611 attingit

484 5656 697 5696 sensum
728 5640 819 5710 qui
860 5647 1080 5694 vocatur
1108 5634 1337 5689 auditus.
1385 5632 1603 5703 Species
1642 5647 1854 5704 quoque
1895 5634 2069 5690 homi-

486 5733 570 5789 nis
597 5743 650 5788 et
674 5733 727 5788 in
755 5733 908 5788 nobis
951 5729 1079 5800 ipsis
1104 5728 1258 5782 nobis
1286 5733 1411 5781 nota
1437 5733 1537 5790 est,
1571 5734 1624 5779 et
1667 5724 1968 5784 forinsecus
2009 5726 2067 5784 in

558 5844 1188 5910 inlitimonsolmnm.
1214 5836 1753 5904 Abesuwlwnnlss.

1638 350 1728 404 ne
1767 348 2161 423 TRINITATE,
2189 350 2247 408 s.
2274 352 2642 414 Auensrmr

3645 378 3783 436 1016

2212 467 2339 566 aliis
2372 469 2524 527 adest
2566 475 2807 545 corporis
2846 479 3122 550 sensibus;
3155 483 3342 555 oculis,
3373 501 3495 545 cum
3532 490 3773 566 videtur;

2207 560 2835 659 auribus,_cumauditur;
2856 573 3036 639 tactui,
3053 588 3173 631 cum
3197 585 3405 636 tenetur
3428 592 3483 640 et
3512 560 3773 659 tangitur;

2206 649 2369 709 habet
2392 656 2551 712 etiam
2578 658 2631 713 in
2656 663 2913 718 memoria
2939 675 3121 721 nostra
3168 669 3451 743 imaginem
3496 649 3669 748 suam,
3696 685 3781 741 in-

2204 746 2540 836 corporalem
2590 750 2822 820 quidem,
2867 755 2962 810 sed
3016 761 3227 828 corpori
3284 763 3541 825 similem.
3596 746 3774 836 Mttndi

2203 833 2432 937 denique
2472 839 2636 909 ipsius
2662 844 2919 937 mirabilis
2946 849 3281 917 pulchritudo
3306 854 3603 919 forinsecus
3634 833 3772 937 prae;

2202 934 2284 981 sto
2313 936 2415 993 est,
2448 937 2503 1021 et
2526 934 2826 1001 aspectibus
2856 939 3072 1005 nostris,
3102 950 3156 995 et
3183 943 3232 998 ei
3261 951 3439 1004 sensui
3466 954 3556 1021 qui
3580 934 3775 1017 dicitur

2202 1023 2393 1121 tactus,
2442 1020 2485 1073 si
2531 1023 2680 1121 quid-
2708 1026 2824 1093 ejus
2866 1030 3219 1100 attingimus:
3253 1036 3413 1095 habet
3456 1020 3617 1102 etiam
3663 1050 3776 1121 ipse

2200 1110 2343 1163 intus
2371 1110 2423 1163 in
2458 1115 2715 1169 memoria
2752 1127 2931 1173 nostra
2975 1121 3255 1193 imaginem
3300 1142 3469 1198 suam,
3497 1136 3565 1191 ad
3614 1110 3775 1209 quam

2198 1214 2541 1270 recurrtmus,
2577 1222 2698 1262 eum
2728 1224 2848 1265 eum
2885 1214 2968 1267 vel
2998 1219 3131 1285 septi
3161 1220 3470 1292 parietibus,
3501 1230 3586 1285 vel
3616 1233 3777 1291 etiam

2197 1292 2250 1346 in
2280 1296 2512 1351 tenebris
2552 1300 2865 1369 cogitamus.
2890 1303 2993 1360 Sed
3022 1306 3089 1362 de
3119 1297 3222 1365 his.
3246 1312 3565 1385 imaginibus
3597 1339 3776 1383 rerum

2195 1389 2569 1455 corporalium,
2611 1392 3030 1463 incorporalibus
3077 1401 3311 1471 quidem,
3355 1406 3672 1470 habentibus
3702 1428 3778 1472 ta-

2194 1493 2318 1568 men
2365 1481 2737 1541 similitudines
2780 1504 3083 1559 corporum,
3114 1504 3168 1548 et
3193 1498 3261 1551 ad
3285 1500 3446 1557 vitam
3488 1510 3775 1568 exterioris

2194 1566 2425 1626 hominis
2470 1576 2871 1645 pertinentibus,
2897 1581 3009 1650 jam
3048 1586 3178 1642 satis
3220 1588 3275 1644 in
3326 1593 3606 1654 undecimo
3638 1566 3775 1658 libro

2193 1661 2355 1718 locuti
2378 1679 2580 1724 sumus.
2612 1669 2763 1725 Nunc
2802 1682 2979 1729 autem
3022 1678 3226 1747 agimus
3271 1683 3339 1740 de
3378 1686 3595 1747 homine
3637 1694 3775 1752 inte-

2192 1753 2354 1852 riore,
2386 1763 2441 1809 et
2467 1756 2590 1852 ejus
2616 1760 2865 1852 scientia,
2897 1778 2959 1819 ea
3008 1782 3125 1836 quae
3169 1786 3349 1828 rerum
3390 1786 3471 1832 est
3498 1788 3771 1852 tempora-

2191 1841 2320 1897 lium
2348 1853 2401 1899 et
2428 1848 2758 1905 mutabilium
2791 1870 2804 1907 :
2835 1853 2889 1908 in
2912 1856 3065 1925 cujus
3097 1858 3443 1921 intentionem
3468 1883 3589 1926 cum
3609 1841 3775 1930 .assu-

2190 1934 2351 1989 mitur
2377 1937 2767 2011 aliquid,etiam
2792 1943 2859 1999 de
2886 1946 3043 2002 rebus
3067 1950 3134 2004 ad
3151 1955 3471 2014 exteriorem
3492 1960 3771 2023 hominem

2191 2027 2598 2124 pertinentibus,
2616 2032 2683 2087 ad
2716 2034 2817 2090 hoc
2839 2042 3220 2107 assumendum
3247 2056 3330 2101 est
3353 2058 3412 2103 ut
3432 2051 3631 2124 aliquid
3649 2059 3774 2116 inde

2189 2118 2442 2223 doceatur
2462 2124 2605 2191 quod
2642 2126 2951 2185 rationalem
2983 2133 3199 2203 adjuvet
3228 2139 3505 2202 scientiam
3519 2118 3551 2200 ἐ
3582 2164 3647 2206 ac
3675 2167 3774 2223 per

2189 2209 2291 2265 hoc
2317 2228 2493 2267 rerum
2515 2230 2645 2284 quas
2675 2233 2987 2279 communes
3007 2241 3131 2282 cum
3155 2232 3513 2293 animantibus
3550 2209 3771 2300 irratio-

2188 2303 2395 2358 nalibus
2460 2306 2749 2377 habemus,
2804 2314 3079 2372 rationalis
3138 2335 3266 2377 usus
3321 2326 3390 2380 ad
3456 2329 3771 2393 interiorem

2187 2394 2455 2452 hominem
2491 2402 2751 2469 pertinet;
2781 2419 2879 2460 nec
2904 2418 3047 2464 recte
3068 2410 3171 2467 dici
3198 2425 3374 2483 potest
3403 2434 3521 2476 cum
3555 2425 3773 2484 irratio-

2184 2489 2390 2544 nalibus
2415 2491 2767 2549 animantibus
2796 2513 2915 2553 eum
2946 2500 3096 2556 nobis
3124 2519 3243 2559 esse
3272 2522 3631 2571 communem.

2255 2581 2478 2681 C-APUT
2508 2583 2573 2638 ll.
2595 2616 2667 2681 έ-
2687 2587 2739 2643 5.
2764 2588 2920 2645 Fides
2941 2610 3021 2647 res
3043 2597 3231 2662 cordis,
3250 2617 3351 2655 non
3371 2609 3619 2675 corporis,
3640 2628 3771 2681 quo-

2182 2677 2332 2749 modo
2360 2680 2640 2735 communis
2676 2689 2722 2733 et
2742 2698 2844 2736 una
2869 2687 3093 2740 omnium
3112 2690 3439 2751 credentium.
3464 2696 3622 2755 Fides
3652 2677 3773 2759 cre-

2182 2766 2404 2822 dentium
2425 2786 2527 2822 una
2550 2787 2649 2825 non
2672 2788 2817 2828 secus
2839 2791 2899 2828 ac
2920 2777 3192 2833 volentium
3211 2783 3441 2841 voluntas
3455 2805 3579 2843 una.
3608 2791 3773 2852 Fides

2179 2873 2311 2914 vero
2336 2859 2401 2915 de
2427 2876 2531 2930 qua
2576 2862 2627 2917 in
2656 2861 2759 2918 hoc
2787 2864 2922 2920 libro
2962 2868 3234 2939 aliquanto
3262 2873 3461 2933 diutius
3490 2880 3770 2952 disputare

2179 2961 2324 3009 certa
2352 2952 2717 3045 dispositionis
2749 2966 2945 3013 nostra:
2967 2961 3174 3019 ratione
3198 2969 3587 3039 compellimur,
3606 2991 3771 3045 quam

2177 3046 2267 3115 qui
2292 3044 2520 3111 habent,
2552 3047 2737 3103 ﬁdeles
2773 3062 3047 3121 vocantur,
3093 3063 3148 3111 et
3170 3059 3257 3128 qui
3288 3076 3395 3116 non
3423 3044 3649 3134 habent,
3681 3070 3769 3124 in-

2178 3136 2383 3204 ﬁdeles,
2412 3137 2549 3193 sicut
2578 3138 2615 3193 ii
2648 3141 2738 3210 qui
2765 3142 3066 3200 venientem
3096 3146 3149 3202 in
3206 3153 3417 3220 propria
3445 3154 3538 3211 Dei
3568 3157 3765 3217 Filium

2176 3244 2283 3285 non
2310 3242 2642 3299 receperunt,
2673 3235 2915 3302 quamvis
2941 3251 3009 3291 ex
3036 3238 3219 3293 auditu
3244 3241 3297 3295 in
3324 3244 3479 3299 nobis
3500 3245 3641 3303 faeta
3670 3251 3763 3321 sit,

2178 3337 2285 3378 non
2314 3331 2492 3377 tamen
2522 3322 2589 3378 ad
2617 3338 2740 3380 eum
2782 3340 2996 3382 sensum
3026 3333 3266 3401 corporis
3295 3336 3525 3403 pertinet
3552 3341 3642 3410 qui
3664 3356 3764 3412 ap-

2174 3413 2405 3482 pellatur
2422 3414 2650 3479 auditus,
2682 3417 2931 3485 quoniam
2950 3434 3056 3474 non
3078 3431 3159 3476 est
3178 3438 3341 3480 sonus
3363 3443 3378 3491 ;
3413 3443 3512 3484 nec
3536 3431 3605 3485 ad
3627 3447 3756 3489 ocu-

2174 3506 2257 3561 los
2284 3506 2441 3577 hujus
2478 3507 2675 3573 carnis,
2703 3511 2953 3579 quoniam
2985 3528 3090 3568 non
3118 3524 3201 3569 est
3224 3517 3374 3573 color
3398 3530 3490 3575 aut
3515 3526 3761 3595 corporis

2174 3600 2376 3664 forma;
2407 3614 2505 3655 nec
2532 3599 2599 3653 ad
2630 3616 2751 3654 eum
2780 3604 2868 3671 qui
2893 3602 3087 3660 dicitur
3109 3616 3281 3663 tactus
3302 3650 3318 3676 ,
3354 3614 3607 3681 quoniam
3636 3632 3761 3673 cor-

2174 3691 2425 3763 pulentiae
2470 3690 2602 3746 nihil
2630 3692 2820 3757 habet;
2853 3708 2951 3750 nec
2984 3695 3051 3751 ad
3099 3698 3261 3754 ullum
3286 3703 3508 3759 omnino
3542 3722 3760 3766 sensum

2173 3782 2416 3855 corporis
2434 3824 2449 3851 ,
2476 3783 2726 3853 quoniam
2756 3784 2933 3839 cordis
2972 3795 3056 3841 est
3079 3803 3166 3844 res
3205 3790 3326 3858 ista,
3354 3808 3458 3849 non
3485 3800 3759 3868 corporis;

2175 3892 2274 3934 nec
2293 3876 2425 3933 foris
2453 3885 2536 3933 est
2565 3892 2595 3930 a
2621 3876 2796 3943 nobis,
2830 3877 2923 3933 sed
2949 3878 3000 3933 in
3029 3879 3229 3938 intimis
3252 3885 3406 3940 nobis
3434 3888 3478 3953 ¹;
3511 3904 3613 3945 nec
3642 3906 3760 3947 eam

2174 3969 2452 4041 quisquam
2497 3968 2770 4023 hominum
2811 3969 3033 4026 videtin
3061 3972 3203 4041 alio,
3254 3976 3346 4031 sed
3394 3981 3763 4052 unuSquisque

2176 4062 2232 4118 in
2261 4063 2565 4132 semetipso.
2592 4061 2832 4131 Denique
2853 4071 3029 4132 potest
3052 4076 3108 4120 et
3136 4066 3476 4124 simulatione
3502 4072 3759 4143 conﬁngi,

2175 4163 2231 4210 et
2274 4153 2445 4225 putari
2475 4167 2597 4209 esse
2638 4154 2690 4208 in
2715 4169 2821 4223 quo
2855 4168 2959 4209 non
2997 4164 3097 4211 est.
3142 4156 3302 4213 Suam
3350 4160 3509 4231 igitur
3536 4165 3761 4234 quisque

2176 4243 2336 4299 ﬁdem
2382 4242 2522 4313 apud
2551 4257 2610 4299 se
2656 4244 2829 4315 ipsum
2867 4244 3012 4300 videt
3044 4264 3058 4301 :
3088 4247 3139 4301 in
3184 4250 3352 4305 altero
3380 4262 3555 4308 autem
3586 4255 3760 4311 credit

2174 4350 2295 4391 esse
2315 4349 2454 4401 eam,
2482 4349 2588 4389 non
2613 4335 2791 4401 videt;
2833 4345 2886 4391 et
2910 4346 3057 4392 tanto
3082 4339 3286 4395 ﬁrmius
3324 4342 3492 4398 credit
3510 4385 3524 4408 ,
3556 4357 3761 4415 quanto

2176 4427 2377 4483 fructus
2404 4427 2518 4498 ejus
2544 4428 2711 4497 magis
2749 4428 2916 4495 novit,
2950 4446 3084 4500 quos
3109 4435 3321 4502 operari
3347 4436 3487 4491 solet
3510 4436 3645 4493 ﬁdes
3668 4456 3763 4510 per

2174 4521 2515 4577 dilectionem
2558 4518 2752 4590 (Colat.
2778 4537 2834 4587 v,
2878 4522 2958 4592 6).
2996 4523 3351 4591 Quamobrem
3398 4530 3647 4585 omnibus
3696 4533 3763 4587 de

2173 4612 2365 4684 quibus
2394 4610 2734 4682 Evangelista
2763 4612 3031 4684 subjungit
3054 4623 3109 4668 et
3136 4614 3284 4680 dicit,
3319 4617 3573 4685 Quotquot
3595 4632 3763 4676 autem

2172 4714 2466 4777 receperunt
2493 4720 2627 4770 eum,
2658 4704 2797 4759 dedit
2830 4706 2900 4761 eis
2942 4715 3234 4775 potestatem
3263 4709 3397 4777 ﬁlios
3423 4709 3522 4765 Dei
3552 4713 3763 4780 ﬁeri,iis

2172 4801 2262 4872 qui
2291 4798 2500 4854 credunt
2541 4799 2596 4851 in
2639 4799 2841 4851 nomine
2884 4800 3029 4869 ejus,
3060 4801 3145 4870 qui
3175 4819 3274 4856 non
3300 4819 3364 4857 ex
3404 4806 3757 4875 sanguinibus,

2173 4906 2330 4963 neque
2357 4905 2420 4945 ea:
2440 4889 2699 4943 uoluntate
2718 4890 2908 4954 carnis,
2938 4907 3093 4961 neque
3119 4909 3181 4947 ex
3206 4893 3456 4949 voluntate
3497 4896 3594 4949 viri
3613 4936 3627 4960 ,
3674 4897 3764 4951 sed

2173 5001 2237 5040 ea:
2260 4984 2368 5038 Deo
2389 4983 2495 5036 nati
2519 4992 2670 5049 sunt,
2714 4981 2844 5038 ﬁdes
2871 4983 2968 5037 ista
2996 4985 3291 5039 communis
3320 4996 3404 5042 est
3436 5004 3449 5040 ;
3483 5003 3591 5041 non
3623 4988 3765 5043 sicut

2172 5076 2348 5147 aliqua
2389 5074 2629 5146 corporis
2670 5074 2838 5130 forma
2886 5076 3183 5131 communis
3225 5087 3306 5133 est
3351 5078 3418 5135 ad
3470 5079 3763 5136 videndum

2173 5168 2411 5224 omnium
2430 5166 2598 5221 oculis
2626 5164 2818 5236 quibus
2841 5174 3033 5236 praesto
3058 5175 3173 5233 est;
3196 5184 3264 5223 ex
3285 5169 3399 5239 ipsa
3426 5170 3625 5240 quippe
3657 5185 3763 5226 una

2173 5262 2413 5319 omnium
2441 5259 3034 5329 cernentiumquodam
3072 5260 3231 5315 modo
3257 5260 3573 5317 informatur
3598 5278 3760 5333 aspe-

2173 5363 2332 5411 ctus:
2366 5352 2461 5409 sed
2493 5352 2630 5407 sicut
2675 5351 2779 5407 dici
2821 5360 2996 5422 potest
3023 5352 3270 5408 omnibus
3301 5352 3605 5410 hominibus
3640 5368 3764 5411 esse

2172 5446 2334 5502 facies
2359 5444 2587 5499 humana
2608 5443 2938 5508 communis;
2964 5458 3083 5497 nam
3106 5443 3208 5500 hoc
3246 5444 3317 5499 ita
3346 5445 3561 5511 dicitur,
3588 5454 3645 5500 ut
3675 5454 3761 5500 ta-

2173 5553 2295 5594 men
2328 5536 2523 5608 singuli
2551 5551 2676 5592 suas
2704 5535 2954 5591 habeant.
2995 5536 3072 5592 Ex
3096 5552 3198 5591 una
3225 5552 3355 5594 sane
3382 5538 3625 5595 doctrina
3653 5539 3762 5593 im-

2172 5643 2413 5701 pressam
2457 5628 2615 5684 ﬁdem
2666 5628 2995 5684 credentium
3033 5629 3283 5685 cordibus
3306 5630 3639 5701 singulorum
3665 5631 3761 5702 qui

2172 5723 2277 5780 hoc
2304 5722 2442 5778 idem
2471 5720 2697 5777 credunt
2719 5721 2996 5776 verissime
3023 5720 3249 5779 dicimus
3280 5740 3295 5780 :
3323 5722 3422 5783 sed
3454 5722 3603 5783 aliud
3627 5730 3762 5783 sunt

2253 5831 3201 5897 tsicuss.stediti,inimtndsm.
