4104 6454
536 366 680 424 Ιθίθ

534 483 716 544 sciunt
733 494 854 553 quas
879 478 951 537 sit
979 479 1134 535 beata
1159 475 1292 544 vita,
1311 480 1404 530 aut
1429 486 1536 529 non
1557 470 1715 526 ambo
1741 469 1955 526 sciunt?
1973 468 2120 536 Quo-

540 575 703 632 modo
729 589 858 644 ergo
896 573 1057 629 ambo
1082 577 1266 626 amant
1291 583 1434 636 eam,
1477 565 1525 622 si
1554 580 1712 620 nemo
1737 571 1912 634 potest
1942 577 2126 621 amare

546 669 691 742 quod
718 666 922 724 nescit?
943 667 1027 722 An
1051 664 1190 720 forte
1217 662 1408 718 falsum
1435 669 1518 717 est
1543 658 1684 730 quod
1714 673 1811 729 pro
1840 654 2123 712 verissimo

545 763 951 832 eertissimoque
981 758 1278 830 posuimus,
1307 757 1462 812 beate
1491 755 1672 809 vivere
1719 767 1907 807 omnes
1949 749 2122 805 homi-

542 871 640 912 nes
666 855 842 911 velle?
869 853 924 909 Si
956 853 1098 908 enim
1125 852 1276 906 beate
1305 851 1490 905 vivere
1510 857 1612 914 est,
1638 847 1784 901 verbi
1811 845 1999 916 gratia,
2037 859 2124 900 se-

540 949 773 1006 cundum
799 947 964 1003 animi
991 947 1236 1001 virtutem
1255 944 1432 997 vivere
1451 957 1465 1008 ;
1483 939 1750 1012 quomodo
1771 939 1925 994 beate
1942 937 2122 992 vivere

533 1042 684 1107 vult,
735 1041 822 1110 qui
875 1039 975 1093 hoc
1027 1054 1129 1092 non
1161 1035 1316 1090 vult?
1344 1034 1531 1089 Nonne
1574 1033 1752 1087 verius
1780 1030 2073 1085 dixerimus
2103 1047 2121 1087 :

445 1128 454 1137 ”
538 1133 711 1187 ι-Ιοηιο
737 1132 838 1187 iste
865 1147 970 1186 non
990 1130 1102 1185 vult
1122 1129 1274 1184 beate
1302 1129 1500 1190 vivere,
1525 1125 1646 1196 quia
1671 1140 1774 1179 non
1800 1123 1911 1177 vult
1931 1137 2123 1177 secunc

533 1224 660 1280 dum
693 1225 942 1279 virtutem
984 1223 1186 1285 vivere,
1215 1219 1356 1292 quod
1402 1219 1574 1274 solum
1601 1226 1682 1272 est
1728 1216 1882 1271 beate
1905 1213 2122 1270 vivere?

538 1315 654 1370 Non
687 1317 846 1386 igitur
871 1330 1060 1370 omnes
1089 1314 1244 1369 beate
1264 1313 1444 1367 vivere
1469 1310 1671 1377 volunt,
1700 1310 1808 1363 imo
1838 1308 1988 1378 pauci
2019 1306 2124 1364 hoc

535 1407 740 1472 volunt,
763 1406 809 1460 si
831 1421 936 1461 non
965 1413 1051 1461 est
1077 1405 1231 1460 beate
1258 1403 1470 1469 vivere,
1507 1401 1606 1458 nisi
1635 1399 1925 1456 secundum
1950 1399 2121 1453 virtu-

533 1507 641 1554 tem
684 1498 848 1554 animl
892 1499 1109 1562 vivere,
1150 1497 1291 1567 quod
1335 1495 1486 1550 multi
1530 1491 1901 1548 nolunt.ltane
1931 1491 2123 1546 falsum

535 1591 657 1658 erit,
691 1589 830 1644 unde
861 1604 960 1645 nec
1007 1589 1120 1658 ipse
1163 1588 1332 1659 (cum
1383 1585 1714 1641 Academicis
1756 1583 1933 1640 omnia
1962 1582 2122 1638 dubia

534 1678 664 1752 sint)
700 1681 1048 1736 Academicus
1084 1680 1172 1734 ille
1199 1678 1388 1734 Cicero
1425 1678 1720 1742 dubitavit,
1752 1675 1840 1746 qui
1868 1691 1988 1731 eum
2011 1675 2122 1730 vel-

534 1771 608 1827 let
653 1775 706 1827 in
756 1774 1040 1828 Hortensio
1073 1773 1284 1843 dialogo
1321 1773 1386 1826 ab
1433 1771 1607 1840 aliqua
1640 1785 1698 1824 re
1727 1778 1894 1834 certa,
1924 1769 1990 1824 de
2016 1782 2121 1838 qua

535 1865 715 1921 nullus
735 1866 1045 1936 ambigeret,
1070 1866 1281 1919 sum‘ere
1296 1879 1406 1917 suae
1424 1862 1795 1932 disputationis
1820 1861 2118 1927 exordium,

537 1954 683 2009 Beati
706 1965 854 2019 certe,
884 1957 1085 2025 inquit,
1127 1971 1296 2010 omnes
1322 1969 1427 2007 esse
1455 1953 1684 2008 volumus
1703 1954 1729 2007 .9
1753 1953 1905 2007 Absit
1934 1961 1991 2006 ut
2021 1953 2122 2007 hoc

535 2042 726 2099 falsum
777 2062 894 2100 esse
921 2046 1178 2100 dicamus.
1221 2044 1357 2112 Quid
1399 2045 1595 2115 igitur?
1623 2061 1690 2100 an
1733 2043 2015 2099 dicendum
2040 2051 2123 2100 est

535 2137 745 2192 etiamsi
774 2138 904 2192 nihil
933 2139 1000 2192 sit
1046 2137 1186 2192 aliud
1222 2137 1374 2192 beate
1402 2137 1580 2192 vivere
1601 2179 1615 2204 ,
1646 2152 1802 2207 quam
1826 2135 2120 2191 secundum

534 2228 783 2285 virtutem
830 2230 992 2284 animi
1036 2230 1238 2293 vivere,
1267 2237 1443 2284 tamen
1475 2237 1527 2284 et
1551 2230 1639 2299 qui
1685 2230 1783 2283 hoc
1834 2245 1938 2296 non
1966 2229 2115 2298 vult,

532 2315 691 2376 beate
720 2322 826 2376 vult
853 2323 1067 2378 vivere?
1096 2323 1263 2378 Nimis
1293 2322 1506 2392 quidem
1537 2323 1636 2374 hoc
1679 2321 1887 2376 videtur
1927 2323 2116 2378 absur-

531 2410 678 2467 dum.
709 2411 838 2468 Tale
865 2421 949 2468 est
971 2414 1112 2468 enim
1159 2429 1221 2468 ac
1247 2415 1290 2468 si
1319 2414 1562 2469 dicamus
1594 2433 1604 2468 :
1638 2414 1703 2468 Et
1747 2415 1836 2484 qui
1880 2430 1984 2469 non
2005 2416 2120 2470 vult

526 2504 681 2562 beate
698 2507 897 2572 vivere,
919 2507 1070 2562 beate
1084 2508 1193 2562 vult
1210 2506 1572 2563 vivere.lstam
1588 2507 1987 2577 repugnantiam
2002 2507 2119 2578 quis

526 2594 727 2662 audiat,
759 2597 878 2667 quis
901 2595 1069 2652 ferat?
1097 2598 1164 2652 Et
1195 2607 1368 2653 tamen
1391 2597 1457 2653 ad
1485 2596 1619 2652 hanc
1644 2598 1910 2654 cntitrudit
1932 2613 2111 2654 neces-

530 2685 682 2754 sitas,
698 2687 743 2742 si
768 2697 822 2743 et
848 2703 1036 2744 omnes
1069 2687 1221 2744 beate
1250 2689 1384 2744 velle
1400 2689 1577 2744 vivere
1595 2705 1774 2744 verum
1801 2698 1900 2754 est,
1933 2702 1980 2743 et
2008 2706 2112 2744 non

527 2790 716 2833 omnes
737 2779 813 2836 sic
833 2780 1018 2835 volunt
1032 2780 1237 2847 vivere,
1257 2779 1524 2850 quomodo
1540 2779 1712 2835 solum
1734 2780 1886 2834 beate
1903 2779 2113 2835 vivitur.

594 2867 822 2926 CAPUT
854 2870 915 2925 V.
960 2900 1032 2910 —
1075 2871 1130 2928 8.
1171 2871 1249 2925 De
1277 2872 1452 2926 eadem
1478 2889 1550 2926 re.
1585 2872 1664 2926 Au
1711 2871 1845 2927 forte
1875 2871 2004 2927 illud
2035 2882 2117 2928 est

528 2957 671 3031 quod
699 2977 796 3016 nos
825 2963 892 3017 ab
922 2962 1006 3018 his
1032 2965 1290 3034 angustiis
1313 2964 1481 3034 possit
1513 2980 1701 3020 eruere
1727 3006 1740 3030 ,
1769 2973 1828 3019 ut
1861 2967 2112 3035 quoniam

525 3051 757 3110 diximus
784 3055 855 3109 ibi
872 3071 1112 3127 quosque
1140 3057 1382 3125 posuisse
1409 3057 1617 3112 beatam
1649 3057 1808 3112 vitam
1851 3057 1990 3128 quod
2021 3073 2116 3114 eos

526 3147 764 3203 maxime
789 3148 1106 3216 delectavit,
1163 3159 1222 3206 ut
1271 3152 1514 3222 voluptas
1558 3151 1887 3221 Epicurum,
1944 3153 2115 3208 virtus

525 3238 796 3296 Zenonem
825 3258 839 3308 ;
871 3244 948 3299 sic
971 3243 1132 3300 alium
1163 3245 1362 3316 aliquid
1383 3246 1544 3311 aliud,
1571 3245 1700 3301 nihil
1735 3246 1973 3302 dicamus
1995 3260 2116 3303 esse

523 3329 681 3388 beate
721 3332 938 3400 vivere,
999 3335 1100 3390 nisi
1143 3337 1322 3393 vivere
1369 3335 1662 3393 secundum
1702 3336 2114 3396 delectationem

525 3437 675 3478 suam
695 3467 709 3490 ,
740 3433 794 3480 et
818 3426 938 3481 ideo
963 3425 1155 3483 falsum
1183 3445 1291 3484 non
1316 3443 1436 3484 esse
1465 3429 1603 3500 quod
1635 3445 1822 3485 omnes
1853 3431 2007 3488 beate
2030 3431 2113 3488 vi-

523 3530 651 3570 vere
678 3515 874 3584 velint,
900 3519 1022 3588 quia
1052 3535 1240 3576 omnes
1285 3521 1358 3575 ita
1388 3521 1574 3576 volunt
1618 3529 1678 3576 ut
1707 3537 1972 3594 quemque
2021 3525 2114 3580 de-

522 3606 725 3663 lectat‘l
750 3607 885 3665 Nam
910 3621 961 3666 et
990 3611 1092 3667 hoe
1122 3613 1320 3683 populo
1369 3614 1413 3668 si
1465 3616 1860 3683 pronuntiatum
1890 3626 2032 3672 esset
2059 3617 2114 3673 in

524 3695 755 3766 theatro,
780 3715 967 3758 omnes
996 3703 1046 3757 id
1075 3703 1129 3758 in
1149 3705 1259 3759 suis
1291 3704 1648 3760 voluntatibus
1671 3707 1988 3762 invenirent.
2007 3707 2113 3764 Sed

517 3789 628 3845 hoc
657 3807 871 3862 quoque
895 3791 1084 3848 Cicero
1114 3809 1234 3849 eum
1263 3795 1360 3850 sibi
1387 3811 1452 3851 ex
1474 3798 1697 3852 adverso
1728 3796 2120 3870 proposuisset,

524 3883 596 3938 ita
621 3883 932 3956 redarguit,
981 3895 1034 3942 ut
1074 3889 1162 3958 qui
1205 3886 1307 3944 hoc
1353 3890 1615 3955 sentiunt,
1662 3891 1998 3948 erubescant.
2027 3895 2115 3950 Ait

524 3977 701 4031 enim:
733 3971 868 4032 Ecce
893 3988 1058 4033 autem
1086 3998 1185 4035 non
1208 3981 1496 4053 philosophi
1524 3983 1745 4055 quidem,
1776 3989 1863 4038 sed
1890 3987 2114 4057 prompti

525 4074 690 4121 tamen
738 4069 806 4120 ad
833 4067 1230 4136 disputandum,
1263 4089 1433 4126 omnes
1477 4074 1618 4127 aiunt
1646 4092 1752 4128 esse
1798 4077 1994 4144 beatos,
2025 4080 2112 4149 qui

523 4158 692 4213 vivant
722 4169 775 4213 ut
803 4163 901 4233 ipsi
930 4164 1079 4218 velint
1109 4181 1128 4219 :
1159 4165 1259 4222 hoe
1304 4176 1384 4222 est
1413 4167 1554 4237 quod
1595 4183 1690 4222 nos
1720 4169 1949 4224 diximus
1969 4214 1984 4237 ,
2041 4171 2110 4227 Ut

524 4264 764 4324 quosque
802 4253 1049 4309 delectat.
1098 4255 1202 4311 Sed
1232 4274 1356 4312 mox
1403 4258 1491 4312 ille
1516 4259 1737 4329 subjecit
1771 4278 1781 4313 :
1820 4260 2031 4316 Falsum
2059 4263 2113 4317 id

522 4344 746 4413 quidem.
777 4345 917 4401 Velle
946 4349 1075 4403 cnim
1095 4351 1231 4419 quod
1255 4367 1353 4404 non
1385 4351 1556 4405 deceat
1574 4393 1589 4416 ,
1629 4351 1849 4422 idipsum
1879 4355 2105 4409 miserri-

526 4455 663 4492 mum
691 4448 763 4494 est
791 4455 810 4494 :
835 4457 924 4494 nec
946 4449 1047 4495 tum
1070 4444 1303 4496 miserum
1333 4452 1403 4497 est
1427 4460 1526 4496 non
1557 4444 1768 4515 adipisci
1795 4446 1929 4516 quod
1958 4447 2108 4514 velis,

527 4548 681 4604 quam
729 4535 1095 4611 adipiscivelle
1131 4536 1266 4606 quod
1292 4553 1391 4591 non
1418 4546 1664 4611 oporteat.
1699 4539 2112 4598 Praeclarissime

527 4625 746 4680 omnino
771 4635 929 4697 atque
958 4627 1255 4682 verissime.
1280 4627 1409 4696 Quis
1458 4643 1685 4699 namque
1714 4630 1781 4685 ita
1812 4632 1881 4686 sit
1932 4642 2112 4689 mente

526 4731 701 4772 czecus
724 4757 738 4782 ,
766 4713 916 4773 etab
949 4717 1095 4772 omni
1137 4720 1254 4775 luce
1280 4719 1490 4776 decoris
1516 4723 1723 4778 alienus
1770 4739 1835 4779 ae
1875 4725 2108 4782 tenebris

525 4807 806 4866 dedecoris
849 4810 1154 4876 involutus,
1190 4821 1246 4866 ut
1291 4828 1413 4867 eum
1443 4816 1530 4885 qui
1581 4816 1825 4888 nequiter
1871 4818 1998 4873 vivit
2047 4835 2110 4876 ac

526 4903 752 4972 turpiter
777 4945 790 4967 ,
828 4909 881 4958 et
910 4901 1056 4957 nullo
1085 4904 1434 4974 prohibente,
1496 4907 1642 4962 nullo
1697 4909 1986 4965 ulciscente
2008 4955 2020 4975 ,
2055 4920 2111 4967 et

524 4993 670 5048 nullo
697 4991 882 5050 saltem
912 4995 1304 5067 reprehendere
1339 4997 1569 5054 audente
1597 5043 1610 5067 ,
1645 5000 1862 5073 insuper
1907 5011 1960 5057 et
1991 5003 2109 5057 lau-

523 5084 772 5140 dantibus
791 5087 1050 5157 plurimis,
1078 5091 1328 5160 quoniam
1358 5091 1491 5146 sicut
1508 5091 1582 5147 ait
1607 5090 1876 5162 Scriptura
1903 5094 2102 5163 divina,

525 5176 791 5233 Laudatur
812 5191 1042 5251 peccator
1075 5183 1128 5236 in
1149 5183 1410 5239 desideriis
1446 5186 1629 5239 anima:
1651 5202 1794 5250 sum;
1822 5196 1865 5240 et
1893 5188 1978 5255 qui
2004 5190 2104 5242 ini-

521 5285 621 5337 qua
662 5272 817 5342 gerit,
847 5271 1152 5327 benedicitur
1199 5274 1370 5348 (Psal.
1416 5293 1503 5343 Ix,
1534 5275 1629 5350 3),
1682 5277 1866 5348 implet
1917 5296 2104 5337 omnes

521 5376 644 5417 suas
667 5362 1149 5422 facinorosissimas
1175 5377 1228 5422 et
1248 5366 1689 5439 ﬂagitiosissimas
1717 5369 2017 5428 voluntates
2047 5372 2100 5442 ί,

522 5451 642 5508 ideo
672 5454 884 5511 beatum
914 5457 1086 5523 dicat,
1110 5457 1230 5530 quia
1276 5460 1406 5514 vivit
1441 5467 1496 5515 ut
1542 5460 1687 5515 vult:
1722 5478 1841 5517 cum
1867 5464 2107 5534 profecto

524 5547 768 5617 quamvis
789 5556 844 5603 et
870 5549 946 5603 sic
964 5549 1124 5605 miser
1149 5561 1309 5616 esset,
1331 5552 1504 5606 minus
1525 5560 1696 5608 tamen
1721 5565 1882 5622 esset,
1901 5555 1946 5611 si
1974 5555 2106 5612 nihil

525 5651 710 5693 eorum
737 5654 854 5709 quae
896 5655 1176 5714 perperam
1225 5643 1517 5713 voluisset,
1573 5644 1771 5702 habere
1802 5647 2108 5718 potuisset?

516 5765 606 5878 ωε
630 5766 704 5820 sie
741 5773 839 5818 un.
874 5773 948 5819 Er.
991 5775 1044 5821 et
1076 5769 1257 5834 aliquot
1291 5779 1397 5825 uss.
1434 5780 1492 5826 At
1525 5773 1674 5826 editio
1707 5781 1854 5840 Lov.,
1891 5779 2108 5845 uolupta-

1659 354 1751 411 DE
1787 347 2175 416 ΤΒΙΝΙΤΔἸἘ»
2217 347 2276 406 S.
2322 350 2692 412 AUGUSTINI

2235 466 2410 522 Etiam
2439 470 2579 526 mala
2627 473 2769 530 enim
2794 473 3072 532 voluntate
3117 477 3204 534 vel
3239 478 3356 540 sola
3401 482 3628 556 quisque
3657 488 3831 545 miser

2236 561 2512 618 efﬁcitur:
2568 565 2662 621 sed
2714 567 2967 625 miserior
3008 579 3308 641 potestate,
3360 590 3465 646 qua
3490 576 3830 641 desiderium

2233 656 2391 709 mala:
2419 653 2703 712 voluntatis
2733 658 3005 730 impletur.
3036 661 3374 734 Quapropter
3393 708 3410 734 ,
3443 671 3694 739 quoniam
3723 689 3826 730 ve-

2230 761 2347 800 rum
2379 756 2462 803 est
2488 749 2626 819 quod
2652 766 2839 808 omnes
2870 753 3113 811 homines
3144 771 3264 814 esse
3287 757 3430 816 beati
3450 763 3636 832 velint,
3659 765 3828 838 idque

2231 853 2396 892 unum
2419 840 2794 900 ardentissimo
2823 860 3007 902 amore
3036 858 3330 919 appetant,
3363 861 3418 909 et
3467 867 3688 926 propter
3715 858 3829 916 hoc

2228 939 2420 987 caetera
2448 949 2797 1006 quaecumque
2838 949 3132 1010 appetunt;
3169 959 3269 1001 nec
3316 948 3593 1021 quisquam
3644 967 3829 1026 potest

2229 1036 2410 1080 amare
2432 1027 2574 1096 quod
2605 1029 2824 1084 omnino
2874 1031 3000 1100 quid
3045 1034 3128 1089 vel
3159 1038 3317 1106 quale
3343 1041 3414 1095 sit
3458 1045 3665 1111 nescit,
3718 1065 3827 1105 nec

2230 1124 2405 1187 potest
2434 1122 2649 1176 nescire
2677 1123 2804 1194 quid
2831 1125 2901 1180 sit
2943 1127 3088 1198 quod
3138 1131 3277 1186 velle
3305 1147 3366 1188 se
3395 1136 3528 1203 scit;
3579 1142 3828 1210 sequitur

2227 1218 2286 1264 ut
2330 1226 2515 1267 omnes
2557 1213 2766 1270 beatam
2795 1217 2958 1272 vitam
3007 1220 3194 1276 sciant.
3226 1223 3427 1282 Omnes
3475 1239 3654 1286 autem
3677 1233 3828 1290 beati

2227 1302 2424 1360 habent
2473 1307 2615 1376 quod
2688 1310 2872 1366 volunt
2907 1351 2923 1378 ,
2995 1316 3236 1384 quamvis
3312 1334 3420 1375 non
3473 1337 3664 1380 omnes
3724 1330 3823 1398 qui

2229 1396 2428 1452 habent
2455 1399 2598 1469 quod
2645 1401 2832 1457 volunt
2885 1406 3140 1462 continuo
3191 1408 3300 1464 sint
3347 1412 3530 1468 beati:
3560 1396 3830 1474 continuo

2228 1496 2402 1543 autem
2431 1490 2611 1546 miseri
2636 1532 2650 1557 ,
2677 1493 2766 1562 qui
2795 1494 2879 1549 vel
2925 1511 3032 1550 non
3066 1497 3262 1554 habent
3303 1503 3446 1572 quod
3489 1506 3704 1575 volunt,
3734 1510 3831 1565 vel

2229 1579 2280 1634 id
2327 1580 2520 1636 habent
2549 1584 2689 1653 quod
2722 1600 2828 1640 non
2858 1595 3006 1643 recte
3033 1590 3236 1646 volunt.
3278 1592 3473 1650 Beatus
3505 1597 3666 1668 igitur
3710 1616 3830 1657 non

2227 1682 2329 1740 est,
2345 1674 2446 1729 nisi
2469 1677 2557 1745 qui
2580 1685 2634 1732 et
2648 1677 2998 1736 habetomnia
3021 1698 3142 1753 qua:
3160 1685 3290 1752 vult,
3312 1696 3368 1742 et
3386 1687 3515 1745 nihil
3529 1693 3639 1749 vult
3655 1695 3824 1750 male.

2298 1767 2524 1824 CAPUT
2557 1769 2640 1826 Vl.
2690 1801 2760 1812 —
2789 1773 2843 1829 9.
2873 1773 2975 1828 Cur
3001 1792 3115 1830 cum
3143 1795 3315 1834 omnes
3343 1781 3498 1836 velint
3545 1783 3829 1842 beatitudi-

2228 1875 2339 1914 nem
2359 1901 2374 1924 ,
2406 1861 2460 1914 id
2485 1862 2701 1931 eligatur
2721 1865 2888 1935 potius
2906 1907 2922 1932 ,
2950 1884 3049 1936 quo
3071 1869 3132 1922 ab
3153 1887 3214 1925 ea
3237 1873 3507 1931 receditur.
3531 1875 3666 1932 Cum
3688 1895 3826 1950 ergo

2225 1967 2290 2006 ex
2328 1951 2410 2008 his
2457 1952 2668 2010 duobus
2712 1956 2866 2014 beata
2916 1960 3020 2014 vita
3069 1972 3314 2033 constet,
3361 1977 3519 2039 atque
3568 1975 3825 2030 omnibus

2227 2053 2352 2098 nota
2376 2085 2391 2108 ,
2439 2047 2690 2103 omnibus
2735 2048 2894 2104 ehara
2919 2052 3023 2117 sit;
3048 2053 3176 2124 quid
3207 2068 3452 2124 putamus
3476 2075 3598 2117 esse
3639 2078 3824 2120 causa:

2227 2150 2324 2190 cur
2347 2134 2538 2192 horum
2567 2139 2795 2195 duorum
2818 2182 2834 2208 ,
2863 2143 3078 2212 quando
3101 2154 3384 2216 utrumque
3412 2165 3519 2206 non
3547 2165 3776 2222 possunt
3802 2197 3819 2223 ,

2225 2229 2394 2298 magis
2415 2230 2610 2300 eligant
2640 2230 2904 2299 homines,
2923 2243 2980 2290 ut
3005 2239 3183 2292 omnia
3204 2255 3322 2308 qua:
3346 2242 3528 2298 volunt
3559 2245 3820 2314 habeant,

2227 2327 2386 2390 quam
2415 2330 2472 2376 ut
2497 2324 2675 2380 omnia
2702 2324 2838 2381 bene
2857 2327 3024 2382 velint
3066 2330 3274 2386 etiamsi
3301 2349 3408 2390 non
3433 2335 3703 2392 habeant?
3727 2339 3823 2394 An

2227 2412 2340 2482 ipsa
2373 2421 2456 2468 est
2508 2416 2741 2484 pravitas
2785 2420 2999 2488 generis
3048 2421 3304 2492 humani,
3335 2435 3392 2480 ut
3436 2442 3557 2482 cum
3585 2445 3679 2484 eos
3705 2445 3823 2486 non

2225 2504 2420 2572 lateat,
2471 2524 2569 2562 nec
2610 2508 2757 2564 illum
2808 2511 3023 2566 beatum
3064 2528 3185 2569 esse
3225 2517 3314 2586 qui
3358 2519 3500 2587 quod
3555 2521 3665 2574 vult
3705 2538 3823 2578 non

2226 2595 2414 2665 habet,
2448 2614 2546 2653 nec
2567 2600 2712 2656 illum
2731 2602 2821 2672 qui
2846 2604 2988 2672 quod
3014 2605 3154 2661 male
3173 2607 3464 2665 vulthabet
3488 2628 3504 2676 ;
3535 2611 3629 2666 sed
3661 2613 3819 2670 illum

2223 2689 2315 2758 qui
2343 2699 2398 2744 et
2442 2689 2602 2746 habet
2640 2708 2989 2764 quaecumque
3045 2698 3156 2752 vult
3200 2699 3379 2766 bona,
3411 2709 3469 2757 et
3521 2703 3662 2759 nulla
3703 2706 3824 2762 vult

2225 2781 2362 2834 mala
2383 2823 2398 2847 ,
2431 2798 2497 2837 ex
2531 2784 2617 2838 his
2665 2785 2873 2841 duobus
2911 2789 3102 2856 quibus
3151 2789 3308 2846 beata
3353 2793 3463 2849 vita
3492 2795 3770 2864 perﬁcitur
3796 2840 3817 2868 ,

2223 2873 2442 2943 quando
2491 2885 2774 2947 utrumque
2815 2893 2920 2933 non
2967 2879 3164 2947 datur,
3216 2883 3270 2937 id
3316 2885 3540 2956 eligatur
3592 2891 3818 2960 potius,

2221 2968 2365 3024 unde
2415 2970 2584 3040 magis
2635 2985 2666 3024 a
2714 2970 2867 3026 beata
2907 2973 3008 3028 vita
3065 2975 3335 3031 receditur
3361 2977 3595 3050 (longius
3618 2982 3821 3054 quippe

2220 3061 2290 3117 ab
2337 3063 2424 3118 illa
2462 3072 2547 3120 est
2600 3065 2923 3136 quicumque
2970 3069 3282 3141 adipiscitur
3317 3074 3456 3130 male
3504 3078 3852 3150 concupita,-

2220 3171 2380 3226 quam
2445 3159 2535 3230 qui
2591 3176 2698 3215 non
2755 3162 3064 3233 adipiscitur
3115 3165 3486 3239 concupita);
3543 3185 3665 3226 cum
3712 3187 3820 3242 po-

2223 3246 2328 3303 tius
2370 3250 2494 3321 eligi
2544 3251 2790 3309 debuerit
2841 3255 3086 3312 voluntas
3122 3257 3261 3314 bona
3284 3299 3300 3326 ,
3330 3269 3493 3340 atque
3528 3265 3816 3334 praeponi,

2222 3341 2384 3397 etiam
2426 3357 2533 3398 non
2578 3345 2772 3416 adepta
2829 3362 2947 3418 qua:
3001 3352 3245 3420 appetit?
3293 3353 3622 3426 Propinquat
3665 3358 3817 3412 enim

2221 3433 2410 3504 beato,
2442 3437 2532 3506 qui
2575 3437 2712 3494 bene
2745 3439 2858 3495 vult
2898 3456 3248 3513 qurecumque
3287 3446 3439 3514 vult,
3468 3456 3524 3502 et
3567 3464 3685 3519 quae
3712 3449 3819 3505 ad-

2221 3537 2377 3596 eptus
2401 3543 2522 3583 cum
2550 3527 2712 3586 [inerit
2733 3531 2918 3588 beatus
2939 3536 3058 3589 erit.
3087 3537 3157 3592 Et
3177 3538 3358 3608 utique
3385 3555 3491 3595 non
3521 3542 3678 3608 mala,
3709 3543 3812 3599 sed

2221 3619 2360 3675 bona
2388 3621 2602 3677 beatum
2637 3624 2832 3680 faciunt
2854 3669 2868 3694 ,
2897 3628 3110 3698 quando
3156 3629 3356 3688 faciunt
3386 3651 3399 3687 :
3448 3648 3674 3704 quorum
3707 3637 3813 3691 bo-

2225 3727 2418 3767 norum
2449 3713 2610 3769 habet
2635 3716 2833 3788 aliquid
2858 3718 2967 3790 jam
2990 3762 3004 3786 ,
3035 3720 3192 3792 idque
3222 3738 3328 3778 non
3370 3726 3519 3795 parvi
3545 3729 3819 3784 aestiman-

2221 3803 2348 3858 dum
2373 3847 2387 3870 ,
2412 3821 2530 3862 eam
2562 3810 2730 3879 ipsam
2760 3813 2966 3870 scilicet
2991 3816 3320 3872 voluntatem
3347 3818 3542 3875 bonam
3569 3862 3583 3886 ,
3616 3823 3702 3892 qui
3742 3823 3819 3878 de

2223 3897 2377 3952 bonis
2404 3914 2632 3969 quorum
2661 3917 2827 3973 capax
2851 3914 2936 3961 est
2965 3909 3193 3963 humana
3222 3918 3410 3966 natura
3434 3953 3450 3980 ,
3481 3927 3588 3968 non
3637 3915 3705 3970 de
3729 3915 3818 3969 ul-

2222 3991 2324 4047 lius
2347 3993 2473 4046 mali
2493 3997 2889 4064 perpetratione
2921 4001 3005 4054 vel
3025 4000 3311 4071 adeptione
3338 4005 3572 4074 gaudere
3597 4005 3816 4061 deside-

2221 4093 2339 4151 rat;
2369 4094 2422 4141 et
2453 4087 2589 4143 bona
2617 4130 2629 4153 ,
2662 4091 2834 4160 qualia
2856 4100 2911 4148 et
2965 4093 3020 4148 in
3049 4093 3148 4150 hac
3177 4096 3370 4151 misera
3408 4098 3513 4152 vita
3538 4112 3658 4154 esse
3683 4111 3818 4168 pos~

2221 4187 2380 4244 sunt,
2437 4181 2720 4252 prudenti,
2756 4188 3073 4256 temperanti
3099 4231 3112 4255 ,
3162 4189 3323 4258 forti,
3357 4201 3410 4246 et
3453 4192 3594 4260 justa
3623 4200 3821 4249 mente

2220 4285 2490 4343 sectatur,
2523 4287 2576 4333 et
2603 4290 2858 4349 quantum
2900 4282 3057 4339 datur
3085 4287 3425 4356 assequitur;
3473 4295 3528 4342 ut
3553 4286 3719 4342 etiam
3751 4288 3816 4344 in

2219 4368 2374 4424 malis
2405 4371 2472 4424 sit
2502 4370 2673 4426 bonus
2693 4414 2709 4440 ,
2741 4382 2794 4428 et
2835 4368 3183 4433 ﬁnitismalis
3211 4378 3454 4434 omnibus
3501 4389 3660 4450 atque
3704 4379 3816 4435 im-

2218 4463 2376 4532 pletis
2403 4463 2556 4519 bonis
2577 4466 2824 4522 erunibus
2851 4468 2921 4524 sit
2944 4469 3149 4526 beatus.

2290 4551 2516 4611 CAPUT
2547 4556 2652 4612 VII.
2679 4589 2751 4598 —
2780 4560 2871 4615 lO.
2905 4559 3064 4616 Fides
3089 4561 3404 4630 necessaria,
3435 4571 3491 4617 ut
3533 4562 3816 4635 aliquando

2217 4650 2282 4704 sit
2309 4651 2457 4705 homo
2474 4651 2666 4720 beatus,
2693 4653 2829 4726 quod
2848 4656 3051 4710 nonnisi
3074 4657 3126 4710 in
3143 4660 3316 4729 futura
3336 4659 3438 4712 vita
3457 4666 3813 4729 consequetur.

2220 4744 2652 4816 PliilosOpIiorum
2684 4747 3014 4819 superborum
3057 4751 3269 4827 gidenda
3295 4761 3344 4806 et
3372 4751 3663 4806 miseranda
3686 4752 3815 4806 bea-

2219 4839 2400 4893 titudo.
2425 4840 2502 4896 Ac
2529 4857 2623 4911 per
2649 4841 2750 4898 hoc
2770 4843 2821 4898 in
2840 4844 2939 4900 ista
2964 4846 3172 4900 mortali
3196 4847 3299 4901 vita
3322 4847 3596 4902 erroribus
3613 4861 3818 4902 aerum-

2219 4933 2407 5003 nisque
2439 4931 2744 5004 plenissima
2769 4979 2782 5000 ,
2837 4938 3104 5009 praecipue
3157 4939 3287 4994 fides
3330 4949 3414 4996 est
3462 4941 3765 4996 necessaria
3793 4981 3814 5009 ,

2217 5039 2317 5095 qua
2339 5025 2388 5078 in
2421 5025 2591 5080 Deum
2623 5028 2882 5084 creditur.
2909 5028 3021 5084 Non
3051 5031 3193 5086 enim
3229 5046 3579 5102 quaecumque
3624 5033 3761 5088 bona
3794 5073 3812 5100 ,

2218 5118 2556 5190 maximeque
2587 5121 2674 5175 illa
2705 5123 2897 5192 quibus
2924 5123 3148 5194 quisque
3177 5123 3233 5178 ﬁt
3254 5124 3425 5180 bonus
3447 5167 3462 5191 ,
3492 5132 3546 5180 et
3573 5124 3661 5180 illa
3691 5127 3815 5195 qui-

2217 5210 2317 5267 bus
2345 5212 2432 5268 fiet
2463 5214 2665 5280 beatus,
2691 5215 2830 5271 unde
2857 5217 2956 5273 uiSi
2979 5233 3008 5270 a
3039 5218 3148 5273 Deo
3175 5218 3227 5274 in
3260 5217 3528 5273 hominem
3553 5217 3770 5274 veniant
3791 5256 3808 5278 .

2218 5312 2271 5358 et
2301 5303 2502 5360 homini
2549 5307 2837 5374 accedant,
2869 5309 3092 5364 inveniri
3127 5319 3322 5379 potest.
3352 5310 3484 5365 Cum
3530 5319 3709 5366 autem
3735 5326 3808 5366 ex

2218 5394 2317 5451 hac
2343 5397 2446 5452 vita
2470 5397 2535 5453 ab
2563 5414 2627 5454 eo
2650 5401 2738 5471 qui
2770 5401 2820 5454 in
2839 5399 2924 5455 his
2955 5403 3183 5459 miseriis
3214 5403 3386 5458 ﬁdelis
3413 5411 3466 5459 et
3492 5403 3666 5459 bonus
3695 5412 3806 5472 est,

2216 5498 2432 5543 ventum
2457 5488 2614 5545 fuerit
2640 5491 2705 5546 ad
2733 5491 2939 5548 beatam
2968 5536 2982 5560 ,
3019 5501 3143 5549 tunc
3164 5495 3266 5550 erit
3309 5510 3436 5550 vere
3478 5495 3621 5565 quod
3664 5509 3812 5550 nunc

2218 5595 2337 5637 esse
2372 5581 2516 5635 nullo
2544 5581 2704 5637 modo
2730 5592 2938 5653 potest,
2971 5583 3129 5641 utsic
3157 5583 3318 5641 homo
3351 5586 3495 5640 vivat
3532 5586 3810 5656 quomodo

2217 5672 2347 5726 vult.
2372 5671 2488 5727 Non
2517 5674 2660 5729 enim
2686 5675 2832 5729 volet
2861 5679 2998 5731 male
3028 5676 3207 5733 vivere
3225 5678 3279 5733 in
3305 5677 3390 5732 illa
3415 5677 3685 5744 felicitate,
3714 5687 3810 5734 aut

2217 5764 2362 5821 volet
2389 5765 2584 5836 aliquid
2614 5767 2755 5837 quod
2781 5768 2954 5824 deerit
2977 5811 2992 5835 ,
3040 5777 3132 5826 aut
3163 5771 3334 5827 deerit
3382 5765 3524 5842 quod
3554 5770 3808 5828 voluerit.

2220 5857 2486 5931 Quidquid
2515 5859 2812 5932 amabitur,
2841 5861 3014 5920 aderit
3044 5881 3056 5921 :
3093 5877 3193 5921 nec
3224 5863 3617 5923 desiderabitur
3665 5863 3813 5937 quod

3683 369 3832 428 meo
3923 355 3932 360 ’
