4104 6464
243 404 382 464 1011

241 535 354 580 neu
403 521 597 580 aderit.
638 521 814 578 Omne
856 521 999 594 quod
1037 522 1110 580 ibi
1152 523 1288 590 erit,
1338 521 1537 581 bonum
1578 525 1718 593 erit,
1772 535 1829 583 et

240 629 489 671 summus
515 615 656 671 Deus
677 630 944 670 summurn
971 615 1167 704 bonum
1197 615 1332 683 erit,
1357 625 1517 688 atque
1540 617 1607 674 ad
1644 617 1826 674 fruen-

239 711 371 767 dum
401 711 704 766 amantibus
732 719 932 780 praesto
950 711 1051 766 erit
1074 727 1088 777 ;
1121 718 1177 766 et
1193 711 1333 782 quod
1364 721 1445 767 est
1463 712 1682 767 omnino
1702 711 1828 767 bea-

242 807 551 872 tissimum,
603 806 673 860 ita
719 821 934 876 semper
955 805 1067 861 fore
1095 813 1302 860 certum
1354 805 1476 860 erit.
1507 803 1657 859 Nunc
1700 820 1828 859 vero

241 899 490 955 fecerunt
516 899 729 969 quidem
758 900 775 932 ί
805 900 904 954 sibi
953 898 1286 968 philosophi,
1326 899 1464 953 sicut
1493 913 1677 952 eorum
1708 897 1824 951 cui-

243 1007 353 1061 que
381 991 611 1061 placuit,
639 991 774 1045 vitas
806 990 989 1046 beatas
1017 1006 1140 1044 suas
1159 1032 1172 1056 ,
1206 998 1263 1044 ut
1305 989 1453 1060 quasi
1485 990 1695 1058 propria
1722 989 1828 1042 vir-

242 1093 357 1139 tute
400 1092 653 1153 possent,
699 1083 841 1154 quod
870 1084 1138 1138 communi
1190 1083 1490 1137 mortalium
1523 1081 1827 1136 conditione

242 1193 350 1230 non
381 1185 664 1246 poterant,
710 1176 788 1230 sic
816 1175 1020 1230 scilicet
1050 1176 1226 1230 vivere
1253 1183 1308 1230 ut
1359 1174 1580 1230 vellent.
1622 1173 1829 1230 Sentie-

237 1269 369 1324 bant
440 1269 582 1324 enim
639 1269 794 1323 aliter
848 1269 1063 1325 beatum
1128 1281 1249 1324 esse
1314 1269 1581 1324 neminem
1631 1283 1824 1339 posse,

238 1361 340 1415 nisi
385 1359 634 1416 habendo
681 1360 821 1430 quod
880 1361 1077 1429 vellet,
1134 1369 1189 1417 et
1217 1360 1348 1416 nihil
1391 1360 1639 1431 patiendo
1686 1361 1826 1431 quod

190 1488 200 1504 .
239 1451 425 1506 nollet.
456 1451 586 1520 Quis
631 1461 812 1507 autem
862 1467 967 1506 non
1019 1452 1458 1523 qualemcumque
1503 1453 1664 1507 vitam
1719 1468 1821 1523 qua

238 1543 535 1598 delectatur
553 1583 569 1610 ,
616 1554 670 1599 et
722 1543 843 1598 ideo
870 1543 1080 1598 beatam
1108 1553 1295 1610 vocat,
1328 1545 1491 1601 vellet
1515 1545 1593 1599 sic
1621 1559 1738 1600 esse
1767 1546 1822 1599 in

237 1651 336 1691 sua
358 1643 619 1706 potestate
639 1679 654 1702 ,
685 1647 740 1692 ut
766 1653 882 1693 eam
908 1647 1089 1708 posset
1132 1638 1329 1695 habere
1358 1642 1708 1709 perpetuam?
1758 1639 1826 1694 Et

239 1733 420 1782 tamen
465 1728 584 1799 quis
635 1729 706 1784 ita
732 1729 857 1784 est?
887 1729 1016 1795 Quis
1069 1731 1176 1784 vult
1221 1731 1324 1798 pati
1372 1731 1645 1786 molestias
1693 1746 1823 1800 quas

236 1820 447 1876 fortiter
477 1822 705 1886 toleret,
737 1824 978 1892 quamvis
1003 1838 1096 1877 eas
1124 1823 1249 1876 velit
1292 1823 1565 1892 possitque
1595 1823 1826 1876 tolerare

236 1915 281 1970 si
318 1916 550 1984 patitur?
577 1915 706 1983 Quis
737 1916 861 1970 velit
888 1917 944 1970 in
977 1916 1258 1970 tormentis
1288 1915 1465 1969 vivere
1485 1955 1500 1981 ,
1533 1915 1693 1970 etiam
1735 1915 1823 1985 qui

239 2017 416 2078 ροιθει
444 2009 498 2063 in
520 2010 598 2064 eis
624 2026 720 2080 per
751 2010 1056 2079 patientiam
1087 2009 1317 2064 tenendo
1350 2009 1609 2076 justitiam
1639 2009 1822 2065 lauda-

235 2100 417 2156 biliter
443 2101 668 2156 vivere?
717 2100 1025 2156 Transitura
1056 2105 1423 2171 cogitaverunt
1476 2102 1588 2155 haec
1638 2103 1818 2168 mala,

236 2193 329 2263 qui
361 2209 421 2249 ea
443 2195 796 2262 pertulerunt,
826 2195 909 2249 vel
940 2194 1203 2264 cupiemlo
1230 2194 1449 2259 habere,
1481 2194 1561 2248 vel
1586 2194 1822 2249 timendo

234 2285 480 2338 amittere
501 2284 640 2354 quod
666 2285 948 2350 amabant,
979 2286 1090 2340 sive
1121 2286 1365 2353 nequiter
1407 2286 1520 2341 sive
1548 2285 1822 2341 laudabili.

234 2383 340 2431 ter.
361 2375 493 2432 Nam
525 2377 672 2431 muiti
700 2393 792 2446 per
815 2378 1120 2432 transitoria
1142 2377 1298 2441 mala,
1317 2376 1382 2430 ad
1402 2377 1540 2431 bona
1571 2391 1818 2444 perman-

233 2483 360 2522 sura
388 2467 968 2524 fortitertetenderunt.
998 2470 1096 2538 Qui
1127 2469 1364 2539 profecto
1383 2485 1478 2539 spe
1509 2470 1644 2524 beati
1675 2477 1816 2532 sunt,

233 2560 396 2615 etiam
426 2576 546 2615 cum
575 2571 697 2616 sunt
717 2563 770 2616 in
798 2563 1117 2617 transitoriis
1139 2563 1311 2627 malis,
1345 2577 1440 2632 per
1456 2576 1575 2632 quae
1595 2561 1661 2616 ad
1682 2562 1822 2617 bona

234 2669 343 2708 non
375 2655 657 2709 transitura
683 2656 1020 2725 perveniunt.
1052 2655 1156 2711 Sed
1201 2657 1290 2726 qui
1319 2671 1416 2724 spe
1465 2656 1656 2711 beatus
1688 2664 1772 2712 est
1803 2695 1817 2722 ,

232 2747 472 2801 nondum
503 2749 690 2802 beatus
717 2757 799 2803 est
828 2765 842 2802 ε
892 2757 1164 2818 exspectat
1205 2763 1433 2818 namque
1464 2763 1560 2818 per
1607 2749 1817 2818 patien-

232 2840 364 2894 tiam
394 2840 774 2897 beatitudinem
801 2857 958 2911 quam
985 2841 1396 2899 nondumteuet.
1425 2841 1527 2910 Qui
1550 2858 1678 2898 vero
1704 2843 1820 2898 sine

231 2930 341 2986 ulla
368 2946 463 3000 spe
493 2931 620 2996 tali,
644 2931 760 2988 sine
783 2931 891 2986 ulla
924 2933 1014 2986 tali
1046 2933 1292 2988 mercede
1321 2933 1588 2988 cruciatur
1607 2973 1621 2998 ,
1653 2949 1821 3003 quan-

232 3025 474 3080 tamlibet
498 3025 747 3080 adhibeat
773 3026 1105 3081 tolerantiam
1127 3067 1142 3092 ,
1193 3041 1298 3081 non
1341 3035 1423 3081 est
1452 3025 1638 3080 beatus
1667 3041 1821 3080 vera-

231 3117 390 3181 citcr,
409 3116 500 3171 sed
529 3118 690 3171 miser
721 3116 946 3172 fortiter.
972 3115 1154 3187 Neque
1178 3119 1318 3172 enim
1344 3127 1620 3188 propterea
1639 3117 1806 3173 miser

230 3221 340 3262 non
363 3215 473 3272 est,
503 3207 622 3278 quia
655 3207 901 3262 miserior
940 3215 1115 3272 esset,
1169 3208 1212 3262 si
1262 3208 1420 3263 etiam
1472 3208 1816 3277 impatienter

230 3301 505 3356 miseriam
531 3303 839 3358 sustineret.
873 3302 1040 3357 Porro
1065 3301 1112 3357 si
1148 3303 1247 3357 ista
1281 3318 1385 3358 non
1436 3304 1670 3374 patitur,
1698 3320 1819 3374 qua:

233 3393 400 3447 nollet
427 3393 532 3463 pati
565 3395 614 3448 in
642 3408 740 3450 suo
766 3409 992 3464 corpore
1016 3436 1032 3461 ,
1080 3409 1181 3450 nec
1210 3402 1336 3450 tunc
1361 3397 1576 3465 quidem
1629 3397 1818 3452 beatus

231 3483 511 3539 habendus
531 3495 614 3541 est
638 3526 654 3552 ,
704 3487 954 3558 quoniam
985 3502 1092 3542 non
1143 3479 1286 3542 vivit'
1323 3498 1380 3542 ut
1403 3489 1534 3543 vult.
1578 3489 1648 3544 Ut
1673 3489 1816 3543 enim

229 3576 337 3631 alia
367 3579 628 3646 omittam,
661 3595 780 3649 quae
808 3594 1033 3648 corpore
1059 3579 1227 3633 illmso
1254 3579 1320 3632 ad
1349 3580 1510 3633 animi
1545 3581 1820 3650 pertinent

239 3668 604 3738 oﬂ‘ensiones,
656 3670 771 3726 sine
801 3672 991 3742 quibus
1017 3671 1197 3726 vivere
1243 3672 1539 3736 vellemus,
1595 3679 1648 3724 et
1692 3681 1818 3726 sunt

228 3762 637 3818 innumerabilia
658 3780 672 3827 ;
698 3764 856 3820 vellet
873 3763 1052 3833 utique
1073 3764 1117 3819 si
1138 3771 1318 3832 posset
1342 3763 1411 3817 ita
1435 3763 1637 3816 salvum
1658 3771 1817 3832 atque

228 3853 498 3910 incolume
526 3855 724 3910 habere
752 3868 978 3924 corpus,
1005 3864 1056 3909 et
1085 3855 1257 3909 nullas
1292 3869 1358 3908 ex
1415 3869 1480 3909 co
1507 3854 1616 3924 pati
1647 3853 1813 3907 mole-

226 3947 393 4012 stias,
423 3947 543 4002 utid
573 3947 793 4003 haberet
822 3948 874 4002 in
906 3955 1185 4017 potestate,
1206 3956 1296 4002 aut
1325 3947 1374 4001 in
1415 3947 1579 4018 ipsius
1637 3947 1815 4002 incor-

228 4038 479 4108 ruptione
499 4039 738 4108 corporis
767 4057 780 4094 ;
813 4039 954 4109 quod
984 4040 1104 4108 quia
1134 4054 1241 4093 non
1265 4039 1425 4094 habet
1449 4079 1464 4104 ,
1509 4055 1570 4094 ac
1619 4040 1818 4110 pendet

229 4130 288 4184 in
338 4130 543 4185 incerto
569 4132 588 4162 ²
616 4172 630 4195 ,
661 4131 903 4202 profecto
945 4145 1051 4185 non
1093 4131 1222 4184 vivit
1270 4139 1326 4185 ut
1377 4131 1509 4184 vult.
1564 4131 1816 4199 Quamvis

225 4224 372 4277 enim
406 4238 499 4292 per
519 4223 879 4278 fortitudinem
911 4224 979 4279 sit
1010 4234 1222 4295 paratus
1255 4225 1501 4293 excipere
1522 4267 1536 4291 ,
1567 4235 1620 4279 et
1664 4241 1816 4294 aequo

227 4313 374 4370 ferre
411 4316 588 4370 animo
615 4315 868 4386 quidquid
892 4317 1228 4372 adversitatis
1271 4317 1561 4383 acciderit;
1619 4319 1818 4373 mavult

231 4415 413 4460 tamen
438 4418 626 4462 utnon
658 4407 902 4472 accidat,
936 4417 990 4462 et
1037 4409 1083 4463 si
1130 4409 1300 4478 possit
1347 4408 1506 4474 facit;
1537 4416 1695 4478 atque
1745 4409 1816 4463 ita

226 4509 449 4570 paratus
474 4508 558 4556 est
598 4501 650 4554 in
673 4509 957 4570 utrumque
977 4544 992 4567 ,
1022 4510 1080 4556 ut
1105 4511 1362 4568 quantum
1393 4502 1444 4555 in
1492 4502 1606 4571 ipso
1632 4510 1714 4556 est
1739 4501 1818 4554 al-

227 4602 401 4647 terum
425 4602 593 4664 optet,
619 4594 842 4648 alterum
870 4593 1040 4660 vitet,
1064 4601 1117 4648 et
1144 4593 1187 4647 si
1224 4593 1362 4663 quod
1397 4593 1544 4660 vitat,
1575 4595 1812 4648 incurre-

225 4685 336 4748 rit,
372 4687 491 4740 ideo
519 4687 706 4742 volens
732 4685 895 4752 ferat,
921 4687 1040 4756 quia
1071 4686 1184 4741 ﬁeri
1212 4702 1315 4740 non
1344 4689 1520 4758 potuit
1545 4686 1684 4756 quod
1721 4705 1815 4743 v0-

231 4775 398 4831 Iebat.
426 4776 502 4832 Ne
527 4779 858 4846 opprimatur
878 4793 1006 4848 ergo
1022 4778 1276 4833 sustinet:
1310 4777 1402 4832 sed
1434 4779 1600 4847 premi
1629 4779 1815 4834 nollet.

224 4866 509 4936 Quomodo
537 4884 666 4938 ergo
699 4870 824 4924 vivit
855 4877 913 4924 ιιι
941 4871 1086 4924 vult?
1116 4871 1196 4923 An
1249 4869 1370 4940 quia
1428 4869 1614 4925 volens
1667 4869 1819 4926 fortis

225 4971 315 5016 est
339 4962 405 5015 ad
439 4962 650 5017 ferenda
677 4979 795 5032 quae
820 4963 983 5018 nollet
1009 4963 1200 5018 illata?
1239 4961 1364 5019 Ideo
1408 4964 1566 5033 igitur
1614 4963 1666 5019 id
1709 4963 1822 5019 vult

225 5053 369 5123 quod
396 5063 608 5123 potest,
637 5055 886 5125 quoniam
915 5053 1058 5124 quod
1081 5055 1192 5108 vult
1224 5071 1327 5110 non
1358 5065 1550 5126 potest.
1585 5057 1710 5112 Ilaec
1737 5066 1820 5112 est

229 5154 339 5200 tota
362 5188 376 5212 ,
402 5156 581 5202 utrum
611 5146 832 5202 ridenda
851 5188 866 5212 ,
893 5162 958 5200 an
990 5146 1162 5217 potius
1192 5147 1489 5202 miseranda
1516 5189 1530 5213 ,
1563 5151 1823 5219 superbo-

225 5254 346 5292 rum
395 5237 664 5293 beatitudo
711 5239 1054 5306 mortalium,
1085 5238 1426 5308 gloriantium
1456 5253 1515 5294 se
1553 5241 1733 5296 vivere
1762 5249 1822 5296 ut

231 5331 448 5397 volunt,
481 5333 602 5402 quia
639 5333 878 5388 volentes
907 5332 1169 5404 patienter
1200 5331 1376 5386 ferunt
1405 5347 1522 5401 qum
1574 5333 1819 5390 accidere

228 5423 333 5478 sibi
363 5425 572 5480 nolunt.
604 5425 718 5481 Hoc
764 5435 845 5482 est
895 5428 1039 5482 enim
1065 5468 1080 5493 ,
1131 5427 1278 5480 aiunt
1303 5467 1318 5492 ,
1373 5427 1517 5496 quod
1547 5428 1822 5497 sapienter

228 5513 367 5570 dixit
396 5515 676 5571 Terentius
703 5560 717 5582 ,

572 5589 801 5645 Quoniam
824 5600 921 5638 non
938 5593 1096 5650 potest
1114 5587 1160 5637 id
1184 5584 1289 5637 ﬂeri
1313 5585 1442 5650 quod
1465 5590 1555 5649 vis,

421 5648 471 5698 Id
491 5649 761 5713 velisquod
786 5648 1001 5713 possis".
1085 5712 1098 5713 γ
1315 5648 1344 5713 ί
1381 5692 1388 5698 ,

607 5711 686 5774 (Iit
712 5711 936 5772 .mdreia,
957 5719 1049 5762 act.
1076 5712 1123 5773 2,
1149 5725 1278 5763 scen.
1305 5712 1352 5774 1,
1376 5724 1500 5763 vers.
1524 5711 1572 5774 5,
1601 5711 1674 5775 ϐ.)

302 5817 322 5888 ξ
344 5815 484 5888 ῳιιι,
508 5811 631 5888 loco,
653 5813 866 5888 quidem,
885 5815 1146 5888 habebant,

298 5879 322 5911 ³
344 5885 472 5936 uss,
496 5877 874 5950 uendet'incerlq
885 5891 903 5940 ,°
923 5880 1099 5930 omissa
1123 5877 1369 5945 partimin,
1392 5877 1462 5931 in.

303 5942 328 5977 ³
348 5943 606 5994 Terentius
619 5941 730 6006 fert,
747 5947 911 6006 possit.
1005 5947 1062 5993 ι.

1410 404 1620 464 LIBB
1653 406 1952 470 TERTIUS
1983 411 2307 476 DECIMUS.

3371 441 3514 500 Ml!

1937 531 2228 591 Commode
2256 535 2359 592 hoc
2383 537 2584 596 dictum
2620 556 2774 611 esse,
2819 545 2940 617 quis
2965 551 3160 620 negat?
3201 551 3312 610 Sed
3337 561 3517 616 oonsi-

1935 622 2062 678 lium
2101 635 2185 681 est
2225 627 2408 685 datum
2456 633 2687 701 misero,
2732 652 2803 694 ne
2844 649 2988 696 esset
3025 643 3294 702 miserior.
3351 648 3517 708 Beato

1934 723 2109 770 autem
2135 758 2152 784 ,
2185 721 2371 788 quales
2399 736 2456 778 se
2485 739 2605 780 esse
2634 742 2820 784 omnes
2843 732 3060 798 volunt,
3107 751 3213 792 non
3243 750 3390 796 recte
3418 757 3517 799 nec

1935 821 2060 861 vere
2089 807 2284 863 dicitur
2303 851 2317 875 ,
2349 810 2462 868 Non
2497 825 2669 884 potest
2693 817 2804 874 ﬁeri
2832 823 2972 891 quod
3003 825 3100 880 vis.
3144 826 3202 882 Si
3225 830 3367 885 enim
3390 831 3519 888 bea-

1936 906 2018 996 tus
2038 908 2139 996 est,
2169 903 2420 974 quidquid
2450 909 2563 962 vult
2594 909 2705 966 fieri
2731 924 2938 984 potest;
2961 919 3082 988 quia
3113 937 3217 976 non
3244 926 3355 980 vult
3374 927 3514 996 quod

1935 991 2051 1087 fieri
2079 1008 2185 1048 non
2211 1007 2406 1066 potest.
2457 1000 2561 1056 Sed
2594 1019 2698 1058 non
2737 1017 2817 1061 est
2855 1013 3190 1070 mortalitatis
3219 1015 3374 1087 hujus
3393 991 3514 1076 haec

1933 1083 2038 1137 vita
2060 1125 2073 1147 ,
2112 1101 2211 1141 nec
2236 1089 2336 1142 erit
2363 1091 2462 1146 nisi
2506 1096 2716 1163 quando
2737 1107 2791 1152 et
2829 1100 3196 1160 immortalitas
3219 1083 3339 1164 erit.
3385 1109 3515 1177 Quae

1933 1177 1976 1230 si
2003 1179 2150 1234 nullo
2176 1182 2336 1237 modo
2363 1183 2476 1239 dari
2509 1185 2711 1243 homini
2740 1201 2953 1260 posset,
2982 1196 3174 1251 frustra
3203 1200 3363 1256 etiam
3388 1203 3517 1258 beao

1932 1269 2100 1325 titudo
2143 1285 2507 1343 quaereretur;
2553 1279 2675 1350 quia
2702 1280 2818 1337 sine
2861 1283 3260 1346 immortalitate
3286 1303 3391 1348 non
3417 1308 3518 1364 po-

1932 1371 2034 1417 test
2065 1379 2203 1420 esse.

2000 1456 2228 1514 CAPUT
2271 1459 2406 1515 VIII.
2447 1491 2519 1502 —
2557 1463 2646 1518 Η.
2687 1463 2956 1522 Beatitudo
2991 1471 3099 1525 sine
3141 1472 3520 1533 immortalitate

1931 1563 2032 1602 non
2059 1558 2218 1618 potest
2264 1568 2388 1607 esse.
2438 1551 2572 1608 Cum
2599 1569 2726 1626 ergo
2751 1557 2890 1614 beati
2911 1575 3031 1616 esse
3057 1577 3244 1620 omnes
3273 1567 3517 1626 homines

1931 1642 2094 1696 velint
2118 1682 2132 1705 ,
2156 1645 2198 1698 si
2233 1660 2357 1700 vere
2380 1648 2566 1702 volunt
2592 1651 2608 1681 ³
2629 1690 2645 1716 ,
2688 1651 2923 1719 profecto
2949 1663 3004 1708 et
3027 1670 3146 1711 esse
3185 1657 3515 1716 immortales

1929 1732 2110 1784 volunt
2142 1751 2155 1786 :
2187 1734 2342 1788 aliter
2368 1737 2508 1790 enim
2549 1737 2687 1794 beati
2717 1755 2836 1796 esse
2869 1757 2973 1797 non
3003 1755 3239 1813 possent.
3275 1748 3511 1820 Denique

1929 1832 1983 1878 et
2007 1823 2074 1879 de
2102 1824 2501 1884 immortalitate
2527 1830 2877 1903 interrogati,
2923 1835 3063 1890 sicut
3096 1846 3151 1892 et
3185 1838 3254 1893 de
3282 1839 3516 1896 beatitu-

1929 1914 2052 1971 dine
2075 1956 2090 1982 ,
2139 1931 2327 1973 omnes
2356 1935 2473 1975 eam
2513 1936 2572 1975 se
2607 1924 2744 1978 velle
2789 1926 3136 1995 respondent.
3184 1927 3290 1984 Sed
3319 1931 3518 2000 qualis-

1929 2021 2157 2078 cumque
2182 2009 2454 2067 beatitudo
2475 2053 2490 2078 ,
2534 2029 2654 2083 quae
2685 2017 2860 2084 potius
2894 2028 3118 2074 vocetur
3141 2035 3301 2090 quam
3329 2022 3434 2086 sit,
3461 2023 3516 2082 in

1928 2097 2027 2152 hac
2048 2100 2151 2153 vita
2180 2103 2456 2170 quaaritur,
2497 2104 2605 2158 imo
2633 2121 2760 2159 vero
2786 2106 3001 2176 fingitur
3023 2151 3037 2174 ,
3069 2110 3195 2165 dum
3236 2111 3515 2168 immorta-

1928 2189 2049 2246 litas
2088 2191 2404 2261 desperatur
2427 2235 2440 2257 ,
2493 2195 2610 2251 sine
2633 2212 2736 2266 qua
2766 2213 2887 2252 vera
2932 2200 3204 2259 beatitudo
3245 2217 3367 2260 esse
3407 2219 3513 2260 non

1927 2291 2120 2352 potest.
2172 2281 2266 2340 Ille
2306 2285 2502 2354 quippe
2542 2287 2697 2343 beate
2726 2289 2885 2356 vivit,
2933 2293 3075 2362 quod
3119 2294 3229 2364 jam
3269 2297 3514 2365 superius

1925 2372 2178 2440 diximus,
2211 2384 2266 2429 et
2285 2376 2577 2431 astruendo
2607 2379 2737 2432 satis
2759 2381 2990 2448 tiximus,
3021 2384 3110 2454 qui
3137 2387 3268 2441 vivit
3297 2397 3354 2442 ut
3379 2389 3511 2456 vult,

1925 2481 2024 2520 nec
2050 2465 2190 2520 male
2211 2465 2413 2537 aliquid
2438 2468 2568 2524 vult.
2597 2467 2768 2525 Nemo
2789 2480 2965 2528 autem
2993 2475 3132 2530 male
3155 2478 3267 2533 vult
3291 2478 3513 2532 immor-

1926 2561 2207 2625 talitatem,
2235 2560 2283 2614 si
2312 2561 2430 2630 ejus
2458 2561 2689 2617 humana
2719 2579 2884 2634 capax
2906 2576 2987 2621 est
3017 2568 3130 2622 Deo
3154 2569 3386 2625 donante
3414 2584 3512 2625 na-

1927 2661 2042 2706 tura
2071 2670 2085 2706 :
2116 2652 2269 2722 cujus
2294 2652 2339 2707 si
2368 2669 2474 2710 non
2502 2669 2670 2725 capax
2702 2666 2782 2711 est
2808 2698 2821 2722 ,
2854 2672 2954 2714 nec
2981 2659 3323 2718 beatitudinis
3342 2678 3512 2733 capax

1925 2753 2026 2800 est.
2079 2744 2148 2801 Ut
2187 2746 2328 2802 enim
2375 2747 2536 2803 homo
2581 2748 2734 2805 beate
2776 2751 2948 2820 vivat,
3004 2763 3218 2824 oportet
3261 2765 3318 2811 ut
3345 2757 3508 2814 vivat.

1923 2837 2090 2905 Quem
2122 2854 2283 2908 porro
2327 2841 2642 2896 morientem
2671 2843 2776 2898 vita
2805 2843 2918 2914 ipsa
2945 2845 3145 2902 deserit
3164 2889 3177 2909 .
3221 2849 3373 2904 beata
3403 2850 3511 2904 vita

1923 2943 2042 2984 cum
2074 2930 2167 2984 illo
2193 2945 2412 2988 manere
2439 2933 2528 3002 qui
2552 2935 2766 3003 potest?
2803 2934 2934 2990 Cum
2962 2947 3142 2994 autem
3166 2939 3384 3007 deserit,
3415 2949 3512 2999 aut

1923 3023 2193 3077 nolentem
2236 3024 2437 3079 deserit
2478 3027 2662 3096 procul
2703 3026 2898 3094 dubio,
2943 3039 3036 3083 aut
3075 3031 3376 3098 volentem,
3420 3039 3515 3087 aut

1922 3123 2192 3169 neutrum.
2225 3115 2282 3172 Si
2313 3117 2606 3186 nolentem,
2633 3119 2906 3188 quomodo
2928 3119 3083 3176 beata
3109 3121 3218 3176 vita
3239 3131 3352 3189 est,
3392 3138 3514 3193 qua

1925 3206 1994 3260 ita
2022 3216 2104 3261 cst
2134 3207 2186 3261 in
2216 3209 2512 3275 voluntate,
2550 3218 2607 3264 ut
2629 3225 2735 3264 non
2762 3211 2832 3265 sit
2856 3210 2908 3265 in
2939 3214 3244 3282 potestate?
3273 3212 3515 3284 Cumque

1921 3296 2107 3352 beatus
2133 3314 2292 3353 nemo
2319 3299 2388 3354 sit
2413 3300 2610 3371 aliquid
2640 3302 2869 3356 volendo
2900 3318 2999 3359 nec
3023 3303 3289 3371 habendo,
3310 3314 3512 3376 quanto

1920 3391 2098 3446 minus
2125 3401 2208 3448 est
2247 3393 2436 3448 beatus
2461 3394 2551 3463 qui
2575 3410 2682 3448 non
2720 3395 2927 3452 honore
2950 3437 2966 3462 ,
3013 3412 3120 3451 non
3148 3399 3509 3468 possessione,

1923 3501 2026 3539 non
2053 3485 2290 3554 qualibet
2323 3485 2427 3539 alia
2459 3501 2550 3552 re,
2599 3486 2691 3541 sed
2723 3487 2835 3556 ipsa
2870 3487 3024 3542 beata
3056 3489 3163 3544 vita
3193 3492 3384 3546 nolens
3411 3490 3510 3545 de—

1920 3575 2117 3630 seritur
2140 3615 2154 3637 ,
2186 3573 2400 3644 quando
2442 3575 2491 3630 ei
2518 3576 2661 3630 nulla
2701 3577 2806 3630 vita
2835 3576 2975 3631 erit?
3020 3576 3174 3633 Unde
3201 3579 3303 3633 etsi
3333 3580 3512 3636 nullus

1921 3681 2109 3721 sensus
2141 3666 2454 3736 relinquitur
2478 3707 2492 3732 ,
2544 3682 2649 3737 quo
2689 3667 2760 3722 sit
2797 3667 2995 3723 misera
3038 3668 3338 3741 (propterea
3367 3671 3512 3727 enim

1921 3758 2073 3812 beata
2108 3759 2210 3812 vita
2236 3757 2760 3829 discedit,'quoniam
2785 3768 2892 3815 tota
2918 3761 3024 3814 vita
3049 3761 3318 3832 discedit),
3346 3765 3511 3816 miser

1920 3859 2004 3904 est
2047 3859 2254 3915 tamen,
2303 3850 2558 3920 quamdiu
2601 3852 2796 3918 sentit,
2843 3853 2966 3924 quia
3009 3854 3110 3909 scit
3146 3870 3204 3909 se
3247 3857 3459 3910 nolente
3488 3856 3510 3888 ³

1919 3941 2161 3996 consumi
2205 3949 2428 4011 propter
2474 3941 2615 4011 quod
2661 3952 2855 3999 caetera
2905 3954 2958 3998 et
3002 3944 3142 4015 quod
3169 3960 3279 4017 prae
3304 3945 3514 4000 caeteris

1920 4034 2111 4104 diligit.
2144 4032 2258 4088 Non
2290 4033 2449 4104 igitur
2475 4042 2649 4104 potest
2676 4034 2781 4088 vita
2812 4043 2866 4089 et
2893 4035 3046 4091 beata
3071 4053 3211 4104 esse,
3239 4046 3290 4093 et
3321 4036 3512 4092 nolen-

1921 4135 2026 4182 tem
2059 4126 2309 4182 desererc
2337 4126 2358 4158 ³
2387 4147 2400 4180 :
2431 4127 2552 4196 quia
2581 4127 2768 4182 beatus
2790 4128 2976 4185 nolens
3002 4145 3161 4185 nemo
3187 4128 3242 4184 ﬁt
3267 4145 3284 4196 ;
3325 4144 3389 4186 ac
3414 4146 3512 4201 per

1921 4217 2022 4273 hoc
2042 4227 2240 4288 quanto
2269 4219 2437 4288 magis
2463 4219 2734 4275 nolentem
2759 4219 3058 4275 deserendo
3087 4220 3342 4277 miserum
3365 4221 3508 4290 facit,

1920 4330 2036 4384 qua:
2064 4313 2106 4366 si
2152 4313 2351 4367 nolenti
2385 4321 2578 4382 praesto
2607 4322 2750 4367 esset
2792 4315 3047 4368 miserum
3079 4313 3312 4369 faceret?
3337 4315 3394 4371 Si
3417 4329 3510 4368 auo

1923 4416 2028 4461 tem
2053 4406 2318 4460 volentem
2347 4405 2581 4469 deserit,
2613 4405 2772 4460 etiam
2812 4406 2889 4460 sic
2927 4407 3197 4476 quomodo
3222 4407 3376 4462 beata
3401 4411 3510 4464 vita

1920 4506 2066 4562 erat,
2113 4513 2270 4567 quam
2317 4496 2493 4566 perire
2526 4495 2548 4527 ‘
2578 4495 2743 4552 voluit
2782 4497 2873 4567 qui
2904 4496 3173 4554 habebat?
3221 4499 3412 4556 Restat
3454 4508 3514 4558 ut

1920 4590 2098 4644 dicant
2145 4599 2390 4643 neutrum
2437 4603 2558 4644 esse
2603 4589 2657 4643 in
2687 4589 2866 4644 animo
2911 4590 3090 4657 beati;
3138 4591 3192 4647 id
3231 4601 3345 4660 est,
3387 4608 3512 4652 eum

1922 4681 2095 4736 deseri
2121 4695 2150 4734 a
2174 4681 2327 4734 beata
2350 4680 2476 4744 vita,
2501 4694 2621 4734 cum
2654 4695 2752 4749 per
2773 4690 3000 4736 mortem
3023 4681 3227 4739 deserit
3249 4692 3355 4739 tota
3379 4685 3511 4752 vita,

1922 4791 2022 4830 nec
2068 4775 2206 4828 nolle
2254 4789 2352 4830 nec
2400 4773 2572 4837 velle,
2623 4773 2691 4828 ad
2737 4782 3018 4846 utrumque
3061 4777 3203 4832 enim
3230 4786 3414 4846 parato
3455 4786 3511 4834 et

1921 4881 2074 4938 {equo
2126 4866 2287 4921 corde
2331 4861 2352 4897 ⁸
2409 4866 2721 4922 consistere.
2770 4865 2876 4924 Sed
2930 4884 3027 4924 nec
3083 4869 3181 4923 ista
3231 4869 3383 4924 beata
3429 4877 3511 4925 est

1922 4961 2066 5028 vita,
2114 4976 2232 5031 quae
2275 4959 2394 5016 talis
2438 4967 2549 5023 est,
2597 4968 2655 5014 ut
2693 4977 2850 5030 quem
2883 4960 3093 5016 beatum
3121 4960 3278 5024 facit,
3325 4975 3510 5018 amore

1923 5053 2038 5124 ejus
2061 5052 2272 5123 indigna
2303 5052 2392 5106 sit.
2420 5051 2702 5118 Quomodo
2730 5053 2870 5108 enim
2901 5061 2985 5106 est
3013 5051 3166 5107 beata
3197 5053 3323 5120 vita,
3352 5069 3510 5124 quam

1923 5160 2028 5200 non
2051 5153 2194 5199 amat
2216 5144 2442 5200 beatus?
2485 5145 2591 5200 Aut
2618 5145 2885 5215 quomodo
2910 5154 3137 5212 amatur,
3171 5146 3310 5214 quod
3334 5156 3511 5202 utrum

1922 5240 2128 5310 vigeat,
2164 5254 2230 5294 an
2263 5248 2484 5310 pereat,
2529 5239 2897 5294 indiﬂ‘erenter
2918 5241 3219 5310 accipitur?
3246 5241 3356 5298 Nisi
3380 5244 3513 5304 forte

1923 5333 2147 5387 virtutes
2171 5373 2184 5396 ,
2233 5347 2364 5401 quas
2389 5341 2607 5402 propter
2647 5332 2814 5388 solam
2843 5332 3222 5390 beatitudinem
3249 5337 3326 5396 sic
3363 5352 3510 5392 ama-

1925 5442 2077 5494 mus,
2125 5426 2445 5498 persuadere
2480 5425 2633 5481 nobis
2661 5425 2894 5495 audent,
2935 5435 2994 5482 ut
3030 5427 3197 5499 ipsam
3223 5429 3514 5485 beatitudi-

1991 5630 2007 5660 ί
2035 5633 2136 5676 Am.
2158 5633 2210 5676 et
2234 5633 2357 5683 Mss,
2382 5623 2427 5675 si
2442 5637 2608 5675 verum
2629 5623 2807 5676 volunt.

1989 5689 2009 5722 ³
2027 5691 2100 5738 Sic
2121 5696 2227 5736 Mss.
2253 5695 2308 5737 At
2327 5684 2462 5747 editi,
2486 5685 2756 5748 nolentem;
2781 5688 2941 5737 minus
2954 5693 3112 5738 recte.

1991 5752 2014 5785 ³
2033 5751 2184 5801 editio
2205 5757 2334 5812 Lov.,
2355 5749 2583 5802 volentem
2603 5752 2841 5802 deserere.
2865 5752 3131 5814 Castigatur
3157 5759 3223 5803 ex
3247 5750 3394 5804 editis
3405 5748 3516 5804 alii

1928 5820 1983 5866 et
2003 5821 2110 5862 MSS.

1992 5875 2016 5939 ξ
2038 5883 2096 5939 1ηῄ
2108 5881 2236 5939 Mss,
2254 5872 2414 5939 ﬁnire.

1995 5938 2018 5971 ⁸
2039 5937 2176 5999 Editi,
2396 5944 2454 5990 At
2474 5945 2604 6002 Ιιιο
2626 5937 2793 5990 corde.
