  <div class='ocr_page' id='page_1' title='image "/cluster/home/n/w/nwhite01/storage/ocr_20150623/42/hvd.32044015471493/517.png"; bbox 0 0 4104 6448; ppageno 0'>
   <div class='ocr_carea' id='block_1_1' title="bbox 563 416 705 475">
    <p class='ocr_par' dir='ltr' id='par_1_1' title="bbox 563 416 705 475">
     <span class='ocr_line' id='line_1_1' title="bbox 563 416 705 475; baseline -0.007 0"><span class='ocrx_word' id='word_1_1' title='bbox 563 416 705 475; x_wconf 61' lang='lat'><strong>1033</strong></span> 
     </span>
    </p>
   </div>
   <div class='ocr_carea' id='block_1_2' title="bbox 563 504 2141 587">
    <p class='ocr_par' dir='ltr' id='par_1_2' title="bbox 563 504 2141 587">
     <span class='ocr_line' id='line_1_2' title="bbox 563 504 2141 587; baseline -0.018 -1"><span class='ocrx_word' id='word_1_2' title='bbox 563 542 688 587; x_wconf 91' lang='lat' dir='ltr'><strong>nem</strong></span> <span class='ocrx_word' id='word_1_3' title='bbox 712 538 821 582; x_wconf 92' lang='lat' dir='ltr'><strong>non</strong></span> <span class='ocrx_word' id='word_1_4' title='bbox 843 533 1102 579; x_wconf 85' lang='lat' dir='ltr'><strong>amemus.</strong></span> <span class='ocrx_word' id='word_1_5' title='bbox 1145 513 1302 586; x_wconf 84' lang='lat' dir='ltr'><strong>Quod</strong></span> <span class='ocrx_word' id='word_1_6' title='bbox 1326 514 1373 571; x_wconf 91' lang='lat' dir='ltr'><strong>si</strong></span> <span class='ocrx_word' id='word_1_7' title='bbox 1396 513 1599 570; x_wconf 88' lang='lat' dir='ltr'><strong>faciunt</strong></span> <span class='ocrx_word' id='word_1_8' title='bbox 1618 551 1631 576; x_wconf 94' lang='lat'><strong>,</strong></span> <span class='ocrx_word' id='word_1_9' title='bbox 1673 508 1836 565; x_wconf 87' lang='lat' dir='ltr'><strong>etiam</strong></span> <span class='ocrx_word' id='word_1_10' title='bbox 1866 506 2013 576; x_wconf 86' lang='lat' dir='ltr'><strong>ipsas</strong></span> <span class='ocrx_word' id='word_1_11' title='bbox 2036 504 2141 559; x_wconf 90' lang='lat' dir='ltr'><strong>uti-</strong></span> 
     </span>
    </p>
   </div>
   <div class='ocr_carea' id='block_1_3' title="bbox 565 604 2147 695">
    <p class='ocr_par' dir='ltr' id='par_1_3' title="bbox 565 604 2147 695">
     <span class='ocr_line' id='line_1_3' title="bbox 565 604 2147 695; baseline -0.018 -16"><span class='ocrx_word' id='word_1_12' title='bbox 565 638 671 695; x_wconf 87' lang='lat' dir='ltr'><strong>que</strong></span> <span class='ocrx_word' id='word_1_13' title='bbox 696 632 877 676; x_wconf 87' lang='lat' dir='ltr'><strong>amare</strong></span> <span class='ocrx_word' id='word_1_14' title='bbox 900 613 1239 677; x_wconf 76' lang='lat' dir='ltr'><strong>desistimus,</strong></span> <span class='ocrx_word' id='word_1_15' title='bbox 1286 606 1499 681; x_wconf 87' lang='lat' dir='ltr'><strong>quando</strong></span> <span class='ocrx_word' id='word_1_16' title='bbox 1544 604 1689 660; x_wconf 82' lang='lat' dir='ltr'><strong>illam</strong></span> <span class='ocrx_word' id='word_1_17' title='bbox 1731 608 1950 695; x_wconf 90' lang='lat' dir='ltr'><strong>propter</strong></span> <span class='ocrx_word' id='word_1_18' title='bbox 1986 612 2147 695; x_wconf 78' lang='lat' dir='ltr'><strong>quam</strong></span> 
     </span>
    </p>
   </div>
   <div class='ocr_carea' id='block_1_4' title="bbox 565 689 2148 771">
    <p class='ocr_par' dir='ltr' id='par_1_4' title="bbox 565 689 2148 771">
     <span class='ocr_line' id='line_1_4' title="bbox 565 689 2148 771; baseline -0.017 0"><span class='ocrx_word' id='word_1_19' title='bbox 565 689 735 771; x_wconf 71' lang='lat' dir='ltr'><strong>solam</strong></span> <span class='ocrx_word' id='word_1_20' title='bbox 761 712 889 766; x_wconf 89' lang='lat' dir='ltr'><strong>istas</strong></span> <span class='ocrx_word' id='word_1_21' title='bbox 910 705 1229 771; x_wconf 82' lang='lat' dir='ltr'><strong>amavimus,</strong></span> <span class='ocrx_word' id='word_1_22' title='bbox 1246 717 1353 757; x_wconf 92' lang='lat' dir='ltr'><strong>non</strong></span> <span class='ocrx_word' id='word_1_23' title='bbox 1370 713 1629 755; x_wconf 90' lang='lat' dir='ltr'><strong>amamus.</strong></span> <span class='ocrx_word' id='word_1_24' title='bbox 1654 694 1856 751; x_wconf 84' lang='lat' dir='ltr'><strong>Deinde</strong></span> <span class='ocrx_word' id='word_1_25' title='bbox 1880 689 2148 763; x_wconf 92' lang='lat' dir='ltr'><strong>quomodo</strong></span> 
     </span>
    </p>
   </div>
   <div class='ocr_carea' id='block_1_5' title="bbox 567 787 2147 868">
    <p class='ocr_par' dir='ltr' id='par_1_5' title="bbox 567 787 2147 868">
     <span class='ocr_line' id='line_1_5' title="bbox 567 787 2147 868; baseline -0.017 -6"><span class='ocrx_word' id='word_1_26' title='bbox 567 809 669 863; x_wconf 90' lang='lat' dir='ltr'><strong>erit</strong></span> <span class='ocrx_word' id='word_1_27' title='bbox 696 818 819 859; x_wconf 85' lang='lat' dir='ltr'><strong>vera</strong></span> <span class='ocrx_word' id='word_1_28' title='bbox 848 810 953 856; x_wconf 91' lang='lat' dir='ltr'><strong>tam</strong></span> <span class='ocrx_word' id='word_1_29' title='bbox 996 798 1082 854; x_wconf 88' lang='lat' dir='ltr'><strong>illa</strong></span> <span class='ocrx_word' id='word_1_30' title='bbox 1128 803 1402 868; x_wconf 89' lang='lat' dir='ltr'><strong>perspecta</strong></span> <span class='ocrx_word' id='word_1_31' title='bbox 1422 793 1440 824; x_wconf 72' lang='grc' dir='ltr'>ί</span> <span class='ocrx_word' id='word_1_32' title='bbox 1465 833 1479 857; x_wconf 93' lang='grc'><em>,</em></span> <span class='ocrx_word' id='word_1_33' title='bbox 1520 798 1629 845; x_wconf 88' lang='lat' dir='ltr'><strong>tam</strong></span> <span class='ocrx_word' id='word_1_34' title='bbox 1657 787 1954 843; x_wconf 77' lang='lat' dir='ltr'><strong>examinata</strong></span> <span class='ocrx_word' id='word_1_35' title='bbox 1974 824 1990 851; x_wconf 92' lang='lat'><strong>,</strong></span> <span class='ocrx_word' id='word_1_36' title='bbox 2037 790 2147 837; x_wconf 90' lang='lat' dir='ltr'><strong>tam</strong></span> 
     </span>
    </p>
   </div>
   <div class='ocr_carea' id='block_1_6' title="bbox 569 875 2149 968">
    <p class='ocr_par' dir='ltr' id='par_1_6' title="bbox 569 875 2149 968">
     <span class='ocr_line' id='line_1_6' title="bbox 569 875 2149 968; baseline -0.015 -14"><span class='ocrx_word' id='word_1_37' title='bbox 569 899 796 968; x_wconf 89' lang='lat' dir='ltr'><strong>eliquata</strong></span> <span class='ocrx_word' id='word_1_38' title='bbox 818 935 832 959; x_wconf 92' lang='lat'><strong>,</strong></span> <span class='ocrx_word' id='word_1_39' title='bbox 863 904 969 948; x_wconf 88' lang='lat' dir='ltr'><strong>tam</strong></span> <span class='ocrx_word' id='word_1_40' title='bbox 993 899 1136 947; x_wconf 88' lang='lat' dir='ltr'><strong>certa</strong></span> <span class='ocrx_word' id='word_1_41' title='bbox 1166 887 1425 945; x_wconf 74' lang='lat' dir='ltr'><strong>sententia</strong></span> <span class='ocrx_word' id='word_1_42' title='bbox 1443 926 1458 951; x_wconf 97' lang='lat'><strong>,</strong></span> <span class='ocrx_word' id='word_1_43' title='bbox 1489 884 1674 939; x_wconf 89' lang='lat' dir='ltr'><strong>beatos</strong></span> <span class='ocrx_word' id='word_1_44' title='bbox 1698 895 1817 937; x_wconf 91' lang='lat' dir='ltr'><strong>esse</strong></span> <span class='ocrx_word' id='word_1_45' title='bbox 1841 892 2029 933; x_wconf 90' lang='lat' dir='ltr'><strong>omnes</strong></span> <span class='ocrx_word' id='word_1_46' title='bbox 2051 875 2149 931; x_wconf 84' lang='lat' dir='ltr'><strong>ho-</strong></span> 
     </span>
    </p>
   </div>
   <div class='ocr_carea' id='block_1_7' title="bbox 568 971 2148 1053">
    <p class='ocr_par' dir='ltr' id='par_1_7' title="bbox 568 971 2148 1053">
     <span class='ocr_line' id='line_1_7' title="bbox 568 971 2148 1053; baseline -0.015 -7"><span class='ocrx_word' id='word_1_47' title='bbox 568 991 737 1047; x_wconf 88' lang='lat' dir='ltr'><strong>mines</strong></span> <span class='ocrx_word' id='word_1_48' title='bbox 756 986 917 1053; x_wconf 88' lang='lat' dir='ltr'><strong>velle,</strong></span> <span class='ocrx_word' id='word_1_49' title='bbox 948 985 992 1040; x_wconf 92' lang='lat' dir='ltr'><strong>si</strong></span> <span class='ocrx_word' id='word_1_50' title='bbox 1019 983 1118 1053; x_wconf 89' lang='lat' dir='ltr'><strong>ipsi</strong></span> <span class='ocrx_word' id='word_1_51' title='bbox 1139 981 1228 1051; x_wconf 90' lang='lat' dir='ltr'><strong>qui</strong></span> <span class='ocrx_word' id='word_1_52' title='bbox 1248 980 1357 1049; x_wconf 87' lang='lat' dir='ltr'><strong>jam</strong></span> <span class='ocrx_word' id='word_1_53' title='bbox 1386 977 1525 1032; x_wconf 89' lang='lat' dir='ltr'><strong>beati</strong></span> <span class='ocrx_word' id='word_1_54' title='bbox 1547 982 1705 1040; x_wconf 84' lang='lat' dir='ltr'><strong>sunt,</strong></span> <span class='ocrx_word' id='word_1_55' title='bbox 1731 971 1873 1027; x_wconf 91' lang='lat' dir='ltr'><strong>beati</strong></span> <span class='ocrx_word' id='word_1_56' title='bbox 1899 984 2020 1025; x_wconf 88' lang='lat' dir='ltr'><strong>esse</strong></span> <span class='ocrx_word' id='word_1_57' title='bbox 2048 982 2148 1023; x_wconf 90' lang='lat' dir='ltr'><strong>nec</strong></span> 
     </span>
    </p>
   </div>
   <div class='ocr_carea' id='block_1_8' title="bbox 568 1061 2146 1147">
    <p class='ocr_par' dir='ltr' id='par_1_8' title="bbox 568 1061 2146 1147">
     <span class='ocr_line' id='line_1_8' title="bbox 568 1061 2146 1147; baseline -0.015 -10"><span class='ocrx_word' id='word_1_58' title='bbox 568 1083 776 1147; x_wconf 81' lang='lat' dir='ltr'><strong>nolunt,</strong></span> <span class='ocrx_word' id='word_1_59' title='bbox 803 1093 901 1133; x_wconf 90' lang='lat' dir='ltr'><strong>nec</strong></span> <span class='ocrx_word' id='word_1_60' title='bbox 926 1073 1156 1131; x_wconf 89' lang='lat' dir='ltr'><strong>volunt?</strong></span> <span class='ocrx_word' id='word_1_61' title='bbox 1192 1074 1297 1128; x_wconf 87' lang='lat' dir='ltr'><strong>Aut</strong></span> <span class='ocrx_word' id='word_1_62' title='bbox 1326 1071 1370 1124; x_wconf 90' lang='lat' dir='ltr'><strong>si</strong></span> <span class='ocrx_word' id='word_1_63' title='bbox 1390 1069 1595 1133; x_wconf 89' lang='lat' dir='ltr'><strong>volunt,</strong></span> <span class='ocrx_word' id='word_1_64' title='bbox 1625 1074 1683 1120; x_wconf 90' lang='lat' dir='ltr'><strong>ut</strong></span> <span class='ocrx_word' id='word_1_65' title='bbox 1704 1064 1899 1119; x_wconf 91' lang='lat' dir='ltr'><strong>veritas</strong></span> <span class='ocrx_word' id='word_1_66' title='bbox 1932 1061 2146 1126; x_wconf 91' lang='lat' dir='ltr'><strong>clamat,</strong></span> 
     </span>
    </p>
   </div>
   <div class='ocr_carea' id='block_1_9' title="bbox 567 1153 2151 1238">
    <p class='ocr_par' dir='ltr' id='par_1_9' title="bbox 567 1153 2151 1238">
     <span class='ocr_line' id='line_1_9' title="bbox 567 1153 2151 1238; baseline -0.015 -9"><span class='ocrx_word' id='word_1_67' title='bbox 567 1183 627 1229; x_wconf 91' lang='lat' dir='ltr'><strong>ut</strong></span> <span class='ocrx_word' id='word_1_68' title='bbox 650 1182 837 1228; x_wconf 89' lang='lat' dir='ltr'><strong>natura</strong></span> <span class='ocrx_word' id='word_1_69' title='bbox 861 1167 1165 1238; x_wconf 90' lang='lat' dir='ltr'><strong>compellit,</strong></span> <span class='ocrx_word' id='word_1_70' title='bbox 1208 1164 1290 1219; x_wconf 91' lang='lat' dir='ltr'><strong>cui</strong></span> <span class='ocrx_word' id='word_1_71' title='bbox 1320 1176 1529 1217; x_wconf 88' lang='lat' dir='ltr'><strong>summe</strong></span> <span class='ocrx_word' id='word_1_72' title='bbox 1556 1160 1728 1214; x_wconf 89' lang='lat' dir='ltr'><strong>bonus</strong></span> <span class='ocrx_word' id='word_1_73' title='bbox 1752 1166 1807 1211; x_wconf 88' lang='lat' dir='ltr'><strong>et</strong></span> <span class='ocrx_word' id='word_1_74' title='bbox 1850 1153 2151 1210; x_wconf 89' lang='lat' dir='ltr'><strong>immutabi-</strong></span> 
     </span>
    </p>
   </div>
   <div class='ocr_carea' id='block_1_10' title="bbox 566 1250 2149 1322">
    <p class='ocr_par' dir='ltr' id='par_1_10' title="bbox 566 1250 2149 1322">
     <span class='ocr_line' id='line_1_10' title="bbox 566 1250 2149 1322; baseline -0.013 1"><span class='ocrx_word' id='word_1_75' title='bbox 566 1267 686 1322; x_wconf 91' lang='lat' dir='ltr'><strong>liter</strong></span> <span class='ocrx_word' id='word_1_76' title='bbox 722 1266 906 1320; x_wconf 89' lang='lat' dir='ltr'><strong>beatus</strong></span> <span class='ocrx_word' id='word_1_77' title='bbox 931 1265 1148 1317; x_wconf 88' lang='lat' dir='ltr'><strong>Creator</strong></span> <span class='ocrx_word' id='word_1_78' title='bbox 1176 1258 1367 1314; x_wconf 87' lang='lat' dir='ltr'><strong>indidit</strong></span> <span class='ocrx_word' id='word_1_79' title='bbox 1408 1256 1546 1321; x_wconf 91' lang='lat' dir='ltr'><strong>hoc;</strong></span> <span class='ocrx_word' id='word_1_80' title='bbox 1590 1254 1632 1309; x_wconf 92' lang='lat' dir='ltr'><strong>si</strong></span> <span class='ocrx_word' id='word_1_81' title='bbox 1664 1253 1880 1314; x_wconf 91' lang='lat' dir='ltr'><strong>volunt,</strong></span> <span class='ocrx_word' id='word_1_82' title='bbox 1911 1250 2149 1320; x_wconf 90' lang='lat' dir='ltr'><strong>inquam,</strong></span> 
     </span>
    </p>
   </div>
   <div class='ocr_carea' id='block_1_11' title="bbox 568 1344 2192 1427">
    <p class='ocr_par' dir='ltr' id='par_1_11' title="bbox 568 1344 2192 1427">
     <span class='ocr_line' id='line_1_11' title="bbox 568 1344 2192 1427; baseline -0.014 -11"><span class='ocrx_word' id='word_1_83' title='bbox 568 1361 708 1416; x_wconf 86' lang='lat' dir='ltr'><strong>beati</strong></span> <span class='ocrx_word' id='word_1_84' title='bbox 733 1374 851 1414; x_wconf 90' lang='lat' dir='ltr'><strong>esse</strong></span> <span class='ocrx_word' id='word_1_85' title='bbox 877 1358 963 1427; x_wconf 91' lang='lat' dir='ltr'><strong>qui</strong></span> <span class='ocrx_word' id='word_1_86' title='bbox 994 1355 1132 1411; x_wconf 80' lang='lat' dir='ltr'><strong>beati</strong></span> <span class='ocrx_word' id='word_1_87' title='bbox 1179 1361 1335 1417; x_wconf 90' lang='lat' dir='ltr'><strong>sunt,</strong></span> <span class='ocrx_word' id='word_1_88' title='bbox 1382 1349 1521 1406; x_wconf 86' lang='lat' dir='ltr'><strong>beati</strong></span> <span class='ocrx_word' id='word_1_89' title='bbox 1565 1362 1669 1402; x_wconf 93' lang='lat' dir='ltr'><strong>non</strong></span> <span class='ocrx_word' id='word_1_90' title='bbox 1699 1361 1818 1401; x_wconf 90' lang='lat' dir='ltr'><strong>esse</strong></span> <span class='ocrx_word' id='word_1_91' title='bbox 1848 1344 2026 1413; x_wconf 89' lang='lat' dir='ltr'><strong>utique</strong></span> <span class='ocrx_word' id='word_1_92' title='bbox 2052 1357 2152 1397; x_wconf 86' lang='lat' dir='ltr'><strong>no-</strong></span> <span class='ocrx_word' id='word_1_93' title='bbox 2184 1376 2192 1383; x_wconf 65' lang='grc' dir='ltr'><strong>ι</strong></span> 
     </span>
    </p>
   </div>
   <div class='ocr_carea' id='block_1_12' title="bbox 567 1437 2152 1509">
    <p class='ocr_par' dir='ltr' id='par_1_12' title="bbox 567 1437 2152 1509">
     <span class='ocr_line' id='line_1_12' title="bbox 567 1437 2152 1509; baseline -0.011 0"><span class='ocrx_word' id='word_1_94' title='bbox 567 1455 703 1509; x_wconf 91' lang='lat' dir='ltr'><strong>lunt.</strong></span> <span class='ocrx_word' id='word_1_95' title='bbox 751 1452 808 1507; x_wconf 90' lang='lat' dir='ltr'><strong>Si</strong></span> <span class='ocrx_word' id='word_1_96' title='bbox 833 1462 1011 1506; x_wconf 90' lang='lat' dir='ltr'><strong>autem</strong></span> <span class='ocrx_word' id='word_1_97' title='bbox 1056 1447 1196 1503; x_wconf 81' lang='lat' dir='ltr'><strong>beati</strong></span> <span class='ocrx_word' id='word_1_98' title='bbox 1224 1460 1332 1500; x_wconf 88' lang='lat' dir='ltr'><strong>non</strong></span> <span class='ocrx_word' id='word_1_99' title='bbox 1370 1459 1489 1499; x_wconf 86' lang='lat' dir='ltr'><strong>esse</strong></span> <span class='ocrx_word' id='word_1_100' title='bbox 1519 1442 1737 1505; x_wconf 88' lang='lat' dir='ltr'><strong>nolunt,</strong></span> <span class='ocrx_word' id='word_1_101' title='bbox 1782 1439 1963 1509; x_wconf 85' lang='lat' dir='ltr'><strong>procul</strong></span> <span class='ocrx_word' id='word_1_102' title='bbox 1989 1437 2152 1493; x_wconf 90' lang='lat' dir='ltr'><strong>dubio</strong></span> 
     </span>
    </p>
   </div>
   <div class='ocr_carea' id='block_1_13' title="bbox 567 1529 2152 1609">
    <p class='ocr_par' dir='ltr' id='par_1_13' title="bbox 567 1529 2152 1609">
     <span class='ocr_line' id='line_1_13' title="bbox 567 1529 2152 1609; baseline -0.01 -9"><span class='ocrx_word' id='word_1_103' title='bbox 567 1546 757 1601; x_wconf 88' lang='lat' dir='ltr'><strong>nolunt</strong></span> <span class='ocrx_word' id='word_1_104' title='bbox 783 1540 1023 1598; x_wconf 85' lang='lat' dir='ltr'><strong>consumi</strong></span> <span class='ocrx_word' id='word_1_105' title='bbox 1050 1547 1105 1595; x_wconf 92' lang='lat' dir='ltr'><strong>et</strong></span> <span class='ocrx_word' id='word_1_106' title='bbox 1146 1538 1320 1609; x_wconf 91' lang='lat' dir='ltr'><strong>perire</strong></span> <span class='ocrx_word' id='word_1_107' title='bbox 1367 1533 1505 1605; x_wconf 89' lang='lat' dir='ltr'><strong>quod</strong></span> <span class='ocrx_word' id='word_1_108' title='bbox 1536 1533 1674 1588; x_wconf 88' lang='lat' dir='ltr'><strong>beati</strong></span> <span class='ocrx_word' id='word_1_109' title='bbox 1722 1540 1862 1585; x_wconf 89' lang='lat' dir='ltr'><strong>sunt.</strong></span> <span class='ocrx_word' id='word_1_110' title='bbox 1912 1530 2021 1584; x_wconf 89' lang='lat' dir='ltr'><strong>Nec</strong></span> <span class='ocrx_word' id='word_1_111' title='bbox 2051 1529 2152 1584; x_wconf 88' lang='lat' dir='ltr'><strong>nisi</strong></span> 
     </span>
    </p>
   </div>
   <div class='ocr_carea' id='block_1_14' title="bbox 567 1622 2153 1702">
    <p class='ocr_par' dir='ltr' id='par_1_14' title="bbox 567 1622 2153 1702">
     <span class='ocr_line' id='line_1_14' title="bbox 567 1622 2153 1702; baseline -0.009 -10"><span class='ocrx_word' id='word_1_112' title='bbox 567 1639 804 1693; x_wconf 84' lang='lat' dir='ltr'><strong>viventes</strong></span> <span class='ocrx_word' id='word_1_113' title='bbox 832 1636 971 1690; x_wconf 86' lang='lat' dir='ltr'><strong>beati</strong></span> <span class='ocrx_word' id='word_1_114' title='bbox 996 1647 1115 1688; x_wconf 91' lang='lat' dir='ltr'><strong>esse</strong></span> <span class='ocrx_word' id='word_1_115' title='bbox 1142 1638 1366 1702; x_wconf 91' lang='lat' dir='ltr'><strong>possunt</strong></span> <span class='ocrx_word' id='word_1_116' title='bbox 1390 1627 1609 1682; x_wconf 85' lang='lat' dir='ltr'><strong>:nolunt</strong></span> <span class='ocrx_word' id='word_1_117' title='bbox 1640 1626 1797 1696; x_wconf 83' lang='lat' dir='ltr'><strong>igitur</strong></span> <span class='ocrx_word' id='word_1_118' title='bbox 1822 1624 1994 1693; x_wconf 87' lang='lat' dir='ltr'><strong>perire</strong></span> <span class='ocrx_word' id='word_1_119' title='bbox 2010 1622 2153 1693; x_wconf 88' lang='lat' dir='ltr'><strong>quod</strong></span> 
     </span>
    </p>
   </div>
   <div class='ocr_carea' id='block_1_15' title="bbox 568 1718 2152 1793">
    <p class='ocr_par' dir='ltr' id='par_1_15' title="bbox 568 1718 2152 1793">
     <span class='ocr_line' id='line_1_15' title="bbox 568 1718 2152 1793; baseline -0.009 -7"><span class='ocrx_word' id='word_1_120' title='bbox 568 1732 769 1785; x_wconf 90' lang='lat' dir='ltr'><strong>vivunt.</strong></span> <span class='ocrx_word' id='word_1_121' title='bbox 798 1725 1128 1781; x_wconf 89' lang='lat' dir='ltr'><strong>Immortales</strong></span> <span class='ocrx_word' id='word_1_122' title='bbox 1156 1737 1282 1793; x_wconf 89' lang='lat' dir='ltr'><strong>ergo</strong></span> <span class='ocrx_word' id='word_1_123' title='bbox 1308 1736 1428 1776; x_wconf 89' lang='lat' dir='ltr'><strong>esse</strong></span> <span class='ocrx_word' id='word_1_124' title='bbox 1450 1719 1656 1782; x_wconf 90' lang='lat' dir='ltr'><strong>volunt,</strong></span> <span class='ocrx_word' id='word_1_125' title='bbox 1680 1718 1997 1787; x_wconf 90' lang='lat' dir='ltr'><strong>quicumque</strong></span> <span class='ocrx_word' id='word_1_126' title='bbox 2027 1730 2152 1771; x_wconf 85' lang='lat' dir='ltr'><strong>vere</strong></span> 
     </span>
    </p>
   </div>
   <div class='ocr_carea' id='block_1_16' title="bbox 568 1806 2154 1881">
    <p class='ocr_par' dir='ltr' id='par_1_16' title="bbox 568 1806 2154 1881">
     <span class='ocr_line' id='line_1_16' title="bbox 568 1806 2154 1881; baseline -0.009 -6"><span class='ocrx_word' id='word_1_127' title='bbox 568 1822 709 1876; x_wconf 80' lang='lat' dir='ltr'><strong>beati</strong></span> <span class='ocrx_word' id='word_1_128' title='bbox 756 1820 837 1875; x_wconf 90' lang='lat' dir='ltr'><strong>vel</strong></span> <span class='ocrx_word' id='word_1_129' title='bbox 887 1826 1011 1873; x_wconf 91' lang='lat' dir='ltr'><strong>sunt</strong></span> <span class='ocrx_word' id='word_1_130' title='bbox 1063 1816 1143 1871; x_wconf 92' lang='lat' dir='ltr'><strong>vel</strong></span> <span class='ocrx_word' id='word_1_131' title='bbox 1189 1829 1311 1870; x_wconf 89' lang='lat' dir='ltr'><strong>esse</strong></span> <span class='ocrx_word' id='word_1_132' title='bbox 1358 1812 1595 1881; x_wconf 89' lang='lat' dir='ltr'><strong>cupiunt.</strong></span> <span class='ocrx_word' id='word_1_133' title='bbox 1646 1809 1758 1863; x_wconf 86' lang='lat' dir='ltr'><strong>Non</strong></span> <span class='ocrx_word' id='word_1_134' title='bbox 1800 1817 1978 1862; x_wconf 91' lang='lat' dir='ltr'><strong>autem</strong></span> <span class='ocrx_word' id='word_1_135' title='bbox 2024 1806 2154 1861; x_wconf 89' lang='lat' dir='ltr'><strong>vivit</strong></span> 
     </span>
    </p>
   </div>
   <div class='ocr_carea' id='block_1_17' title="bbox 570 1899 2153 1974">
    <p class='ocr_par' dir='ltr' id='par_1_17' title="bbox 570 1899 2153 1974">
     <span class='ocr_line' id='line_1_17' title="bbox 570 1899 2153 1974; baseline -0.01 -7"><span class='ocrx_word' id='word_1_136' title='bbox 570 1912 752 1973; x_wconf 86' lang='lat' dir='ltr'><strong>beate,</strong></span> <span class='ocrx_word' id='word_1_137' title='bbox 795 1909 877 1964; x_wconf 91' lang='lat' dir='ltr'><strong>cui</strong></span> <span class='ocrx_word' id='word_1_138' title='bbox 921 1925 1024 1962; x_wconf 88' lang='lat' dir='ltr'><strong>non</strong></span> <span class='ocrx_word' id='word_1_139' title='bbox 1056 1907 1204 1962; x_wconf 80' lang='lat' dir='ltr'><strong>adest</strong></span> <span class='ocrx_word' id='word_1_140' title='bbox 1242 1904 1381 1974; x_wconf 90' lang='lat' dir='ltr'><strong>quod</strong></span> <span class='ocrx_word' id='word_1_141' title='bbox 1410 1904 1564 1957; x_wconf 90' lang='lat' dir='ltr'><strong>vult:</strong></span> <span class='ocrx_word' id='word_1_142' title='bbox 1611 1902 1760 1955; x_wconf 92' lang='lat' dir='ltr'><strong>nullo</strong></span> <span class='ocrx_word' id='word_1_143' title='bbox 1796 1899 1954 1953; x_wconf 91' lang='lat' dir='ltr'><strong>modo</strong></span> <span class='ocrx_word' id='word_1_144' title='bbox 1994 1899 2153 1968; x_wconf 78' lang='lat' dir='ltr'><strong>igitur</strong></span> 
     </span>
    </p>
   </div>
   <div class='ocr_carea' id='block_1_18' title="bbox 568 1989 2153 2071">
    <p class='ocr_par' dir='ltr' id='par_1_18' title="bbox 568 1989 2153 2071">
     <span class='ocr_line' id='line_1_18' title="bbox 568 1989 2153 2071; baseline -0.009 -14"><span class='ocrx_word' id='word_1_145' title='bbox 568 2017 687 2057; x_wconf 90' lang='lat' dir='ltr'><strong>esse</strong></span> <span class='ocrx_word' id='word_1_146' title='bbox 720 2000 915 2071; x_wconf 91' lang='lat' dir='ltr'><strong>poterit</strong></span> <span class='ocrx_word' id='word_1_147' title='bbox 954 1998 1059 2054; x_wconf 89' lang='lat' dir='ltr'><strong>vita</strong></span> <span class='ocrx_word' id='word_1_148' title='bbox 1084 1996 1345 2052; x_wconf 83' lang='lat' dir='ltr'><strong>veraciter</strong></span> <span class='ocrx_word' id='word_1_149' title='bbox 1386 1994 1575 2059; x_wconf 88' lang='lat' dir='ltr'><strong>beata,</strong></span> <span class='ocrx_word' id='word_1_150' title='bbox 1607 1991 1708 2046; x_wconf 88' lang='lat' dir='ltr'><strong>nisi</strong></span> <span class='ocrx_word' id='word_1_151' title='bbox 1747 1990 1905 2045; x_wconf 89' lang='lat' dir='ltr'><strong>fuerit</strong></span> <span class='ocrx_word' id='word_1_152' title='bbox 1952 1989 2153 2060; x_wconf 90' lang='lat' dir='ltr'><strong>sempi-</strong></span> 
     </span>
    </p>
   </div>
   <div class='ocr_carea' id='block_1_19' title="bbox 567 2101 736 2149">
    <p class='ocr_par' dir='ltr' id='par_1_19' title="bbox 567 2101 736 2149">
     <span class='ocr_line' id='line_1_19' title="bbox 567 2101 736 2149; baseline -0.006 -1"><span class='ocrx_word' id='word_1_153' title='bbox 567 2101 714 2149; x_wconf 88' lang='lat' dir='ltr'><strong>terna</strong></span> <span class='ocrx_word' id='word_1_154' title='bbox 722 2132 736 2147; x_wconf 78' lang='grc' dir='ltr'><strong><em>ο</em></strong></span> 
     </span>
    </p>
   </div>
   <div class='ocr_carea' id='block_1_20' title="bbox 637 2176 2151 2249">
    <p class='ocr_par' dir='ltr' id='par_1_20' title="bbox 637 2176 2151 2249">
     <span class='ocr_line' id='line_1_20' title="bbox 637 2176 2151 2249; baseline -0.006 -10"><span class='ocrx_word' id='word_1_155' title='bbox 637 2183 862 2241; x_wconf 86' lang='lat' dir='ltr'><strong>CAPUT</strong></span> <span class='ocrx_word' id='word_1_156' title='bbox 888 2182 980 2238; x_wconf 81' lang='lat' dir='ltr'><strong>IX.</strong></span> <span class='ocrx_word' id='word_1_157' title='bbox 998 2182 1177 2237; x_wconf 73' lang='grc'><strong>-12.</strong></span> <span class='ocrx_word' id='word_1_158' title='bbox 1210 2179 1330 2234; x_wconf 86' lang='lat' dir='ltr'><strong>Non</strong></span> <span class='ocrx_word' id='word_1_159' title='bbox 1353 2179 1587 2233; x_wconf 79' lang='lat' dir='ltr'><strong>humanis</strong></span> <span class='ocrx_word' id='word_1_160' title='bbox 1613 2176 2151 2249; x_wconf 79' lang='lat' dir='ltr'><strong>argumentationibus,</strong></span> 
     </span>
    </p>
   </div>
   <div class='ocr_carea' id='block_1_21' title="bbox 565 2264 2155 2350">
    <p class='ocr_par' dir='ltr' id='par_1_21' title="bbox 565 2264 2155 2350">
     <span class='ocr_line' id='line_1_21' title="bbox 565 2264 2155 2350; baseline -0.009 -13"><span class='ocrx_word' id='word_1_161' title='bbox 565 2282 653 2337; x_wconf 86' lang='lat' dir='ltr'><strong>sed</strong></span> <span class='ocrx_word' id='word_1_162' title='bbox 676 2280 795 2350; x_wconf 77' lang='lat' dir='ltr'><strong>ﬁdei</strong></span> <span class='ocrx_word' id='word_1_163' title='bbox 817 2279 1007 2333; x_wconf 72' lang='lat' dir='ltr'><strong>auxilio</strong></span> <span class='ocrx_word' id='word_1_164' title='bbox 1038 2277 1252 2330; x_wconf 84' lang='lat' dir='ltr'><strong>dicimus</strong></span> <span class='ocrx_word' id='word_1_165' title='bbox 1280 2274 1633 2329; x_wconf 80' lang='lat' dir='ltr'><strong>beatitudinem</strong></span> <span class='ocrx_word' id='word_1_166' title='bbox 1662 2264 1885 2343; x_wconf 86' lang='lat' dir='ltr'><strong>futuram</strong></span> <span class='ocrx_word' id='word_1_167' title='bbox 1911 2287 2017 2323; x_wconf 84' lang='lat' dir='ltr'><strong>esse</strong></span> <span class='ocrx_word' id='word_1_168' title='bbox 2041 2285 2155 2323; x_wconf 81' lang='lat' dir='ltr'><strong>vere</strong></span> 
     </span>
    </p>
   </div>
   <div class='ocr_carea' id='block_1_22' title="bbox 567 2361 2155 2441">
    <p class='ocr_par' dir='ltr' id='par_1_22' title="bbox 567 2361 2155 2441">
     <span class='ocr_line' id='line_1_22' title="bbox 567 2361 2155 2441; baseline -0.006 -15"><span class='ocrx_word' id='word_1_169' title='bbox 567 2372 940 2441; x_wconf 84' lang='lat' dir='ltr'><strong>sempiternam.</strong></span> <span class='ocrx_word' id='word_1_170' title='bbox 997 2368 1077 2422; x_wconf 79' lang='lat' dir='ltr'><strong>Ea:</strong></span> <span class='ocrx_word' id='word_1_171' title='bbox 1116 2367 1240 2420; x_wconf 84' lang='lat' dir='ltr'><strong>Filii</strong></span> <span class='ocrx_word' id='word_1_172' title='bbox 1280 2365 1377 2419; x_wconf 89' lang='lat' dir='ltr'><strong>Dei</strong></span> <span class='ocrx_word' id='word_1_173' title='bbox 1413 2364 1757 2419; x_wconf 84' lang='lat' dir='ltr'><strong>incarnatione</strong></span> <span class='ocrx_word' id='word_1_174' title='bbox 1798 2362 2050 2417; x_wconf 80' lang='lat' dir='ltr'><strong>credibilis</strong></span> <span class='ocrx_word' id='word_1_175' title='bbox 2096 2361 2155 2427; x_wconf 80' lang='lat' dir='ltr'><strong>ﬁt</strong></span> 
     </span>
    </p>
   </div>
   <div class='ocr_carea' id='block_1_23' title="bbox 567 2455 2154 2525">
    <p class='ocr_par' dir='ltr' id='par_1_23' title="bbox 567 2455 2154 2525">
     <span class='ocr_line' id='line_1_23' title="bbox 567 2455 2154 2525; baseline -0.004 -8"><span class='ocrx_word' id='word_1_176' title='bbox 567 2464 919 2517; x_wconf 84' lang='lat' dir='ltr'><strong>immortalitas</strong></span> <span class='ocrx_word' id='word_1_177' title='bbox 947 2459 1286 2515; x_wconf 84' lang='lat' dir='ltr'><strong>beatitudinis.</strong></span> <span class='ocrx_word' id='word_1_178' title='bbox 1332 2458 1479 2513; x_wconf 85' lang='lat' dir='ltr'><strong>Hanc</strong></span> <span class='ocrx_word' id='word_1_179' title='bbox 1512 2466 1687 2511; x_wconf 91' lang='lat' dir='ltr'><strong>utrum</strong></span> <span class='ocrx_word' id='word_1_180' title='bbox 1723 2456 1899 2525; x_wconf 84' lang='lat' dir='ltr'><strong>capiat</strong></span> <span class='ocrx_word' id='word_1_181' title='bbox 1921 2455 2154 2510; x_wconf 87' lang='lat' dir='ltr'><strong>humana</strong></span> 
     </span>
    </p>
   </div>
   <div class='ocr_carea' id='block_1_24' title="bbox 568 2548 2153 2624">
    <p class='ocr_par' dir='ltr' id='par_1_24' title="bbox 568 2548 2153 2624">
     <span class='ocr_line' id='line_1_24' title="bbox 568 2548 2153 2624; baseline -0.004 -14"><span class='ocrx_word' id='word_1_182' title='bbox 568 2564 750 2610; x_wconf 91' lang='lat' dir='ltr'><strong>natura</strong></span> <span class='ocrx_word' id='word_1_183' title='bbox 777 2595 791 2618; x_wconf 90' lang='lat'><strong>,</strong></span> <span class='ocrx_word' id='word_1_184' title='bbox 837 2569 994 2624; x_wconf 87' lang='lat' dir='ltr'><strong>quam</strong></span> <span class='ocrx_word' id='word_1_185' title='bbox 1038 2563 1212 2607; x_wconf 91' lang='lat' dir='ltr'><strong>tamen</strong></span> <span class='ocrx_word' id='word_1_186' title='bbox 1250 2550 1656 2606; x_wconf 85' lang='lat' dir='ltr'><strong>desiderabilem</strong></span> <span class='ocrx_word' id='word_1_187' title='bbox 1685 2548 2006 2614; x_wconf 87' lang='lat' dir='ltr'><strong>con&#39;ﬁtetur,</strong></span> <span class='ocrx_word' id='word_1_188' title='bbox 2047 2563 2153 2605; x_wconf 89' lang='lat' dir='ltr'><strong>non</strong></span> 
     </span>
    </p>
   </div>
   <div class='ocr_carea' id='block_1_25' title="bbox 570 2640 2155 2717">
    <p class='ocr_par' dir='ltr' id='par_1_25' title="bbox 570 2640 2155 2717">
     <span class='ocr_line' id='line_1_25' title="bbox 570 2640 2155 2717; baseline -0.004 -16"><span class='ocrx_word' id='word_1_189' title='bbox 570 2662 725 2717; x_wconf 85' lang='lat' dir='ltr'><strong>parva</strong></span> <span class='ocrx_word' id='word_1_190' title='bbox 754 2645 977 2716; x_wconf 79' lang='lat' dir='ltr'><strong>quaestio</strong></span> <span class='ocrx_word' id='word_1_191' title='bbox 1003 2654 1104 2699; x_wconf 89' lang='lat' dir='ltr'><strong>est.</strong></span> <span class='ocrx_word' id='word_1_192' title='bbox 1163 2642 1269 2699; x_wconf 87' lang='lat' dir='ltr'><strong>Sed</strong></span> <span class='ocrx_word' id='word_1_193' title='bbox 1313 2643 1357 2697; x_wconf 92' lang='lat' dir='ltr'><strong>si</strong></span> <span class='ocrx_word' id='word_1_194' title='bbox 1402 2641 1533 2696; x_wconf 85' lang='lat' dir='ltr'><strong>ﬁdes</strong></span> <span class='ocrx_word' id='word_1_195' title='bbox 1564 2640 1735 2699; x_wconf 84' lang='lat' dir='ltr'><strong>adsit.</strong></span> <span class='ocrx_word' id='word_1_196' title='bbox 1768 2656 1885 2709; x_wconf 72' lang='lat' dir='ltr'><strong>quae</strong></span> <span class='ocrx_word' id='word_1_197' title='bbox 1915 2640 2053 2695; x_wconf 89' lang='lat' dir='ltr'><strong>inest</strong></span> <span class='ocrx_word' id='word_1_198' title='bbox 2076 2640 2155 2695; x_wconf 90' lang='lat' dir='ltr'><strong>eis</strong></span> 
     </span>
    </p>
   </div>
   <div class='ocr_carea' id='block_1_26' title="bbox 566 2732 2155 2812">
    <p class='ocr_par' dir='ltr' id='par_1_26' title="bbox 566 2732 2155 2812">
     <span class='ocr_line' id='line_1_26' title="bbox 566 2732 2155 2812; baseline -0.003 -19"><span class='ocrx_word' id='word_1_199' title='bbox 566 2741 760 2812; x_wconf 86' lang='lat' dir='ltr'><strong>quibus</strong></span> <span class='ocrx_word' id='word_1_200' title='bbox 800 2738 945 2795; x_wconf 90' lang='lat' dir='ltr'><strong>dedit</strong></span> <span class='ocrx_word' id='word_1_201' title='bbox 973 2746 1289 2808; x_wconf 90' lang='lat' dir='ltr'><strong>potestatem</strong></span> <span class='ocrx_word' id='word_1_202' title='bbox 1316 2735 1473 2791; x_wconf 87' lang='lat' dir='ltr'><strong>Jesus</strong></span> <span class='ocrx_word' id='word_1_203' title='bbox 1506 2734 1645 2789; x_wconf 91' lang='lat' dir='ltr'><strong>ﬁlios</strong></span> <span class='ocrx_word' id='word_1_204' title='bbox 1672 2732 1764 2788; x_wconf 89' lang='lat' dir='ltr'><strong>Dei</strong></span> <span class='ocrx_word' id='word_1_205' title='bbox 1812 2732 1961 2799; x_wconf 89' lang='lat' dir='ltr'><strong>ﬁeri,</strong></span> <span class='ocrx_word' id='word_1_206' title='bbox 2010 2733 2155 2788; x_wconf 91' lang='lat' dir='ltr'><strong>nulla</strong></span> 
     </span>
    </p>
   </div>
   <div class='ocr_carea' id='block_1_27' title="bbox 567 2826 2153 2904">
    <p class='ocr_par' dir='ltr' id='par_1_27' title="bbox 567 2826 2153 2904">
     <span class='ocr_line' id='line_1_27' title="bbox 567 2826 2153 2904; baseline -0.003 -17"><span class='ocrx_word' id='word_1_207' title='bbox 567 2834 790 2904; x_wconf 56' lang='lat' dir='ltr'><strong>quaestio</strong></span> <span class='ocrx_word' id='word_1_208' title='bbox 816 2840 914 2887; x_wconf 90' lang='lat' dir='ltr'><strong>est.</strong></span> <span class='ocrx_word' id='word_1_209' title='bbox 947 2831 1202 2886; x_wconf 83' lang='lat' dir='ltr'><strong>Humanis</strong></span> <span class='ocrx_word' id='word_1_210' title='bbox 1233 2830 1429 2899; x_wconf 90' lang='lat' dir='ltr'><strong>quippe</strong></span> <span class='ocrx_word' id='word_1_211' title='bbox 1457 2826 2010 2898; x_wconf 80' lang='lat' dir='ltr'><strong>argumentationibus</strong></span> <span class='ocrx_word' id='word_1_212' title='bbox 2035 2826 2153 2882; x_wconf 65' lang='lat' dir='ltr'><strong>haec</strong></span> 
     </span>
    </p>
   </div>
   <div class='ocr_carea' id='block_1_28' title="bbox 568 2918 2152 2991">
    <p class='ocr_par' dir='ltr' id='par_1_28' title="bbox 568 2918 2152 2991">
     <span class='ocr_line' id='line_1_28' title="bbox 568 2918 2152 2991; baseline -0.004 -11"><span class='ocrx_word' id='word_1_213' title='bbox 568 2925 811 2981; x_wconf 85' lang='lat' dir='ltr'><strong>invenire</strong></span> <span class='ocrx_word' id='word_1_214' title='bbox 840 2931 1118 2991; x_wconf 87' lang='lat' dir='ltr'><strong>conantes,</strong></span> <span class='ocrx_word' id='word_1_215' title='bbox 1149 2922 1237 2975; x_wconf 83' lang='lat' dir='ltr'><strong>vix</strong></span> <span class='ocrx_word' id='word_1_216' title='bbox 1266 2922 1419 2991; x_wconf 89' lang='lat' dir='ltr'><strong>pauci</strong></span> <span class='ocrx_word' id='word_1_217' title='bbox 1446 2934 1639 2991; x_wconf 90' lang='lat' dir='ltr'><strong>magno</strong></span> <span class='ocrx_word' id='word_1_218' title='bbox 1670 2918 1875 2990; x_wconf 67' lang='lat' dir='ltr'><strong>praediti</strong></span> <span class='ocrx_word' id='word_1_219' title='bbox 1918 2920 2152 2990; x_wconf 86' lang='lat' dir='ltr'><strong>ingenio,</strong></span> 
     </span>
    </p>
   </div>
   <div class='ocr_carea' id='block_1_29' title="bbox 568 3011 2154 3085">
    <p class='ocr_par' dir='ltr' id='par_1_29' title="bbox 568 3011 2154 3085">
     <span class='ocr_line' id='line_1_29' title="bbox 568 3011 2154 3085; baseline -0.004 -11"><span class='ocrx_word' id='word_1_220' title='bbox 568 3017 897 3074; x_wconf 89' lang='lat' dir='ltr'><strong>abundantes</strong></span> <span class='ocrx_word' id='word_1_221' title='bbox 948 3016 1093 3082; x_wconf 93' lang='lat' dir='ltr'><strong>otio,</strong></span> <span class='ocrx_word' id='word_1_222' title='bbox 1138 3013 1499 3085; x_wconf 88' lang='lat' dir='ltr'><strong>doctrinisque</strong></span> <span class='ocrx_word' id='word_1_223' title='bbox 1548 3012 1911 3069; x_wconf 91' lang='lat' dir='ltr'><strong>subtilissimis</strong></span> <span class='ocrx_word' id='word_1_224' title='bbox 1938 3011 2154 3080; x_wconf 86' lang='lat' dir='ltr'><strong>eruditi,</strong></span> 
     </span>
    </p>
   </div>
   <div class='ocr_carea' id='block_1_30' title="bbox 570 3104 2156 3180">
    <p class='ocr_par' dir='ltr' id='par_1_30' title="bbox 570 3104 2156 3180">
     <span class='ocr_line' id='line_1_30' title="bbox 570 3104 2156 3180; baseline -0.005 -15"><span class='ocrx_word' id='word_1_225' title='bbox 570 3111 636 3165; x_wconf 90' lang='lat' dir='ltr'><strong>ad</strong></span> <span class='ocrx_word' id='word_1_226' title='bbox 680 3108 1035 3180; x_wconf 90' lang='lat' dir='ltr'><strong>indagandam</strong></span> <span class='ocrx_word' id='word_1_227' title='bbox 1084 3107 1251 3162; x_wconf 89' lang='lat' dir='ltr'><strong>solius</strong></span> <span class='ocrx_word' id='word_1_228' title='bbox 1295 3106 1488 3160; x_wconf 71' lang='lat' dir='ltr'><strong>animm</strong></span> <span class='ocrx_word' id='word_1_229' title='bbox 1535 3104 1989 3160; x_wconf 87' lang='lat' dir='ltr'><strong>immortalitatem</strong></span> <span class='ocrx_word' id='word_1_230' title='bbox 2030 3119 2156 3175; x_wconf 86' lang='lat' dir='ltr'><strong>per-</strong></span> 
     </span>
    </p>
   </div>
   <div class='ocr_carea' id='block_1_31' title="bbox 568 3198 2155 3272">
    <p class='ocr_par' dir='ltr' id='par_1_31' title="bbox 568 3198 2155 3272">
     <span class='ocr_line' id='line_1_31' title="bbox 568 3198 2155 3272; baseline -0.003 -14"><span class='ocrx_word' id='word_1_231' title='bbox 568 3203 751 3259; x_wconf 90' lang='lat' dir='ltr'><strong>venire</strong></span> <span class='ocrx_word' id='word_1_232' title='bbox 795 3209 1097 3272; x_wconf 91' lang='lat' dir='ltr'><strong>potuernnt.</strong></span> <span class='ocrx_word' id='word_1_233' title='bbox 1148 3199 1243 3256; x_wconf 87' lang='lat' dir='ltr'><strong>Cui</strong></span> <span class='ocrx_word' id='word_1_234' title='bbox 1292 3208 1469 3255; x_wconf 89' lang='lat' dir='ltr'><strong>tamen</strong></span> <span class='ocrx_word' id='word_1_235' title='bbox 1508 3199 1699 3254; x_wconf 66' lang='lat' dir='ltr'><strong>anima:</strong></span> <span class='ocrx_word' id='word_1_236' title='bbox 1742 3198 1951 3253; x_wconf 89' lang='lat' dir='ltr'><strong>beatam</strong></span> <span class='ocrx_word' id='word_1_237' title='bbox 1992 3198 2155 3254; x_wconf 89' lang='lat' dir='ltr'><strong>vitam</strong></span> 
     </span>
    </p>
   </div>
   <div class='ocr_carea' id='block_1_32' title="bbox 572 3293 2155 3361">
    <p class='ocr_par' dir='ltr' id='par_1_32' title="bbox 572 3293 2155 3361">
     <span class='ocr_line' id='line_1_32' title="bbox 572 3293 2155 3361; baseline -0.001 -9"><span class='ocrx_word' id='word_1_238' title='bbox 572 3311 678 3352; x_wconf 94' lang='lat' dir='ltr'><strong>non</strong></span> <span class='ocrx_word' id='word_1_239' title='bbox 710 3296 1028 3351; x_wconf 88' lang='lat' dir='ltr'><strong>invenerunt</strong></span> <span class='ocrx_word' id='word_1_240' title='bbox 1049 3294 1290 3350; x_wconf 89' lang='lat' dir='ltr'><strong>stabilem</strong></span> <span class='ocrx_word' id='word_1_241' title='bbox 1314 3336 1327 3361; x_wconf 94' lang='lat'><strong>,</strong></span> <span class='ocrx_word' id='word_1_242' title='bbox 1360 3294 1411 3349; x_wconf 89' lang='lat' dir='ltr'><strong>id</strong></span> <span class='ocrx_word' id='word_1_243' title='bbox 1440 3304 1523 3350; x_wconf 91' lang='lat' dir='ltr'><strong>est</strong></span> <span class='ocrx_word' id='word_1_244' title='bbox 1548 3309 1729 3349; x_wconf 87' lang='lat' dir='ltr'><strong>veram</strong></span> <span class='ocrx_word' id='word_1_245' title='bbox 1759 3309 1772 3348; x_wconf 90' lang='lat'>:</span> <span class='ocrx_word' id='word_1_246' title='bbox 1805 3293 1874 3348; x_wconf 93' lang='lat' dir='ltr'><strong>ad</strong></span> <span class='ocrx_word' id='word_1_247' title='bbox 1911 3295 2155 3351; x_wconf 88' lang='lat' dir='ltr'><strong>miserias</strong></span> 
     </span>
    </p>
   </div>
   <div class='ocr_carea' id='block_1_33' title="bbox 568 3385 2157 3459">
    <p class='ocr_par' dir='ltr' id='par_1_33' title="bbox 568 3385 2157 3459">
     <span class='ocr_line' id='line_1_33' title="bbox 568 3385 2157 3459; baseline -0.001 -15"><span class='ocrx_word' id='word_1_248' title='bbox 568 3404 684 3444; x_wconf 90' lang='lat' dir='ltr'><strong>eam</strong></span> <span class='ocrx_word' id='word_1_249' title='bbox 714 3388 908 3459; x_wconf 88' lang='lat' dir='ltr'><strong>quippe</strong></span> <span class='ocrx_word' id='word_1_250' title='bbox 931 3387 1053 3443; x_wconf 61' lang='lat' dir='ltr'><strong>vitae</strong></span> <span class='ocrx_word' id='word_1_251' title='bbox 1083 3387 1240 3456; x_wconf 90' lang='lat' dir='ltr'><strong>hujus</strong></span> <span class='ocrx_word' id='word_1_252' title='bbox 1267 3387 1427 3441; x_wconf 87' lang='lat' dir='ltr'><strong>etiam</strong></span> <span class='ocrx_word' id='word_1_253' title='bbox 1456 3394 1578 3456; x_wconf 88' lang='lat' dir='ltr'><strong>post</strong></span> <span class='ocrx_word' id='word_1_254' title='bbox 1618 3385 2001 3440; x_wconf 88' lang='lat' dir='ltr'><strong>beatitudinem</strong></span> <span class='ocrx_word' id='word_1_255' title='bbox 2032 3386 2157 3443; x_wconf 89' lang='lat' dir='ltr'><strong>red-</strong></span> 
     </span>
    </p>
   </div>
   <div class='ocr_carea' id='block_1_34' title="bbox 568 3478 2159 3549">
    <p class='ocr_par' dir='ltr' id='par_1_34' title="bbox 568 3478 2159 3549">
     <span class='ocr_line' id='line_1_34' title="bbox 568 3478 2159 3549; baseline -0.003 -11"><span class='ocrx_word' id='word_1_256' title='bbox 568 3482 646 3538; x_wconf 90' lang='lat' dir='ltr'><strong>ire</strong></span> <span class='ocrx_word' id='word_1_257' title='bbox 683 3481 947 3537; x_wconf 82' lang='lat' dir='ltr'><strong>dixerunt.</strong></span> <span class='ocrx_word' id='word_1_258' title='bbox 995 3479 1065 3535; x_wconf 90' lang='lat' dir='ltr'><strong>Et</strong></span> <span class='ocrx_word' id='word_1_259' title='bbox 1095 3480 1183 3549; x_wconf 91' lang='lat' dir='ltr'><strong>qui</strong></span> <span class='ocrx_word' id='word_1_260' title='bbox 1212 3494 1395 3534; x_wconf 91' lang='lat' dir='ltr'><strong>eorum</strong></span> <span class='ocrx_word' id='word_1_261' title='bbox 1428 3478 1495 3534; x_wconf 92' lang='lat' dir='ltr'><strong>de</strong></span> <span class='ocrx_word' id='word_1_262' title='bbox 1539 3479 1636 3534; x_wconf 91' lang='lat' dir='ltr'><strong>hac</strong></span> <span class='ocrx_word' id='word_1_263' title='bbox 1676 3478 2005 3533; x_wconf 90' lang='lat' dir='ltr'><strong>erubuerunt</strong></span> <span class='ocrx_word' id='word_1_264' title='bbox 2034 3493 2159 3534; x_wconf 88' lang='lat' dir='ltr'><strong>sen-</strong></span> 
     </span>
    </p>
   </div>
   <div class='ocr_carea' id='block_1_35' title="bbox 569 3572 2155 3642">
    <p class='ocr_par' dir='ltr' id='par_1_35' title="bbox 569 3572 2155 3642">
     <span class='ocr_line' id='line_1_35' title="bbox 569 3572 2155 3642; baseline -0.001 -14"><span class='ocrx_word' id='word_1_265' title='bbox 569 3574 732 3629; x_wconf 89' lang='lat' dir='ltr'><strong>tentia</strong></span> <span class='ocrx_word' id='word_1_266' title='bbox 753 3615 767 3639; x_wconf 93' lang='lat'><strong>,</strong></span> <span class='ocrx_word' id='word_1_267' title='bbox 819 3582 873 3628; x_wconf 91' lang='lat' dir='ltr'><strong>et</strong></span> <span class='ocrx_word' id='word_1_268' title='bbox 914 3573 1145 3627; x_wconf 89' lang='lat' dir='ltr'><strong>animam</strong></span> <span class='ocrx_word' id='word_1_269' title='bbox 1186 3579 1462 3642; x_wconf 84' lang='lat' dir='ltr'><strong>purgatam</strong></span> <span class='ocrx_word' id='word_1_270' title='bbox 1494 3572 1547 3627; x_wconf 91' lang='lat' dir='ltr'><strong>in</strong></span> <span class='ocrx_word' id='word_1_271' title='bbox 1574 3573 1895 3641; x_wconf 83' lang='lat' dir='ltr'><strong>sempiterna</strong></span> <span class='ocrx_word' id='word_1_272' title='bbox 1924 3572 2155 3627; x_wconf 89' lang='lat' dir='ltr'><strong>beatitu-</strong></span> 
     </span>
    </p>
   </div>
   <div class='ocr_carea' id='block_1_36' title="bbox 569 3664 2155 3735">
    <p class='ocr_par' dir='ltr' id='par_1_36' title="bbox 569 3664 2155 3735">
     <span class='ocr_line' id='line_1_36' title="bbox 569 3664 2155 3735; baseline 0.001 -14"><span class='ocrx_word' id='word_1_273' title='bbox 569 3665 694 3721; x_wconf 91' lang='lat' dir='ltr'><strong>dine</strong></span> <span class='ocrx_word' id='word_1_274' title='bbox 725 3675 746 3705; x_wconf 74' lang='grc'>²</span> <span class='ocrx_word' id='word_1_275' title='bbox 773 3664 889 3720; x_wconf 90' lang='lat' dir='ltr'><strong>sine</strong></span> <span class='ocrx_word' id='word_1_276' title='bbox 933 3680 1160 3735; x_wconf 90' lang='lat' dir='ltr'><strong>corpore</strong></span> <span class='ocrx_word' id='word_1_277' title='bbox 1212 3664 1579 3719; x_wconf 87' lang='lat' dir='ltr'><strong>collocandam</strong></span> <span class='ocrx_word' id='word_1_278' title='bbox 1627 3673 1979 3735; x_wconf 91' lang='lat' dir='ltr'><strong>putaverunt,</strong></span> <span class='ocrx_word' id='word_1_279' title='bbox 2029 3666 2155 3722; x_wconf 89' lang='lat' dir='ltr'><strong>talia</strong></span> 
     </span>
    </p>
   </div>
   <div class='ocr_carea' id='block_1_37' title="bbox 567 3756 2156 3823">
    <p class='ocr_par' dir='ltr' id='par_1_37' title="bbox 567 3756 2156 3823">
     <span class='ocr_line' id='line_1_37' title="bbox 567 3756 2156 3823; baseline 0 -11"><span class='ocrx_word' id='word_1_280' title='bbox 567 3759 633 3812; x_wconf 92' lang='lat' dir='ltr'><strong>de</strong></span> <span class='ocrx_word' id='word_1_281' title='bbox 662 3758 842 3812; x_wconf 89' lang='lat' dir='ltr'><strong>mundi</strong></span> <span class='ocrx_word' id='word_1_282' title='bbox 887 3766 1156 3811; x_wconf 87' lang='lat' dir='ltr'><strong>retrorsus</strong></span> <span class='ocrx_word' id='word_1_283' title='bbox 1197 3756 1492 3811; x_wconf 79' lang='lat' dir='ltr'><strong>aeternitate</strong></span> <span class='ocrx_word' id='word_1_284' title='bbox 1530 3757 1802 3823; x_wconf 87' lang='lat' dir='ltr'><strong>sentiunt,</strong></span> <span class='ocrx_word' id='word_1_285' title='bbox 1848 3765 1905 3811; x_wconf 91' lang='lat' dir='ltr'><strong>ut</strong></span> <span class='ocrx_word' id='word_1_286' title='bbox 1928 3758 2064 3811; x_wconf 90' lang='lat' dir='ltr'><strong>hanc</strong></span> <span class='ocrx_word' id='word_1_287' title='bbox 2089 3756 2156 3812; x_wconf 91' lang='lat' dir='ltr'><strong>de</strong></span> 
     </span>
    </p>
   </div>
   <div class='ocr_carea' id='block_1_38' title="bbox 567 3847 2156 3918">
    <p class='ocr_par' dir='ltr' id='par_1_38' title="bbox 567 3847 2156 3918">
     <span class='ocr_line' id='line_1_38' title="bbox 567 3847 2156 3918; baseline 0.001 -15"><span class='ocrx_word' id='word_1_288' title='bbox 567 3849 741 3903; x_wconf 91' lang='lat' dir='ltr'><strong>anima</strong></span> <span class='ocrx_word' id='word_1_289' title='bbox 792 3848 1111 3903; x_wconf 88' lang='lat' dir='ltr'><strong>sententiam</strong></span> <span class='ocrx_word' id='word_1_290' title='bbox 1157 3862 1309 3903; x_wconf 91' lang='lat' dir='ltr'><strong>suam</strong></span> <span class='ocrx_word' id='word_1_291' title='bbox 1362 3847 1462 3917; x_wconf 91' lang='lat' dir='ltr'><strong>ipsi</strong></span> <span class='ocrx_word' id='word_1_292' title='bbox 1507 3847 1829 3918; x_wconf 89' lang='lat' dir='ltr'><strong>redarguant</strong></span> <span class='ocrx_word' id='word_1_293' title='bbox 1858 3866 1870 3901; x_wconf 90' lang='lat'><strong>:</strong></span> <span class='ocrx_word' id='word_1_294' title='bbox 1901 3848 2040 3917; x_wconf 91' lang='lat' dir='ltr'><strong>quod</strong></span> <span class='ocrx_word' id='word_1_295' title='bbox 2071 3847 2156 3904; x_wconf 88' lang='lat' dir='ltr'><strong>hic</strong></span> 
     </span>
    </p>
   </div>
   <div class='ocr_carea' id='block_1_39' title="bbox 569 3940 2154 4012">
    <p class='ocr_par' dir='ltr' id='par_1_39' title="bbox 569 3940 2154 4012">
     <span class='ocr_line' id='line_1_39' title="bbox 569 3940 2154 4012; baseline 0.003 -17"><span class='ocrx_word' id='word_1_296' title='bbox 569 3941 783 4012; x_wconf 92' lang='lat' dir='ltr'><strong>longum</strong></span> <span class='ocrx_word' id='word_1_297' title='bbox 813 3949 894 3997; x_wconf 88' lang='lat' dir='ltr'><strong>est</strong></span> <span class='ocrx_word' id='word_1_298' title='bbox 918 3940 1286 3997; x_wconf 87' lang='lat' dir='ltr'><strong>demonstrare</strong></span> <span class='ocrx_word' id='word_1_299' title='bbox 1311 3982 1325 4006; x_wconf 95' lang='lat'><strong>,</strong></span> <span class='ocrx_word' id='word_1_300' title='bbox 1365 3941 1458 3996; x_wconf 89' lang='lat' dir='ltr'><strong>sed</strong></span> <span class='ocrx_word' id='word_1_301' title='bbox 1488 3942 1541 3996; x_wconf 90' lang='lat' dir='ltr'><strong>in</strong></span> <span class='ocrx_word' id='word_1_302' title='bbox 1573 3942 1709 3996; x_wconf 92' lang='lat' dir='ltr'><strong>libro</strong></span> <span class='ocrx_word' id='word_1_303' title='bbox 1744 3941 2060 3997; x_wconf 89' lang='lat' dir='ltr'><strong>duodecimo</strong></span> <span class='ocrx_word' id='word_1_304' title='bbox 2087 3942 2154 3999; x_wconf 88' lang='lat' dir='ltr'><strong>de</strong></span> 
     </span>
    </p>
   </div>
   <div class='ocr_carea' id='block_1_40' title="bbox 567 4024 2151 4105">
    <p class='ocr_par' dir='ltr' id='par_1_40' title="bbox 567 4024 2151 4105">
     <span class='ocr_line' id='line_1_40' title="bbox 567 4024 2151 4105; baseline 0.001 -17"><span class='ocrx_word' id='word_1_305' title='bbox 567 4034 790 4088; x_wconf 89' lang='lat' dir='ltr'><strong>Civitatc</strong></span> <span class='ocrx_word' id='word_1_306' title='bbox 843 4034 966 4098; x_wconf 89' lang='lat' dir='ltr'><strong>Dei,</strong></span> <span class='ocrx_word' id='word_1_307' title='bbox 1020 4024 1397 4090; x_wconf 14' lang='lat' dir='ltr'><strong>satisa‘nobis</strong></span> <span class='ocrx_word' id='word_1_308' title='bbox 1437 4043 1552 4101; x_wconf 91' lang='lat' dir='ltr'><strong>est,</strong></span> <span class='ocrx_word' id='word_1_309' title='bbox 1599 4044 1851 4105; x_wconf 91' lang='lat' dir='ltr'><strong>quantum</strong></span> <span class='ocrx_word' id='word_1_310' title='bbox 1901 4035 2151 4105; x_wconf 91' lang='lat' dir='ltr'><strong>arbitror,</strong></span> 
     </span>
    </p>
   </div>
   <div class='ocr_carea' id='block_1_41' title="bbox 570 4120 2153 4197">
    <p class='ocr_par' dir='ltr' id='par_1_41' title="bbox 570 4120 2153 4197">
     <span class='ocr_line' id='line_1_41' title="bbox 570 4120 2153 4197; baseline 0.001 -17"><span class='ocrx_word' id='word_1_311' title='bbox 570 4120 889 4194; x_wconf 85' lang='lat' dir='ltr'><strong>explicatum</strong></span> <span class='ocrx_word' id='word_1_312' title='bbox 920 4125 1071 4196; x_wconf 85' lang='lat' dir='ltr'><strong>(Cap.</strong></span> <span class='ocrx_word' id='word_1_313' title='bbox 1098 4124 1209 4197; x_wconf 70' lang='grc' dir='ltr'><strong>ΞΟ).</strong></span> <span class='ocrx_word' id='word_1_314' title='bbox 1254 4125 1414 4181; x_wconf 88' lang='lat' dir='ltr'><strong>Fides</strong></span> <span class='ocrx_word' id='word_1_315' title='bbox 1438 4135 1617 4181; x_wconf 90' lang='lat' dir='ltr'><strong>autem</strong></span> <span class='ocrx_word' id='word_1_316' title='bbox 1647 4126 1744 4180; x_wconf 90' lang='lat' dir='ltr'><strong>ista</strong></span> <span class='ocrx_word' id='word_1_317' title='bbox 1777 4134 1947 4181; x_wconf 91' lang='lat' dir='ltr'><strong>totum</strong></span> <span class='ocrx_word' id='word_1_318' title='bbox 1978 4126 2153 4182; x_wconf 89' lang='lat' dir='ltr'><strong>homi-</strong></span> 
     </span>
    </p>
   </div>
   <div class='ocr_carea' id='block_1_42' title="bbox 569 4218 2153 4290">
    <p class='ocr_par' dir='ltr' id='par_1_42' title="bbox 569 4218 2153 4290">
     <span class='ocr_line' id='line_1_42' title="bbox 569 4218 2153 4290; baseline 0.003 -17"><span class='ocrx_word' id='word_1_319' title='bbox 569 4234 691 4273; x_wconf 92' lang='lat' dir='ltr'><strong>nem</strong></span> <span class='ocrx_word' id='word_1_320' title='bbox 742 4218 1094 4274; x_wconf 89' lang='lat' dir='ltr'><strong>immortalem</strong></span> <span class='ocrx_word' id='word_1_321' title='bbox 1148 4218 1422 4287; x_wconf 86' lang='lat' dir='ltr'><strong>futurum,</strong></span> <span class='ocrx_word' id='word_1_322' title='bbox 1478 4219 1568 4290; x_wconf 91' lang='lat' dir='ltr'><strong>qui</strong></span> <span class='ocrx_word' id='word_1_323' title='bbox 1615 4221 1794 4290; x_wconf 90' lang='lat' dir='ltr'><strong>utique</strong></span> <span class='ocrx_word' id='word_1_324' title='bbox 1836 4229 2046 4276; x_wconf 86' lang='lat' dir='ltr'><strong>constat</strong></span> <span class='ocrx_word' id='word_1_325' title='bbox 2086 4237 2153 4278; x_wconf 81' lang='lat' dir='ltr'><strong>ex</strong></span> 
     </span>
    </p>
   </div>
   <div class='ocr_carea' id='block_1_43' title="bbox 571 4302 2152 4386">
    <p class='ocr_par' dir='ltr' id='par_1_43' title="bbox 571 4302 2152 4386">
     <span class='ocr_line' id='line_1_43' title="bbox 571 4302 2152 4386; baseline 0.003 -20"><span class='ocrx_word' id='word_1_326' title='bbox 571 4312 745 4367; x_wconf 89' lang='lat' dir='ltr'><strong>anima</strong></span> <span class='ocrx_word' id='word_1_327' title='bbox 768 4322 819 4368; x_wconf 89' lang='lat' dir='ltr'><strong>et</strong></span> <span class='ocrx_word' id='word_1_328' title='bbox 845 4312 1069 4384; x_wconf 75' lang='lat' dir='ltr'><strong>corpore</strong></span> <span class='ocrx_word' id='word_1_329' title='bbox 1094 4354 1108 4379; x_wconf 89' lang='lat'><strong>,</strong></span> <span class='ocrx_word' id='word_1_330' title='bbox 1137 4322 1188 4368; x_wconf 90' lang='lat' dir='ltr'><strong>et</strong></span> <span class='ocrx_word' id='word_1_331' title='bbox 1220 4313 1289 4369; x_wconf 91' lang='lat' dir='ltr'><strong>ob</strong></span> <span class='ocrx_word' id='word_1_332' title='bbox 1309 4313 1411 4368; x_wconf 81' lang='lat' dir='ltr'><strong>hoc</strong></span> <span class='ocrx_word' id='word_1_333' title='bbox 1436 4302 1563 4368; x_wconf 89' lang='lat' dir='ltr'><strong>vere</strong></span> <span class='ocrx_word' id='word_1_334' title='bbox 1589 4313 1802 4369; x_wconf 88' lang='lat' dir='ltr'><strong>beatum</strong></span> <span class='ocrx_word' id='word_1_335' title='bbox 1823 4356 1837 4380; x_wconf 92' lang='lat'><strong>,</strong></span> <span class='ocrx_word' id='word_1_336' title='bbox 1868 4330 1971 4370; x_wconf 90' lang='lat' dir='ltr'><strong>non</strong></span> <span class='ocrx_word' id='word_1_337' title='bbox 1997 4331 2152 4386; x_wconf 82' lang='lat' dir='ltr'><strong>argu-</strong></span> 
     </span>
    </p>
   </div>
   <div class='ocr_carea' id='block_1_44' title="bbox 570 4405 2147 4479">
    <p class='ocr_par' dir='ltr' id='par_1_44' title="bbox 570 4405 2147 4479">
     <span class='ocr_line' id='line_1_44' title="bbox 570 4405 2147 4479; baseline 0.004 -18"><span class='ocrx_word' id='word_1_338' title='bbox 570 4405 895 4461; x_wconf 83' lang='lat' dir='ltr'><strong>mentatione</strong></span> <span class='ocrx_word' id='word_1_339' title='bbox 925 4405 1174 4474; x_wconf 89' lang='lat' dir='ltr'><strong>humana,</strong></span> <span class='ocrx_word' id='word_1_340' title='bbox 1208 4407 1302 4461; x_wconf 89' lang='lat' dir='ltr'><strong>sed</strong></span> <span class='ocrx_word' id='word_1_341' title='bbox 1328 4406 1507 4463; x_wconf 90' lang='lat' dir='ltr'><strong>divina</strong></span> <span class='ocrx_word' id='word_1_342' title='bbox 1533 4408 1850 4465; x_wconf 89' lang='lat' dir='ltr'><strong>auctoritate</strong></span> <span class='ocrx_word' id='word_1_343' title='bbox 1869 4408 2147 4479; x_wconf 91' lang='lat' dir='ltr'><strong>promittit.</strong></span> 
     </span>
    </p>
   </div>
   <div class='ocr_carea' id='block_1_45' title="bbox 573 4496 2153 4571">
    <p class='ocr_par' dir='ltr' id='par_1_45' title="bbox 573 4496 2153 4571">
     <span class='ocr_line' id='line_1_45' title="bbox 573 4496 2153 4571; baseline 0.006 -21"><span class='ocrx_word' id='word_1_344' title='bbox 573 4496 641 4551; x_wconf 84' lang='lat' dir='ltr'><strong>Et</strong></span> <span class='ocrx_word' id='word_1_345' title='bbox 684 4496 802 4551; x_wconf 88' lang='lat' dir='ltr'><strong>ideo</strong></span> <span class='ocrx_word' id='word_1_346' title='bbox 840 4512 960 4552; x_wconf 91' lang='lat' dir='ltr'><strong>cum</strong></span> <span class='ocrx_word' id='word_1_347' title='bbox 990 4497 1188 4553; x_wconf 91' lang='lat' dir='ltr'><strong>dictum</strong></span> <span class='ocrx_word' id='word_1_348' title='bbox 1223 4507 1365 4553; x_wconf 86' lang='lat' dir='ltr'><strong>esset</strong></span> <span class='ocrx_word' id='word_1_349' title='bbox 1392 4497 1443 4552; x_wconf 93' lang='lat' dir='ltr'><strong>in</strong></span> <span class='ocrx_word' id='word_1_350' title='bbox 1472 4499 1759 4570; x_wconf 88' lang='lat' dir='ltr'><strong>Evangelio</strong></span> <span class='ocrx_word' id='word_1_351' title='bbox 1782 4542 1798 4567; x_wconf 95' lang='lat'><strong>,</strong></span> <span class='ocrx_word' id='word_1_352' title='bbox 1828 4500 1971 4571; x_wconf 85' lang='lat' dir='ltr'><strong>quod</strong></span> <span class='ocrx_word' id='word_1_353' title='bbox 1994 4501 2153 4559; x_wconf 83' lang='lat' dir='ltr'><strong>Jesus</strong></span> 
     </span>
    </p>
   </div>
   <div class='ocr_carea' id='block_1_46' title="bbox 568 4585 2151 4666">
    <p class='ocr_par' dir='ltr' id='par_1_46' title="bbox 568 4585 2151 4666">
     <span class='ocr_line' id='line_1_46' title="bbox 568 4585 2151 4666; baseline 0.005 -24"><span class='ocrx_word' id='word_1_354' title='bbox 568 4585 777 4643; x_wconf 63' lang='lat' dir='ltr'><strong>dederit</strong></span> <span class='ocrx_word' id='word_1_355' title='bbox 821 4598 1113 4659; x_wconf 90' lang='lat' dir='ltr'><strong>potestatem</strong></span> <span class='ocrx_word' id='word_1_356' title='bbox 1154 4590 1288 4659; x_wconf 78' lang='lat' dir='ltr'><strong>ﬁlios</strong></span> <span class='ocrx_word' id='word_1_357' title='bbox 1314 4589 1411 4645; x_wconf 89' lang='lat' dir='ltr'><strong>Dei</strong></span> <span class='ocrx_word' id='word_1_358' title='bbox 1435 4591 1548 4659; x_wconf 80' lang='lat' dir='ltr'><strong>ﬁeri</strong></span> <span class='ocrx_word' id='word_1_359' title='bbox 1585 4592 1647 4646; x_wconf 90' lang='lat' dir='ltr'><strong>iis</strong></span> <span class='ocrx_word' id='word_1_360' title='bbox 1687 4594 1773 4663; x_wconf 86' lang='lat' dir='ltr'><strong>qui</strong></span> <span class='ocrx_word' id='word_1_361' title='bbox 1806 4610 1919 4648; x_wconf 88' lang='lat' dir='ltr'><strong>eum</strong></span> <span class='ocrx_word' id='word_1_362' title='bbox 1948 4611 2151 4666; x_wconf 86' lang='lat' dir='ltr'><strong>recepe-</strong></span> 
     </span>
    </p>
   </div>
   <div class='ocr_carea' id='block_1_47' title="bbox 566 4680 2152 4759">
    <p class='ocr_par' dir='ltr' id='par_1_47' title="bbox 566 4680 2152 4759">
     <span class='ocr_line' id='line_1_47' title="bbox 566 4680 2152 4759; baseline 0.007 -27"><span class='ocrx_word' id='word_1_363' title='bbox 566 4687 715 4744; x_wconf 89' lang='lat' dir='ltr'><strong>runt;</strong></span> <span class='ocrx_word' id='word_1_364' title='bbox 751 4690 804 4735; x_wconf 92' lang='lat' dir='ltr'><strong>et</strong></span> <span class='ocrx_word' id='word_1_365' title='bbox 832 4680 957 4750; x_wconf 88' lang='lat' dir='ltr'><strong>quid</strong></span> <span class='ocrx_word' id='word_1_366' title='bbox 985 4681 1053 4734; x_wconf 89' lang='lat' dir='ltr'><strong>sit</strong></span> <span class='ocrx_word' id='word_1_367' title='bbox 1080 4681 1343 4749; x_wconf 88' lang='lat' dir='ltr'><strong>recepisse</strong></span> <span class='ocrx_word' id='word_1_368' title='bbox 1364 4698 1507 4749; x_wconf 90' lang='lat' dir='ltr'><strong>eum,</strong></span> <span class='ocrx_word' id='word_1_369' title='bbox 1527 4682 1760 4739; x_wconf 89' lang='lat' dir='ltr'><strong>breviter</strong></span> <span class='ocrx_word' id='word_1_370' title='bbox 1776 4684 1961 4742; x_wconf 76' lang='lat' dir='ltr'><strong>fuisset</strong></span> <span class='ocrx_word' id='word_1_371' title='bbox 1989 4702 2152 4759; x_wconf 87' lang='lat' dir='ltr'><strong>expo-</strong></span> 
     </span>
    </p>
   </div>
   <div class='ocr_carea' id='block_1_48' title="bbox 567 4770 2151 4852">
    <p class='ocr_par' dir='ltr' id='par_1_48' title="bbox 567 4770 2151 4852">
     <span class='ocr_line' id='line_1_48' title="bbox 567 4770 2151 4852; baseline 0.007 -27"><span class='ocrx_word' id='word_1_372' title='bbox 567 4770 727 4826; x_wconf 85' lang='lat' dir='ltr'><strong>situm</strong></span> <span class='ocrx_word' id='word_1_373' title='bbox 748 4812 763 4839; x_wconf 92' lang='lat'><strong>,</strong></span> <span class='ocrx_word' id='word_1_374' title='bbox 790 4771 1017 4827; x_wconf 88' lang='lat' dir='ltr'><strong>dicendo</strong></span> <span class='ocrx_word' id='word_1_375' title='bbox 1040 4815 1053 4835; x_wconf 85' lang='lat'><strong>,</strong></span> <span class='ocrx_word' id='word_1_376' title='bbox 1102 4771 1424 4829; x_wconf 80' lang='lat' dir='ltr'><strong>Credentibus</strong></span> <span class='ocrx_word' id='word_1_377' title='bbox 1455 4777 1507 4830; x_wconf 89' lang='lat' dir='ltr'><strong>in</strong></span> <span class='ocrx_word' id='word_1_378' title='bbox 1546 4778 1746 4833; x_wconf 87' lang='lat' dir='ltr'><strong>nomine</strong></span> <span class='ocrx_word' id='word_1_379' title='bbox 1770 4780 1914 4850; x_wconf 88' lang='lat' dir='ltr'><strong>ejus;</strong></span> <span class='ocrx_word' id='word_1_380' title='bbox 1940 4798 2151 4852; x_wconf 87' lang='lat' dir='ltr'><strong>quoque</strong></span> 
     </span>
    </p>
   </div>
   <div class='ocr_carea' id='block_1_49' title="bbox 566 4864 2152 4941">
    <p class='ocr_par' dir='ltr' id='par_1_49' title="bbox 566 4864 2152 4941">
     <span class='ocr_line' id='line_1_49' title="bbox 566 4864 2152 4941; baseline 0.006 -23"><span class='ocrx_word' id='word_1_381' title='bbox 566 4864 725 4919; x_wconf 86' lang='lat' dir='ltr'><strong>modo</strong></span> <span class='ocrx_word' id='word_1_382' title='bbox 754 4865 841 4919; x_wconf 88' lang='lat' dir='ltr'><strong>ﬁlii</strong></span> <span class='ocrx_word' id='word_1_383' title='bbox 878 4866 970 4921; x_wconf 90' lang='lat' dir='ltr'><strong>Dei</strong></span> <span class='ocrx_word' id='word_1_384' title='bbox 1002 4865 1226 4935; x_wconf 85' lang='lat' dir='ltr'><strong>ﬁerent,</strong></span> <span class='ocrx_word' id='word_1_385' title='bbox 1270 4876 1413 4923; x_wconf 89' lang='lat' dir='ltr'><strong>esset</strong></span> <span class='ocrx_word' id='word_1_386' title='bbox 1449 4869 1755 4939; x_wconf 83' lang='lat' dir='ltr'><strong>adjunctum</strong></span> <span class='ocrx_word' id='word_1_387' title='bbox 1778 4913 1793 4938; x_wconf 97' lang='lat'><strong>,</strong></span> <span class='ocrx_word' id='word_1_388' title='bbox 1836 4872 1934 4941; x_wconf 84' lang='lat' dir='ltr'><strong>Qui</strong></span> <span class='ocrx_word' id='word_1_389' title='bbox 1969 4890 2069 4928; x_wconf 90' lang='lat' dir='ltr'><strong>non</strong></span> <span class='ocrx_word' id='word_1_390' title='bbox 2089 4891 2152 4929; x_wconf 76' lang='lat' dir='ltr'><strong>ex</strong></span> 
     </span>
    </p>
   </div>
   <div class='ocr_carea' id='block_1_50' title="bbox 566 4954 2151 5034">
    <p class='ocr_par' dir='ltr' id='par_1_50' title="bbox 566 4954 2151 5034">
     <span class='ocr_line' id='line_1_50' title="bbox 566 4954 2151 5034; baseline 0.008 -27"><span class='ocrx_word' id='word_1_391' title='bbox 566 4954 894 5027; x_wconf 82' lang='lat' dir='ltr'><strong>sanguinibus</strong></span> <span class='ocrx_word' id='word_1_392' title='bbox 918 4998 932 5021; x_wconf 97' lang='lat'><strong>,</strong></span> <span class='ocrx_word' id='word_1_393' title='bbox 984 4973 1140 5028; x_wconf 86' lang='lat' dir='ltr'><strong>neque</strong></span> <span class='ocrx_word' id='word_1_394' title='bbox 1167 4974 1231 5012; x_wconf 77' lang='lat' dir='ltr'><strong>ea:</strong></span> <span class='ocrx_word' id='word_1_395' title='bbox 1266 4960 1519 5015; x_wconf 85' lang='lat' dir='ltr'><strong>voluntate</strong></span> <span class='ocrx_word' id='word_1_396' title='bbox 1546 4962 1713 5016; x_wconf 88' lang='lat' dir='ltr'><strong>carnis</strong></span> <span class='ocrx_word' id='word_1_397' title='bbox 1733 5003 1747 5025; x_wconf 91' lang='lat'><strong>,</strong></span> <span class='ocrx_word' id='word_1_398' title='bbox 1790 4979 1945 5034; x_wconf 84' lang='lat' dir='ltr'><strong>neque</strong></span> <span class='ocrx_word' id='word_1_399' title='bbox 1968 4980 2030 5019; x_wconf 72' lang='lat' dir='ltr'><strong>ea:</strong></span> <span class='ocrx_word' id='word_1_400' title='bbox 2062 4980 2151 5020; x_wconf 80' lang='lat' dir='ltr'><strong>vo-</strong></span> 
     </span>
    </p>
   </div>
   <div class='ocr_carea' id='block_1_51' title="bbox 567 5047 2148 5115">
    <p class='ocr_par' dir='ltr' id='par_1_51' title="bbox 567 5047 2148 5115">
     <span class='ocr_line' id='line_1_51' title="bbox 567 5047 2148 5115; baseline 0.006 -14"><span class='ocrx_word' id='word_1_401' title='bbox 567 5047 760 5102; x_wconf 88' lang='lat' dir='ltr'><strong>luntate</strong></span> <span class='ocrx_word' id='word_1_402' title='bbox 787 5048 880 5101; x_wconf 86' lang='lat' dir='ltr'><strong>viri</strong></span> <span class='ocrx_word' id='word_1_403' title='bbox 898 5092 912 5115; x_wconf 83' lang='lat'><strong>,</strong></span> <span class='ocrx_word' id='word_1_404' title='bbox 960 5047 1049 5103; x_wconf 87' lang='lat' dir='ltr'><strong>sed</strong></span> <span class='ocrx_word' id='word_1_405' title='bbox 1075 5066 1137 5104; x_wconf 79' lang='lat' dir='ltr'><strong>ea:</strong></span> <span class='ocrx_word' id='word_1_406' title='bbox 1165 5049 1273 5105; x_wconf 86' lang='lat' dir='ltr'><strong>Deo</strong></span> <span class='ocrx_word' id='word_1_407' title='bbox 1303 5052 1410 5105; x_wconf 89' lang='lat' dir='ltr'><strong>nati</strong></span> <span class='ocrx_word' id='word_1_408' title='bbox 1438 5062 1557 5107; x_wconf 87' lang='lat' dir='ltr'><strong>sunt</strong></span> <span class='ocrx_word' id='word_1_409' title='bbox 1589 5071 1608 5108; x_wconf 91' lang='lat'><strong><em>:</em></strong></span> <span class='ocrx_word' id='word_1_410' title='bbox 1639 5071 1704 5109; x_wconf 90' lang='lat' dir='ltr'><strong>ne</strong></span> <span class='ocrx_word' id='word_1_411' title='bbox 1731 5055 1830 5109; x_wconf 89' lang='lat' dir='ltr'><strong>ista</strong></span> <span class='ocrx_word' id='word_1_412' title='bbox 1870 5055 2148 5112; x_wconf 87' lang='lat' dir='ltr'><strong>hominum</strong></span> 
     </span>
    </p>
   </div>
   <div class='ocr_carea' id='block_1_52' title="bbox 566 5140 2149 5213">
    <p class='ocr_par' dir='ltr' id='par_1_52' title="bbox 566 5140 2149 5213">
     <span class='ocr_line' id='line_1_52' title="bbox 566 5140 2149 5213; baseline 0.008 -21"><span class='ocrx_word' id='word_1_413' title='bbox 566 5156 725 5210; x_wconf 78' lang='lat' dir='ltr'><strong>quam</strong></span> <span class='ocrx_word' id='word_1_414' title='bbox 769 5140 1009 5195; x_wconf 84' lang='lat' dir='ltr'><strong>videmus</strong></span> <span class='ocrx_word' id='word_1_415' title='bbox 1035 5149 1087 5196; x_wconf 90' lang='lat' dir='ltr'><strong>et</strong></span> <span class='ocrx_word' id='word_1_416' title='bbox 1115 5153 1381 5213; x_wconf 79' lang='lat' dir='ltr'><strong>gestamus</strong></span> <span class='ocrx_word' id='word_1_417' title='bbox 1422 5146 1704 5201; x_wconf 90' lang='lat' dir='ltr'><strong>inﬁrmitas</strong></span> <span class='ocrx_word' id='word_1_418' title='bbox 1743 5155 1940 5201; x_wconf 88' lang='lat' dir='ltr'><strong>tantam</strong></span> <span class='ocrx_word' id='word_1_419' title='bbox 1970 5150 2149 5205; x_wconf 87' lang='lat' dir='ltr'><strong>excel-</strong></span> 
     </span>
    </p>
   </div>
   <div class='ocr_carea' id='block_1_53' title="bbox 565 5218 2149 5304">
    <p class='ocr_par' dir='ltr' id='par_1_53' title="bbox 565 5218 2149 5304">
     <span class='ocr_line' id='line_1_53' title="bbox 565 5218 2149 5304; baseline 0.006 -17"><span class='ocrx_word' id='word_1_420' title='bbox 565 5218 785 5287; x_wconf 88' lang='lat' dir='ltr'><strong>lentiam</strong></span> <span class='ocrx_word' id='word_1_421' title='bbox 829 5233 1165 5304; x_wconf 83' lang='lat' dir='ltr'><strong>desperaret,</strong></span> <span class='ocrx_word' id='word_1_422' title='bbox 1199 5236 1339 5291; x_wconf 90' lang='lat' dir='ltr'><strong>illico</strong></span> <span class='ocrx_word' id='word_1_423' title='bbox 1367 5253 1631 5294; x_wconf 79' lang='lat' dir='ltr'><strong>annexum</strong></span> <span class='ocrx_word' id='word_1_424' title='bbox 1656 5248 1774 5304; x_wconf 91' lang='lat' dir='ltr'><strong>est,</strong></span> <span class='ocrx_word' id='word_1_425' title='bbox 1827 5240 1894 5295; x_wconf 86' lang='lat' dir='ltr'><strong>Et</strong></span> <span class='ocrx_word' id='word_1_426' title='bbox 1936 5240 2149 5297; x_wconf 85' lang='lat' dir='ltr'><strong>Verbum</strong></span> 
     </span>
    </p>
   </div>
   <div class='ocr_carea' id='block_1_54' title="bbox 567 5326 2145 5405">
    <p class='ocr_par' dir='ltr' id='par_1_54' title="bbox 567 5326 2145 5405">
     <span class='ocr_line' id='line_1_54' title="bbox 567 5326 2145 5405; baseline 0.008 -28"><span class='ocrx_word' id='word_1_427' title='bbox 567 5340 685 5378; x_wconf 86' lang='lat' dir='ltr'><strong>caro</strong></span> <span class='ocrx_word' id='word_1_428' title='bbox 707 5326 898 5394; x_wconf 79' lang='lat' dir='ltr'><strong>factum</strong></span> <span class='ocrx_word' id='word_1_429' title='bbox 928 5337 1019 5395; x_wconf 90' lang='lat' dir='ltr'><strong>est,</strong></span> <span class='ocrx_word' id='word_1_430' title='bbox 1048 5338 1095 5383; x_wconf 88' lang='lat' dir='ltr'><strong>et</strong></span> <span class='ocrx_word' id='word_1_431' title='bbox 1120 5328 1359 5382; x_wconf 80' lang='lat' dir='ltr'><strong>habitavit</strong></span> <span class='ocrx_word' id='word_1_432' title='bbox 1386 5330 1439 5383; x_wconf 81' lang='lat' dir='ltr'><strong>in</strong></span> <span class='ocrx_word' id='word_1_433' title='bbox 1466 5330 1606 5385; x_wconf 72' lang='lat' dir='ltr'><strong>nobis</strong></span> <span class='ocrx_word' id='word_1_434' title='bbox 1632 5330 1808 5403; x_wconf 85' lang='lat' dir='ltr'><strong>(Joan.</strong></span> <span class='ocrx_word' id='word_1_435' title='bbox 1844 5348 1881 5394; x_wconf 79' lang='grc' dir='ltr'><strong>ι,</strong></span> <span class='ocrx_word' id='word_1_436' title='bbox 1914 5333 2145 5405; x_wconf 72' lang='grc'><strong>12-14);</strong></span> 
     </span>
    </p>
   </div>
   <div class='ocr_carea' id='block_1_55' title="bbox 564 5420 2145 5493">
    <p class='ocr_par' dir='ltr' id='par_1_55' title="bbox 564 5420 2145 5493">
     <span class='ocr_line' id='line_1_55' title="bbox 564 5420 2145 5493; baseline 0.009 -22"><span class='ocrx_word' id='word_1_437' title='bbox 564 5426 623 5471; x_wconf 91' lang='lat' dir='ltr'><strong>ut</strong></span> <span class='ocrx_word' id='word_1_438' title='bbox 650 5433 678 5472; x_wconf 92' lang='lat' dir='ltr'><strong>a</strong></span> <span class='ocrx_word' id='word_1_439' title='bbox 711 5422 977 5475; x_wconf 84' lang='lat' dir='ltr'><strong>contrario</strong></span> <span class='ocrx_word' id='word_1_440' title='bbox 1000 5420 1315 5476; x_wconf 74' lang='lat' dir='ltr'><strong>suatleretur</strong></span> <span class='ocrx_word' id='word_1_441' title='bbox 1338 5424 1477 5493; x_wconf 91' lang='lat' dir='ltr'><strong>quod</strong></span> <span class='ocrx_word' id='word_1_442' title='bbox 1509 5424 1819 5481; x_wconf 89' lang='lat' dir='ltr'><strong>incredibile</strong></span> <span class='ocrx_word' id='word_1_443' title='bbox 1847 5428 2145 5485; x_wconf 81' lang='lat' dir='ltr'><strong>videbatur.</strong></span> 
     </span>
    </p>
   </div>
   <div class='ocr_carea' id='block_1_56' title="bbox 563 5509 2148 5589">
    <p class='ocr_par' dir='ltr' id='par_1_56' title="bbox 563 5509 2148 5589">
     <span class='ocr_line' id='line_1_56' title="bbox 563 5509 2148 5589; baseline 0.008 -23"><span class='ocrx_word' id='word_1_444' title='bbox 563 5509 619 5567; x_wconf 88' lang='lat' dir='ltr'><strong>Si</strong></span> <span class='ocrx_word' id='word_1_445' title='bbox 668 5517 807 5570; x_wconf 88' lang='lat' dir='ltr'><strong>enim</strong></span> <span class='ocrx_word' id='word_1_446' title='bbox 851 5525 1039 5570; x_wconf 92' lang='lat' dir='ltr'><strong>natura</strong></span> <span class='ocrx_word' id='word_1_447' title='bbox 1081 5515 1173 5571; x_wconf 91' lang='lat' dir='ltr'><strong>Dei</strong></span> <span class='ocrx_word' id='word_1_448' title='bbox 1217 5516 1381 5573; x_wconf 90' lang='lat' dir='ltr'><strong>Filius</strong></span> <span class='ocrx_word' id='word_1_449' title='bbox 1428 5529 1646 5589; x_wconf 86' lang='lat' dir='ltr'><strong>propter</strong></span> <span class='ocrx_word' id='word_1_450' title='bbox 1687 5520 1823 5577; x_wconf 90' lang='lat' dir='ltr'><strong>ﬁlios</strong></span> <span class='ocrx_word' id='word_1_451' title='bbox 1869 5522 2148 5580; x_wconf 88' lang='lat' dir='ltr'><strong>hominum</strong></span> 
     </span>
    </p>
   </div>
   <div class='ocr_carea' id='block_1_57' title="bbox 564 5605 2143 5687">
    <p class='ocr_par' dir='ltr' id='par_1_57' title="bbox 564 5605 2143 5687">
     <span class='ocr_line' id='line_1_57' title="bbox 564 5605 2143 5687; baseline 0.01 -28"><span class='ocrx_word' id='word_1_452' title='bbox 564 5605 927 5662; x_wconf 78' lang='lat' dir='ltr'><strong>misericordia</strong></span> <span class='ocrx_word' id='word_1_453' title='bbox 956 5606 1124 5664; x_wconf 74' lang='lat' dir='ltr'><strong>factus</strong></span> <span class='ocrx_word' id='word_1_454' title='bbox 1152 5619 1234 5666; x_wconf 89' lang='lat' dir='ltr'><strong>est</strong></span> <span class='ocrx_word' id='word_1_455' title='bbox 1261 5610 1491 5666; x_wconf 88' lang='lat' dir='ltr'><strong>hominis</strong></span> <span class='ocrx_word' id='word_1_456' title='bbox 1524 5613 1699 5681; x_wconf 86' lang='lat' dir='ltr'><strong>ﬁlius;</strong></span> <span class='ocrx_word' id='word_1_457' title='bbox 1745 5617 1845 5672; x_wconf 90' lang='lat' dir='ltr'><strong>hoc</strong></span> <span class='ocrx_word' id='word_1_458' title='bbox 1873 5626 1951 5673; x_wconf 90' lang='lat' dir='ltr'><strong>est</strong></span> <span class='ocrx_word' id='word_1_459' title='bbox 1982 5620 2143 5687; x_wconf 91' lang='lat' dir='ltr'><strong>enim,</strong></span> 
     </span>
    </p>
   </div>
   <div class='ocr_carea' id='block_1_58' title="bbox 578 5697 2150 5774">
    <p class='ocr_par' dir='ltr' id='par_1_58' title="bbox 578 5697 2150 5774">
     <span class='ocr_line' id='line_1_58' title="bbox 578 5697 2150 5774; baseline 0.008 -18"><span class='ocrx_word' id='word_1_460' title='bbox 578 5697 798 5757; x_wconf 80' lang='lat' dir='ltr'><strong>Verbum</strong></span> <span class='ocrx_word' id='word_1_461' title='bbox 823 5717 942 5756; x_wconf 86' lang='lat' dir='ltr'><strong>caro</strong></span> <span class='ocrx_word' id='word_1_462' title='bbox 972 5706 1163 5774; x_wconf 79' lang='lat' dir='ltr'><strong>factum</strong></span> <span class='ocrx_word' id='word_1_463' title='bbox 1186 5715 1257 5761; x_wconf 86' lang='lat' dir='ltr'><strong>est</strong></span> <span class='ocrx_word' id='word_1_464' title='bbox 1281 5747 1296 5771; x_wconf 95' lang='lat'><strong>,</strong></span> <span class='ocrx_word' id='word_1_465' title='bbox 1328 5716 1375 5761; x_wconf 84' lang='lat' dir='ltr'><strong>et</strong></span> <span class='ocrx_word' id='word_1_466' title='bbox 1403 5706 1642 5763; x_wconf 84' lang='lat' dir='ltr'><strong>habitavit</strong></span> <span class='ocrx_word' id='word_1_467' title='bbox 1671 5710 1724 5765; x_wconf 86' lang='lat' dir='ltr'><strong>in</strong></span> <span class='ocrx_word' id='word_1_468' title='bbox 1754 5712 1895 5766; x_wconf 87' lang='lat' dir='ltr'><strong>nobis</strong></span> <span class='ocrx_word' id='word_1_469' title='bbox 1920 5710 2150 5769; x_wconf 87' lang='lat' dir='ltr'><strong>homini-</strong></span> 
     </span>
    </p>
   </div>
   <div class='ocr_carea' id='block_1_59' title="bbox 626 5838 1688 5906">
    <p class='ocr_par' dir='ltr' id='par_1_59' title="bbox 626 5838 1688 5906">
     <span class='ocr_line' id='line_1_59' title="bbox 626 5838 1688 5906; baseline 0.01 -21"><span class='ocrx_word' id='word_1_470' title='bbox 626 5839 645 5906; x_wconf 62' lang='grc' dir='ltr'><strong>ξ</strong></span> <span class='ocrx_word' id='word_1_471' title='bbox 671 5838 810 5906; x_wconf 69' lang='lat' dir='ltr'><strong>mliti,</strong></span> <span class='ocrx_word' id='word_1_472' title='bbox 834 5839 1063 5906; x_wconf 59' lang='lat' dir='ltr'><strong>perfecta.</strong></span> <span class='ocrx_word' id='word_1_473' title='bbox 1086 5839 1254 5891; x_wconf 82' lang='lat' dir='ltr'><strong>Melius</strong></span> <span class='ocrx_word' id='word_1_474' title='bbox 1272 5847 1402 5906; x_wconf 67' lang='lat' dir='ltr'><strong>Mss,</strong></span> <span class='ocrx_word' id='word_1_475' title='bbox 1420 5852 1688 5906; x_wconf 79' lang='lat' dir='ltr'><strong>perspecta.</strong></span> 
     </span>
    </p>
   </div>
   <div class='ocr_carea' id='block_1_60' title="bbox 624 5900 1619 5966">
    <p class='ocr_par' dir='ltr' id='par_1_60' title="bbox 624 5900 1619 5966">
     <span class='ocr_line' id='line_1_60' title="bbox 624 5900 1619 5966; baseline -0.003 -16"><span class='ocrx_word' id='word_1_476' title='bbox 624 5900 810 5964; x_wconf 49' lang='lat' dir='ltr'><strong>QEditi,</strong></span> <span class='ocrx_word' id='word_1_477' title='bbox 834 5900 885 5955; x_wconf 83' lang='lat' dir='ltr'><strong>in</strong></span> <span class='ocrx_word' id='word_1_478' title='bbox 904 5900 1243 5966; x_wconf 61' lang='lat' dir='ltr'><strong>sempiternam</strong></span> 
     </span>
    </p>
   </div>
   <div class='ocr_carea' id='block_1_61' title="bbox 1697 370 2719 456">
    <p class='ocr_par' dir='ltr' id='par_1_61' title="bbox 1697 370 2719 456">
     <span class='ocr_line' id='line_1_61' title="bbox 1697 370 2719 456; baseline -0.007 -4"><span class='ocrx_word' id='word_1_479' title='bbox 1697 396 1788 454; x_wconf 78' lang='lat' dir='ltr'><strong>ne</strong></span> <span class='ocrx_word' id='word_1_480' title='bbox 1821 384 2214 456; x_wconf 79' lang='lat' dir='ltr'><strong>TRlNl&#39;l&#39;ATE,</strong></span> <span class='ocrx_word' id='word_1_481' title='bbox 2252 370 2313 444; x_wconf 89' lang='lat' dir='ltr'><strong>s.</strong></span> <span class='ocrx_word' id='word_1_482' title='bbox 2351 384 2719 447; x_wconf 83' lang='lat' dir='ltr'><strong>AUGUSTINI</strong></span> 
     </span>
    </p>
   </div>
   <div class='ocr_carea' id='block_1_62' title="bbox 3702 397 3856 457">
    <p class='ocr_par' dir='ltr' id='par_1_62' title="bbox 3702 397 3856 457">
     <span class='ocr_line' id='line_1_62' title="bbox 3702 397 3856 457; baseline 0.013 -2"><span class='ocrx_word' id='word_1_483' title='bbox 3702 397 3856 457; x_wconf 63' lang='lat' dir='ltr'><strong>Im</strong></span> 
     </span>
    </p>
   </div>
   <div class='ocr_carea' id='block_1_63' title="bbox 2253 502 3852 576">
    <p class='ocr_par' dir='ltr' id='par_1_63' title="bbox 2253 502 3852 576">
     <span class='ocr_line' id='line_1_63' title="bbox 2253 502 3852 576; baseline 0.006 -18"><span class='ocrx_word' id='word_1_484' title='bbox 2253 502 2353 558; x_wconf 82' lang='lat' dir='ltr'><strong>bus</strong></span> <span class='ocrx_word' id='word_1_485' title='bbox 2384 520 2399 556; x_wconf 90' lang='lat'><strong>:</strong></span> <span class='ocrx_word' id='word_1_486' title='bbox 2430 511 2630 573; x_wconf 89' lang='lat' dir='ltr'><strong>quanto</strong></span> <span class='ocrx_word' id='word_1_487' title='bbox 2673 513 2757 560; x_wconf 89' lang='lat' dir='ltr'><strong>est</strong></span> <span class='ocrx_word' id='word_1_488' title='bbox 2800 504 3107 563; x_wconf 88' lang='lat' dir='ltr'><strong>credibilius</strong></span> <span class='ocrx_word' id='word_1_489' title='bbox 3129 547 3148 576; x_wconf 90' lang='lat'><strong>,</strong></span> <span class='ocrx_word' id='word_1_490' title='bbox 3192 512 3384 564; x_wconf 83' lang='lat' dir='ltr'><strong>natura</strong></span> <span class='ocrx_word' id='word_1_491' title='bbox 3426 507 3569 566; x_wconf 82' lang='lat' dir='ltr'><strong>ﬁlios</strong></span> <span class='ocrx_word' id='word_1_492' title='bbox 3610 509 3852 569; x_wconf 86' lang='lat' dir='ltr'><strong>hominis</strong></span> 
     </span>
    </p>
   </div>
   <div class='ocr_carea' id='block_1_64' title="bbox 2254 595 3853 687">
    <p class='ocr_par' dir='ltr' id='par_1_64' title="bbox 2254 595 3853 687">
     <span class='ocr_line' id='line_1_64' title="bbox 2254 595 3853 687; baseline 0.008 -40"><span class='ocrx_word' id='word_1_493' title='bbox 2254 595 2424 664; x_wconf 87' lang='lat' dir='ltr'><strong>gratia</strong></span> <span class='ocrx_word' id='word_1_494' title='bbox 2453 595 2548 651; x_wconf 90' lang='lat' dir='ltr'><strong>Dei</strong></span> <span class='ocrx_word' id='word_1_495' title='bbox 2576 595 2714 654; x_wconf 86' lang='lat' dir='ltr'><strong>ﬁlios</strong></span> <span class='ocrx_word' id='word_1_496' title='bbox 2737 597 2967 655; x_wconf 56' lang='lat' dir='ltr'><strong>Dei&#39;lieri</strong></span> <span class='ocrx_word' id='word_1_497' title='bbox 2990 640 3008 668; x_wconf 96' lang='lat'><strong>,</strong></span> <span class='ocrx_word' id='word_1_498' title='bbox 3050 598 3375 687; x_wconf 53' lang='lat' dir='ltr'><strong>et.habitare</strong></span> <span class='ocrx_word' id='word_1_499' title='bbox 3396 602 3451 657; x_wconf 93' lang='lat' dir='ltr'><strong>in</strong></span> <span class='ocrx_word' id='word_1_500' title='bbox 3475 602 3587 659; x_wconf 89' lang='lat' dir='ltr'><strong>Deo</strong></span> <span class='ocrx_word' id='word_1_501' title='bbox 3608 644 3626 671; x_wconf 95' lang='lat'><strong>,</strong></span> <span class='ocrx_word' id='word_1_502' title='bbox 3657 606 3714 660; x_wconf 87' lang='lat' dir='ltr'><strong>in</strong></span> <span class='ocrx_word' id='word_1_503' title='bbox 3733 618 3853 675; x_wconf 86' lang='lat' dir='ltr'><strong>quo</strong></span> 
     </span>
    </p>
   </div>
   <div class='ocr_carea' id='block_1_65' title="bbox 2255 689 3849 768">
    <p class='ocr_par' dir='ltr' id='par_1_65' title="bbox 2255 689 3849 768">
     <span class='ocr_line' id='line_1_65' title="bbox 2255 689 3849 768; baseline 0.007 -26"><span class='ocrx_word' id='word_1_504' title='bbox 2255 689 2370 743; x_wconf 90' lang='lat' dir='ltr'><strong>solo</strong></span> <span class='ocrx_word' id='word_1_505' title='bbox 2399 698 2453 745; x_wconf 90' lang='lat' dir='ltr'><strong>et</strong></span> <span class='ocrx_word' id='word_1_506' title='bbox 2477 689 2545 746; x_wconf 90' lang='lat' dir='ltr'><strong>de</strong></span> <span class='ocrx_word' id='word_1_507' title='bbox 2566 707 2672 762; x_wconf 90' lang='lat' dir='ltr'><strong>quo</strong></span> <span class='ocrx_word' id='word_1_508' title='bbox 2697 693 2814 748; x_wconf 91' lang='lat' dir='ltr'><strong>solo</strong></span> <span class='ocrx_word' id='word_1_509' title='bbox 2838 709 2961 750; x_wconf 88' lang='lat' dir='ltr'><strong>esse</strong></span> <span class='ocrx_word' id='word_1_510' title='bbox 3001 704 3226 766; x_wconf 88' lang='lat' dir='ltr'><strong>possunt</strong></span> <span class='ocrx_word' id='word_1_511' title='bbox 3251 695 3407 767; x_wconf 21' lang='lat' dir='ltr'><strong>beati,</strong></span> <span class='ocrx_word' id='word_1_512' title='bbox 3423 697 3712 768; x_wconf 82' lang='lat' dir='ltr'><strong>participes</strong></span> <span class='ocrx_word' id='word_1_513' title='bbox 3736 696 3849 753; x_wconf 65' lang='lat' dir='ltr'><strong>imo</strong></span> 
     </span>
    </p>
   </div>
   <div class='ocr_carea' id='block_1_66' title="bbox 2256 783 3853 859">
    <p class='ocr_par' dir='ltr' id='par_1_66' title="bbox 2256 783 3853 859">
     <span class='ocr_line' id='line_1_66' title="bbox 2256 783 3853 859; baseline 0.006 -24"><span class='ocrx_word' id='word_1_514' title='bbox 2256 783 2592 838; x_wconf 90' lang='lat' dir='ltr'><strong>mortalitatis</strong></span> <span class='ocrx_word' id='word_1_515' title='bbox 2634 785 2749 854; x_wconf 89' lang='lat' dir='ltr'><strong>ejus</strong></span> <span class='ocrx_word' id='word_1_516' title='bbox 2791 785 3000 853; x_wconf 77' lang='lat' dir='ltr'><strong>etl‘ecti;</strong></span> <span class='ocrx_word' id='word_1_517' title='bbox 3054 796 3273 859; x_wconf 88' lang='lat' dir='ltr'><strong>propter</strong></span> <span class='ocrx_word' id='word_1_518' title='bbox 3325 788 3466 859; x_wconf 90' lang='lat' dir='ltr'><strong>quod</strong></span> <span class='ocrx_word' id='word_1_519' title='bbox 3513 789 3853 859; x_wconf 88' lang='lat' dir='ltr'><strong>persuaden-</strong></span> 
     </span>
    </p>
   </div>
   <div class='ocr_carea' id='block_1_67' title="bbox 2257 872 3853 951">
    <p class='ocr_par' dir='ltr' id='par_1_67' title="bbox 2257 872 3853 951">
     <span class='ocr_line' id='line_1_67' title="bbox 2257 872 3853 951; baseline 0.006 -23"><span class='ocrx_word' id='word_1_520' title='bbox 2257 872 2382 928; x_wconf 88' lang='lat' dir='ltr'><strong>dum</strong></span> <span class='ocrx_word' id='word_1_521' title='bbox 2428 875 2522 931; x_wconf 91' lang='lat' dir='ltr'><strong>Dei</strong></span> <span class='ocrx_word' id='word_1_522' title='bbox 2569 876 2737 933; x_wconf 90' lang='lat' dir='ltr'><strong>Filius</strong></span> <span class='ocrx_word' id='word_1_523' title='bbox 2780 879 3045 951; x_wconf 88' lang='lat' dir='ltr'><strong>particeps</strong></span> <span class='ocrx_word' id='word_1_524' title='bbox 3092 889 3295 937; x_wconf 78' lang='lat' dir='ltr'><strong>nostrae</strong></span> <span class='ocrx_word' id='word_1_525' title='bbox 3335 881 3674 938; x_wconf 89' lang='lat' dir='ltr'><strong>mortalitatis</strong></span> <span class='ocrx_word' id='word_1_526' title='bbox 3712 882 3853 938; x_wconf 65' lang='lat' dir='ltr'><strong>clleo</strong></span> 
     </span>
    </p>
   </div>
   <div class='ocr_carea' id='block_1_68' title="bbox 2255 969 2516 1023">
    <p class='ocr_par' dir='ltr' id='par_1_68' title="bbox 2255 969 2516 1023">
     <span class='ocr_line' id='line_1_68' title="bbox 2255 969 2516 1023; baseline 0 0"><span class='ocrx_word' id='word_1_527' title='bbox 2255 976 2372 1023; x_wconf 92' lang='lat' dir='ltr'><strong>ctus</strong></span> <span class='ocrx_word' id='word_1_528' title='bbox 2398 969 2516 1023; x_wconf 84' lang='lat' dir='ltr'><strong>est?</strong></span> 
     </span>
    </p>
   </div>
   <div class='ocr_carea' id='block_1_69' title="bbox 2276 1061 3855 1128">
    <p class='ocr_par' dir='ltr' id='par_1_69' title="bbox 2276 1061 3855 1128">
     <span class='ocr_line' id='line_1_69' title="bbox 2276 1061 3855 1128; baseline 0.006 -13"><span class='ocrx_word' id='word_1_529' title='bbox 2276 1125 2280 1128; x_wconf 26' lang='lat'><strong>,</strong></span> <span class='ocrx_word' id='word_1_530' title='bbox 2327 1061 2554 1118; x_wconf 87' lang='lat' dir='ltr'><strong>CAPUT</strong></span> <span class='ocrx_word' id='word_1_531' title='bbox 2597 1062 2667 1118; x_wconf 81' lang='grc' dir='ltr'><strong>Χ.</strong></span> <span class='ocrx_word' id='word_1_532' title='bbox 2690 1094 2764 1107; x_wconf 92' lang='lat'><strong>—-</strong></span> <span class='ocrx_word' id='word_1_533' title='bbox 2793 1066 2880 1121; x_wconf 84' lang='grc'><strong>15.</strong></span> <span class='ocrx_word' id='word_1_534' title='bbox 2914 1065 3271 1123; x_wconf 84' lang='lat' dir='ltr'><strong>Incarnatione</strong></span> <span class='ocrx_word' id='word_1_535' title='bbox 3302 1066 3452 1123; x_wconf 86' lang='lat' dir='ltr'><strong>Verbi</strong></span> <span class='ocrx_word' id='word_1_536' title='bbox 3476 1070 3855 1125; x_wconf 82' lang='lat' dir='ltr'><strong>convenientior</strong></span> 
     </span>
    </p>
   </div>
   <div class='ocr_carea' id='block_1_70' title="bbox 2258 1158 3855 1227">
    <p class='ocr_par' dir='ltr' id='par_1_70' title="bbox 2258 1158 3855 1227">
     <span class='ocr_line' id='line_1_70' title="bbox 2258 1158 3855 1227; baseline 0.006 -18"><span class='ocrx_word' id='word_1_537' title='bbox 2258 1172 2359 1210; x_wconf 90' lang='lat' dir='ltr'><strong>non</strong></span> <span class='ocrx_word' id='word_1_538' title='bbox 2409 1158 2505 1227; x_wconf 80' lang='lat' dir='ltr'><strong>fuit</strong></span> <span class='ocrx_word' id='word_1_539' title='bbox 2544 1158 2726 1213; x_wconf 88' lang='lat' dir='ltr'><strong>modus</strong></span> <span class='ocrx_word' id='word_1_540' title='bbox 2763 1161 2896 1215; x_wconf 87' lang='lat' dir='ltr'><strong>alius</strong></span> <span class='ocrx_word' id='word_1_541' title='bbox 2925 1162 3174 1216; x_wconf 87' lang='lat' dir='ltr'><strong>liberandi</strong></span> <span class='ocrx_word' id='word_1_542' title='bbox 3217 1163 3433 1217; x_wconf 83' lang='lat' dir='ltr'><strong>hominis</strong></span> <span class='ocrx_word' id='word_1_543' title='bbox 3468 1181 3501 1217; x_wconf 90' lang='lat' dir='ltr'><strong>a</strong></span> <span class='ocrx_word' id='word_1_544' title='bbox 3526 1164 3855 1220; x_wconf 80' lang='lat' dir='ltr'><strong>mortalitatis</strong></span> 
     </span>
    </p>
   </div>
   <div class='ocr_carea' id='block_1_71' title="bbox 2258 1250 3849 1323">
    <p class='ocr_par' dir='ltr' id='par_1_71' title="bbox 2258 1250 3849 1323">
     <span class='ocr_line' id='line_1_71' title="bbox 2258 1250 3849 1323; baseline 0.005 -20"><span class='ocrx_word' id='word_1_545' title='bbox 2258 1251 2479 1305; x_wconf 87' lang='lat' dir='ltr'><strong>miseria.</strong></span> <span class='ocrx_word' id='word_1_546' title='bbox 2526 1250 2711 1305; x_wconf 76' lang='lat' dir='ltr'><strong>Merita</strong></span> <span class='ocrx_word' id='word_1_547' title='bbox 2756 1270 2868 1323; x_wconf 80' lang='lat' dir='ltr'><strong>qua:</strong></span> <span class='ocrx_word' id='word_1_548' title='bbox 2900 1254 3139 1309; x_wconf 85' lang='lat' dir='ltr'><strong>dicuntur</strong></span> <span class='ocrx_word' id='word_1_549' title='bbox 3172 1267 3381 1322; x_wconf 88' lang='lat' dir='ltr'><strong>nostra,</strong></span> <span class='ocrx_word' id='word_1_550' title='bbox 3424 1256 3558 1311; x_wconf 87' lang='lat' dir='ltr'><strong>dona</strong></span> <span class='ocrx_word' id='word_1_551' title='bbox 3583 1269 3701 1312; x_wconf 88' lang='lat' dir='ltr'><strong>sunt</strong></span> <span class='ocrx_word' id='word_1_552' title='bbox 3729 1257 3849 1312; x_wconf 86' lang='lat' dir='ltr'><strong>Dei.</strong></span> 
     </span>
    </p>
   </div>
   <div class='ocr_carea' id='block_1_72' title="bbox 2258 1342 3854 1415">
    <p class='ocr_par' dir='ltr' id='par_1_72' title="bbox 2258 1342 3854 1415">
     <span class='ocr_line' id='line_1_72' title="bbox 2258 1342 3854 1415; baseline 0.006 -18"><span class='ocrx_word' id='word_1_553' title='bbox 2258 1342 2363 1397; x_wconf 88' lang='lat' dir='ltr'><strong>Eos</strong></span> <span class='ocrx_word' id='word_1_554' title='bbox 2404 1344 2581 1413; x_wconf 86' lang='lat' dir='ltr'><strong>itaque</strong></span> <span class='ocrx_word' id='word_1_555' title='bbox 2611 1347 2699 1414; x_wconf 88' lang='lat' dir='ltr'><strong>qui</strong></span> <span class='ocrx_word' id='word_1_556' title='bbox 2738 1346 2957 1415; x_wconf 89' lang='lat' dir='ltr'><strong>dicunt,</strong></span> <span class='ocrx_word' id='word_1_557' title='bbox 3001 1348 3147 1403; x_wconf 87' lang='lat' dir='ltr'><strong>itane</strong></span> <span class='ocrx_word' id='word_1_558' title='bbox 3167 1347 3332 1402; x_wconf 82' lang='lat' dir='ltr'><strong>defuit</strong></span> <span class='ocrx_word' id='word_1_559' title='bbox 3357 1351 3468 1405; x_wconf 90' lang='lat' dir='ltr'><strong>Deo</strong></span> <span class='ocrx_word' id='word_1_560' title='bbox 3493 1351 3684 1405; x_wconf 91' lang='lat' dir='ltr'><strong>modus</strong></span> <span class='ocrx_word' id='word_1_561' title='bbox 3710 1352 3854 1408; x_wconf 87' lang='lat' dir='ltr'><strong>alius</strong></span> 
     </span>
    </p>
   </div>
   <div class='ocr_carea' id='block_1_73' title="bbox 2258 1437 3851 1515">
    <p class='ocr_par' dir='ltr' id='par_1_73' title="bbox 2258 1437 3851 1515">
     <span class='ocr_line' id='line_1_73' title="bbox 2258 1437 3851 1515; baseline 0.006 -25"><span class='ocrx_word' id='word_1_562' title='bbox 2258 1453 2363 1507; x_wconf 88' lang='lat' dir='ltr'><strong>quo</strong></span> <span class='ocrx_word' id='word_1_563' title='bbox 2393 1437 2645 1494; x_wconf 85' lang='lat' dir='ltr'><strong>liberaret</strong></span> <span class='ocrx_word' id='word_1_564' title='bbox 2690 1440 2933 1496; x_wconf 85' lang='lat' dir='ltr'><strong>homines</strong></span> <span class='ocrx_word' id='word_1_565' title='bbox 2968 1458 2996 1496; x_wconf 94' lang='lat' dir='ltr'><strong>a</strong></span> <span class='ocrx_word' id='word_1_566' title='bbox 3029 1442 3244 1501; x_wconf 87' lang='lat' dir='ltr'><strong>miseria</strong></span> <span class='ocrx_word' id='word_1_567' title='bbox 3290 1447 3625 1501; x_wconf 88' lang='lat' dir='ltr'><strong>mortalitatis</strong></span> <span class='ocrx_word' id='word_1_568' title='bbox 3667 1447 3851 1515; x_wconf 87' lang='lat' dir='ltr'><strong>hujus,</strong></span> 
     </span>
    </p>
   </div>
   <div class='ocr_carea' id='block_1_74' title="bbox 2257 1533 3853 1609">
    <p class='ocr_par' dir='ltr' id='par_1_74' title="bbox 2257 1533 3853 1609">
     <span class='ocr_line' id='line_1_74' title="bbox 2257 1533 3853 1609; baseline 0.008 -23"><span class='ocrx_word' id='word_1_569' title='bbox 2257 1542 2317 1587; x_wconf 91' lang='lat' dir='ltr'><strong>ut</strong></span> <span class='ocrx_word' id='word_1_570' title='bbox 2347 1533 2673 1605; x_wconf 75' lang='lat' dir='ltr'><strong>unigenitum</strong></span> <span class='ocrx_word' id='word_1_571' title='bbox 2707 1536 2895 1590; x_wconf 85' lang='lat' dir='ltr'><strong>Filium</strong></span> <span class='ocrx_word' id='word_1_572' title='bbox 2931 1538 3094 1592; x_wconf 90' lang='lat' dir='ltr'><strong>Deum</strong></span> <span class='ocrx_word' id='word_1_573' title='bbox 3136 1539 3234 1593; x_wconf 91' lang='lat' dir='ltr'><strong>sibi</strong></span> <span class='ocrx_word' id='word_1_574' title='bbox 3262 1550 3584 1596; x_wconf 74' lang='lat' dir='ltr'><strong>coreternum</strong></span> <span class='ocrx_word' id='word_1_575' title='bbox 3611 1585 3626 1609; x_wconf 91' lang='lat'><strong>,</strong></span> <span class='ocrx_word' id='word_1_576' title='bbox 3670 1544 3853 1599; x_wconf 89' lang='lat' dir='ltr'><strong>homi—</strong></span> 
     </span>
    </p>
   </div>
   <div class='ocr_carea' id='block_1_75' title="bbox 2264 1629 3855 1692">
    <p class='ocr_par' dir='ltr' id='par_1_75' title="bbox 2264 1629 3855 1692">
     <span class='ocr_line' id='line_1_75' title="bbox 2264 1629 3855 1692; baseline 0.007 -12"><span class='ocrx_word' id='word_1_577' title='bbox 2264 1643 2384 1681; x_wconf 91' lang='lat' dir='ltr'><strong>nem</strong></span> <span class='ocrx_word' id='word_1_578' title='bbox 2414 1629 2528 1681; x_wconf 88' lang='lat' dir='ltr'><strong>ﬁeri</strong></span> <span class='ocrx_word' id='word_1_579' title='bbox 2558 1630 2740 1692; x_wconf 87' lang='lat' dir='ltr'><strong>vellet,</strong></span> <span class='ocrx_word' id='word_1_580' title='bbox 2775 1630 3044 1686; x_wconf 88' lang='lat' dir='ltr'><strong>induendo</strong></span> <span class='ocrx_word' id='word_1_581' title='bbox 3070 1632 3355 1688; x_wconf 89' lang='lat' dir='ltr'><strong>humanam</strong></span> <span class='ocrx_word' id='word_1_582' title='bbox 3387 1637 3617 1689; x_wconf 88' lang='lat' dir='ltr'><strong>animam</strong></span> <span class='ocrx_word' id='word_1_583' title='bbox 3646 1647 3699 1691; x_wconf 89' lang='lat' dir='ltr'><strong>et</strong></span> <span class='ocrx_word' id='word_1_584' title='bbox 3726 1652 3855 1691; x_wconf 88' lang='lat' dir='ltr'><strong>car-</strong></span> 
     </span>
    </p>
   </div>
   <div class='ocr_carea' id='block_1_76' title="bbox 2259 1723 3853 1798">
    <p class='ocr_par' dir='ltr' id='par_1_76' title="bbox 2259 1723 3853 1798">
     <span class='ocr_line' id='line_1_76' title="bbox 2259 1723 3853 1798; baseline 0.008 -26"><span class='ocrx_word' id='word_1_585' title='bbox 2259 1734 2381 1774; x_wconf 89' lang='lat' dir='ltr'><strong>nem</strong></span> <span class='ocrx_word' id='word_1_586' title='bbox 2404 1761 2418 1784; x_wconf 96' lang='lat'><strong>,</strong></span> <span class='ocrx_word' id='word_1_587' title='bbox 2458 1723 2843 1793; x_wconf 88' lang='lat' dir='ltr'><strong>mortalemquc</strong></span> <span class='ocrx_word' id='word_1_588' title='bbox 2876 1723 3075 1779; x_wconf 86' lang='lat' dir='ltr'><strong>factum</strong></span> <span class='ocrx_word' id='word_1_589' title='bbox 3107 1736 3332 1780; x_wconf 91' lang='lat' dir='ltr'><strong>mortem</strong></span> <span class='ocrx_word' id='word_1_590' title='bbox 3376 1728 3613 1797; x_wconf 83' lang='lat' dir='ltr'><strong>perpeti?</strong></span> <span class='ocrx_word' id='word_1_591' title='bbox 3660 1743 3853 1798; x_wconf 88' lang='lat' dir='ltr'><strong>parum</strong></span> 
     </span>
    </p>
   </div>
   <div class='ocr_carea' id='block_1_77' title="bbox 2259 1814 3855 1889">
    <p class='ocr_par' dir='ltr' id='par_1_77' title="bbox 2259 1814 3855 1889">
     <span class='ocr_line' id='line_1_77' title="bbox 2259 1814 3855 1889; baseline 0.006 -22"><span class='ocrx_word' id='word_1_592' title='bbox 2259 1823 2341 1868; x_wconf 91' lang='lat' dir='ltr'><strong>est</strong></span> <span class='ocrx_word' id='word_1_593' title='bbox 2366 1814 2442 1868; x_wconf 91' lang='lat' dir='ltr'><strong>sic</strong></span> <span class='ocrx_word' id='word_1_594' title='bbox 2481 1815 2724 1871; x_wconf 82' lang='lat' dir='ltr'><strong>refellere</strong></span> <span class='ocrx_word' id='word_1_595' title='bbox 2747 1859 2762 1883; x_wconf 93' lang='lat'><strong>,</strong></span> <span class='ocrx_word' id='word_1_596' title='bbox 2807 1825 2864 1870; x_wconf 90' lang='lat' dir='ltr'><strong>ut</strong></span> <span class='ocrx_word' id='word_1_597' title='bbox 2892 1818 3048 1872; x_wconf 92' lang='lat' dir='ltr'><strong>istum</strong></span> <span class='ocrx_word' id='word_1_598' title='bbox 3093 1819 3309 1874; x_wconf 88' lang='lat' dir='ltr'><strong>modum</strong></span> <span class='ocrx_word' id='word_1_599' title='bbox 3349 1836 3455 1889; x_wconf 87' lang='lat' dir='ltr'><strong>quo</strong></span> <span class='ocrx_word' id='word_1_600' title='bbox 3490 1836 3587 1875; x_wconf 90' lang='lat' dir='ltr'><strong>nos</strong></span> <span class='ocrx_word' id='word_1_601' title='bbox 3618 1836 3713 1889; x_wconf 86' lang='lat' dir='ltr'><strong>per</strong></span> <span class='ocrx_word' id='word_1_602' title='bbox 3741 1821 3855 1877; x_wconf 80' lang='lat' dir='ltr'><strong>Me-</strong></span> 
     </span>
    </p>
   </div>
   <div class='ocr_carea' id='block_1_78' title="bbox 2259 1904 3853 1970">
    <p class='ocr_par' dir='ltr' id='par_1_78' title="bbox 2259 1904 3853 1970">
     <span class='ocr_line' id='line_1_78' title="bbox 2259 1904 3853 1970; baseline 0.006 -11"><span class='ocrx_word' id='word_1_603' title='bbox 2259 1904 2516 1961; x_wconf 88' lang='lat' dir='ltr'><strong>diatorem</strong></span> <span class='ocrx_word' id='word_1_604' title='bbox 2548 1906 2640 1962; x_wconf 89' lang='lat' dir='ltr'><strong>Dei</strong></span> <span class='ocrx_word' id='word_1_605' title='bbox 2671 1918 2723 1962; x_wconf 90' lang='lat' dir='ltr'><strong>et</strong></span> <span class='ocrx_word' id='word_1_606' title='bbox 2764 1907 3039 1963; x_wconf 89' lang='lat' dir='ltr'><strong>hominum</strong></span> <span class='ocrx_word' id='word_1_607' title='bbox 3071 1910 3341 1966; x_wconf 88' lang='lat' dir='ltr'><strong>hominem</strong></span> <span class='ocrx_word' id='word_1_608' title='bbox 3369 1911 3637 1967; x_wconf 89' lang='lat' dir='ltr'><strong>Christum</strong></span> <span class='ocrx_word' id='word_1_609' title='bbox 3663 1913 3853 1970; x_wconf 83' lang='lat' dir='ltr'><strong>Jesum</strong></span> 
     </span>
    </p>
   </div>
   <div class='ocr_carea' id='block_1_79' title="bbox 2261 1995 3853 2069">
    <p class='ocr_par' dir='ltr' id='par_1_79' title="bbox 2261 1995 3853 2069">
     <span class='ocr_line' id='line_1_79' title="bbox 2261 1995 3853 2069; baseline 0.009 -20"><span class='ocrx_word' id='word_1_610' title='bbox 2261 1995 2402 2050; x_wconf 92' lang='lat' dir='ltr'><strong>Deus</strong></span> <span class='ocrx_word' id='word_1_611' title='bbox 2428 1997 2653 2053; x_wconf 89' lang='lat' dir='ltr'><strong>liberare</strong></span> <span class='ocrx_word' id='word_1_612' title='bbox 2683 1999 2963 2069; x_wconf 81' lang='lat' dir='ltr'><strong>dignatur,</strong></span> <span class='ocrx_word' id='word_1_613' title='bbox 3006 2017 3309 2057; x_wconf 85' lang='lat' dir='ltr'><strong>asseramus</strong></span> <span class='ocrx_word' id='word_1_614' title='bbox 3338 2004 3533 2059; x_wconf 88' lang='lat' dir='ltr'><strong>bonum</strong></span> <span class='ocrx_word' id='word_1_615' title='bbox 3573 2014 3627 2060; x_wconf 88' lang='lat' dir='ltr'><strong>et</strong></span> <span class='ocrx_word' id='word_1_616' title='bbox 3654 2006 3853 2063; x_wconf 61' lang='lat' dir='ltr'><strong>divinae</strong></span> 
     </span>
    </p>
   </div>
   <div class='ocr_carea' id='block_1_80' title="bbox 2258 2092 3853 2163">
    <p class='ocr_par' dir='ltr' id='par_1_80' title="bbox 2258 2092 3853 2163">
     <span class='ocr_line' id='line_1_80' title="bbox 2258 2092 3853 2163; baseline 0.009 -20"><span class='ocrx_word' id='word_1_617' title='bbox 2258 2104 2549 2160; x_wconf 89' lang='lat' dir='ltr'><strong>congruum</strong></span> <span class='ocrx_word' id='word_1_618' title='bbox 2577 2092 2817 2163; x_wconf 84' lang='lat' dir='ltr'><strong>dignitati</strong></span> <span class='ocrx_word' id='word_1_619' title='bbox 2848 2112 2859 2147; x_wconf 92' lang='lat'>:</span> <span class='ocrx_word' id='word_1_620' title='bbox 2890 2112 3072 2150; x_wconf 89' lang='lat' dir='ltr'><strong>verum</strong></span> <span class='ocrx_word' id='word_1_621' title='bbox 3107 2098 3265 2152; x_wconf 88' lang='lat' dir='ltr'><strong>etiam</strong></span> <span class='ocrx_word' id='word_1_622' title='bbox 3299 2108 3354 2152; x_wconf 92' lang='lat' dir='ltr'><strong>ut</strong></span> <span class='ocrx_word' id='word_1_623' title='bbox 3374 2099 3718 2155; x_wconf 87' lang='lat' dir='ltr'><strong>ostendamus</strong></span> <span class='ocrx_word' id='word_1_624' title='bbox 3740 2115 3853 2158; x_wconf 87' lang='lat' dir='ltr'><strong>non</strong></span> 
     </span>
    </p>
   </div>
   <div class='ocr_carea' id='block_1_81' title="bbox 2259 2180 3853 2262">
    <p class='ocr_par' dir='ltr' id='par_1_81' title="bbox 2259 2180 3853 2262">
     <span class='ocr_line' id='line_1_81' title="bbox 2259 2180 3853 2262; baseline 0.01 -29"><span class='ocrx_word' id='word_1_625' title='bbox 2259 2180 2421 2235; x_wconf 90' lang='lat' dir='ltr'><strong>alium</strong></span> <span class='ocrx_word' id='word_1_626' title='bbox 2467 2183 2681 2238; x_wconf 88' lang='lat' dir='ltr'><strong>modum</strong></span> <span class='ocrx_word' id='word_1_627' title='bbox 2722 2186 3026 2254; x_wconf 86' lang='lat' dir='ltr'><strong>possibilem</strong></span> <span class='ocrx_word' id='word_1_628' title='bbox 3056 2188 3165 2243; x_wconf 90' lang='lat' dir='ltr'><strong>Deo</strong></span> <span class='ocrx_word' id='word_1_629' title='bbox 3194 2188 3458 2257; x_wconf 91' lang='lat' dir='ltr'><strong>defuisse,</strong></span> <span class='ocrx_word' id='word_1_630' title='bbox 3508 2192 3658 2262; x_wconf 89' lang='lat' dir='ltr'><strong>cujus</strong></span> <span class='ocrx_word' id='word_1_631' title='bbox 3696 2202 3853 2262; x_wconf 87' lang='lat' dir='ltr'><strong>pote-</strong></span> 
     </span>
    </p>
   </div>
   <div class='ocr_carea' id='block_1_82' title="bbox 2259 2272 3853 2349">
    <p class='ocr_par' dir='ltr' id='par_1_82' title="bbox 2259 2272 3853 2349">
     <span class='ocr_line' id='line_1_82' title="bbox 2259 2272 3853 2349; baseline 0.011 -25"><span class='ocrx_word' id='word_1_632' title='bbox 2259 2272 2383 2326; x_wconf 89' lang='lat' dir='ltr'><strong>stati</strong></span> <span class='ocrx_word' id='word_1_633' title='bbox 2428 2283 2616 2328; x_wconf 88' lang='lat' dir='ltr'><strong>cuncta</strong></span> <span class='ocrx_word' id='word_1_634' title='bbox 2663 2278 2940 2346; x_wconf 73' lang='lat' dir='ltr'><strong>mqualiter</strong></span> <span class='ocrx_word' id='word_1_635' title='bbox 2982 2279 3298 2349; x_wconf 90' lang='lat' dir='ltr'><strong>subjacent;</strong></span> <span class='ocrx_word' id='word_1_636' title='bbox 3350 2283 3444 2338; x_wconf 92' lang='lat' dir='ltr'><strong>sed</strong></span> <span class='ocrx_word' id='word_1_637' title='bbox 3466 2284 3718 2339; x_wconf 59' lang='lat' dir='ltr'><strong>sanandae</strong></span> <span class='ocrx_word' id='word_1_638' title='bbox 3745 2301 3853 2341; x_wconf 88' lang='lat' dir='ltr'><strong>no-</strong></span> 
     </span>
    </p>
   </div>
   <div class='ocr_carea' id='block_1_83' title="bbox 2258 2366 3852 2434">
    <p class='ocr_par' dir='ltr' id='par_1_83' title="bbox 2258 2366 3852 2434">
     <span class='ocr_line' id='line_1_83' title="bbox 2258 2366 3852 2434; baseline 0.011 -18"><span class='ocrx_word' id='word_1_639' title='bbox 2258 2372 2383 2417; x_wconf 63' lang='lat' dir='ltr'><strong>stra:</strong></span> <span class='ocrx_word' id='word_1_640' title='bbox 2440 2366 3205 2427; x_wconf 74' lang='lat' dir='ltr'><strong>miseriae&#39;convenientiorem</strong></span> <span class='ocrx_word' id='word_1_641' title='bbox 3258 2375 3472 2430; x_wconf 89' lang='lat' dir='ltr'><strong>modum</strong></span> <span class='ocrx_word' id='word_1_642' title='bbox 3517 2378 3683 2432; x_wconf 87' lang='lat' dir='ltr'><strong>alium</strong></span> <span class='ocrx_word' id='word_1_643' title='bbox 3736 2393 3852 2434; x_wconf 88' lang='lat' dir='ltr'><strong>non</strong></span> 
     </span>
    </p>
   </div>
   <div class='ocr_carea' id='block_1_84' title="bbox 2259 2453 3855 2531">
    <p class='ocr_par' dir='ltr' id='par_1_84' title="bbox 2259 2453 3855 2531">
     <span class='ocr_line' id='line_1_84' title="bbox 2259 2453 3855 2531; baseline 0.012 -22"><span class='ocrx_word' id='word_1_644' title='bbox 2259 2453 2424 2511; x_wconf 90' lang='lat' dir='ltr'><strong>fuisse</strong></span> <span class='ocrx_word' id='word_1_645' title='bbox 2449 2500 2463 2523; x_wconf 89' lang='lat'><strong>,</strong></span> <span class='ocrx_word' id='word_1_646' title='bbox 2495 2474 2593 2513; x_wconf 91' lang='lat' dir='ltr'><strong>nec</strong></span> <span class='ocrx_word' id='word_1_647' title='bbox 2620 2475 2738 2515; x_wconf 86' lang='lat' dir='ltr'><strong>esse</strong></span> <span class='ocrx_word' id='word_1_648' title='bbox 2763 2464 3085 2531; x_wconf 88' lang='lat' dir='ltr'><strong>oportuisse.</strong></span> <span class='ocrx_word' id='word_1_649' title='bbox 3127 2464 3263 2531; x_wconf 78' lang='lat' dir='ltr'><strong>Quid</strong></span> <span class='ocrx_word' id='word_1_650' title='bbox 3293 2468 3434 2522; x_wconf 91' lang='lat' dir='ltr'><strong>enim</strong></span> <span class='ocrx_word' id='word_1_651' title='bbox 3466 2476 3571 2523; x_wconf 91' lang='lat' dir='ltr'><strong>tam</strong></span> <span class='ocrx_word' id='word_1_652' title='bbox 3600 2484 3855 2527; x_wconf 81' lang='lat' dir='ltr'><strong>necessa-</strong></span> 
     </span>
    </p>
   </div>
   <div class='ocr_carea' id='block_1_85' title="bbox 2259 2547 3853 2634">
    <p class='ocr_par' dir='ltr' id='par_1_85' title="bbox 2259 2547 3853 2634">
     <span class='ocr_line' id='line_1_85' title="bbox 2259 2547 3853 2634; baseline 0.013 -33"><span class='ocrx_word' id='word_1_653' title='bbox 2259 2548 2395 2602; x_wconf 93' lang='lat' dir='ltr'><strong>rium</strong></span> <span class='ocrx_word' id='word_1_654' title='bbox 2436 2547 2534 2604; x_wconf 90' lang='lat' dir='ltr'><strong>fuit</strong></span> <span class='ocrx_word' id='word_1_655' title='bbox 2562 2551 2626 2605; x_wconf 90' lang='lat' dir='ltr'><strong>ad</strong></span> <span class='ocrx_word' id='word_1_656' title='bbox 2672 2553 2976 2621; x_wconf 75' lang='lat' dir='ltr'><strong>erigendum</strong></span> <span class='ocrx_word' id='word_1_657' title='bbox 3010 2570 3158 2625; x_wconf 91' lang='lat' dir='ltr'><strong>spem</strong></span> <span class='ocrx_word' id='word_1_658' title='bbox 3205 2568 3478 2626; x_wconf 82' lang='lat' dir='ltr'><strong>nostram,</strong></span> <span class='ocrx_word' id='word_1_659' title='bbox 3532 2572 3853 2634; x_wconf 87' lang='lat' dir='ltr'><strong>mentesque</strong></span> 
     </span>
    </p>
   </div>
   <div class='ocr_carea' id='block_1_86' title="bbox 2259 2643 3853 2724">
    <p class='ocr_par' dir='ltr' id='par_1_86' title="bbox 2259 2643 3853 2724">
     <span class='ocr_line' id='line_1_86' title="bbox 2259 2643 3853 2724; baseline 0.01 -28"><span class='ocrx_word' id='word_1_660' title='bbox 2259 2643 2561 2697; x_wconf 88' lang='lat' dir='ltr'><strong>mortalium</strong></span> <span class='ocrx_word' id='word_1_661' title='bbox 2589 2645 2893 2701; x_wconf 90' lang='lat' dir='ltr'><strong>conditione</strong></span> <span class='ocrx_word' id='word_1_662' title='bbox 2922 2648 3086 2717; x_wconf 89' lang='lat' dir='ltr'><strong>ipsius</strong></span> <span class='ocrx_word' id='word_1_663' title='bbox 3115 2651 3453 2707; x_wconf 89' lang='lat' dir='ltr'><strong>mortalitatis</strong></span> <span class='ocrx_word' id='word_1_664' title='bbox 3477 2653 3745 2724; x_wconf 88' lang='lat' dir='ltr'><strong>abjectas,</strong></span> <span class='ocrx_word' id='word_1_665' title='bbox 3780 2656 3853 2712; x_wconf 91' lang='lat' dir='ltr'><strong>ab</strong></span> 
     </span>
    </p>
   </div>
   <div class='ocr_carea' id='block_1_87' title="bbox 2260 2734 3850 2815">
    <p class='ocr_par' dir='ltr' id='par_1_87' title="bbox 2260 2734 3850 2815">
     <span class='ocr_line' id='line_1_87' title="bbox 2260 2734 3850 2815; baseline 0.011 -27"><span class='ocrx_word' id='word_1_666' title='bbox 2260 2734 2678 2791; x_wconf 89' lang='lat' dir='ltr'><strong>immortalitatis</strong></span> <span class='ocrx_word' id='word_1_667' title='bbox 2703 2737 3080 2807; x_wconf 88' lang='lat' dir='ltr'><strong>desperatione</strong></span> <span class='ocrx_word' id='word_1_668' title='bbox 3106 2741 3403 2798; x_wconf 89' lang='lat' dir='ltr'><strong>liberandas</strong></span> <span class='ocrx_word' id='word_1_669' title='bbox 3429 2787 3443 2809; x_wconf 91' lang='lat'><strong>,</strong></span> <span class='ocrx_word' id='word_1_670' title='bbox 3486 2762 3643 2815; x_wconf 87' lang='lat' dir='ltr'><strong>quam</strong></span> <span class='ocrx_word' id='word_1_671' title='bbox 3670 2758 3729 2803; x_wconf 91' lang='lat' dir='ltr'><strong>ut</strong></span> <span class='ocrx_word' id='word_1_672' title='bbox 3748 2748 3850 2805; x_wconf 90' lang='lat' dir='ltr'><strong>de-</strong></span> 
     </span>
    </p>
   </div>
   <div class='ocr_carea' id='block_1_88' title="bbox 2259 2830 3853 2909">
    <p class='ocr_par' dir='ltr' id='par_1_88' title="bbox 2259 2830 3853 2909">
     <span class='ocr_line' id='line_1_88' title="bbox 2259 2830 3853 2909; baseline 0.008 -28"><span class='ocrx_word' id='word_1_673' title='bbox 2259 2837 2646 2883; x_wconf 88' lang='lat' dir='ltr'><strong>monstraretur</strong></span> <span class='ocrx_word' id='word_1_674' title='bbox 2671 2830 2824 2885; x_wconf 91' lang='lat' dir='ltr'><strong>nobis</strong></span> <span class='ocrx_word' id='word_1_675' title='bbox 2848 2831 3029 2901; x_wconf 90' lang='lat' dir='ltr'><strong>quanti</strong></span> <span class='ocrx_word' id='word_1_676' title='bbox 3062 2848 3160 2887; x_wconf 91' lang='lat' dir='ltr'><strong>nos</strong></span> <span class='ocrx_word' id='word_1_677' title='bbox 3191 2834 3446 2903; x_wconf 90' lang='lat' dir='ltr'><strong>penderet</strong></span> <span class='ocrx_word' id='word_1_678' title='bbox 3475 2837 3614 2892; x_wconf 88' lang='lat' dir='ltr'><strong>Deus</strong></span> <span class='ocrx_word' id='word_1_679' title='bbox 3634 2881 3649 2906; x_wconf 94' lang='lat'><strong>,</strong></span> <span class='ocrx_word' id='word_1_680' title='bbox 3678 2855 3853 2909; x_wconf 81' lang='lat' dir='ltr'><strong>quan-</strong></span> 
     </span>
    </p>
   </div>
   <div class='ocr_carea' id='block_1_89' title="bbox 2261 2920 3853 2995">
    <p class='ocr_par' dir='ltr' id='par_1_89' title="bbox 2261 2920 3853 2995">
     <span class='ocr_line' id='line_1_89' title="bbox 2261 2920 3853 2995; baseline 0.009 -22"><span class='ocrx_word' id='word_1_681' title='bbox 2261 2927 2479 2990; x_wconf 90' lang='lat' dir='ltr'><strong>tumque</strong></span> <span class='ocrx_word' id='word_1_682' title='bbox 2507 2920 2789 2991; x_wconf 88' lang='lat' dir='ltr'><strong>diligeret?</strong></span> <span class='ocrx_word' id='word_1_683' title='bbox 2835 2921 2973 2989; x_wconf 84' lang='lat' dir='ltr'><strong>Quid</strong></span> <span class='ocrx_word' id='word_1_684' title='bbox 3003 2938 3133 2978; x_wconf 91' lang='lat' dir='ltr'><strong>vero</strong></span> <span class='ocrx_word' id='word_1_685' title='bbox 3165 2924 3323 2995; x_wconf 91' lang='lat' dir='ltr'><strong>hujus</strong></span> <span class='ocrx_word' id='word_1_686' title='bbox 3351 2928 3427 2982; x_wconf 90' lang='lat' dir='ltr'><strong>rei</strong></span> <span class='ocrx_word' id='word_1_687' title='bbox 3456 2938 3606 2984; x_wconf 89' lang='lat' dir='ltr'><strong>tanto</strong></span> <span class='ocrx_word' id='word_1_688' title='bbox 3632 2931 3735 2986; x_wconf 88' lang='lat' dir='ltr'><strong>isto</strong></span> <span class='ocrx_word' id='word_1_689' title='bbox 3759 2932 3853 2986; x_wconf 82' lang='lat' dir='ltr'><strong>in-</strong></span> 
     </span>
    </p>
   </div>
   <div class='ocr_carea' id='block_1_90' title="bbox 2259 3011 3854 3092">
    <p class='ocr_par' dir='ltr' id='par_1_90' title="bbox 2259 3011 3854 3092">
     <span class='ocr_line' id='line_1_90' title="bbox 2259 3011 3854 3092; baseline 0.009 -25"><span class='ocrx_word' id='word_1_690' title='bbox 2259 3011 2400 3067; x_wconf 86' lang='lat' dir='ltr'><strong>dicio</strong></span> <span class='ocrx_word' id='word_1_691' title='bbox 2452 3015 2783 3069; x_wconf 79' lang='lat' dir='ltr'><strong>manifestius</strong></span> <span class='ocrx_word' id='word_1_692' title='bbox 2835 3024 2994 3087; x_wconf 90' lang='lat' dir='ltr'><strong>atque</strong></span> <span class='ocrx_word' id='word_1_693' title='bbox 3038 3020 3381 3087; x_wconf 66' lang='lat' dir='ltr'><strong>praeclarius,</strong></span> <span class='ocrx_word' id='word_1_694' title='bbox 3436 3037 3594 3092; x_wconf 90' lang='lat' dir='ltr'><strong>quam</strong></span> <span class='ocrx_word' id='word_1_695' title='bbox 3646 3018 3703 3078; x_wconf 81' lang='lat' dir='ltr'><strong>ut</strong></span> <span class='ocrx_word' id='word_1_696' title='bbox 3753 3022 3854 3081; x_wconf 87' lang='lat' dir='ltr'><strong>Dei</strong></span> 
     </span>
    </p>
   </div>
   <div class='ocr_carea' id='block_1_91' title="bbox 2260 3097 3865 3189">
    <p class='ocr_par' dir='ltr' id='par_1_91' title="bbox 2260 3097 3865 3189">
     <span class='ocr_line' id='line_1_91' title="bbox 2260 3097 3865 3189; baseline 0.011 -30"><span class='ocrx_word' id='word_1_697' title='bbox 2260 3102 2427 3161; x_wconf 77' lang='lat' dir='ltr'><strong>Filius</strong></span> <span class='ocrx_word' id='word_1_698' title='bbox 2456 3106 2861 3163; x_wconf 87' lang='lat' dir='ltr'><strong>immutabiliter</strong></span> <span class='ocrx_word' id='word_1_699' title='bbox 2888 3108 3062 3165; x_wconf 90' lang='lat' dir='ltr'><strong>bonus</strong></span> <span class='ocrx_word' id='word_1_700' title='bbox 3080 3152 3097 3178; x_wconf 93' lang='lat'><strong>,</strong></span> <span class='ocrx_word' id='word_1_701' title='bbox 3127 3112 3180 3167; x_wconf 90' lang='lat' dir='ltr'><strong>in</strong></span> <span class='ocrx_word' id='word_1_702' title='bbox 3208 3128 3267 3168; x_wconf 90' lang='lat' dir='ltr'><strong>se</strong></span> <span class='ocrx_word' id='word_1_703' title='bbox 3300 3129 3520 3170; x_wconf 87' lang='lat' dir='ltr'><strong>manens</strong></span> <span class='ocrx_word' id='word_1_704' title='bbox 3541 3118 3682 3187; x_wconf 89' lang='lat' dir='ltr'><strong>quod</strong></span> <span class='ocrx_word' id='word_1_705' title='bbox 3707 3097 3865 3189; x_wconf 70' lang='lat' dir='ltr'><strong>erat,</strong></span> 
     </span>
    </p>
   </div>
   <div class='ocr_carea' id='block_1_92' title="bbox 2258 3197 3855 3280">
    <p class='ocr_par' dir='ltr' id='par_1_92' title="bbox 2258 3197 3855 3280">
     <span class='ocr_line' id='line_1_92' title="bbox 2258 3197 3855 3280; baseline 0.011 -29"><span class='ocrx_word' id='word_1_706' title='bbox 2258 3204 2313 3252; x_wconf 90' lang='lat' dir='ltr'><strong>et</strong></span> <span class='ocrx_word' id='word_1_707' title='bbox 2336 3212 2366 3251; x_wconf 94' lang='lat' dir='ltr'><strong>a</strong></span> <span class='ocrx_word' id='word_1_708' title='bbox 2392 3197 2545 3254; x_wconf 91' lang='lat' dir='ltr'><strong>nobis</strong></span> <span class='ocrx_word' id='word_1_709' title='bbox 2573 3214 2668 3269; x_wconf 88' lang='lat' dir='ltr'><strong>pro</strong></span> <span class='ocrx_word' id='word_1_710' title='bbox 2698 3201 2849 3255; x_wconf 87' lang='lat' dir='ltr'><strong>nobis</strong></span> <span class='ocrx_word' id='word_1_711' title='bbox 2876 3203 3141 3272; x_wconf 89' lang='lat' dir='ltr'><strong>accipiens</strong></span> <span class='ocrx_word' id='word_1_712' title='bbox 3166 3205 3306 3275; x_wconf 90' lang='lat' dir='ltr'><strong>quod</strong></span> <span class='ocrx_word' id='word_1_713' title='bbox 3338 3222 3443 3262; x_wconf 92' lang='lat' dir='ltr'><strong>non</strong></span> <span class='ocrx_word' id='word_1_714' title='bbox 3472 3218 3585 3264; x_wconf 88' lang='lat' dir='ltr'><strong>erat</strong></span> <span class='ocrx_word' id='word_1_715' title='bbox 3605 3252 3619 3275; x_wconf 97' lang='lat'><strong>,</strong></span> <span class='ocrx_word' id='word_1_716' title='bbox 3653 3221 3855 3280; x_wconf 69' lang='lat' dir='ltr'><strong>prmter</strong></span> 
     </span>
    </p>
   </div>
   <div class='ocr_carea' id='block_1_93' title="bbox 2259 3292 3853 3371">
    <p class='ocr_par' dir='ltr' id='par_1_93' title="bbox 2259 3292 3853 3371">
     <span class='ocr_line' id='line_1_93' title="bbox 2259 3292 3853 3371; baseline 0.009 -27"><span class='ocrx_word' id='word_1_717' title='bbox 2259 3305 2369 3345; x_wconf 70' lang='lat' dir='ltr'><strong>sua:</strong></span> <span class='ocrx_word' id='word_1_718' title='bbox 2419 3301 2621 3346; x_wconf 67' lang='lat' dir='ltr'><strong>naturae</strong></span> <span class='ocrx_word' id='word_1_719' title='bbox 2667 3292 3043 3353; x_wconf 88' lang='lat' dir='ltr'><strong>detrimentum</strong></span> <span class='ocrx_word' id='word_1_720' title='bbox 3072 3301 3128 3368; x_wconf 76' lang='grc' dir='ltr'><strong>ί,</strong></span> <span class='ocrx_word' id='word_1_721' title='bbox 3170 3308 3369 3354; x_wconf 68' lang='lat' dir='ltr'><strong>nostrae</strong></span> <span class='ocrx_word' id='word_1_722' title='bbox 3414 3300 3661 3371; x_wconf 86' lang='lat' dir='ltr'><strong>dignatus</strong></span> <span class='ocrx_word' id='word_1_723' title='bbox 3710 3304 3853 3361; x_wconf 85' lang='lat' dir='ltr'><strong>inire</strong></span> 
     </span>
    </p>
   </div>
   <div class='ocr_carea' id='block_1_94' title="bbox 2260 3386 3850 3459">
    <p class='ocr_par' dir='ltr' id='par_1_94' title="bbox 2260 3386 3850 3459">
     <span class='ocr_line' id='line_1_94' title="bbox 2260 3386 3850 3459; baseline 0.009 -21"><span class='ocrx_word' id='word_1_724' title='bbox 2260 3386 2586 3440; x_wconf 88' lang='lat' dir='ltr'><strong>consortium</strong></span> <span class='ocrx_word' id='word_1_725' title='bbox 2612 3427 2628 3453; x_wconf 92' lang='lat'><strong>,</strong></span> <span class='ocrx_word' id='word_1_726' title='bbox 2678 3388 2828 3459; x_wconf 91' lang='lat' dir='ltr'><strong>prius</strong></span> <span class='ocrx_word' id='word_1_727' title='bbox 2872 3391 2986 3445; x_wconf 90' lang='lat' dir='ltr'><strong>sine</strong></span> <span class='ocrx_word' id='word_1_728' title='bbox 3030 3393 3138 3447; x_wconf 92' lang='lat' dir='ltr'><strong>ullo</strong></span> <span class='ocrx_word' id='word_1_729' title='bbox 3181 3393 3323 3447; x_wconf 90' lang='lat' dir='ltr'><strong>malo</strong></span> <span class='ocrx_word' id='word_1_730' title='bbox 3364 3410 3462 3449; x_wconf 92' lang='lat' dir='ltr'><strong>suo</strong></span> <span class='ocrx_word' id='word_1_731' title='bbox 3488 3395 3681 3451; x_wconf 89' lang='lat' dir='ltr'><strong>merito</strong></span> <span class='ocrx_word' id='word_1_732' title='bbox 3706 3397 3850 3453; x_wconf 88' lang='lat' dir='ltr'><strong>mala</strong></span> 
     </span>
    </p>
   </div>
   <div class='ocr_carea' id='block_1_95' title="bbox 2260 3478 3851 3557">
    <p class='ocr_par' dir='ltr' id='par_1_95' title="bbox 2260 3478 3851 3557">
     <span class='ocr_line' id='line_1_95' title="bbox 2260 3478 3851 3557; baseline 0.01 -27"><span class='ocrx_word' id='word_1_733' title='bbox 2260 3487 2441 3532; x_wconf 89' lang='lat' dir='ltr'><strong>nostra</strong></span> <span class='ocrx_word' id='word_1_734' title='bbox 2469 3478 2760 3549; x_wconf 86' lang='lat' dir='ltr'><strong>perferret;</strong></span> <span class='ocrx_word' id='word_1_735' title='bbox 2784 3496 2846 3537; x_wconf 90' lang='lat' dir='ltr'><strong>ac</strong></span> <span class='ocrx_word' id='word_1_736' title='bbox 2872 3482 2949 3538; x_wconf 88' lang='lat' dir='ltr'><strong>sic</strong></span> <span class='ocrx_word' id='word_1_737' title='bbox 2965 3485 3075 3553; x_wconf 92' lang='lat' dir='ltr'><strong>jam</strong></span> <span class='ocrx_word' id='word_1_738' title='bbox 3098 3485 3438 3542; x_wconf 85' lang='lat' dir='ltr'><strong>credentibus</strong></span> <span class='ocrx_word' id='word_1_739' title='bbox 3464 3498 3718 3557; x_wconf 87' lang='lat' dir='ltr'><strong>quantum</strong></span> <span class='ocrx_word' id='word_1_740' title='bbox 3749 3505 3851 3546; x_wconf 90' lang='lat' dir='ltr'><strong>nos</strong></span> 
     </span>
    </p>
   </div>
   <div class='ocr_carea' id='block_1_96' title="bbox 2258 3570 3848 3652">
    <p class='ocr_par' dir='ltr' id='par_1_96' title="bbox 2258 3570 3848 3652">
     <span class='ocr_line' id='line_1_96' title="bbox 2258 3570 3848 3652; baseline 0.008 -26"><span class='ocrx_word' id='word_1_741' title='bbox 2258 3570 2441 3641; x_wconf 87' lang='lat' dir='ltr'><strong>diligat</strong></span> <span class='ocrx_word' id='word_1_742' title='bbox 2468 3572 2627 3640; x_wconf 87' lang='lat' dir='ltr'><strong>Deus,</strong></span> <span class='ocrx_word' id='word_1_743' title='bbox 2654 3583 2708 3629; x_wconf 92' lang='lat' dir='ltr'><strong>et</strong></span> <span class='ocrx_word' id='word_1_744' title='bbox 2736 3575 2875 3645; x_wconf 92' lang='lat' dir='ltr'><strong>quod</strong></span> <span class='ocrx_word' id='word_1_745' title='bbox 2905 3576 3319 3647; x_wconf 86' lang='lat' dir='ltr'><strong>desperabamus</strong></span> <span class='ocrx_word' id='word_1_746' title='bbox 3345 3579 3456 3649; x_wconf 90' lang='lat' dir='ltr'><strong>jam</strong></span> <span class='ocrx_word' id='word_1_747' title='bbox 3486 3582 3848 3652; x_wconf 85' lang='lat' dir='ltr'><strong>sperantibus,</strong></span> 
     </span>
    </p>
   </div>
   <div class='ocr_carea' id='block_1_97' title="bbox 2259 3658 3851 3743">
    <p class='ocr_par' dir='ltr' id='par_1_97' title="bbox 2259 3658 3851 3743">
     <span class='ocr_line' id='line_1_97' title="bbox 2259 3658 3851 3743; baseline 0.008 -24"><span class='ocrx_word' id='word_1_748' title='bbox 2259 3665 2396 3720; x_wconf 91' lang='lat' dir='ltr'><strong>dona</strong></span> <span class='ocrx_word' id='word_1_749' title='bbox 2425 3666 2477 3721; x_wconf 94' lang='lat' dir='ltr'><strong>in</strong></span> <span class='ocrx_word' id='word_1_750' title='bbox 2506 3683 2603 3722; x_wconf 89' lang='lat' dir='ltr'><strong>nos</strong></span> <span class='ocrx_word' id='word_1_751' title='bbox 2634 3682 2727 3724; x_wconf 92' lang='lat' dir='ltr'><strong>sua</strong></span> <span class='ocrx_word' id='word_1_752' title='bbox 2760 3670 2875 3725; x_wconf 89' lang='lat' dir='ltr'><strong>sine</strong></span> <span class='ocrx_word' id='word_1_753' title='bbox 2901 3671 3022 3726; x_wconf 92' lang='lat' dir='ltr'><strong>ullis</strong></span> <span class='ocrx_word' id='word_1_754' title='bbox 3061 3672 3212 3727; x_wconf 86' lang='lat' dir='ltr'><strong>bonis</strong></span> <span class='ocrx_word' id='word_1_755' title='bbox 3240 3674 3446 3729; x_wconf 88' lang='lat' dir='ltr'><strong>meritis</strong></span> <span class='ocrx_word' id='word_1_756' title='bbox 3474 3658 3670 3730; x_wconf 86' lang='lat' dir='ltr'><strong>nostris</strong></span> <span class='ocrx_word' id='word_1_757' title='bbox 3694 3718 3709 3743; x_wconf 89' lang='lat'><strong>,</strong></span> <span class='ocrx_word' id='word_1_758' title='bbox 3738 3675 3851 3733; x_wconf 90' lang='lat' dir='ltr'><strong>imo</strong></span> 
     </span>
    </p>
   </div>
   <div class='ocr_carea' id='block_1_98' title="bbox 2258 3760 3851 3833">
    <p class='ocr_par' dir='ltr' id='par_1_98' title="bbox 2258 3760 3851 3833">
     <span class='ocr_line' id='line_1_98' title="bbox 2258 3760 3851 3833; baseline 0.008 -21"><span class='ocrx_word' id='word_1_759' title='bbox 2258 3760 2679 3828; x_wconf 74' lang='lat' dir='ltr'><strong>przeeedentibus</strong></span> <span class='ocrx_word' id='word_1_760' title='bbox 2708 3770 2762 3816; x_wconf 82' lang='lat' dir='ltr'><strong>et</strong></span> <span class='ocrx_word' id='word_1_761' title='bbox 2786 3762 2940 3820; x_wconf 90' lang='lat' dir='ltr'><strong>malis</strong></span> <span class='ocrx_word' id='word_1_762' title='bbox 2976 3764 3181 3820; x_wconf 91' lang='lat' dir='ltr'><strong>meritis</strong></span> <span class='ocrx_word' id='word_1_763' title='bbox 3210 3765 3407 3823; x_wconf 90' lang='lat' dir='ltr'><strong>nostris</strong></span> <span class='ocrx_word' id='word_1_764' title='bbox 3430 3807 3444 3833; x_wconf 89' lang='lat'><strong>,</strong></span> <span class='ocrx_word' id='word_1_765' title='bbox 3477 3767 3709 3824; x_wconf 87' lang='lat' dir='ltr'><strong>indebita</strong></span> <span class='ocrx_word' id='word_1_766' title='bbox 3734 3767 3851 3824; x_wconf 87' lang='lat' dir='ltr'><strong>lar-</strong></span> 
     </span>
    </p>
   </div>
   <div class='ocr_carea' id='block_1_99' title="bbox 2256 3852 2747 3922">
    <p class='ocr_par' dir='ltr' id='par_1_99' title="bbox 2256 3852 2747 3922">
     <span class='ocr_line' id='line_1_99' title="bbox 2256 3852 2747 3922; baseline 0.008 -17"><span class='ocrx_word' id='word_1_767' title='bbox 2256 3852 2421 3922; x_wconf 85' lang='lat' dir='ltr'><strong>gitate</strong></span> <span class='ocrx_word' id='word_1_768' title='bbox 2440 3852 2747 3909; x_wconf 86' lang='lat' dir='ltr'><strong>conferret?</strong></span> 
     </span>
    </p>
   </div>
   <div class='ocr_carea' id='block_1_100' title="bbox 2331 3950 3850 4026">
    <p class='ocr_par' dir='ltr' id='par_1_100' title="bbox 2331 3950 3850 4026">
     <span class='ocr_line' id='line_1_100' title="bbox 2331 3950 3850 4026; baseline 0.008 -22"><span class='ocrx_word' id='word_1_769' title='bbox 2331 3950 2418 4005; x_wconf 79' lang='lat' dir='ltr'><strong>M.</strong></span> <span class='ocrx_word' id='word_1_770' title='bbox 2450 3950 2581 4017; x_wconf 83' lang='lat' dir='ltr'><strong>Quia</strong></span> <span class='ocrx_word' id='word_1_771' title='bbox 2609 3960 2662 4007; x_wconf 91' lang='lat' dir='ltr'><strong>et</strong></span> <span class='ocrx_word' id='word_1_772' title='bbox 2687 3968 2749 4008; x_wconf 89' lang='lat' dir='ltr'><strong>ea</strong></span> <span class='ocrx_word' id='word_1_773' title='bbox 2778 3969 2896 4024; x_wconf 67' lang='lat' dir='ltr'><strong>quae</strong></span> <span class='ocrx_word' id='word_1_774' title='bbox 2938 3954 3186 4012; x_wconf 89' lang='lat' dir='ltr'><strong>dicuntur</strong></span> <span class='ocrx_word' id='word_1_775' title='bbox 3214 3958 3403 4012; x_wconf 89' lang='lat' dir='ltr'><strong>merita</strong></span> <span class='ocrx_word' id='word_1_776' title='bbox 3444 3968 3656 4026; x_wconf 87' lang='lat' dir='ltr'><strong>nostra,</strong></span> <span class='ocrx_word' id='word_1_777' title='bbox 3702 3959 3850 4017; x_wconf 88' lang='lat' dir='ltr'><strong>dona</strong></span> 
     </span>
    </p>
   </div>
   <div class='ocr_carea' id='block_1_101' title="bbox 2257 4044 3851 4126">
    <p class='ocr_par' dir='ltr' id='par_1_101' title="bbox 2257 4044 3851 4126">
     <span class='ocr_line' id='line_1_101' title="bbox 2257 4044 3851 4126; baseline 0.009 -29"><span class='ocrx_word' id='word_1_778' title='bbox 2257 4052 2381 4098; x_wconf 89' lang='lat' dir='ltr'><strong>sunt</strong></span> <span class='ocrx_word' id='word_1_779' title='bbox 2424 4044 2558 4115; x_wconf 88' lang='lat' dir='ltr'><strong>ejus.</strong></span> <span class='ocrx_word' id='word_1_780' title='bbox 2616 4045 2684 4102; x_wconf 92' lang='lat' dir='ltr'><strong>Ut</strong></span> <span class='ocrx_word' id='word_1_781' title='bbox 2723 4049 2864 4103; x_wconf 87' lang='lat' dir='ltr'><strong>enim</strong></span> <span class='ocrx_word' id='word_1_782' title='bbox 2911 4050 3043 4107; x_wconf 88' lang='lat' dir='ltr'><strong>ﬁdes</strong></span> <span class='ocrx_word' id='word_1_783' title='bbox 3078 4068 3175 4121; x_wconf 84' lang='lat' dir='ltr'><strong>per</strong></span> <span class='ocrx_word' id='word_1_784' title='bbox 3213 4052 3549 4109; x_wconf 89' lang='lat' dir='ltr'><strong>dilectionem</strong></span> <span class='ocrx_word' id='word_1_785' title='bbox 3590 4064 3851 4126; x_wconf 85' lang='lat' dir='ltr'><strong>operetur</strong></span> 
     </span>
    </p>
   </div>
   <div class='ocr_carea' id='block_1_102' title="bbox 2259 4134 3853 4210">
    <p class='ocr_par' dir='ltr' id='par_1_102' title="bbox 2259 4134 3853 4210">
     <span class='ocr_line' id='line_1_102' title="bbox 2259 4134 3853 4210; baseline 0.008 -21"><span class='ocrx_word' id='word_1_786' title='bbox 2259 4134 2452 4205; x_wconf 82' lang='lat' dir='ltr'><strong>(Galat.</strong></span> <span class='ocrx_word' id='word_1_787' title='bbox 2483 4152 2531 4199; x_wconf 77' lang='grc' dir='ltr'><strong>ν,</strong></span> <span class='ocrx_word' id='word_1_788' title='bbox 2559 4136 2637 4209; x_wconf 87' lang='grc'><strong>6),</strong></span> <span class='ocrx_word' id='word_1_789' title='bbox 2661 4140 2882 4194; x_wconf 89' lang='lat' dir='ltr'><strong>charitas</strong></span> <span class='ocrx_word' id='word_1_790' title='bbox 2907 4140 3001 4195; x_wconf 88' lang='lat' dir='ltr'><strong>Dei</strong></span> <span class='ocrx_word' id='word_1_791' title='bbox 3020 4142 3209 4210; x_wconf 71' lang='lat' dir='ltr'><strong>di/fusa</strong></span> <span class='ocrx_word' id='word_1_792' title='bbox 3236 4154 3309 4199; x_wconf 90' lang='lat' dir='ltr'><strong>est</strong></span> <span class='ocrx_word' id='word_1_793' title='bbox 3329 4145 3380 4199; x_wconf 88' lang='lat' dir='ltr'><strong>in</strong></span> <span class='ocrx_word' id='word_1_794' title='bbox 3406 4146 3639 4199; x_wconf 78' lang='lat' dir='ltr'><strong>cordibus</strong></span> <span class='ocrx_word' id='word_1_795' title='bbox 3658 4148 3853 4202; x_wconf 80' lang='lat' dir='ltr'><strong>nostris</strong></span> 
     </span>
    </p>
   </div>
   <div class='ocr_carea' id='block_1_103' title="bbox 2258 4227 3848 4310">
    <p class='ocr_par' dir='ltr' id='par_1_103' title="bbox 2258 4227 3848 4310">
     <span class='ocr_line' id='line_1_103' title="bbox 2258 4227 3848 4310; baseline 0.008 -28"><span class='ocrx_word' id='word_1_796' title='bbox 2258 4244 2348 4296; x_wconf 88' lang='lat' dir='ltr'><strong>per</strong></span> <span class='ocrx_word' id='word_1_797' title='bbox 2376 4227 2624 4299; x_wconf 82' lang='lat' dir='ltr'><strong>Spiritum</strong></span> <span class='ocrx_word' id='word_1_798' title='bbox 2654 4242 2883 4287; x_wconf 85' lang='lat' dir='ltr'><strong>sanctum</strong></span> <span class='ocrx_word' id='word_1_799' title='bbox 2916 4235 3003 4304; x_wconf 87' lang='lat' dir='ltr'><strong>qui</strong></span> <span class='ocrx_word' id='word_1_800' title='bbox 3022 4236 3169 4289; x_wconf 85' lang='lat' dir='ltr'><strong>datus</strong></span> <span class='ocrx_word' id='word_1_801' title='bbox 3201 4246 3273 4290; x_wconf 88' lang='lat' dir='ltr'><strong>est</strong></span> <span class='ocrx_word' id='word_1_802' title='bbox 3304 4236 3443 4291; x_wconf 84' lang='lat' dir='ltr'><strong>nobis</strong></span> <span class='ocrx_word' id='word_1_803' title='bbox 3472 4237 3641 4308; x_wconf 83' lang='lat' dir='ltr'><strong>(Rom.</strong></span> <span class='ocrx_word' id='word_1_804' title='bbox 3671 4254 3725 4304; x_wconf 75' lang='grc' dir='ltr'><strong>ν,</strong></span> <span class='ocrx_word' id='word_1_805' title='bbox 3758 4239 3848 4310; x_wconf 84' lang='grc'><strong>5).</strong></span> 
     </span>
    </p>
   </div>
   <div class='ocr_carea' id='block_1_104' title="bbox 2257 4322 3852 4399">
    <p class='ocr_par' dir='ltr' id='par_1_104' title="bbox 2257 4322 3852 4399">
     <span class='ocr_line' id='line_1_104' title="bbox 2257 4322 3852 4399; baseline 0.006 -21"><span class='ocrx_word' id='word_1_806' title='bbox 2257 4322 2405 4378; x_wconf 89' lang='lat' dir='ltr'><strong>Tunc</strong></span> <span class='ocrx_word' id='word_1_807' title='bbox 2432 4334 2513 4379; x_wconf 91' lang='lat' dir='ltr'><strong>est</strong></span> <span class='ocrx_word' id='word_1_808' title='bbox 2532 4334 2707 4381; x_wconf 89' lang='lat' dir='ltr'><strong>autem</strong></span> <span class='ocrx_word' id='word_1_809' title='bbox 2734 4328 2906 4396; x_wconf 90' lang='lat' dir='ltr'><strong>datus,</strong></span> <span class='ocrx_word' id='word_1_810' title='bbox 2932 4329 3142 4399; x_wconf 84' lang='lat' dir='ltr'><strong>quando</strong></span> <span class='ocrx_word' id='word_1_811' title='bbox 3166 4337 3247 4385; x_wconf 90' lang='lat' dir='ltr'><strong>est</strong></span> <span class='ocrx_word' id='word_1_812' title='bbox 3273 4329 3422 4385; x_wconf 84' lang='lat' dir='ltr'><strong>Jesus</strong></span> <span class='ocrx_word' id='word_1_813' title='bbox 3448 4332 3852 4388; x_wconf 86' lang='lat' dir='ltr'><strong>resurrectione</strong></span> 
     </span>
    </p>
   </div>
   <div class='ocr_carea' id='block_1_105' title="bbox 2255 4416 3900 4494">
    <p class='ocr_par' dir='ltr' id='par_1_105' title="bbox 2255 4416 3900 4494">
     <span class='ocr_line' id='line_1_105' title="bbox 2255 4416 3900 4494; baseline 0.004 -21"><span class='ocrx_word' id='word_1_814' title='bbox 2255 4416 2597 4473; x_wconf 90' lang='lat' dir='ltr'><strong>clariﬁcatus.</strong></span> <span class='ocrx_word' id='word_1_815' title='bbox 2642 4419 2791 4475; x_wconf 89' lang='lat' dir='ltr'><strong>Tunc</strong></span> <span class='ocrx_word' id='word_1_816' title='bbox 2820 4422 2962 4476; x_wconf 91' lang='lat' dir='ltr'><strong>enim</strong></span> <span class='ocrx_word' id='word_1_817' title='bbox 2991 4438 3113 4477; x_wconf 91' lang='lat' dir='ltr'><strong>eum</strong></span> <span class='ocrx_word' id='word_1_818' title='bbox 3150 4438 3210 4478; x_wconf 91' lang='lat' dir='ltr'><strong>se</strong></span> <span class='ocrx_word' id='word_1_819' title='bbox 3254 4423 3539 4477; x_wconf 88' lang='lat' dir='ltr'><strong>missurum</strong></span> <span class='ocrx_word' id='word_1_820' title='bbox 3573 4437 3694 4479; x_wconf 85' lang='lat' dir='ltr'><strong>esse</strong></span> <span class='ocrx_word' id='word_1_821' title='bbox 3720 4438 3851 4494; x_wconf 91' lang='lat' dir='ltr'><strong>pro-</strong></span> <span class='ocrx_word' id='word_1_822' title='bbox 3895 4447 3900 4450; x_wconf 93' lang='grc'><strong>·</strong></span> 
     </span>
    </p>
   </div>
   <div class='ocr_carea' id='block_1_106' title="bbox 2255 4512 3847 4589">
    <p class='ocr_par' dir='ltr' id='par_1_106' title="bbox 2255 4512 3847 4589">
     <span class='ocr_line' id='line_1_106' title="bbox 2255 4512 3847 4589; baseline 0.005 -23"><span class='ocrx_word' id='word_1_823' title='bbox 2255 4512 2401 4568; x_wconf 91' lang='lat' dir='ltr'><strong>misit</strong></span> <span class='ocrx_word' id='word_1_824' title='bbox 2426 4522 2479 4568; x_wconf 92' lang='lat' dir='ltr'><strong>et</strong></span> <span class='ocrx_word' id='word_1_825' title='bbox 2500 4514 2645 4569; x_wconf 92' lang='lat' dir='ltr'><strong>misit</strong></span> <span class='ocrx_word' id='word_1_826' title='bbox 2673 4515 2849 4588; x_wconf 85' lang='lat' dir='ltr'><strong>(Joan.</strong></span> <span class='ocrx_word' id='word_1_827' title='bbox 2874 4533 2970 4582; x_wconf 77' lang='lat' dir='ltr'><strong>xx,</strong></span> <span class='ocrx_word' id='word_1_828' title='bbox 2999 4517 3103 4584; x_wconf 76' lang='lat'><strong>22;</strong></span> <span class='ocrx_word' id='word_1_829' title='bbox 3134 4533 3229 4585; x_wconf 84' lang='lat' dir='ltr'><strong>vn,</strong></span> <span class='ocrx_word' id='word_1_830' title='bbox 3258 4516 3347 4581; x_wconf 81' lang='lat'><strong>39,</strong></span> <span class='ocrx_word' id='word_1_831' title='bbox 3375 4527 3423 4572; x_wconf 89' lang='lat' dir='ltr'><strong>et</strong></span> <span class='ocrx_word' id='word_1_832' title='bbox 3449 4533 3541 4584; x_wconf 77' lang='lat' dir='ltr'><strong>xv,</strong></span> <span class='ocrx_word' id='word_1_833' title='bbox 3565 4517 3656 4587; x_wconf 73' lang='lat'><strong>26)</strong></span> <span class='ocrx_word' id='word_1_834' title='bbox 3685 4518 3847 4589; x_wconf 84' lang='lat' dir='ltr'><strong>:quia</strong></span> 
     </span>
    </p>
   </div>
   <div class='ocr_carea' id='block_1_107' title="bbox 2256 4610 3844 4683">
    <p class='ocr_par' dir='ltr' id='par_1_107' title="bbox 2256 4610 3844 4683">
     <span class='ocr_line' id='line_1_107' title="bbox 2256 4610 3844 4683; baseline 0.004 -22"><span class='ocrx_word' id='word_1_835' title='bbox 2256 4614 2416 4677; x_wconf 87' lang='lat' dir='ltr'><strong>tunc,</strong></span> <span class='ocrx_word' id='word_1_836' title='bbox 2464 4610 2600 4665; x_wconf 87' lang='lat' dir='ltr'><strong>sicut</strong></span> <span class='ocrx_word' id='word_1_837' title='bbox 2624 4610 2690 4665; x_wconf 92' lang='lat' dir='ltr'><strong>de</strong></span> <span class='ocrx_word' id='word_1_838' title='bbox 2715 4612 2803 4666; x_wconf 92' lang='lat' dir='ltr'><strong>illo</strong></span> <span class='ocrx_word' id='word_1_839' title='bbox 2827 4613 3085 4683; x_wconf 88' lang='lat' dir='ltr'><strong>scriptum</strong></span> <span class='ocrx_word' id='word_1_840' title='bbox 3124 4621 3240 4679; x_wconf 91' lang='lat' dir='ltr'><strong>est,</strong></span> <span class='ocrx_word' id='word_1_841' title='bbox 3272 4619 3327 4667; x_wconf 92' lang='lat' dir='ltr'><strong>et</strong></span> <span class='ocrx_word' id='word_1_842' title='bbox 3353 4621 3478 4667; x_wconf 90' lang='lat' dir='ltr'><strong>ante</strong></span> <span class='ocrx_word' id='word_1_843' title='bbox 3504 4612 3844 4683; x_wconf 68' lang='lat' dir='ltr'><strong>praedictum,</strong></span> 
     </span>
    </p>
   </div>
   <div class='ocr_carea' id='block_1_108' title="bbox 2255 4700 3850 4776">
    <p class='ocr_par' dir='ltr' id='par_1_108' title="bbox 2255 4700 3850 4776">
     <span class='ocr_line' id='line_1_108' title="bbox 2255 4700 3850 4776; baseline 0.003 -22"><span class='ocrx_word' id='word_1_844' title='bbox 2255 4700 2492 4755; x_wconf 79' lang='lat' dir='ltr'><strong>Ascendit</strong></span> <span class='ocrx_word' id='word_1_845' title='bbox 2528 4702 2581 4757; x_wconf 88' lang='lat' dir='ltr'><strong>in</strong></span> <span class='ocrx_word' id='word_1_846' title='bbox 2612 4703 2769 4757; x_wconf 85' lang='lat' dir='ltr'><strong>altum</strong></span> <span class='ocrx_word' id='word_1_847' title='bbox 2790 4747 2803 4769; x_wconf 96' lang='lat'><strong>,</strong></span> <span class='ocrx_word' id='word_1_848' title='bbox 2839 4706 3108 4776; x_wconf 84' lang='lat' dir='ltr'><strong>captivavit</strong></span> <span class='ocrx_word' id='word_1_849' title='bbox 3133 4704 3476 4776; x_wconf 85' lang='lat' dir='ltr'><strong>captivitatem</strong></span> <span class='ocrx_word' id='word_1_850' title='bbox 3500 4745 3515 4770; x_wconf 98' lang='lat'><strong>,</strong></span> <span class='ocrx_word' id='word_1_851' title='bbox 3547 4705 3682 4759; x_wconf 87' lang='lat' dir='ltr'><strong>dedit</strong></span> <span class='ocrx_word' id='word_1_852' title='bbox 3708 4705 3850 4759; x_wconf 83' lang='lat' dir='ltr'><strong>dona</strong></span> 
     </span>
    </p>
   </div>
   <div class='ocr_carea' id='block_1_109' title="bbox 2255 4793 3849 4865">
    <p class='ocr_par' dir='ltr' id='par_1_109' title="bbox 2255 4793 3849 4865">
     <span class='ocr_line' id='line_1_109' title="bbox 2255 4793 3849 4865; baseline 0.006 -20"><span class='ocrx_word' id='word_1_853' title='bbox 2255 4793 2540 4847; x_wconf 84' lang='lat' dir='ltr'><strong>hominibus</strong></span> <span class='ocrx_word' id='word_1_854' title='bbox 2582 4793 2796 4865; x_wconf 77' lang='lat' dir='ltr'><strong>(Ep/tes.</strong></span> <span class='ocrx_word' id='word_1_855' title='bbox 2825 4813 2881 4851; x_wconf 84' lang='lat' dir='ltr'><strong>iv</strong></span> <span class='ocrx_word' id='word_1_856' title='bbox 2906 4839 2921 4864; x_wconf 93' lang='lat'><strong>,</strong></span> <span class='ocrx_word' id='word_1_857' title='bbox 2950 4798 3014 4863; x_wconf 90' lang='lat'><strong>8,</strong></span> <span class='ocrx_word' id='word_1_858' title='bbox 3064 4806 3113 4851; x_wconf 86' lang='lat' dir='ltr'><strong>et</strong></span> <span class='ocrx_word' id='word_1_859' title='bbox 3143 4795 3288 4851; x_wconf 84' lang='lat' dir='ltr'><strong>Psal.</strong></span> <span class='ocrx_word' id='word_1_860' title='bbox 3331 4813 3477 4852; x_wconf 82' lang='lat' dir='ltr'><strong>vau</strong></span> <span class='ocrx_word' id='word_1_861' title='bbox 3502 4840 3516 4865; x_wconf 89' lang='lat'><strong>,</strong></span> <span class='ocrx_word' id='word_1_862' title='bbox 3556 4798 3665 4865; x_wconf 84' lang='grc'><strong>19).</strong></span> <span class='ocrx_word' id='word_1_863' title='bbox 3718 4797 3849 4855; x_wconf 71' lang='lat' dir='ltr'><strong>Haec</strong></span> 
     </span>
    </p>
   </div>
   <div class='ocr_carea' id='block_1_110' title="bbox 2255 4884 3847 4961">
    <p class='ocr_par' dir='ltr' id='par_1_110' title="bbox 2255 4884 3847 4961">
     <span class='ocr_line' id='line_1_110' title="bbox 2255 4884 3847 4961; baseline 0.005 -21"><span class='ocrx_word' id='word_1_864' title='bbox 2255 4884 2390 4941; x_wconf 89' lang='lat' dir='ltr'><strong>dona</strong></span> <span class='ocrx_word' id='word_1_865' title='bbox 2424 4896 2546 4941; x_wconf 89' lang='lat' dir='ltr'><strong>sunt</strong></span> <span class='ocrx_word' id='word_1_866' title='bbox 2568 4887 2752 4943; x_wconf 89' lang='lat' dir='ltr'><strong>merita</strong></span> <span class='ocrx_word' id='word_1_867' title='bbox 2782 4898 2959 4945; x_wconf 90' lang='lat' dir='ltr'><strong>nostra</strong></span> <span class='ocrx_word' id='word_1_868' title='bbox 2985 4932 2999 4954; x_wconf 89' lang='lat'><strong>,</strong></span> <span class='ocrx_word' id='word_1_869' title='bbox 3028 4889 3220 4961; x_wconf 87' lang='lat' dir='ltr'><strong>quibus</strong></span> <span class='ocrx_word' id='word_1_870' title='bbox 3248 4890 3315 4946; x_wconf 91' lang='lat' dir='ltr'><strong>ad</strong></span> <span class='ocrx_word' id='word_1_871' title='bbox 3346 4907 3611 4946; x_wconf 88' lang='lat' dir='ltr'><strong>summum</strong></span> <span class='ocrx_word' id='word_1_872' title='bbox 3644 4892 3847 4948; x_wconf 87' lang='lat' dir='ltr'><strong>bonum</strong></span> 
     </span>
    </p>
   </div>
   <div class='ocr_carea' id='block_1_111' title="bbox 2255 4968 3850 5053">
    <p class='ocr_par' dir='ltr' id='par_1_111' title="bbox 2255 4968 3850 5053">
     <span class='ocr_line' id='line_1_111' title="bbox 2255 4968 3850 5053; baseline 0.004 -21"><span class='ocrx_word' id='word_1_873' title='bbox 2255 4978 2571 5034; x_wconf 91' lang='lat' dir='ltr'><strong>immortalis</strong></span> <span class='ocrx_word' id='word_1_874' title='bbox 2592 4968 2938 5037; x_wconf 82' lang='lat' dir='ltr'><strong>beatitudinis</strong></span> <span class='ocrx_word' id='word_1_875' title='bbox 2963 4984 2983 5013; x_wconf 77' lang='grc'>¹</span> <span class='ocrx_word' id='word_1_876' title='bbox 3012 4984 3369 5053; x_wconf 85' lang='lat' dir='ltr'><strong>pervenimus.</strong></span> <span class='ocrx_word' id='word_1_877' title='bbox 3400 4983 3733 5039; x_wconf 84' lang='lat' dir='ltr'><strong>Commendat</strong></span> <span class='ocrx_word' id='word_1_878' title='bbox 3752 5002 3850 5039; x_wconf 86' lang='lat' dir='ltr'><strong>au-</strong></span> 
     </span>
    </p>
   </div>
   <div class='ocr_carea' id='block_1_112' title="bbox 2256 5072 3845 5144">
    <p class='ocr_par' dir='ltr' id='par_1_112' title="bbox 2256 5072 3845 5144">
     <span class='ocr_line' id='line_1_112' title="bbox 2256 5072 3845 5144; baseline 0.003 -18"><span class='ocrx_word' id='word_1_879' title='bbox 2256 5081 2373 5139; x_wconf 86' lang='lat' dir='ltr'><strong>tem,</strong></span> <span class='ocrx_word' id='word_1_880' title='bbox 2401 5072 2573 5142; x_wconf 91' lang='lat' dir='ltr'><strong>inquit</strong></span> <span class='ocrx_word' id='word_1_881' title='bbox 2602 5074 2910 5142; x_wconf 87' lang='lat' dir='ltr'><strong>Apostolus,</strong></span> <span class='ocrx_word' id='word_1_882' title='bbox 2939 5076 3233 5130; x_wconf 87' lang='lat' dir='ltr'><strong>charitatem</strong></span> <span class='ocrx_word' id='word_1_883' title='bbox 3264 5093 3411 5131; x_wconf 84' lang='lat' dir='ltr'><strong>suam</strong></span> <span class='ocrx_word' id='word_1_884' title='bbox 3441 5074 3577 5131; x_wconf 83' lang='lat' dir='ltr'><strong>Deus</strong></span> <span class='ocrx_word' id='word_1_885' title='bbox 3597 5078 3651 5130; x_wconf 89' lang='lat' dir='ltr'><strong>in</strong></span> <span class='ocrx_word' id='word_1_886' title='bbox 3677 5078 3845 5144; x_wconf 88' lang='lat' dir='ltr'><strong>nobis,</strong></span> 
     </span>
    </p>
   </div>
   <div class='ocr_carea' id='block_1_113' title="bbox 2253 5166 3851 5240">
    <p class='ocr_par' dir='ltr' id='par_1_113' title="bbox 2253 5166 3851 5240">
     <span class='ocr_line' id='line_1_113' title="bbox 2253 5166 3851 5240; baseline 0.006 -24"><span class='ocrx_word' id='word_1_887' title='bbox 2253 5166 2493 5235; x_wconf 87' lang='lat' dir='ltr'><strong>quoniam</strong></span> <span class='ocrx_word' id='word_1_888' title='bbox 2523 5182 2634 5219; x_wconf 90' lang='lat' dir='ltr'><strong>cum</strong></span> <span class='ocrx_word' id='word_1_889' title='bbox 2677 5166 2845 5221; x_wconf 88' lang='lat' dir='ltr'><strong>adhuc</strong></span> <span class='ocrx_word' id='word_1_890' title='bbox 2885 5177 3167 5236; x_wconf 79' lang='lat' dir='ltr'><strong>peccatores</strong></span> <span class='ocrx_word' id='word_1_891' title='bbox 3193 5185 3411 5223; x_wconf 86' lang='lat' dir='ltr'><strong>essemus</strong></span> <span class='ocrx_word' id='word_1_892' title='bbox 3434 5209 3450 5235; x_wconf 92' lang='lat'><strong>,</strong></span> <span class='ocrx_word' id='word_1_893' title='bbox 3496 5166 3729 5225; x_wconf 83' lang='lat' dir='ltr'><strong>Christus</strong></span> <span class='ocrx_word' id='word_1_894' title='bbox 3755 5186 3851 5240; x_wconf 87' lang='lat' dir='ltr'><strong>pro</strong></span> 
     </span>
    </p>
   </div>
   <div class='ocr_carea' id='block_1_114' title="bbox 2254 5256 3852 5330">
    <p class='ocr_par' dir='ltr' id='par_1_114' title="bbox 2254 5256 3852 5330">
     <span class='ocr_line' id='line_1_114' title="bbox 2254 5256 3852 5330; baseline 0.003 -21"><span class='ocrx_word' id='word_1_895' title='bbox 2254 5256 2396 5310; x_wconf 86' lang='lat' dir='ltr'><strong>nobis</strong></span> <span class='ocrx_word' id='word_1_896' title='bbox 2420 5266 2647 5311; x_wconf 87' lang='lat' dir='ltr'><strong>mortuus</strong></span> <span class='ocrx_word' id='word_1_897' title='bbox 2674 5268 2764 5311; x_wconf 86' lang='lat' dir='ltr'><strong>est.</strong></span> <span class='ocrx_word' id='word_1_898' title='bbox 2798 5256 2852 5310; x_wconf 83' lang='grc' dir='ltr'><em>Μ</em></span> <span class='ocrx_word' id='word_1_899' title='bbox 2861 5259 2965 5312; x_wconf 88' lang='lat' dir='ltr'><strong>ulto</strong></span> <span class='ocrx_word' id='word_1_900' title='bbox 3006 5259 3166 5330; x_wconf 82' lang='lat' dir='ltr'><strong>magis</strong></span> <span class='ocrx_word' id='word_1_901' title='bbox 3184 5259 3457 5329; x_wconf 85' lang='lat' dir='ltr'><strong>justi/icati</strong></span> <span class='ocrx_word' id='word_1_902' title='bbox 3484 5276 3618 5313; x_wconf 85' lang='lat' dir='ltr'><strong>nunc</strong></span> <span class='ocrx_word' id='word_1_903' title='bbox 3648 5261 3700 5313; x_wconf 88' lang='lat' dir='ltr'><strong>in</strong></span> <span class='ocrx_word' id='word_1_904' title='bbox 3727 5277 3852 5313; x_wconf 84' lang='lat' dir='ltr'><strong>san-</strong></span> 
     </span>
    </p>
   </div>
   <div class='ocr_carea' id='block_1_115' title="bbox 2252 5350 3852 5421">
    <p class='ocr_par' dir='ltr' id='par_1_115' title="bbox 2252 5350 3852 5421">
     <span class='ocr_line' id='line_1_115' title="bbox 2252 5350 3852 5421; baseline 0.004 -20"><span class='ocrx_word' id='word_1_905' title='bbox 2252 5351 2403 5420; x_wconf 86' lang='lat' dir='ltr'><strong>guine</strong></span> <span class='ocrx_word' id='word_1_906' title='bbox 2425 5350 2616 5419; x_wconf 75' lang='lat' dir='ltr'><strong>ipsius,</strong></span> <span class='ocrx_word' id='word_1_907' title='bbox 2647 5351 2775 5404; x_wconf 85' lang='lat' dir='ltr'><strong>salvi</strong></span> <span class='ocrx_word' id='word_1_908' title='bbox 2803 5351 2987 5404; x_wconf 87' lang='lat' dir='ltr'><strong>erimus</strong></span> <span class='ocrx_word' id='word_1_909' title='bbox 3012 5350 3073 5405; x_wconf 92' lang='lat' dir='ltr'><strong>ab</strong></span> <span class='ocrx_word' id='word_1_910' title='bbox 3099 5352 3176 5404; x_wconf 86' lang='lat' dir='ltr'><strong>ira</strong></span> <span class='ocrx_word' id='word_1_911' title='bbox 3201 5368 3289 5420; x_wconf 88' lang='lat' dir='ltr'><strong>per</strong></span> <span class='ocrx_word' id='word_1_912' title='bbox 3312 5352 3501 5421; x_wconf 88' lang='lat' dir='ltr'><strong>ipsum.</strong></span> <span class='ocrx_word' id='word_1_913' title='bbox 3533 5351 3725 5406; x_wconf 90' lang='lat' dir='ltr'><strong>Adhuc</strong></span> <span class='ocrx_word' id='word_1_914' title='bbox 3754 5351 3852 5407; x_wconf 87' lang='lat' dir='ltr'><strong>ad-</strong></span> 
     </span>
    </p>
   </div>
   <div class='ocr_carea' id='block_1_116' title="bbox 2254 5440 3851 5511">
    <p class='ocr_par' dir='ltr' id='par_1_116' title="bbox 2254 5440 3851 5511">
     <span class='ocr_line' id='line_1_116' title="bbox 2254 5440 3851 5511; baseline 0.003 -17"><span class='ocrx_word' id='word_1_915' title='bbox 2254 5440 2362 5506; x_wconf 90' lang='lat' dir='ltr'><strong>dit,</strong></span> <span class='ocrx_word' id='word_1_916' title='bbox 2390 5449 2441 5496; x_wconf 88' lang='lat' dir='ltr'><strong>et</strong></span> <span class='ocrx_word' id='word_1_917' title='bbox 2464 5441 2591 5496; x_wconf 91' lang='lat' dir='ltr'><strong>dicit</strong></span> <span class='ocrx_word' id='word_1_918' title='bbox 2617 5484 2633 5510; x_wconf 97' lang='lat'><strong>,</strong></span> <span class='ocrx_word' id='word_1_919' title='bbox 2682 5442 2744 5497; x_wconf 86' lang='lat' dir='ltr'><strong>Si</strong></span> <span class='ocrx_word' id='word_1_920' title='bbox 2768 5443 2899 5496; x_wconf 90' lang='lat' dir='ltr'><strong>enim</strong></span> <span class='ocrx_word' id='word_1_921' title='bbox 2921 5458 3035 5496; x_wconf 88' lang='lat' dir='ltr'><strong>cum</strong></span> <span class='ocrx_word' id='word_1_922' title='bbox 3058 5444 3249 5497; x_wconf 87' lang='lat' dir='ltr'><strong>inimici</strong></span> <span class='ocrx_word' id='word_1_923' title='bbox 3270 5460 3505 5511; x_wconf 85' lang='lat' dir='ltr'><strong>essemus,</strong></span> <span class='ocrx_word' id='word_1_924' title='bbox 3536 5444 3851 5499; x_wconf 86' lang='lat' dir='ltr'><strong>reconciliati</strong></span> 
     </span>
    </p>
   </div>
   <div class='ocr_carea' id='block_1_117' title="bbox 2253 5534 3852 5610">
    <p class='ocr_par' dir='ltr' id='par_1_117' title="bbox 2253 5534 3852 5610">
     <span class='ocr_line' id='line_1_117' title="bbox 2253 5534 3852 5610; baseline 0.003 -21"><span class='ocrx_word' id='word_1_925' title='bbox 2253 5550 2426 5589; x_wconf 82' lang='lat' dir='ltr'><strong>sumus</strong></span> <span class='ocrx_word' id='word_1_926' title='bbox 2454 5534 2559 5590; x_wconf 88' lang='lat' dir='ltr'><strong>Deo</strong></span> <span class='ocrx_word' id='word_1_927' title='bbox 2588 5553 2678 5607; x_wconf 87' lang='lat' dir='ltr'><strong>per</strong></span> <span class='ocrx_word' id='word_1_928' title='bbox 2710 5548 2920 5591; x_wconf 89' lang='lat' dir='ltr'><strong>mortem</strong></span> <span class='ocrx_word' id='word_1_929' title='bbox 2946 5535 3071 5591; x_wconf 79' lang='lat' dir='ltr'><strong>Filii</strong></span> <span class='ocrx_word' id='word_1_930' title='bbox 3097 5538 3244 5608; x_wconf 85' lang='lat' dir='ltr'><strong>ejus;</strong></span> <span class='ocrx_word' id='word_1_931' title='bbox 3281 5539 3442 5593; x_wconf 89' lang='lat' dir='ltr'><strong>multo</strong></span> <span class='ocrx_word' id='word_1_932' title='bbox 3483 5539 3643 5610; x_wconf 88' lang='lat' dir='ltr'><strong>magis</strong></span> <span class='ocrx_word' id='word_1_933' title='bbox 3668 5554 3852 5593; x_wconf 84' lang='lat' dir='ltr'><strong>recon-</strong></span> 
     </span>
    </p>
   </div>
   <div class='ocr_carea' id='block_1_118' title="bbox 2256 5628 3848 5701">
    <p class='ocr_par' dir='ltr' id='par_1_118' title="bbox 2256 5628 3848 5701">
     <span class='ocr_line' id='line_1_118' title="bbox 2256 5628 3848 5701; baseline 0.003 -20"><span class='ocrx_word' id='word_1_934' title='bbox 2256 5628 2414 5682; x_wconf 83' lang='lat' dir='ltr'><strong>ciliati</strong></span> <span class='ocrx_word' id='word_1_935' title='bbox 2436 5670 2450 5696; x_wconf 94' lang='lat'><strong>,</strong></span> <span class='ocrx_word' id='word_1_936' title='bbox 2500 5629 2626 5683; x_wconf 88' lang='lat' dir='ltr'><strong>salvi</strong></span> <span class='ocrx_word' id='word_1_937' title='bbox 2661 5630 2847 5685; x_wconf 87' lang='lat' dir='ltr'><strong>erimus</strong></span> <span class='ocrx_word' id='word_1_938' title='bbox 2876 5630 2930 5684; x_wconf 83' lang='lat' dir='ltr'><strong>in</strong></span> <span class='ocrx_word' id='word_1_939' title='bbox 2966 5630 3070 5685; x_wconf 81' lang='lat' dir='ltr'><strong>vita</strong></span> <span class='ocrx_word' id='word_1_940' title='bbox 3108 5630 3287 5701; x_wconf 87' lang='lat' dir='ltr'><strong>ipsius.</strong></span> <span class='ocrx_word' id='word_1_941' title='bbox 3344 5630 3492 5698; x_wconf 86' lang='lat' dir='ltr'><strong>Quos</strong></span> <span class='ocrx_word' id='word_1_942' title='bbox 3530 5638 3848 5701; x_wconf 82' lang='lat' dir='ltr'><strong>peccatores</strong></span> 
     </span>
    </p>
   </div>
   <div class='ocr_carea' id='block_1_119' title="bbox 2318 5786 3852 5850">
    <p class='ocr_par' dir='ltr' id='par_1_119' title="bbox 2318 5786 3852 5850">
     <span class='ocr_line' id='line_1_119' title="bbox 2318 5786 3852 5850; baseline 0.005 -16"><span class='ocrx_word' id='word_1_943' title='bbox 2318 5788 2334 5819; x_wconf 73' lang='grc' dir='ltr'>ι</span> <span class='ocrx_word' id='word_1_944' title='bbox 2360 5792 2434 5835; x_wconf 84' lang='lat' dir='ltr'><strong>Er.</strong></span> <span class='ocrx_word' id='word_1_945' title='bbox 2462 5796 2515 5836; x_wconf 89' lang='lat' dir='ltr'><strong>et</strong></span> <span class='ocrx_word' id='word_1_946' title='bbox 2552 5791 2664 5836; x_wconf 73' lang='grc' dir='ltr'><strong>ιον.</strong></span> <span class='ocrx_word' id='word_1_947' title='bbox 2681 5821 2697 5846; x_wconf 87' lang='grc'><em>,</em></span> <span class='ocrx_word' id='word_1_948' title='bbox 2718 5791 2899 5850; x_wconf 65' lang='lat' dir='ltr'><strong>praeter</strong></span> <span class='ocrx_word' id='word_1_949' title='bbox 2920 5788 3097 5839; x_wconf 78' lang='lat' dir='ltr'><strong>anima:</strong></span> <span class='ocrx_word' id='word_1_950' title='bbox 3117 5799 3220 5838; x_wconf 71' lang='lat' dir='ltr'><strong>sua:</strong></span> <span class='ocrx_word' id='word_1_951' title='bbox 3251 5791 3443 5838; x_wconf 76' lang='lat' dir='ltr'><strong>natura:</strong></span> <span class='ocrx_word' id='word_1_952' title='bbox 3485 5786 3852 5841; x_wconf 71' lang='lat' dir='ltr'><strong>detrimentum.</strong></span> 
     </span>
    </p>
   </div>
   <div class='ocr_carea' id='block_1_120' title="bbox 2254 5850 3252 5909">
    <p class='ocr_par' dir='ltr' id='par_1_120' title="bbox 2254 5850 3252 5909">
     <span class='ocr_line' id='line_1_120' title="bbox 2254 5850 3252 5909; baseline -0.001 -8"><span class='ocrx_word' id='word_1_953' title='bbox 2254 5850 2419 5909; x_wconf 76' lang='lat' dir='ltr'><strong>Abest,</strong></span> <span class='ocrx_word' id='word_1_954' title='bbox 2440 5860 2637 5907; x_wconf 66' lang='lat' dir='ltr'><strong>Minue,</strong></span> <span class='ocrx_word' id='word_1_955' title='bbox 2658 5862 2687 5897; x_wconf 86' lang='lat' dir='ltr'><strong>a</strong></span> <span class='ocrx_word' id='word_1_956' title='bbox 2709 5856 2815 5899; x_wconf 74' lang='lat' dir='ltr'><strong>Mss.</strong></span> <span class='ocrx_word' id='word_1_957' title='bbox 2840 5856 2892 5899; x_wconf 90' lang='lat' dir='ltr'><strong>et</strong></span> <span class='ocrx_word' id='word_1_958' title='bbox 2916 5850 3134 5901; x_wconf 89' lang='lat' dir='ltr'><strong>editione</strong></span> <span class='ocrx_word' id='word_1_959' title='bbox 3150 5858 3252 5900; x_wconf 80' lang='lat' dir='ltr'><strong>Am.</strong></span> 
     </span>
    </p>
   </div>
   <div class='ocr_carea' id='block_1_121' title="bbox 2320 5910 3666 5975">
    <p class='ocr_par' dir='ltr' id='par_1_121' title="bbox 2320 5910 3666 5975">
     <span class='ocr_line' id='line_1_121' title="bbox 2320 5910 3666 5975; baseline 0.001 -11"><span class='ocrx_word' id='word_1_960' title='bbox 2320 5913 2344 5946; x_wconf 79' lang='grc'>⁸</span> <span class='ocrx_word' id='word_1_961' title='bbox 2364 5914 2438 5964; x_wconf 75' lang='lat' dir='ltr'><strong>Sis</strong></span> <span class='ocrx_word' id='word_1_962' title='bbox 2458 5917 2565 5963; x_wconf 75' lang='lat' dir='ltr'><strong>Iss.</strong></span> <span class='ocrx_word' id='word_1_963' title='bbox 2591 5910 2709 5965; x_wconf 69' lang='grc' dir='ltr'><strong>Βαίιί</strong></span> <span class='ocrx_word' id='word_1_964' title='bbox 2730 5924 2868 5975; x_wconf 87' lang='lat' dir='ltr'><strong>vero,</strong></span> <span class='ocrx_word' id='word_1_965' title='bbox 2891 5911 3262 5972; x_wconf 67' lang='lat' dir='ltr'><strong>humortalitatis</strong></span> <span class='ocrx_word' id='word_1_966' title='bbox 3281 5918 3330 5969; x_wconf 77' lang='lat' dir='ltr'><strong>et</strong></span> <span class='ocrx_word' id='word_1_967' title='bbox 3343 5912 3666 5968; x_wconf 75' lang='lat' dir='ltr'><strong>beatitudsrm.</strong></span> 
     </span>
    </p>
   </div>
  </div>
