4104 6454
248 387 392 446 I025

247 506 380 561 dixit
406 503 576 575 prius,
605 503 705 560 hos
728 501 996 574 posterius
1019 499 1261 557 inimicos
1290 498 1418 567 Dei;
1445 507 1500 556 et
1524 516 1659 571 quos
1680 501 1829 572 prius

246 595 563 668 justiﬁeatos
609 596 664 650 in
699 593 956 664 sanguine
997 593 1121 649 Jesu
1146 592 1384 659 Christi,
1427 606 1523 648 eos
1564 593 1832 664 posterius

248 687 620 744 reconciliatos
672 701 770 758 per
818 689 1046 741 mortem
1091 684 1214 740 Filii
1264 683 1386 751 Dei;
1434 693 1487 740 et
1524 698 1656 754 quos
1685 683 1833 753 prius

245 780 424 836 salvos
453 777 521 832 ab
557 779 634 834 ira
678 793 774 848 per
811 777 1019 848 ipsum,
1069 791 1163 832 eos
1209 784 1392 846 postea
1435 774 1613 831 salvos
1641 774 1696 828 in
1724 774 1831 830 vita

247 871 438 942 ipsius.
493 869 609 925 Non
652 885 780 941 ergo
821 877 945 924 ante
972 868 1130 924 istam
1167 867 1388 938 gratiam
1430 880 1645 938 quoquo
1670 862 1832 919 modo

244 976 554 1035 peccatores
571 1003 590 1030 ,
617 963 711 1018 sed
742 961 795 1016 in
822 961 1016 1016 talibus
1036 959 1269 1031 peccatis
1292 957 1510 1022 fuimus,
1549 964 1609 1011 ut
1633 954 1831 1010 inimici

241 1071 486 1114 essemus
531 1056 648 1112 Dei.
701 1055 958 1126 Superius
1003 1062 1183 1109 autem
1229 1050 1370 1106 idem
1416 1049 1690 1120 apostolus
1732 1060 1832 1103 nos

241 1161 553 1220 peccatores
582 1155 636 1203 et
663 1147 907 1202 inimicos
938 1145 1032 1200 Dei
1057 1187 1073 1212 ,
1103 1143 1312 1209 duobus
1339 1140 1626 1196 identidem
1653 1137 1830 1193 nomi-

242 1217 398 1299 nibus
446 1217 772 1312 appellavit,
825 1256 934 1296 uno
971 1239 1116 1295 velut
1162 1237 1478 1303 mitissimo,
1528 1235 1632 1288 alio
1675 1233 1831 1304 plane

240 1336 577 1391 atrocissimo
597 1377 613 1402 ,
659 1335 844 1390 dicens
867 1376 884 1401 ,
931 1333 992 1389 Si
1026 1333 1160 1387 enim
1193 1330 1453 1398 Christus,
1489 1343 1604 1382 cum
1637 1324 1830 1394 inﬁrmi

240 1445 458 1484 essemus
485 1428 685 1492 adhuc,
727 1428 883 1497 juxta
929 1436 1122 1496 tempus
1163 1440 1256 1494 pro
1293 1422 1464 1492 impiis
1504 1428 1730 1474 mortuus
1756 1424 1829 1471 est

244 1523 419 1594 (Rom.
451 1539 504 1584 v,
532 1518 706 1596 6.10).
737 1521 883 1589 Quos
912 1519 1150 1574 inﬁrmos
1174 1558 1190 1584 ,
1218 1516 1432 1572 eosdem
1468 1512 1659 1582 impios
1693 1525 1830 1564 nun-

237 1617 472 1686 cupavit.
522 1615 664 1670 Leve
709 1613 910 1684 aliquid
956 1611 1164 1666 videtur
1217 1607 1536 1671 inﬁrmitas;
1588 1602 1682 1658 sed
1725 1600 1823 1654 ali-

237 1707 454 1778 quando
478 1707 596 1761 talis
625 1713 735 1767 est,
775 1713 833 1759 ut
861 1703 1105 1772 impietas
1130 1701 1452 1756 nominetur.
1505 1695 1614 1749 Nisi
1646 1703 1823 1747 tamen

238 1799 524 1854 inﬁrmitas
552 1809 727 1863 esset,
756 1795 1020 1852 medicum
1053 1791 1411 1848 necessarium
1430 1804 1536 1844 non
1559 1785 1781 1841 haberet
1803 1796 1822 1835 :

237 1890 325 1962 qui
363 1900 446 1945 est
487 1889 736 1944 hebraice
771 1887 958 1952 Jesus,
995 1900 1168 1956 graece
1195 1893 1356 1954 Σωτήρ
1378 1923 1392 1947 ,
1431 1888 1609 1934 nostra
1643 1883 1820 1930 autem

239 1986 515 2041 locutione
540 1986 805 2040 Salvator.
843 1982 997 2051 Quod
1023 1983 1243 2036 verbum
1272 1981 1435 2034 latina
1465 1979 1639 2048 lingua
1665 1981 1820 2029 antea

240 2093 351 2133 non
381 2076 631 2142 habebat,
663 2075 760 2132 sed
789 2075 987 2130 habere
1019 2081 1246 2142 poterat,
1265 2071 1402 2124 sicut
1417 2069 1584 2138 potuit
1610 2064 1822 2137 quando

236 2170 426 2225 voluit.
465 2168 590 2223 llaec
614 2177 790 2222 autem
817 2165 1057 2234 Apostoli
1084 2163 1344 2219 sententia
1369 2159 1676 2230 praecedens
1693 2199 1708 2224 ,
1737 2155 1824 2211 ubi

237 2261 347 2326 ait,
374 2260 554 2314 Adhuc
581 2276 696 2313 cum
723 2257 914 2328 inﬁrmi
938 2271 1155 2311 essemus
1175 2295 1190 2319 ,
1213 2254 1368 2325 juxta
1393 2262 1586 2321 tempus
1607 2266 1698 2321 pro
1725 2249 1823 2302 im-

238 2352 338 2422 piis
375 2361 603 2406 mortuus
641 2358 744 2417 est,
798 2347 1033 2404 cobmret
1079 2346 1162 2401 bis
1208 2345 1411 2400 duabus
1458 2342 1820 2414 sequentibus,

236 2462 462 2518 quarum
511 2446 564 2500 in
613 2459 716 2499 una
762 2443 893 2497 dixit
943 2449 1282 2512 peccatores,
1337 2438 1390 2492 in
1430 2436 1534 2490 alia
1580 2434 1823 2489 inimicos

237 2539 370 2604 Dei,
418 2547 668 2608 tanquam
713 2535 818 2591 illis
863 2534 1084 2605 singulis
1122 2529 1414 2588 reddiderit
1459 2529 1826 2600 singula,pec-

236 2638 449 2685 catores
489 2628 557 2684 ad
603 2627 879 2694 inﬁrmos,
916 2625 1162 2681 inimicos
1201 2622 1296 2678 Dei
1341 2620 1582 2677 referens
1618 2618 1686 2674 ad
1721 2618 1824 2673 im-

236 2735 373 2791 pios.

307 2832 535 2890 CAPUT
591 2832 684 2889 XI.
711 2861 784 2874 ——
809 2833 898 2888 I5.
925 2830 1208 2902 Dijjicultas
1226 2868 1242 2895 ,
1273 2829 1525 2901 quomodo
1554 2826 1821 2897 iustiﬁcati

235 2945 412 2984 “mus
436 2930 489 2982 in
508 2928 752 3000 sanguine
777 2925 900 2980 Filii
925 2925 1040 2979 Dei.
1065 2924 1169 2980 Sed
1200 2923 1327 2994 quid
1353 2933 1452 2989 est,
1473 2922 1743 2994 justiﬁcati
1768 2922 1822 2976 in

236 3021 484 3092 sanguine
506 3020 666 3090 ipsius
683 3020 708 3073 .9
731 3019 861 3084 Quae
877 3019 959 3072 vis
975 3024 1058 3072 est
1083 3015 1352 3085 sanguinis
1369 3013 1546 3084 hujus,
1572 3014 1817 3080 obsecro,

237 3123 296 3169 ut
315 3115 366 3168 in
381 3129 448 3169 eo
455 3112 812 3183 justiﬁcentur
825 3108 1141 3165 credentes?
1163 3107 1230 3162 Et
1245 3107 1371 3177 quid
1388 3119 1490 3172 est,
1508 3104 1822 3161 reconciliati

237 3222 330 3276 per
343 3213 552 3259 mortem
565 3202 689 3256 Filii
705 3203 813 3273 ejus
828 3202 852 3255 Ξ)
867 3201 1010 3256 Itane
1025 3214 1174 3264 vero,
1193 3214 1311 3254 cum
1329 3198 1648 3253 irasceretur
1668 3196 1820 3252 nobis

236 3299 382 3353 Deus
412 3297 568 3352 Pater
587 3337 602 3362 ,
634 3295 764 3349 vidit
790 3305 1016 3348 mortem
1038 3291 1158 3347 Filii
1186 3291 1266 3346 sui
1299 3305 1394 3360 pro
1422 3289 1595 3355 nobis,
1629 3299 1684 3346 et
1708 3289 1822 3360 pla-

231 3401 388 3448 catus
412 3399 495 3445 est
515 3387 706 3444 nobis?
726 3385 989 3457 Numquid
1012 3399 1139 3455 ergo
1159 3384 1325 3440 Filius
1353 3384 1470 3454 ejus
1491 3399 1658 3454 usque
1682 3383 1818 3439 adeo

232 3481 394 3538 nobis
415 3483 526 3551 jam
570 3481 806 3550 placatus
830 3487 982 3544 erat,
1012 3487 1067 3532 ut
1096 3493 1192 3546 pro
1218 3476 1372 3532 nobis
1393 3478 1550 3531 etiam
1577 3477 1820 3546 dignare-

233 3587 327 3632 tur
350 3577 483 3630 mori
503 3593 517 3628 :
536 3575 693 3630 Pater
711 3589 837 3628 vero
859 3586 1024 3642 usque
1043 3570 1178 3625 adeo
1199 3570 1372 3626 adhuc
1395 3570 1743 3636 irascebatur,
1762 3578 1821 3624 ut

234 3669 342 3723 nisi
370 3667 534 3722 Filius
561 3681 658 3735 pro
685 3665 836 3720 nobis
872 3671 1172 3718 moreretur
1190 3704 1204 3726 ,
1257 3677 1363 3716 non
1389 3661 1728 3731 placaretur?
1756 3662 1820 3716 Et

231 3759 367 3829 quid
395 3766 477 3813 est
515 3756 653 3827 quod
681 3756 784 3810 alio
815 3756 931 3808 loco
976 3754 1112 3810 idem
1158 3753 1271 3822 ipse
1311 3753 1498 3808 doctor
1527 3752 1815 3809 Gentium:

235 3849 398 3916 Quid,
426 3849 608 3917 inquit,
640 3863 756 3916 ergo
786 3846 1007 3899 dicemus
1026 3845 1093 3897 ad
1121 3844 1267 3897 hac?
1297 3843 1359 3899 Si
1384 3843 1522 3898 Deus
1537 3861 1630 3914 pro
1654 3843 1815 3910 nobis,

229 3943 350 4010 quis
375 3951 548 3995 contra
575 3940 706 3993 nos?
737 3939 836 4006 Qui
879 3938 1086 4008 proprio
1131 3934 1269 3990 Filio
1305 3953 1399 3990 suo
1423 3953 1524 3990 non
1567 3937 1814 4007 pepercit,

230 4035 326 4090 sed
353 4051 444 4106 pro
483 4033 623 4087 nobis
669 4031 898 4086 omnibus
949 4030 1155 4084 tradidit
1194 4030 1375 4096 illum;
1425 4031 1674 4100 quomodo
1716 4046 1816 4084 non

229 4130 388 4183 etiam
412 4144 526 4181 cum
547 4126 640 4180 illo
667 4126 834 4180 omnia
876 4125 1017 4178 nobis
1065 4124 1268 4177 donavit
1297 4121 1407 4195 (Id.
1439 4140 1552 4186 vm,
1585 4124 1672 4189 5i,
1697 4123 1816 4194 32)?

229 4218 498 4288 Numquid
521 4219 620 4273 nisi
637 4217 746 4287 jam
778 4217 1014 4286 placatus
1040 4223 1183 4269 esset
1204 4214 1364 4269 Pater
1387 4255 1401 4276 ,
1436 4215 1650 4282 proprio
1680 4214 1815 4269 Filio

231 4325 347 4365 non
378 4323 599 4379 parcens
642 4323 740 4377 pro
767 4306 922 4360 nobis
951 4321 1071 4360 eum
1101 4304 1370 4360 traderet?
1396 4304 1582 4360 Nonne
1608 4305 1817 4361 videtur

230 4401 354 4456 lucc
378 4400 456 4455 illi
479 4400 621 4455 velut
644 4398 869 4453 adversa
896 4412 1014 4452 esse
1039 4398 1343 4451 sententia?
1375 4397 1430 4452 In
1476 4398 1563 4452 illa
1590 4401 1818 4454 moritur

231 4506 340 4565 pro
386 4491 537 4545 nobis
587 4488 787 4554 Filius,
825 4497 880 4543 et
924 4487 1298 4542 reconciliatur
1328 4487 1480 4542 nobis
1524 4489 1682 4544 Pater
1719 4505 1817 4559 per

229 4593 462 4642 mortem
491 4582 605 4653 ejus
638 4598 651 4634 :
686 4580 739 4634 in
764 4579 862 4634 hac
905 4588 1084 4633 autem
1117 4588 1363 4648 tanquam
1387 4579 1534 4648 prior
1560 4595 1660 4634 nos
1681 4579 1816 4635 dile-

229 4676 374 4733 xerit
400 4675 578 4740 Pater,
613 4674 725 4742 ipse
775 4681 992 4742 pr0pter
1023 4685 1119 4725 nos
1146 4670 1286 4724 Filio
1309 4685 1415 4725 non
1456 4672 1654 4740 parcit,
1701 4673 1815 4742 ipse

229 4783 335 4840 pro
364 4766 516 4822 nobis
557 4780 677 4820 eum
714 4763 875 4818 tradit
899 4763 964 4817 ad
992 4770 1240 4817 mortem.
1268 4762 1372 4817 Sed
1411 4763 1566 4818 video
1599 4766 1737 4834 quod
1764 4774 1818 4822 et

229 4869 390 4914 antea
413 4857 569 4912 Pater
587 4855 773 4910 dilexit
791 4870 910 4918 nos,
929 4869 1032 4910 non
1050 4855 1223 4909 solum
1245 4863 1526 4926 antequam
1549 4873 1644 4927 pro
1664 4858 1817 4914 nobis

227 4949 399 5006 Filius
411 4959 728 5014 moreretur,
743 4946 834 5001 sed
848 4954 1126 5016 antequam
1140 4946 1393 5002 conderet
1409 4949 1683 5016 mundum,
1703 4950 1818 5020 ipso

230 5052 372 5097 teSIe
399 5040 654 5113 Apostolo
674 5040 767 5110 qui
794 5038 920 5093 dicit
944 5055 957 5091 :
992 5038 1141 5092 Sicut
1189 5038 1335 5109 elegit
1366 5056 1456 5094 nos
1483 5040 1535 5093 in
1567 5041 1676 5111 ipso
1704 5052 1818 5096 ante

229 5136 415 5191 mundi
429 5135 830 5190 constitutionem
850 5129 1063 5204 (Ephes.
1083 5147 1121 5196 ι,
1137 5131 1215 5197 4).
1231 5131 1338 5185 Nec
1355 5131 1520 5186 Filius
1542 5133 1697 5188 Patre
1714 5134 1815 5190 sibi

232 5245 342 5285 non
373 5235 621 5299 parcente
643 5241 739 5296 pro
760 5224 911 5280 nobis
941 5223 1083 5278 velut
1110 5222 1305 5277 invitus
1327 5231 1410 5277 est
1431 5223 1672 5286 traditus,
1694 5225 1816 5294 quia

231 5333 290 5378 et
319 5321 386 5376 de
415 5321 532 5389 ipso
558 5319 755 5374 dictum
768 5326 870 5383 est,
896 5315 995 5384 Qui
1015 5331 1095 5369 me
1117 5314 1312 5380 dilexit,
1339 5322 1386 5367 et
1406 5314 1616 5368 tradidit
1635 5324 1817 5369 semet.-

227 5416 402 5485 ipsum
419 5430 511 5485 pro
530 5430 608 5468 me
628 5411 822 5485 (Galat.
847 5426 904 5475 η,
925 5409 1041 5481 20).
1061 5407 1248 5464 Omnia
1267 5422 1393 5478 ergo
1410 5407 1566 5461 simul
1587 5418 1640 5462 et
1661 5407 1820 5462 Pater

229 5517 292 5563 et
324 5505 496 5561 Filius
519 5514 576 5561 et
599 5505 872 5559 amborum
903 5502 1134 5573 Spiritus
1177 5501 1376 5570 pariter
1402 5508 1456 5555 et
1479 5499 1819 5556 concorditer

231 5606 570 5669 operantur:
603 5605 781 5652 tamen
814 5593 1087 5665 iustiﬁcati
1125 5606 1310 5648 sumus
1351 5591 1404 5646 in
1451 5590 1650 5646 Christi
1689 5607 1818 5647 san-

233 5691 401 5762 guine
425 5731 440 5756 ,
469 5697 526 5746 et
550 5687 882 5745 reconciliati
931 5700 1114 5741 sumus
1143 5685 1254 5741 Deo
1296 5699 1392 5756 per
1428 5695 1656 5740 mortem
1699 5683 1819 5739 Filii

235 5785 388 5857 ejus;
415 5794 470 5842 et
492 5781 841 5857 quomodoIid
864 5781 1060 5837 factum
1089 5779 1192 5848 sit,
1223 5787 1284 5835 ut
1313 5787 1519 5852 potero,
1540 5779 1702 5836 etiam
1731 5777 1820 5837 hic

235 5885 497 5951 quamum
519 5877 650 5936 satis
667 5874 931 5934 videbitur
953 5870 1249 5946 explicabo.

1613 6045 1674 6073 «‘7‘
1732 6052 1737 6056 .
1764 6054 1765 6057 η

1485 385 1691 442 LIBER
1727 382 2024 446 TERTIUS
2061 385 2378 445 DECIMUS.

2011 501 2235 558 CAPUT
2273 502 2390 559 XII.
2419 532 2490 544 —
2517 503 2604 560 ίϐ.
2638 505 2823 564 Omnes
2851 518 3056 583 propter
3093 515 3222 573 Atta
3256 536 3513 590 peccatum

1939 595 2111 650 traditi
2156 597 2210 652 in
2239 607 2532 669 potestatem
2574 601 2782 659 diaboli.
2827 604 3063 673 Quadam
3103 611 3308 682 justitia
3339 619 3429 676 Dei
3457 623 3511 680 in

1936 690 2497 782 potestatemjdiaboli
2541 694 2792 752 traditum
2840 707 2924 755 est
2969 716 3137 771 genus
3183 706 3510 782 humanum,

1938 787 2159 846 peccato
2204 780 2361 851 primi
2418 781 2646 842 hominis
2703 787 2756 843 in
2804 803 2991 848 omnes
3035 796 3310 870 utriusque
3335 780 3512 862 sexus

1935 875 2316 933 commixtione
2364 887 2644 936 nascentes
2687 883 3014 954 originaliter
3067 897 3408 964 transeunte,
3456 908 3511 954 et

1936 975 2216 1035 parentum
2239 969 2532 1040 primorum
2570 973 2752 1032 debito
2797 978 3075 1038 universos
3105 995 3348 1054 posteros
3372 990 3510 1047 obli-

1934 1067 2114 1128 gante.
2143 1059 2267 1117 Haec
2283 1063 2494 1119 traditio
2514 1066 2660 1135 prius
2685 1068 2738 1122 in
2767 1067 2959 1127 Genesi
2979 1074 3270 1145 signiﬁcata
3295 1089 3397 1145 est,
3421 1083 3509 1139 ubi

1919 1161 2060 1222 (cum
2086 1154 2326 1223 serpenti
2364 1155 2565 1212 dictum
2597 1169 2760 1228 esset,
2789 1160 2998 1219 Terram
3021 1169 3385 1238 manducabis;
3410 1173 3510 1232 ho-

1918 1240 2066 1311 mini
2090 1242 2288 1300 dictum
2327 1256 2432 1314 est,
2467 1247 2624 1304 Terra
2652 1267 2727 1320 es,
2755 1263 2802 1308 et
2827 1254 2882 1310 in
2908 1264 3092 1313 terram
3116 1261 3210 1318 ibis
3241 1262 3390 1336 (Gen.
3424 1282 3504 1334 ut,

1936 1331 2025 1400 ιι,
2056 1335 2166 1406 l9).
2196 1337 2278 1392 Eo
2299 1340 2438 1409 quod
2469 1341 2668 1398 dictum
2720 1355 2836 1415 est,
2877 1349 2931 1404 in
2972 1359 3158 1407 terram
3181 1331 3314 1423 ibis;
3363 1331 3509 1416 mors

1933 1427 2175 1496 corporis
2199 1432 2547 1500 przenuntiata
2577 1443 2679 1503 est,
2705 1439 2828 1508 quia
2859 1456 2958 1496 nec
2998 1443 3164 1514 ipsam
3194 1446 3368 1505 fuerat
3409 1465 3506 1508 ex-
3536 1459 3542 1466 '

1933 1527 2197 1586 perturus,
2232 1522 2278 1576 si
2304 1527 2686 1593 permansisset
2735 1540 2790 1585 ut
2818 1530 2987 1588 factus
3011 1546 3092 1590 est
3117 1547 3294 1596 rectus
3323 1559 3336 1596 :
3365 1544 3506 1613 quod

1931 1623 2063 1666 vero
2092 1612 2284 1667 viventi
2309 1615 2402 1682 ait,
2431 1614 2586 1671 Terra
2610 1636 2696 1686 es;
2717 1624 2949 1679 ostendit
2969 1633 3133 1684 totum
3163 1612 3430 1689 hominem
3453 1635 3509 1690 in

1933 1699 2166 1757 deterius
2194 1716 2596 1764 commutatum.
2621 1711 2749 1768 Tale
2776 1723 2858 1770 est
2879 1718 3042 1781 enim,
3065 1718 3224 1774 Terra
3245 1740 3332 1788 es;
3353 1726 3508 1794 quale

1932 1790 2072 1847 istud
2089 1836 2103 1859 ,
2135 1793 2256 1850 Non
2278 1801 2584 1867 permanebit
2613 1802 2836 1872 Spiritus
2862 1823 3002 1862 meus
3021 1810 3072 1862 in
3093 1790 3382 1869 hominibus
3399 1817 3508 1872 istis

1931 1885 2168 1954 quoniam
2199 1904 2316 1942 caro
2342 1899 2461 1943 sunt
2489 1890 2596 1964 (Id.
2627 1910 2702 1958 vt,
2731 1895 2808 1965 5).
2838 1897 2986 1952 Tunc
3011 1915 3140 1971 ergo
3169 1902 3505 1962 demonstra-

1932 1973 2007 2029 vit
2030 1991 2151 2031 eum
2173 1980 2221 2034 ei
2242 1981 2490 2037 traditum
2511 2025 2526 2050 ,
2556 1986 2640 2040 cui
2671 1986 2868 2042 dictum
2904 1989 3094 2060 fuerat,
3125 1993 3334 2050 Terram
3357 2015 3506 2054 man-

1931 2065 2157 2122 ducabis.
2188 2073 2474 2142 Apostolus
2496 2085 2670 2132 autem
2709 2081 2946 2154 apertius
2969 2082 3069 2138 hoc
3095 2086 3345 2154 praedicat
3363 2131 3378 2155 ,
3414 2089 3504 2145 ubi

1928 2155 2058 2212 dicit
2091 2178 2103 2213 :
2132 2159 2201 2214 Et
2231 2179 2315 2217 vos
2339 2181 2453 2218 cum
2476 2168 2646 2222 essetis
2673 2173 2860 2224 mortui
2881 2173 3073 2228 delictis
3091 2186 3141 2229 et
3169 2180 3384 2247 peccatis
3419 2197 3505 2236 ve-

1929 2250 2068 2317 stris,
2092 2252 2144 2306 in
2164 2253 2344 2322 quibus
2363 2256 2636 2326 aliquando
2662 2261 2957 2318 ambulastis
2975 2268 3247 2322 secundum
3266 2273 3505 2325 sarculum

1928 2342 2106 2396 mundi
2125 2344 2297 2414 hujus,
2315 2349 2587 2404 secundum
2607 2353 2884 2424 principe»:
2899 2360 3157 2425 potestatis
3177 2362 3329 2428 aeris,
3349 2363 3504 2432 spiri-

1929 2443 2010 2489 tus
2031 2437 2181 2505 huius
2208 2439 2292 2506 qui
2308 2457 2442 2495 nunc
2461 2453 2698 2512 operatur
2711 2445 2764 2498 in
2789 2447 2910 2514 ﬁliis
2930 2448 3237 2519 difﬁdentia,
3255 2453 3308 2506 in
3327 2455 3504 2524 quibus

1927 2537 1974 2582 et
1999 2546 2091 2584 nos
2141 2547 2311 2587 omnes
2357 2534 2630 2606 aliquando
2659 2541 2938 2594 conversati
2965 2557 3138 2597 sumus
3162 2543 3215 2597 in
3244 2544 3504 2599 desideriis

1926 2621 2096 2675 carnis
2121 2634 2325 2691 nostrae,
2347 2625 2586 2694 facientes
2601 2628 2880 2685 voluntates
2905 2633 3070 2688 carnis
3087 2642 3132 2687 et
3151 2633 3504 2700 aﬂectionum:

1926 2720 1973 2764 et
2001 2729 2200 2768 eramus
2225 2725 2407 2770 natura
2435 2717 2531 2786 ﬁlii
2559 2720 2670 2786 irte,
2703 2721 2831 2775 sicut
2857 2732 2903 2776 et
2929 2726 3096 2779 cteteri
3113 2724 3324 2796 (Ep/tes.
3354 2742 3412 2794 ιι,
3446 2729 3500 2782 I-

1925 2800 2004 2870 5).
2035 2802 2155 2858 Filii
2183 2805 2491 2863 difﬁdentiae
2531 2819 2655 2864 sunt
2680 2811 2953 2879 inﬁdeles;
3002 2823 3056 2870 et
3101 2817 3220 2886 quis
3264 2818 3366 2873 hoc
3393 2833 3501 2873 non

1929 2901 2012 2946 est
2037 2903 2324 2966 antequam
2361 2897 2534 2954 ﬁdelis
2576 2899 2708 2955 ﬁat?
2735 2902 2993 2970 Quocirca
3043 2919 3230 2961 omnes
3258 2907 3501 2964 homines

1925 2985 1994 3040 ab
2022 2987 2227 3058 origine
2251 2991 2350 3046 sub
2373 2994 2610 3063 principe
2627 3003 2750 3050 sunt
2781 2999 3057 3066 potestatis
3079 3001 3240 3067 aeris,
3269 3001 3358 3071 qui
3382 3018 3518 3072 ope-.

1925 3089 2070 3132 ratur
2115 3081 2168 3134 in
2195 3082 2317 3149 ﬁliis
2352 3083 2661 3154 diﬁidentite.
2697 3087 2759 3141 Et
2783 3089 2924 3158 quod
2951 3089 3082 3156 dixi,
3129 3091 3213 3146 Ab
3259 3093 3500 3163 origine,

1925 3165 2029 3224 hoc
2053 3179 2134 3225 est
2161 3173 2299 3242 quod
2322 3172 2450 3227 dicit
2479 3174 2787 3243 Apostolus,
2819 3187 3003 3232 natura
3028 3189 3082 3234 et
3103 3193 3160 3236 se
3185 3181 3350 3236 fuisse
3368 3182 3506 3238 sicut

1926 3269 2152 3317 caeteros
2186 3281 2198 3316 :
2231 3272 2418 3319 natura
2450 3266 2656 3321 scilicet
2701 3279 2760 3322 ut
2789 3277 2870 3323 est
2919 3269 3207 3339 depravata
3249 3283 3500 3342 peccato,

1925 3368 2032 3408 non
2062 3365 2119 3409 ut
2145 3366 2286 3411 recta
2311 3365 2487 3412 creata
2532 3366 2615 3412 est
2639 3358 2707 3413 ab
2752 3359 2924 3414 initio.
2971 3361 3158 3416 Modus
3183 3372 3358 3418 autem
3401 3363 3502 3420 iste

1923 3463 2030 3517 quo
2059 3449 2285 3505 traditus
2311 3462 2392 3506 est
2421 3451 2582 3506 homo
2611 3451 2663 3506 in
2689 3453 2886 3508 diaboli
2915 3462 3252 3524 potestatem,
3294 3471 3398 3511 non
3425 3455 3502 3512 ita
3605 3452 3608 3464 ¹

1923 3539 2083 3595 debet
2126 3543 2380 3613 intelligi,
2432 3552 2680 3614 tanquam
2716 3545 2817 3601 hoc
2846 3547 2982 3601 Deus
3009 3547 3233 3614 fecerit,
3263 3556 3354 3603 aut
3381 3548 3497 3605 ﬁeri

1918 3633 2138 3704 jusserit
2171 3654 2184 3690 :
2214 3637 2308 3692 sed
2335 3637 2474 3708 quod
2503 3647 2706 3694 tantum
2753 3639 3080 3709 permiserit,
3127 3641 3268 3711 juste
3296 3650 3494 3698 tamen.

1923 3722 2020 3780 Illo
2045 3724 2186 3780 enim
2215 3725 2496 3782 deserente
2523 3738 2830 3798 peccantem
2855 3773 2870 3796 ,
2915 3732 3115 3801 peccati
3143 3743 3328 3788 auctor
3357 3734 3498 3790 illico

1924 3813 2138 3871 invasit.
2165 3816 2272 3871 Nec
2300 3818 2368 3872 ita
2397 3833 2524 3874 sane
2564 3821 2702 3876 Deus
2731 3821 2966 3877 deseruit
2990 3835 3286 3898 creaturam
3311 3839 3459 3881 suam
3479 3867 3498 3897 ,

1921 3914 1980 3960 ut
2017 3922 2122 3960 non
2151 3922 2210 3963 se
2250 3908 2322 3963 illi
2353 3909 2628 3965 exhiberet
2657 3911 2820 3966 Deum
2850 3922 3119 3970 creantem
3146 3924 3199 3970 et
3221 3916 3498 3972 viviﬁcan-

1923 4003 2052 4064 tem,
2094 4005 2148 4052 et
2186 3999 2326 4055 inter
2353 4000 2579 4069 pmnalia
2607 4002 2743 4057 mala
2773 4002 2931 4058 etiam
2970 4003 3109 4059 bona
3137 4006 3292 4060 malis
3335 4007 3501 4062 multa

1923 4099 2283 4160 praestantem.
2308 4091 2421 4146 Non
2453 4093 2596 4147 enim
2616 4094 2876 4150 continuit
2897 4094 2949 4150 in
2978 4096 3053 4150 ira
3085 4111 3178 4152 sua
3202 4097 3501 4153 miseratio-

1923 4197 2019 4237 nes
2048 4197 2174 4238 suas
2204 4182 2374 4254 (Psal.
2409 4201 2586 4247 Lxxvt.
2621 4186 2730 4258 10).
2756 4185 2864 4242 Nec
2893 4186 3159 4242 hominem
3188 4203 3218 4242 a
3249 4189 3364 4260 lege
3390 4202 3502 4244 sua:

1922 4275 2198 4342 potestatis
2243 4276 2442 4342 amisit,
2491 4276 2703 4347 quando
2749 4277 2800 4331 in
2841 4277 3037 4332 diaboli
3079 4287 3339 4349 potestate
3380 4295 3502 4336 esse

1922 4367 2166 4436 permisit
2198 4385 2210 4420 :
2244 4369 2365 4437 quia
2395 4383 2496 4422 nec
2538 4368 2651 4436 ipse
2680 4368 2919 4424 diabolus
2963 4385 2990 4424 a
3023 4379 3283 4440 potestate
3311 4369 3499 4426 Omni-

1921 4461 2154 4530 potentis
2182 4460 2385 4516 alienus
2423 4469 2504 4515 est
2523 4501 2538 4527 ,
2572 4461 2709 4515 sicut
2739 4477 2911 4532 neque
2937 4478 2967 4517 a
2997 4463 3253 4519 bonitate.
3283 4463 3414 4520 Nam
3444 4472 3500 4520 et

1922 4551 2139 4621 maligni
2183 4551 2358 4622 angeli
2388 4551 2529 4607 unde
2557 4552 2930 4623 qualicumque
2957 4555 3311 4612 subsisterent
3355 4557 3461 4613 vita
3480 4597 3496 4626 ,

1925 4644 2025 4699 nisi
2054 4659 2148 4713 per
2175 4659 2296 4698 eum
2320 4645 2410 4714 qui
2433 4643 2659 4699 viviﬁcat
2685 4644 2902 4699 omnia?
2947 4646 3002 4702 Si
3027 4662 3154 4718 ergo
3192 4649 3500 4705 commissio

1920 4746 2259 4807 peccatorum
2302 4750 2398 4805 per
2425 4736 2555 4790 iram
2600 4737 2692 4792 Dei
2716 4737 2912 4808 justam
2957 4737 3226 4795 hominem
3264 4741 3501 4797 subdidit

1922 4828 2168 4896 diabolo,
2219 4827 2459 4896 profecto
2483 4823 2734 4883 remissio
2755 4839 3089 4899 peccatorum
3136 4848 3231 4902 per
3259 4832 3500 4888 reconci-

1922 4920 2191 4976 liationem
2217 4918 2308 4974 Dei
2338 4919 2616 4989 benignam
2643 4922 2781 4976 eruit
2811 4921 3079 4978 hominem
3104 4937 3132 4976 a
3153 4923 3387 4979 diabolo.

1935 5017 1938 5020 ’
1994 5011 2220 5068 CAPUT
2281 5009 2633 5068 Xlll.—I7.
2683 5011 2805 5066 Non
2851 5019 3107 5083 potentia,
3165 5015 3254 5069 sed
3296 5017 3500 5088 justitia

1923 5103 2172 5159 eruendus
2193 5103 2341 5157 homo
2363 5103 2459 5173 [uit
2481 5119 2513 5156 a
2537 5103 2724 5158 diaboli
2747 5113 3006 5175 potestate.
3042 5103 3158 5159 Non
3179 5117 3354 5162 autem
3381 5107 3502 5163 dia-

1923 5197 2080 5252 bolus
2102 5195 2334 5266 potentia
2366 5195 2479 5260 Dei,
2509 5193 2602 5250 sed
2629 5194 2828 5262 justitia
2860 5194 3193 5265 superandus
3221 5197 3336 5253 fuit.
3365 5198 3500 5256 Nam

1925 5289 2053 5361 quid
2081 5289 2457 5358 Omnipotente
2481 5275 2785 5356 potentius?
2814 5287 2919 5342 Aut
2944 5289 3096 5360 cujus
3115 5301 3376 5348 creatura:
3400 5308 3501 5364 po-

1926 5391 2092 5440 testas
2118 5381 2366 5453 potestati
2391 5379 2660 5436 Creatoris
2688 5381 2989 5450 comparari
3018 5383 3230 5452 potest?
3249 5382 3354 5440 Sed
3379 5401 3500 5442 cum

1925 5475 2169 5532 diabolus
2193 5474 2322 5529 vitio
2350 5471 2709 5542 perversitatis
2734 5486 2847 5527 suae
2873 5471 3041 5530 factus
3069 5474 3139 5530 sit
3174 5485 3382 5532 amator
3409 5492 3504 5548 po.

1926 5569 2138 5634 tentiaa.
2164 5575 2219 5622 et
2247 5565 2494 5622 desertor
2513 5573 2948 5636 oppugnatorque
2970 5565 3228 5635 iustitiae;
3259 5568 3337 5624 sic
3357 5568 3500 5624 enim

1925 5672 1980 5719 et
2006 5661 2248 5716 homines
2276 5674 2397 5716 eum
2425 5665 2572 5712 tanto
2615 5657 2784 5728 magis
2827 5656 3132 5727 imitantur,
3163 5669 3362 5732 quanto
3390 5675 3505 5716 ma-

1926 5754 2006 5827 gis
2033 5753 2300 5824 neglecta,’
2325 5750 2409 5806 vel
2438 5749 2598 5806 etiam
2638 5764 2826 5820 perosa
2852 5749 3080 5821 justitia,
3114 5750 3364 5822 potentiae
3388 5757 3502 5807 stu-

1926 5847 2080 5919 dent,
2104 5845 2328 5920 ejusque
2349 5843 2433 5902 vel
2452 5840 2738 5916 adeptione
2764 5842 3031 5913 latantur,
3060 5842 3148 5902 vel
3170 5841 3504 5900 iuﬁammam
