4076 6434
588 391 729 451 {027

492 508 505 522 ‘
588 519 674 563 tur
711 507 1002 579 cupiditate
1032 525 1045 561 :
1073 508 1271 580 placuit
1316 508 1461 577 Deo,
1504 514 1563 565 ut
1606 519 1826 582 propter
1880 510 2173 568 eruendum

590 600 857 655 hominem
878 601 946 655 de
972 601 1169 655 diaboli
1201 612 1486 672 potestate,
1516 619 1619 658 non
1651 605 1887 674 potentia
1907 604 2170 671 diabolus,

595 692 689 746 sed
711 691 914 763 justitia
940 694 1273 761 vinceretur;
1304 703 1461 766 atque
1503 695 1573 750 ita
1611 705 1663 751 et
1694 696 1937 752 homines
1963 695 2174 752 imitan-

595 795 674 841 tes
694 784 985 853 Christum,
1033 786 1237 857 justitia
1288 797 1591 859 quaererent
1618 788 1887 844 diabolum
1915 790 2131 845 vincere
2153 831 2169 857 ,

590 893 695 932 non
723 879 975 946 potentia.
1006 879 1123 935 Non
1154 880 1292 951 quod
1324 882 1560 951 potentia
1610 886 1762 952 quasi
1812 882 1936 937 mali
1968 881 2169 952 aliquid

587 968 833 1038 fugienda
860 970 962 1035 sit;
1014 972 1111 1027 sed
1138 972 1271 1026 ordo
1302 974 1595 1027 servandus
1622 982 1733 1037 est,
1780 988 1885 1044 quo
1923 975 2067 1045 prior
2092 982 2173 1029 est

584 1059 809 1128 justitia.
840 1060 973 1116 Nam
1003 1071 1197 1132 quanta
1228 1066 1460 1133 potentia
1492 1072 1669 1135 potest
1693 1080 1813 1121 esse
1841 1067 2171 1121 mortalium?

589 1151 829 1208 Teneant
870 1169 1000 1225 ergo
1025 1157 1279 1211 mortales
1302 1158 1559 1227 justitiam
1581 1200 1595 1224 ,
1630 1160 1863 1228 potentia
1894 1160 2171 1213 immorta-

583 1242 727 1299 libus
751 1245 982 1301 dabitur.
1030 1246 1129 1301 Cui
1160 1260 1465 1318 comparata
1501 1250 1831 1319 quantalibet
1860 1265 2042 1305 eorum
2069 1250 2170 1304 ho—

584 1337 787 1391 minum
819 1339 907 1408 qui
933 1350 1178 1409 potentes
1208 1351 1466 1395 vocantur
1492 1341 1544 1396 in
1576 1350 1738 1409 terra,
1767 1342 1991 1397 ridicula
2022 1344 2171 1397 iulir-

585 1431 743 1483 mitas
774 1429 1068 1498 invenitur,
1117 1442 1171 1487 et
1211 1432 1283 1487 ibi
1313 1434 1513 1488 foditur
1544 1436 1809 1504 peccatori
1841 1435 2030 1503 fovea,
2081 1437 2169 1491 ubi

582 1523 827 1579 videntur
864 1526 991 1580 mali
1038 1527 1324 1597 plurimum
1356 1544 1535 1598 posse.
1568 1528 1759 1585 Cantat
1786 1540 1963 1585 autem
1996 1531 2170 1601 jttsltts

580 1624 637 1671 et
659 1616 789 1672 dicit
817 1635 829 1670 :
865 1616 1053 1673 Beatus
1083 1619 1231 1673 homo
1270 1637 1413 1689 quem
1444 1630 1498 1674 tu
1542 1623 1782 1676 erudieris
1807 1665 1822 1689 ,
1860 1621 2096 1687 Domine,
2127 1632 2173 1676 et

580 1707 645 1761 de
672 1708 780 1779 lege
822 1717 911 1761 tua
944 1709 1174 1764 docueris
1200 1728 1310 1765 eum
1336 1727 1353 1766 :
1384 1721 1439 1765 ut
1463 1714 1656 1784 mitiges
1677 1715 1722 1767 ei
1768 1731 1799 1767 a
1826 1715 1999 1767 diebus
2026 1714 2172 1767 mali-

582 1799 715 1868 guis,
740 1798 895 1852 donec
921 1801 1147 1870 fodiatur
1178 1805 1427 1872 peccatori
1476 1805 1638 1874 fovea.
1673 1805 1925 1872 Quoniam
1958 1824 2058 1860 non
2086 1824 2168 1860 re-

582 1889 731 1957 pellet
752 1889 997 1945 Dominus
1020 1894 1211 1961 plebem
1240 1912 1385 1947 suam
1406 1937 1418 1958 ,
1466 1906 1509 1948 et
1533 1897 1873 1951 haereditatem
1899 1915 2043 1951 suam
2070 1915 2170 1951 non

581 1980 891 2051 derelinquat
918 1999 935 2036 :
965 1986 1288 2056 quoadusque
1320 1988 1522 2055 justitia
1573 1999 1891 2044 convertatur
1943 1993 1993 2044 in
2025 1992 2172 2062 judi-

579 2073 733 2140 cium,
762 2084 806 2127 et
830 2076 915 2144 qui
941 2076 1120 2131 habent
1148 2095 1276 2146 eam,
1308 2096 1477 2134 omnes
1498 2092 1632 2135 recto
1661 2092 1777 2136 sunt
1818 2085 1968 2137 corde
1994 2083 2166 2153 (Psal.

580 2179 727 2231 xcm,
756 2166 972 2236 12-15).
1022 2169 1132 2225 Hoc
1161 2187 1287 2241 ergo
1316 2182 1555 2243 tempore
1581 2190 1687 2244 quo
1710 2174 1952 2230 differtur
1976 2186 2166 2248 puten-

580 2254 648 2309 tia
683 2258 862 2325 populi
895 2259 1010 2327 Dei,
1042 2277 1142 2315 non
1169 2264 1376 2331 repellet
1404 2263 1651 2318 Dominus
1681 2266 1873 2335 plebem
1900 2284 2075 2333 suam,
2124 2276 2170 2322 et

578 2350 922 2406 Iiwreditatern
942 2370 1088 2407 suam
1128 2372 1229 2409 non
1257 2356 1601 2427 derelinquet;
1628 2359 1953 2429 quantalibet
1978 2360 2168 2414 acerba

581 2453 637 2499 et
657 2444 871 2517 indigna
899 2451 1009 2516 ipsa
1040 2448 1257 2504 humilis
1282 2459 1440 2521 atque
1468 2452 1676 2507 infirma
1700 2454 1945 2522 patiatur,
1974 2452 2171 2525 quoad-

579 2550 735 2605 usque
754 2538 955 2608 justitia
1003 2555 1162 2610 quam
1207 2557 1351 2596 nunc
1383 2542 1542 2597 habet
1588 2545 1868 2599 infirmitas
1912 2548 2121 2615 piorum
2148 2587 2163 2612 ,

578 2638 897 2683 convertatur
925 2631 977 2683 in
1011 2632 1265 2703 judicium
1286 2676 1299 2701 ,
1348 2633 1448 2688 hoc
1477 2644 1596 2701 est,
1621 2635 1895 2705 judicandi
1944 2637 2169 2705 accipiat

578 2730 897 2790 poteStatem
926 2741 939 2777 :
971 2724 1111 2794 quod
1135 2726 1292 2795 justis
1316 2725 1366 2780 in
1392 2727 1495 2781 line
1521 2736 1786 2793 servatur,
1807 2742 1930 2783 cum
1960 2743 2165 2798 prazce-

578 2813 792 2870 dentem
817 2818 1073 2886 justitiam
1096 2819 1282 2873 ordine
1309 2835 1405 2875 suo
1426 2820 1584 2875 fuerit
1604 2821 1839 2891 potentia
1860 2821 2165 2876 subsecuta.

577 2904 819 2960 Potentia
864 2910 1060 2978 quippe
1088 2910 1335 2979 adjuncta
1360 2911 1609 2981 justitiaz,
1649 2913 1733 2967 vel
1777 2911 1984 2982 justitia
2013 2927 2167 2967 acce-

577 2999 709 3055 dens
736 3004 985 3071 potentia:
1015 3004 1059 3071 ¹,
1083 3003 1419 3074 judiciariam
1450 3014 1768 3076 potestatem
1815 3006 1958 3061 facit.
1991 3007 2166 3062 Perti-

577 3100 669 3145 net
712 3101 890 3146 autem
927 3094 1129 3162 justitia
1175 3095 1240 3148 ad
1272 3097 1596 3150 voluntatem
1648 3096 1881 3150 bonam:
1913 3097 2057 3153 unde
2087 3098 2168 3153 di-

577 3193 719 3237 ctum
748 3195 829 3239 cst
871 3186 937 3239 ab
967 3187 1183 3257 Angelis
1212 3198 1337 3241 nato
1365 3188 1579 3243 Christo
1604 3230 1617 3254 ,
1662 3189 1839 3244 Gloria
1876 3193 1927 3245 in
1955 3192 2165 3247 excelsis

578 3271 712 3341 Deo,
733 3284 779 3327 et
801 3276 852 3327 in
880 3286 1013 3329 terra
1035 3294 1137 3347 prta:
1160 3278 1443 3332 hominibus
1469 3279 1611 3333 bona:
1636 3282 1909 3336 voluntatis
1928 3283 2075 3353 (Luc.
2106 3302 2162 3351 ιι,

580 3362 692 3435 Η).
728 3365 975 3423 Potentia
998 3385 1125 3423 vero
1150 3372 1298 3439 sequi
1321 3370 1481 3425 debet
1501 3371 1785 3441 justitiam,
1812 3388 1916 3428 non
1943 3375 2161 3445 przeirc:

573 3455 699 3511 ideo
725 3467 780 3512 et
819 3460 870 3513 in
901 3461 1061 3515 rebus
1086 3462 1335 3516 secundis
1367 3463 1583 3533 ponitur
1606 3507 1621 3531 ,
1652 3464 1704 3519 id
1733 3475 1815 3521 est
1856 3469 2159 3537 prosperis:

572 3551 822 3606 secunda:
847 3562 1026 3609 autem
1073 3556 1403 3625 asequentlo
1449 3567 1572 3612 sunt
1627 3558 1804 3613 dicta}.
1856 3559 1987 3615 Cum
2019 3563 2165 3618 enim

572 3644 790 3700 beatum
820 3644 1050 3713 faciant,
1105 3649 1243 3703 sicut
1272 3651 1517 3721 superius
1563 3652 1989 3722 disputavimus,
2045 3656 2163 3712 dua:

576 3752 687 3806 res,
715 3738 852 3794 bene
874 3740 1043 3809 velle,
1075 3751 1128 3797 et
1162 3758 1318 3812 posse
1347 3744 1485 3812 quod
1512 3746 1674 3812 velis,
1708 3762 1813 3800 non
1865 3747 2023 3803 debet
2045 3764 2163 3804 esse

571 3827 659 3882 illa
690 3831 1043 3898 perversitas,
1096 3849 1213 3903 qua:
1259 3834 1311 3887 in
1362 3835 1548 3889 eadem
1579 3835 1948 3905 disputatione
1980 3848 2162 3894 notata

573 3930 675 3986 est,
706 3930 763 3975 ut
790 3939 853 3976 ex
885 3922 1089 3978 duabus
1116 3926 1279 3980 rebus
1306 3942 1424 3996 quae
1457 3927 1657 3983 faciunt
1704 3929 1953 3997 beatum,
2004 3948 2161 4003 posse

572 4014 714 4081 quod
737 4016 865 4070 velit
891 4016 1051 4072 homo
1081 4020 1279 4089 eligat,
1332 4030 1385 4075 et
1409 4022 1550 4075 velle
1578 4022 1717 4093 quod
1748 4033 1962 4093 oportet
1991 4026 2161 4097 negli-

570 4112 695 4174 gat;
744 4120 863 4160 cum
898 4110 1044 4177 prius
1088 4110 1281 4165 debeat
1327 4111 1523 4167 habere
1574 4115 1898 4170 voluntatem
1927 4118 2156 4185 bonam,

571 4213 814 4270 magnam
842 4216 969 4255 vero
998 4212 1180 4272 postea
1216 4213 1551 4273 potestatem.
1583 4206 1727 4261 Bona
1772 4225 1934 4279 porro
1975 4212 2163 4266 volun-

573 4300 654 4346 tas
684 4294 953 4364 purganda
977 4303 1057 4349 est
1080 4310 1107 4348 a
1132 4295 1274 4350 vitiis
1296 4338 1311 4362 ,
1340 4313 1369 4351 a
1398 4296 1593 4366 quibus
1624 4299 1669 4353 si
1696 4300 1925 4356 vincitur
1955 4299 2117 4358 homo
2140 4346 2156 4371 ,

571 4384 636 4439 ad
684 4385 786 4440 hoc
817 4387 1046 4441 vincitur
1073 4395 1128 4440 ut
1157 4388 1294 4442 male
1318 4389 1466 4456 velit,
1500 4400 1553 4445 et
1604 4391 1739 4445 bona
1777 4393 1887 4461 jam
1915 4395 2160 4450 voluntas

569 4478 685 4546 ejus
711 4480 979 4548 quomodo
1002 4479 1147 4535 erit?
1173 4479 1476 4550 Optandum
1517 4491 1599 4537 est
1629 4484 1805 4554 itaque
1828 4496 1884 4539 ut
1925 4496 2160 4555 potestas

571 4587 711 4627 nunc
737 4572 926 4639 detur,
973 4573 1067 4628 sed
1096 4582 1280 4628 contra
1309 4573 1455 4640 vitia,
1487 4585 1706 4645 pr0pter
1734 4593 1853 4646 qua:
1900 4577 2159 4633 vincenda

571 4674 816 4733 potentes
842 4664 1030 4717 uolunt
1057 4680 1176 4719 esse
1202 4665 1466 4731 homines,
1497 4675 1552 4721 et
1578 4668 1766 4722 volunt
1792 4679 2011 4738 propter
2039 4669 2157 4724 vin-

572 4757 772 4813 cendos
798 4756 1042 4813 [nomines
1069 4777 1084 4824 ;
1118 4758 1301 4829 utquid
1329 4758 1461 4827 hoc,
1508 4761 1609 4814 nisi
1640 4770 1693 4815 ut
1722 4776 1848 4817 vere
1875 4763 1999 4817 victi
2025 4762 2158 4817 falso

570 4848 822 4918 vincant,
866 4865 965 4905 nec
990 4849 1098 4905 sint
1139 4851 1395 4916 veritate,
1451 4851 1546 4905 sed
1587 4852 1839 4921 Opinione
1891 4853 2159 4909 victores?

568 4939 711 4997 Velit
728 4942 888 4997 homo
917 4942 1149 5013 prudens
1173 4958 1315 5009 esse,
1338 4943 1465 4996 velit
1486 4942 1660 5009 fortis,
1680 4944 1808 4999 velit
1831 4954 2153 5015 temperans,

569 5034 697 5088 velit
712 5034 888 5104 justus
914 5078 928 5102 ,
957 5045 1117 5107 atque
1146 5042 1204 5089 ut
1235 5036 1346 5089 haec
1370 5038 1634 5092 veraciter
1654 5038 1840 5108 possit,
1865 5042 2155 5109 potentiam

570 5126 731 5196 plane
759 5135 924 5197 aptet,
953 5139 1112 5198 atque
1141 5137 1357 5199 appetat
1379 5137 1435 5183 ut
1461 5140 1647 5199 potens
1689 5133 1759 5186 sit
1782 5133 1832 5186 in
1856 5134 2033 5206 seipso
2054 5177 2069 5201 ,
2103 5144 2157 5190 et

571 5219 710 5274 miro
739 5220 899 5275 modo
940 5220 1195 5277 adversus
1222 5236 1280 5277 se
1308 5223 1478 5292 ipsum
1532 5238 1626 5293 pro
1672 5239 1729 5279 se
1783 5226 1920 5296 ipso.
1951 5227 2154 5283 Czetera

569 5324 700 5364 vero
726 5326 843 5381 qua:
870 5312 1004 5366 bene
1031 5312 1180 5379 vult,
1214 5320 1267 5368 et
1295 5321 1471 5367 tamen
1517 5329 1620 5368 non
1651 5324 1842 5384 potest,
1896 5319 2031 5372 sicut
2075 5332 2157 5374 est

572 5398 943 5457 immortalitas
967 5444 980 5466 ,
1028 5412 1083 5457 et
1115 5420 1240 5459 vera
1272 5420 1332 5459 ac
1363 5405 1515 5474 plena
1564 5405 1817 5475 felicitas,
1849 5408 2155 5467 desiderare

569 5508 676 5550 non
707 5504 910 5564 cesset,
942 5505 996 5552 ct
1014 5498 1282 5568 patienter
1311 5509 1605 5569 exspectet.

640 5582 866 5643 CAPUT
922 5587 1062 5643 XIV.
1091 5621 1161 5630 —
1190 5591 1277 5645 18.
1310 5588 1502 5646 Christi
1529 5609 1663 5647 mors
1689 5592 1909 5647 indebita
1932 5595 2155 5650 liberavit

564 5670 815 5728 obnoxios
857 5678 1022 5728 morti.
1055 5673 1184 5741 Qua:
1214 5685 1297 5733 est
1352 5676 1511 5748 igitur
1552 5676 1792 5747 justitia,
1837 5695 1937 5751 qua
1982 5683 2154 5738 victus

567 5806 1113 5933 wmeme
1146 5818 1274 5875 Item,
1297 5812 1554 5865 accedente
1573 5811 1812 5877 potantia.
1835 5820 1889 5867 Et
1910 5818 2148 5884 nonmihi,

1718 389 1808 454 DE
1833 384 2223 463 TRlNlTA'l‘E,
2260 392 2319 451 S.
2359 390 2726 451 AUGUSTINI

3722 404 3875 465 ιθεε

2281 518 2363 565 est
2395 506 2668 565 diabolus?
2692 510 2842 580 Quze,
2872 510 2973 567 nisi
3000 511 3206 584 justitia
3231 512 3358 571 Iesu
3381 515 3621 574 Christi?
3647 518 3717 576 Et
3736 537 3880 590 quo-

2280 600 2442 656 modo
2471 602 2643 656 victus
2669 603 2791 658 est?
2820 603 2951 670 Quia
2983 620 3103 660 cum
3127 606 3177 660 in
3205 623 3269 661 eo
3293 608 3422 662 nihil
3449 617 3620 665 morte
3647 611 3875 681 dignum

2280 694 2589 761 inveniret,
2633 694 2828 750 occidit
2858 713 2977 750 cum
3010 708 3209 753 tamen.
3240 700 3304 754 Et
3335 702 3518 771 utique
3558 704 3764 772 justum
3791 716 3877 760 est

2280 793 2337 838 ut
2362 783 2636 839 debitores
2663 800 2798 855 quos
2829 787 3065 855 tenebat,
3098 788 3249 844 liberi
3278 790 3629 859 dimittantur,
3661 795 3711 847 in
3743 811 3876 849 eum

2278 875 2563 932 credentes
2588 894 2745 948 quem
2770 880 2886 934 sine
2910 880 3019 935 ullo
3037 880 3219 936 debito
3236 884 3449 937 occidit.
3486 885 3598 939 Hoc
3620 895 3703 941 est
3725 886 3877 957 quod

2273 968 2554 1037 justiﬁcari
2601 970 2833 1026 dicimur
2881 973 2933 1027 in
2962 972 3158 1029 Christi
3190 977 3448 1046 sanguine
3496 977 3673 1047 (Rom.
3700 997 3749 1045 v,
3786 981 3873 1051 9).

2277 1058 2366 1115 Sic
2394 1062 2587 1131 quippe
2618 1062 2669 1116 in
2694 1064 3063 1119 remissionem
3089 1077 3429 1135 peccatorum
3452 1080 3757 1125 nostrorum
3793 1073 3877 1126 in—

2279 1167 2479 1207 nocens
2509 1156 2725 1225 sanguis
2749 1156 2835 1211 ille
2862 1156 3060 1212 elTusus
3087 1168 3190 1213 est.
3224 1159 3376 1215 Unde
3395 1177 3451 1216 se
3480 1162 3609 1218 dicit
3632 1165 3685 1220 in
3714 1165 3877 1221 Psal-

2278 1243 2382 1296 mis
2402 1243 2454 1297 in
2483 1246 2709 1301 mortuis
2735 1247 2959 1302 liberum
2985 1247 3156 1321 (Psal.
3178 1265 3417 1321 Lxxxvu,
3442 1254 3519 1322 6).
3542 1252 3700 1310 Solus
3724 1258 3874 1311 enim

2278 1348 2309 1388 a
2336 1334 2519 1389 debito
2562 1339 2746 1393 mortis
2798 1339 2934 1394 liber
2963 1350 3045 1395 est
3073 1351 3334 1398 mortuus.
3385 1344 3520 1400 Hinc
3566 1355 3622 1402 et
3665 1348 3719 1402 in
3764 1350 3878 1405 alio

2278 1427 2492 1483 Psalmo
2521 1428 2668 1496 dicit,
2704 1432 2832 1498 Quae
2873 1450 2973 1487 non
3011 1436 3180 1505 rapui,
3210 1447 3326 1491 tunc
3352 1438 3666 1495 exsolvebam
3693 1442 3873 1512 (Psal.

2280 1534 2440 1574 vam
2462 1564 2475 1585 ,
2506 1519 2597 1593 5):
2651 1525 2889 1592 rapinam
2923 1526 3110 1581 volens
3143 1528 3359 1599 intelligi
3404 1543 3677 1599 peccatum
3698 1576 3713 1602 ,
3744 1536 3873 1605 quia

2277 1623 2590 1680 usurpatum
2620 1623 2701 1669 est
2723 1625 2905 1670 contra
2926 1616 3148 1675 licitum.
3180 1619 3332 1676 Unde
3363 1637 3459 1691 per
3478 1638 3537 1677 os
3564 1625 3725 1679 etiam
3751 1642 3871 1680 car-

2278 1705 2361 1757 nis
2388 1720 2496 1758 suze
2515 1747 2531 1773 ,
2579 1706 2717 1761 sicut
2745 1709 2797 1762 in
2829 1709 3115 1780 Evangelia
3145 1711 3338 1783 legitur
3358 1755 3373 1779 ,
3400 1714 3549 1782 dicit,
3578 1716 3713 1772 Ecce
3735 1720 3873 1773 venit

2279 1795 2512 1867 princeps
2542 1800 2717 1851 mundi
2745 1800 2915 1870 hujus,
2942 1812 2989 1855 et
3011 1804 3063 1856 in
3107 1819 3187 1857 me
3222 1806 3351 1859 nihil
3376 1807 3562 1862 invenit
3585 1850 3601 1874 ,
3650 1808 3705 1864 id
3751 1819 3869 1877 est,

2276 1888 2479 1941 nullum
2530 1900 2803 1957 peccatum
2836 1910 2849 1945 :
2882 1892 2971 1946 sed
2997 1902 3049 1945 ut
3073 1896 3235 1947 sciant
3280 1912 3455 1953 omnes
3478 1939 3493 1962 ,
3524 1898 3717 1969 inquit,
3751 1903 3872 1970 quia

2275 1980 2581 2033 voluntatem
2604 1980 2777 2035 Patris
2812 1984 2911 2036 mei
2930 1985 3085 2055 facio,
3112 1988 3321 2059 surgite,
3347 2006 3517 2044 eamus
3544 1992 3664 2045 hinc
3686 1992 3868 2063 (Joan.

2276 2088 2383 2133 xxv,
2421 2073 2489 2128 50
2513 2116 2527 2140 ,
2561 2073 2675 2145 51).
2734 2074 2801 2130 Ει
2831 2077 3003 2146 pergit
3033 2078 3156 2133 inde
3195 2080 3261 2134 ad
3293 2084 3593 2151 passionem
3618 2126 3632 2149 ,
3685 2094 3744 2138 ut
3773 2101 3871 2156 pro

2277 2165 2608 2221 debitoribus
2639 2168 2794 2222 nobis
2824 2169 2965 2239 quod
3002 2171 3115 2240 ipse
3143 2187 3246 2226 non
3276 2174 3507 2230 debebat
3540 2178 3866 2233 exsolveret.

2274 2255 2541 2326 Numquid
2574 2259 2811 2328 istojure
2844 2262 3150 2331 aequissimo
3179 2262 3423 2320 diabolus
3453 2267 3759 2323 vinceretur
3782 2311 3797 2333 ,
3825 2271 3869 2323 si

2278 2349 2513 2416 potentia
2539 2349 2786 2404 Christus
2807 2366 2926 2406 cum
2954 2352 3047 2407 illo
3075 2368 3233 2424 agere
3255 2396 3270 2421 ,
3306 2370 3409 2411 non
3428 2356 3633 2427 justitia
3666 2359 3870 2413 voluis-

2274 2441 2397 2495 set?
2425 2440 2527 2496 Scd
2556 2445 3013 2515 postposuitquod
3045 2448 3235 2517 potuit,
3262 2458 3314 2503 ut
3338 2450 3484 2518 prius
3511 2460 3696 2521 ageret
3724 2453 3869 2522 quod

2273 2534 2529 2601 oportuit.
2559 2533 2685 2589 Ideo
2708 2546 2886 2591 autem
2918 2537 3065 2591 illum
3103 2553 3221 2594 esse
3251 2554 3386 2610 opus
3421 2551 3567 2608 erat,
3610 2552 3665 2596 et
3690 2542 3868 2597 homi-

2274 2641 2395 2680 nem
2422 2668 2437 2693 ,
2480 2636 2533 2681 et
2562 2626 2752 2682 Deum.
2782 2628 2893 2685 Nisi
2938 2632 3080 2686 enim
3127 2630 3289 2688 homo
3319 2642 3496 2699 esset,
3545 2650 3652 2689 non
3686 2645 3867 2706 posset

2272 2717 2484 2772 occidi:
2531 2719 2633 2773 nisi
2686 2721 2824 2776 Deus
2873 2732 3053 2790 esset,
3102 2738 3211 2779 non
3266 2725 3579 2782 crederetur
3626 2728 3865 2783 noluisse

2271 2810 2415 2880 quod
2462 2812 2631 2881 potuit
2656 2854 2672 2880 ,
2718 2816 2815 2870 sed
2845 2830 2950 2871 non
2990 2820 3230 2888 potuisse
3257 2821 3400 2890 quod
3427 2822 3635 2888 voluit;
3667 2820 3769 2878 nec
3794 2824 3863 2878 ab

2274 2914 2345 2956 eo
2368 2902 2629 2971 justitiam
2662 2906 2913 2974 potentia:
2940 2908 3209 2977 pra-latam
3236 2910 3416 2978 fuisse,
3441 2912 3533 2968 sed
3554 2913 3607 2967 ei
3632 2913 3865 2970 defuisse

2272 2993 2561 3062 potentiam
2615 3004 2942 3064 putaremus.
2973 2998 3125 3054 Nunc
3155 3016 3280 3056 vero
3309 3002 3539 3059 humana
3568 3020 3667 3075 pro
3698 3008 3858 3063 nobis

2270 3097 2458 3152 passus
2477 3094 2579 3153 est,
2596 3089 2717 3157 quia
2738 3089 2897 3143 homo
2911 3101 3046 3155 erat;
3067 3092 3160 3147 sed
3182 3095 3224 3148 si
3244 3096 3504 3152 noluisset
3520 3099 3559 3165 ¹,
3580 3100 3743 3153 etiam
3763 3099 3863 3155 hoc

2270 3192 2377 3233 non
2402 3180 2505 3249 pati
2525 3183 2806 3250 potuisset,
2825 3184 2947 3253 quia
2972 3193 3024 3239 et
3045 3185 3187 3241 Deus
3202 3196 3335 3245 erat.
3359 3187 3483 3244 Ideo
3502 3191 3707 3259 gratior
3727 3191 3863 3246 facta

2268 3281 2350 3327 est
2385 3274 2434 3325 in
2484 3273 2782 3329 humilitate
2828 3276 3051 3345 justitia,
3098 3279 3219 3348 quia
3266 3290 3446 3349 posset
3506 3282 3552 3336 si
3606 3283 3865 3338 noluisset

2270 3363 2621 3420 humilitatem
2641 3381 2745 3421 non
2760 3369 2964 3439 perpeti
2984 3377 3124 3425 tanta
3144 3371 3196 3425 in
3224 3372 3499 3429 divinitate
3515 3376 3747 3445 potentia
3765 3393 3779 3429 :
3798 3389 3865 3430 ac

2268 3454 2348 3509 sic
2372 3469 2402 3507 a
2422 3456 2682 3512 moriente
2705 3466 2811 3513 tam
2839 3468 3074 3528 potente,
3098 3462 3249 3516 nobis
3264 3465 3572 3519 mortalibus
3591 3464 3861 3537 impoten-

2268 3544 2435 3611 tibus,
2466 3555 2521 3600 et
2544 3548 2915 3604 commendata
2938 3560 3021 3605 est
3043 3551 3246 3621 justitia
3267 3595 3281 3619 ,
3312 3563 3365 3608 et
3385 3556 3645 3624 promissa
3671 3566 3862 3626 poten-

2269 3636 2365 3690 tia.
2396 3637 2595 3692 llorum
2625 3640 2768 3693 enim
2790 3640 3019 3695 duorum
3048 3659 3211 3697 unum
3240 3645 3364 3700 fecit
3391 3647 3693 3712 moriendo,
3716 3648 3856 3703 alte-

2267 3744 2385 3783 rum
2425 3732 2775 3799 resurgendo.
2806 3732 2944 3798 Quid
2967 3736 3109 3788 enim
3148 3735 3377 3804 justius,
3408 3754 3566 3807 quam
3592 3754 3759 3808 usque
3788 3739 3857 3795 ad

2268 3831 2493 3876 mortem
2522 3823 2697 3877 crucis
2724 3838 2821 3893 pro
2844 3825 3051 3893 justitia
3081 3829 3404 3895 pervenire?
3434 3832 3635 3899 etquid
3667 3840 3861 3900 poten-

2268 3912 2372 3967 tius
2396 3954 2408 3975 ,
2440 3929 2599 3983 quam
2654 3931 2934 3986 resurgere
2963 3935 2991 3973 a
3022 3920 3248 3975 mortuis
3269 3965 3284 3989 ,
3337 3931 3391 3976 et
3416 3925 3466 3977 in
3496 3926 3689 3979 caelum
3731 3941 3857 3981 cum

2268 4004 2380 4074 ipsa
2404 4021 2562 4060 carne
2593 4007 2646 4062 in
2677 4024 2778 4078 qua
2824 4020 2908 4065 est
2937 4012 3146 4066 occisus
3178 4014 3509 4070 ascendere?
3559 4017 3625 4071 Et
3647 4017 3859 4086 juStitia

2268 4110 2395 4165 ergo
2422 4099 2566 4165 prius
2586 4139 2601 4161 ,
2628 4110 2684 4152 et
2724 4101 2960 4169 potentia
2994 4113 3176 4170 postea
3200 4104 3471 4159 diabolum
3503 4107 3669 4162 vicit:
3697 4108 3860 4176 justi-

2268 4186 2336 4240 tia
2366 4188 2608 4256 scilicet,
2658 4191 2777 4259 quia
2807 4193 3010 4245 nullum
3036 4204 3313 4263 peccatum
3344 4196 3559 4261 habuit,
3585 4207 3640 4253 et
3661 4200 3731 4251 ab
3762 4200 3860 4254 illo

2267 4276 2619 4346 injustissime
2646 4287 2729 4334 est
2754 4283 2961 4336 occisus
2986 4300 2999 4348 ;
3034 4286 3268 4352 potentia
3307 4302 3434 4341 vero
3455 4328 3469 4351 ,
3498 4288 3617 4356 quia
3646 4290 3854 4345 revixit

2265 4377 2541 4434 mortuus,
2576 4387 2849 4441 nunquam
2881 4381 3062 4441 postea
3114 4376 3406 4430 moriturus
3438 4376 3623 4447 (Rom.
3660 4395 3735 4441 vi.
3770 4379 3854 4446 9).

2267 4461 2371 4516 Sed
2415 4465 2651 4533 potentia
2692 4464 2964 4519 diabolum
2989 4467 3238 4533 vicisset,
3288 4469 3496 4523 etiamsi
3532 4470 3717 4524 abillo
3744 4486 3855 4526 non

2265 4556 2527 4625 potuisset
2554 4556 2722 4610 occidi
2756 4574 2770 4609 :
2802 4560 3047 4627 quamvis
3074 4560 3291 4630 majoris
3318 4563 3386 4615 sit
3415 4564 3662 4632 potentiae
3694 4565 3855 4619 etiam

2265 4648 2435 4717 ipsam
2477 4657 2704 4703 mortem
2744 4649 2959 4705 vincere
2983 4653 3312 4723 resurgendo
3332 4696 3345 4716 ,
3379 4670 3537 4724 quam
3571 4656 3740 4711 vitare
3765 4658 3853 4711 vi-

2265 4740 2455 4794 vendo.
2514 4741 2620 4795 Sed
2661 4741 2804 4795 aliud
2830 4753 2912 4797 est
2940 4752 3158 4813 propter
3204 4745 3347 4814 quod
3387 4745 3744 4815 justiticamur
3798 4750 3853 4804 in

2262 4829 2459 4884 Christi
2490 4830 2781 4900 sanguine,
2810 4847 2930 4886 cum
2975 4848 3069 4902 per
3091 4836 3465 4890 remissionem
3507 4849 3851 4907 peccatorum

2264 4920 2500 4975 eruimur
2527 4936 2560 4975 a
2602 4922 2798 4977 diaboli
2850 4932 3114 4993 potestate
3148 4942 3161 4979 :
3192 4926 3295 4982 hoc
3349 4928 3418 4982 ad
3466 4928 3519 4983 id
3572 4930 3807 4999 pertinet
3833 4973 3849 4999 ,

2261 5011 2402 5082 quod
2432 5028 2463 5066 a
2491 5012 2707 5069 Christo
2732 5015 2935 5085 justitia
2967 5017 3211 5073 diabolus
3235 5020 3489 5085 vincitur,
3519 5038 3626 5076 non
3657 5034 3849 5092 poten-

2263 5106 2352 5161 tia.
2386 5107 2463 5161 Ex
2494 5106 2800 5163 inﬁrmitate
2842 5110 3034 5181 quippe
3082 5127 3240 5182 quam
3297 5116 3531 5184 suscepit
3583 5116 3634 5169 in
3689 5130 3853 5171 carne

2261 5199 2494 5267 mortali,
2518 5215 2623 5256 non
2645 5216 2709 5255 cx
2726 5201 3013 5257 immortali
3034 5204 3271 5273 potentia
3292 5206 3579 5260 cruciﬁxus
3600 5218 3677 5260 est
3692 5206 3853 5261 Chri-

2263 5300 2377 5345 stus
2407 5309 2419 5344 :
2449 5290 2516 5346 de
2556 5308 2659 5363 qua
2691 5300 2867 5349 tamen
2900 5294 3204 5351 infirmitate
3228 5298 3644 5366 aitApostolus,
3698 5298 3853 5364 Quod

2260 5382 2518 5451 inﬁrmant
2538 5396 2609 5439 est
2652 5385 2769 5453 Dei,
2803 5388 2985 5458 fortius
3009 5397 3083 5442 est
3121 5389 3406 5444 hominibus
3433 5390 3474 5463 (Ι
3502 5390 3619 5445 Cor.
3655 5408 3692 5456 I,
3724 5392 3846 5454 25).

2331 5474 2555 5531 CAPUT
2594 5477 2709 5532 XV.
2730 5509 2801 5518 —
2828 5479 2912 5533 19.
2945 5479 3023 5535 De
3061 5481 3254 5535 eodem.
3285 5482 3401 5537 Non
3431 5493 3513 5537 est
3542 5484 3717 5551 itaque
3743 5484 3853 5539 dif-

2260 5564 2398 5620 ficile
2445 5565 2625 5620 videre
2647 5566 2917 5623 diabolum
2944 5571 3138 5626 victum
3160 5615 3173 5638 ,
3203 5573 3414 5643 quando
3437 5574 3527 5644 qui
3553 5573 3621 5627 ab
3646 5574 3737 5628 illo
3756 5590 3853 5631 oc-

2259 5659 2399 5713 cisus
2426 5669 2507 5714 est
2535 5662 2843 5716 resurrexit.
2874 5662 3003 5717 Illud
3031 5674 3118 5720 est
3140 5667 3341 5736 majus,
3371 5676 3425 5721 et
3449 5667 3516 5721 ad
3545 5667 3852 5737 intelligen-

2259 5751 2387 5806 dum
2414 5752 2745 5821 profundius,
2769 5754 2952 5811 videre
2973 5755 3245 5818 diabolum
3272 5760 3488 5830 victum,
3510 5759 3725 5832 quando
3740 5758 3855 5818 tibi

2324 5885 2342 5917 ι
2366 5885 2439 5935 sic
2454 5891 2558 5936 Mss.
2583 5892 2640 5937 At
2661 5886 2799 5952 editi,
2815 5888 3047 5944 voluisset.
