4104 6452
256 398 396 467 1οΞ9

253 526 447 582 vicisse
471 521 771 588 videbatur,
798 517 852 577 id
879 526 980 589 est,
1007 519 1218 592 quando
1238 516 1482 574 Christus
1506 515 1712 571 occisus
1737 519 1838 568 est.

217 653 220 656 ~
255 620 405 676 Tunc
447 619 592 674 enim
635 615 847 687 sanguis
890 613 1015 685 ille,
1046 607 1294 686 quoniam
1324 610 1439 682 ejus
1469 617 1584 665 erat
1611 607 1700 679 qui
1726 603 1844 660 nul-

215 729 221 768 ;
255 716 365 770 lum
387 711 572 767 habuit
592 710 809 765 omnino
831 717 1126 780 peccatum,
1149 705 1215 763 ad
1236 703 1608 784 remissionem
1635 706 1847 754 nostro-

252 822 372 863 rum
398 804 550 861 fusus
573 811 657 860 est
685 811 1051 872 peccatorum,
1089 808 1144 855 ut
1170 798 1292 871 quia
1324 811 1420 853 eos
1459 792 1702 850 diabolus
1727 804 1843 844 me-

253 899 360 953 rito
391 896 630 963 tenebat,
663 909 797 965 quos
822 892 1024 963 peccati
1054 906 1177 948 reos
1205 889 1508 945 conditione
1538 883 1722 940 mortis
1751 881 1846 936 ob-

253 989 491 1056 strinxit,
518 987 617 1045 bos
643 1001 738 1057 per
757 1001 880 1042 eum
907 985 1096 1040 merito
1120 983 1433 1048 dimitteret,
1463 993 1618 1050 quem
1648 974 1844 1031 nullius

253 1081 458 1153 peccati
498 1095 647 1137 reum
691 1079 958 1134 immerito
995 1092 1151 1148 paena
1179 1075 1366 1130 mortis
1396 1072 1591 1128 aﬁ‘ecit.
1624 1068 1841 1138 Hacju-

253 1174 400 1228 stitia
427 1174 617 1240 victus,
648 1181 702 1228 et
729 1171 832 1227 hoc
859 1171 1070 1226 vinculo
1101 1169 1307 1224 vinctus
1333 1179 1416 1223 est
1441 1167 1611 1231 fortis,
1637 1173 1692 1218 ut
1720 1177 1846 1217 vasa

253 1265 374 1335 ejus
399 1263 736 1335 eriperentur
767 1261 958 1335 (Marc.
987 1279 1044 1318 ιιι
1063 1305 1077 1330 ,
1103 1261 1198 1333 27)
1219 1304 1235 1330 ,
1267 1277 1386 1331 qua:
1414 1257 1552 1329 apud
1578 1272 1698 1312 eum
1724 1269 1844 1310 cum

253 1357 372 1425 ipso
403 1365 456 1411 et
485 1355 688 1427 angelis
715 1354 832 1425 ejus
871 1355 1080 1410 fuerant
1107 1368 1230 1408 vasa
1263 1351 1355 1406 irae
1374 1393 1390 1419 ,
1421 1360 1475 1406 et
1504 1349 1556 1404 in
1588 1362 1711 1402 vasa
1741 1344 1843 1400 mi-

254 1445 565 1502 sericordia:
589 1453 926 1501 verterentur
953 1444 1126 1517 (Rom.
1155 1459 1230 1509 ιχ,
1252 1441 1341 1507 22,
1364 1441 1477 1513 25).
1502 1439 1627 1494 Hmc
1652 1438 1847 1508 quippe

252 1537 418 1593 verba
447 1538 612 1609 ipsius
640 1537 850 1593 Domini
881 1539 1047 1592 nostri
1072 1537 1199 1594 Jesu
1221 1535 1419 1592 Christi
1448 1534 1516 1590 de
1539 1531 1676 1588 caelo
1701 1527 1767 1585 ad
1787 1545 1848 1586 se

253 1628 419 1698 facta,
441 1646 564 1686 cum
589 1631 819 1702 primum
846 1640 1066 1686 vocatus
1090 1639 1191 1697 est,
1216 1637 1397 1685 narrat
1421 1627 1692 1700 apostolus
1713 1624 1849 1679 Pau-

257 1723 358 1779 lus.
386 1723 522 1780 Nam
552 1724 691 1780 inter
729 1733 920 1780 caetera
961 1740 1082 1795 quae
1126 1723 1354 1789 audivit,
1397 1723 1557 1778 etiam
1603 1719 1706 1776 hoc
1746 1718 1846 1773 sibi

255 1817 458 1874 dictum
485 1819 562 1874 sic
584 1819 819 1889 loquitur
848 1835 861 1873 :
891 1818 970 1871 Ad
996 1818 1091 1871 hoc
1116 1818 1248 1871 enim
1273 1816 1360 1871 tibi
1387 1815 1623 1887 apparui,
1654 1821 1706 1868 ut
1728 1828 1848 1866 con-

253 1913 462 1967 stituam
492 1922 540 1966 te
565 1913 854 1966 ministrum
878 1922 924 1966 et
949 1921 1123 1966 testem
1151 1927 1325 1966 eorum
1365 1925 1477 1978 quia
1512 1926 1546 1962 α
1582 1924 1661 1962 me
1686 1906 1844 1973 uides,

255 2006 435 2076 quibus
459 2005 608 2061 etiam
625 2020 792 2076 praeco
820 2005 932 2071 tibi,
959 2004 1176 2059 liberam
1196 2013 1242 2057 te
1265 2003 1328 2056 de
1354 2001 1542 2072 populo
1571 2009 1616 2054 et
1641 2000 1704 2054 de
1727 2015 1848 2071 gen-

257 2096 390 2152 tibus
408 2140 426 2162 ,
454 2100 506 2152 in
532 2115 658 2170 quas
683 2115 774 2169 ego
801 2099 945 2152 mitto
973 2107 1022 2152 te
1059 2097 1256 2167 aperire
1283 2094 1456 2150 oculos
1483 2109 1728 2148 caecorum
1747 2133 1762 2159 ,
1794 2099 1850 2144 ut

256 2200 550 2245 avertantur
568 2208 600 2244 a
625 2191 857 2256 tenebris,
884 2200 933 2245 et
960 2207 993 2244 a
1017 2198 1257 2260 potestate
1277 2197 1471 2243 satana:
1495 2186 1563 2240 ad
1586 2184 1770 2250 Deum,
1793 2190 1848 2238 ut

256 2284 512 2354 accipiant
532 2284 871 2338 remissionem
893 2293 1230 2353 peccatorum,
1253 2291 1300 2336 et
1319 2290 1503 2336 sortem
1522 2295 1635 2350 qua:
1654 2279 1705 2332 in
1724 2293 1846 2332 san-

256 2379 374 2444 ctis,
405 2387 453 2431 et
483 2377 634 2447 [idem
659 2393 773 2448 qua:
800 2378 853 2431 in
879 2394 956 2432 me
985 2389 1060 2431 est
1087 2382 1221 2446 (Act.
1246 2391 1369 2430 xxv:
1389 2417 1404 2441 ,
1435 2374 1665 2442 16-18).
1694 2372 1850 2428 Unde

256 2478 315 2523 et
342 2467 628 2523 exhortans
662 2468 802 2523 idem
846 2470 1121 2538 apostolus
1159 2467 1439 2523 credentes
1467 2466 1535 2520 ad
1561 2464 1848 2536 gratiarum

257 2561 525 2617 actionem
553 2562 663 2618 Deo
691 2562 832 2618 Patri
860 2580 872 2615 :
903 2562 1002 2630 Qui
1023 2563 1148 2616 eruit
1173 2578 1279 2626 nos,
1306 2560 1494 2631 inquit,
1523 2560 1587 2614 de
1611 2567 1850 2629 potestate

258 2654 601 2720 tenebrarum,
627 2664 676 2708 et
702 2655 957 2708 transtulit
981 2655 1033 2708 in
1057 2670 1267 2724 regnum
1291 2652 1418 2707 Filii
1437 2653 1698 2706 charitatis
1718 2666 1848 2719 sum,

255 2746 316 2800 in
336 2764 439 2818 quo
466 2748 706 2804 habemus
739 2749 1133 2819 redemptionem
1160 2749 1213 2802 in
1241 2749 1580 2804 remissionem
1617 2757 1851 2818 peccato-

255 2854 377 2891 rum
409 2837 624 2910 (Coloss.
652 2856 700 2905 ι,
734 2843 821 2904 t3,
852 2841 962 2912 M).
996 2840 1053 2894 ln
1083 2840 1184 2895 hac
1208 2840 1574 2910 redemptione
1601 2848 1852 2909 tanquam

257 2931 493 3004 pretium
522 2947 618 3002 pro
643 2931 796 2987 nobis
827 2931 984 2988 datus
1008 2939 1092 2987 est
1118 2932 1334 3002 sanguis
1356 2931 1587 3001 Christi,
1619 2947 1724 3002 quo
1759 2945 1852 2986 ac-

258 3032 419 3091 cepto
437 3023 683 3080 diabolus
709 3039 814 3080 non
839 3025 1036 3080 ditatus
1058 3035 1162 3092 est,
1192 3024 1286 3081 sed
1311 3025 1504 3095 ligatus
1531 3042 1543 3078 :
1573 3032 1631 3078 ut
1657 3037 1757 3079 nos
1785 3022 1854 3077 ab

257 3113 381 3182 ejus
411 3116 636 3171 nexibus
663 3117 1028 3184 solverentur,
1061 3132 1159 3172 nec
1187 3132 1508 3188 quemquam
1549 3132 1730 3172 secum
1760 3131 1854 3171 eo-

257 3221 384 3260 rum
411 3221 546 3278 quos
568 3207 814 3264 Christus
842 3210 910 3266 ab
933 3209 1078 3264 omni
1107 3209 1285 3264 debito
1313 3209 1448 3265 liber
1477 3209 1710 3264 indebite
1735 3207 1855 3263 fuso

258 3313 364 3354 suo
388 3301 648 3372 sanguine
675 3302 1012 3374 redemisset,
1043 3310 1383 3373 peccatorum
1414 3304 1612 3359 retibus
1641 3303 1854 3359 involu-

261 3402 376 3448 tum
411 3394 642 3452 traheret
670 3396 736 3451 ad
765 3397 1014 3452 secunda:
1043 3413 1105 3453 ac
1133 3399 1476 3468 sempiternae
1507 3398 1694 3453 mortis
1730 3397 1853 3454 exi-

261 3486 400 3540 tium
446 3485 625 3557 (Apoc.
659 3504 784 3555 xxt,
827 3488 917 3559 8);
964 3489 1057 3544 sed
1105 3489 1361 3545 hactenus
1407 3497 1743 3544 morerentur
1787 3486 1856 3542 ad

261 3578 463 3634 Christi
490 3581 712 3650 gratiam
757 3582 1120 3651 pertinentes,
1159 3582 1463 3652 prtecogniti
1494 3592 1546 3636 et
1575 3580 1855 3651 praedesti-

261 3672 447 3726 natiet
463 3672 618 3727 electi
639 3681 761 3728 ante
781 3673 1213 3728 constitutionem
1237 3673 1419 3728 mundi
1447 3673 1491 3742 (Ι
1518 3672 1661 3726 Petr.
1680 3687 1718 3737 ι,
1737 3670 1851 3740 20),

262 3773 530 3832 quatenus
567 3779 666 3833 pro
702 3765 805 3820 illis
846 3765 960 3834 ipse
999 3774 1241 3822 mortuus
1267 3775 1350 3822 est
1374 3765 1650 3834 Christus,
1681 3763 1857 3820 carnis

264 3864 472 3910 tantum
504 3867 706 3923 morte,
738 3873 840 3912 non
873 3859 1110 3928 spiritus.

340 3947 565 4004 CAPUT
596 3949 735 4004 XVI.
763 3980 834 3990 —
857 3949 946 4005 20.
977 3949 1227 4023 Reliquus
1252 3951 1426 4006 mortis
1451 3960 1499 4006 et
1525 3951 1698 4006 saeculi
1721 3951 1860 4005 mala

265 4042 454 4096 cedunt
481 4044 533 4096 in
561 4043 747 4098 bonum
772 4045 960 4098 electis.
989 4044 1155 4112 Quam
1179 4046 1528 4100 convenienter
1547 4046 1704 4100 electa
1725 4061 1860 4099 mors

269 4134 494 4203 Christi,
523 4146 579 4192 ut
609 4139 1012 4208 justiﬁcaremur
1052 4141 1104 4194 in
1146 4140 1392 4210 sanguine
1433 4141 1609 4210 ipsius.
1643 4139 1736 4193 Ira
1763 4137 1862 4194 Dei

267 4244 386 4298 que
413 4229 498 4283 sit.
519 4229 774 4298 Quamvis
799 4231 942 4286 enim
971 4240 1028 4286 et
1052 4231 1163 4300 ipsa
1183 4245 1333 4286 mors
1357 4232 1532 4286 carnis
1555 4231 1621 4287 de
1642 4240 1862 4301 peccato

269 4320 432 4390 primi
462 4320 690 4376 hominis
719 4323 1046 4394 originaliter
1071 4324 1307 4389 venerit,
1343 4332 1517 4378 tamen
1545 4324 1716 4379 bonus
1745 4324 1861 4393 ejus

272 4429 405 4469 usus
423 4415 837 4485 gloriosissimos
863 4428 1124 4489 martyres
1152 4418 1296 4473 fecit.
1324 4418 1391 4472 Et
1415 4418 1536 4474 ideo
1564 4434 1665 4473 non
1687 4419 1861 4473 solum

272 4505 412 4574 ipsa,
435 4506 533 4562 sed
553 4507 730 4562 omnia
753 4509 932 4563 saeculi
957 4509 1112 4580 hujus
1131 4509 1290 4574 mala,
1313 4509 1528 4564 dolores
1548 4510 1863 4579 laboresque

272 4596 552 4653 hominum
573 4641 589 4667 ,
620 4615 920 4670 quanquam
952 4600 1017 4654 de
1045 4609 1383 4670 peccatorum
1406 4641 1420 4666 ,
1447 4611 1504 4656 et
1539 4601 1767 4655 maxime
1797 4600 1863 4656 de

273 4692 480 4762 peccati
515 4693 792 4764 originalis
833 4694 1034 4750 meritis
1065 4699 1311 4762 veniant,
1345 4695 1484 4750 unde
1523 4695 1660 4750 facta
1699 4705 1780 4749 est
1809 4705 1863 4750 et

274 4785 393 4855 ipsa
419 4787 526 4842 vita
549 4789 763 4844 vinculo
787 4792 973 4845 mortis
1004 4791 1255 4846 obstricta
1275 4833 1290 4859 ,
1325 4800 1498 4846 tamen
1537 4801 1590 4847 et
1626 4791 1864 4846 remissis

273 4879 510 4949 peccatis
537 4895 816 4937 remanere
845 4883 1170 4948 debuerunt,
1200 4898 1321 4938 eum
1351 4883 1541 4954 quibus
1580 4883 1742 4937 homo
1768 4897 1864 4952 pro

277 4972 504 5027 veritate
531 4981 777 5040 certaret,
805 4983 859 5029 et
883 4975 1022 5030 unde
1049 4985 1387 5030 exerceretur
1405 4975 1570 5030 virtus
1593 4976 1860 5030 fidelium:

277 5073 338 5118 ut
367 5079 537 5120 novus
567 5065 728 5121 homo
755 5082 850 5137 per
887 5076 1258 5122 testamentum
1294 5083 1486 5123 novum
1506 5111 1520 5134 ,
1563 5069 1702 5124 inter
1727 5068 1865 5123 mala

277 5155 441 5226 hujus
484 5158 661 5211 saeculi
710 5173 845 5214 novo
887 5158 1079 5212 szuculo
1128 5168 1545 5228 praeparantur,
1597 5159 1866 5213 miseriam

285 5262 443 5317 quam
478 5250 674 5304 meruit
701 5251 804 5305 vita
834 5251 932 5306 ista
960 5249 1206 5304 damnata
1233 5249 1502 5320 sapienter
1532 5249 1782 5315 tolerans,
1814 5256 1870 5303 et

287 5339 405 5408 quia
436 5339 648 5394 ﬁnietur
688 5341 976 5411 prudenter
1001 5342 1304 5412 gratulans;
1338 5340 1716 5396 beatitudinem
1741 5355 1870 5394 vero

282 5447 444 5502 quam
472 5434 691 5489 liberata
716 5435 822 5488 vita
855 5435 1025 5489 futura
1053 5435 1167 5489 sine
1193 5435 1298 5489 ﬁne
1325 5433 1564 5488 habitura
1603 5442 1712 5500 est,
1741 5433 1872 5488 ﬁde~

284 5524 411 5581 liter
448 5533 502 5581 et
541 5527 802 5596 patienter
830 5537 1165 5598 exspectans.
1194 5527 1446 5582 Diabolus
1472 5528 1616 5582 enim
1645 5545 1674 5582 a
1701 5528 1872 5582 domi-
1940 5597 1944 5601 _

286 5627 416 5674 natu
445 5627 498 5673 et
521 5634 550 5673 a
581 5619 828 5674 cordibus
851 5619 1086 5675 ﬁdelium
1120 5618 1258 5674 foras
1285 5621 1510 5686 missus,
1555 5620 1606 5674 in
1645 5635 1873 5692 quorum

288 5712 631 5772 damnatione
674 5722 831 5786 atque
876 5710 1188 5769 inﬁdelitate
1231 5713 1356 5769 licet
1392 5713 1670 5769 damnatus
1713 5713 1873 5770 etiam

289 5804 407 5875 ipse
430 5803 704 5876 regnabat,
737 5810 938 5859 tantum
963 5819 1060 5875 pro
1087 5806 1391 5862 conditione
1419 5808 1756 5864 mortalitatis
1776 5809 1876 5864 hu-

287 5896 378 5970 jus
401 5895 676 5954 adversari
703 5896 923 5966 sinitur,
945 5906 1198 5970 quantum
1222 5899 1302 5958 eis
1327 5900 1578 5974 expedire
1605 5902 1775 5973 novit,
1808 5905 1876 5964 de

1449 392 1655 457 LIBER
1683 388 1978 453 TERTIUS
2015 389 2328 453 DECIMUS.

3393 393 3538 460 1οω

1953 524 2058 578 quo
2084 523 2248 564 sacrae
2274 509 2489 564 Litterae
2511 517 2796 580 personant
2823 523 2921 581 per
2940 521 3002 566 os
3027 510 3374 582 apostolicum
3400 531 3415 570 :
3441 503 3579 570 Fi-"

1951 601 2078 656 detis
2106 599 2243 656 Deus
2263 643 2276 666 ,
2307 602 2392 673 qui
2418 619 2519 656 non
2546 603 2790 673 permittet
2819 617 2905 656 vos
2934 603 3117 658 tentari
3143 619 3298 675 supra
3321 603 3376 659 id
3402 605 3537 676 quod

1951 693 2190 764 potestis;
2215 693 2304 748 sed
2326 693 2477 765 faciet
2501 710 2614 748 cum
2639 695 2909 750 tentatione
2931 695 3081 749 etiam
3110 696 3317 764 exitum,
3342 706 3396 750 ut
3421 713 3539 766 pos-

1951 787 2060 843 sitis
2087 788 2329 843 sustinere
2360 787 2402 859 (l
2427 786 2546 842 Cor.
2574 805 2639 855 x,
2671 789 2784 860 15).
2817 789 3045 844 Prosunt
3072 798 3246 844 autem
3273 790 3370 845 ista
3399 791 3537 846 mala

1950 896 2070 950 qum
2096 880 2278 936 ﬁdeles
2305 881 2387 950 pie
2413 881 2706 951 perferunt,
2737 882 2823 936 vel
2847 881 2912 937 ad
2940 883 3269 938 emendanda
3297 892 3535 956 peccata,
3570 913 3574 922 -

1951 973 2034 1028 vel
2079 973 2145 1028 ad
2183 973 2532 1029 exercendam
2576 962 3008 1045 probandamque
3033 975 3324 1046 justitiam,
3359 975 3444 1032 vel
3473 977 3540 1032 ad

1951 1062 2418 1120 demonstrandam
2446 1065 2568 1121 vita:
2597 1065 2754 1136 hujus
2783 1067 3050 1122 miseriam
3071 1110 3087 1135 ,
3120 1076 3178 1122 ut
3205 1067 3288 1124 illa
3316 1069 3403 1124 ubi
3434 1070 3542 1124 erit

1951 1157 2222 1214 beatitudo
2249 1175 2372 1214 vera
2399 1167 2558 1230 atque
2585 1168 2854 1229 perpetua,
2886 1167 2939 1215 et
2972 1159 3305 1216 desideretur
3342 1161 3541 1218 arden-

1953 1251 2087 1316 tius,
2120 1261 2174 1306 et
2210 1251 2494 1306 instantius
2529 1251 2842 1322 inquiratur.
2875 1251 2980 1307 Sed
3010 1254 3146 1309 circa
3173 1267 3266 1309 eos
3294 1251 3394 1308 ista
3423 1268 3541 1308 ser-

1951 1350 2176 1407 vantur,
2208 1342 2274 1396 de
2310 1343 2501 1413 quibus
2539 1343 2825 1412 Apostolus
2863 1344 2991 1399 dicit
3020 1363 3032 1399 :
3064 1343 3265 1399 Scimus
3304 1345 3541 1416 quoniam
3608 1368 3610 1370 τ

1951 1433 2272 1505 diligentibus
2300 1432 2463 1488 Deum
2491 1436 2659 1489 omnia
2687 1445 3021 1507 cooperantur
3048 1436 3100 1491 in
3129 1438 3331 1500 bonum,
3360 1437 3424 1490 iis
3456 1437 3542 1507 qui

1951 1526 2224 1580 secundum
2250 1526 2563 1598 pr0positum
2592 1528 2756 1581 vocati
2781 1538 2896 1583 sunt
2923 1529 3101 1582 sancti.
3139 1528 3391 1593 Quoniam
3419 1542 3543 1598 quos

1951 1629 2068 1672 ante
2111 1618 2393 1688 prwscivit,
2443 1627 2487 1672 et
2537 1620 2908 1690 prwdestinavit
2950 1621 3267 1692 conformes‘
3308 1620 3544 1691 imaginis

1952 1708 2079 1764 Filii
2106 1710 2218 1777 sui,
2251 1720 2305 1763 ut
2333 1710 2396 1764 sit
2426 1709 2534 1781 ipse
2575 1711 2933 1782 primogenitus
2973 1709 3028 1764 in
3068 1711 3239 1764 multis
3279 1710 3540 1781 fratribus.

1955 1799 2093 1866 Quos
2122 1811 2288 1855 autem
2319 1801 2709 1873 prcedestinavit,
2741 1801 2857 1856 illos
2885 1811 2932 1856 et
2957 1801 3183 1865 vocavit;
3223 1809 3268 1854 et
3304 1817 3428 1871 quos
3455 1816 3542 1855 vo-

1952 1894 2100 1959 cavit,
2133 1894 2250 1948 illos
2278 1903 2323 1948 et
2343 1894 2680 1965 justi/ienuit;
2709 1911 2832 1964 quos
2860 1903 3026 1949 autem
3049 1893 3346 1964 justi/ienuit
3366 1935 3382 1959 ,
3409 1893 3547 1962 ipsos

1952 1994 2000 2038 et
2022 1985 2342 2057 glori/ienuit.
2372 1985 2570 2039 Horum
2592 1985 3090 2055 prmdestinatorum
3113 2000 3269 2040 neruo
3293 1999 3413 2039 cum
3435 1983 3549 2038 dia-

1953 2075 2076 2131 bolo
2106 2076 2372 2147 peribit';
2405 2091 2565 2132 nemo
2610 2091 2776 2146 usque
2824 2076 2889 2130 ad
2932 2086 3158 2131 mortem
3204 2076 3303 2130 sub
3349 2073 3544 2129 diaboli

1953 2176 2213 2239 potestate
2244 2169 2561 2224 remanebit.
2592 2168 2794 2223 Deinde
2819 2168 3058 2238 sequitur
3083 2165 3221 2237 quod
3243 2165 3353 2236 jam
3385 2179 3545 2234 supra

1953 2261 2366 2315 commemoravi
2403 2259 2552 2332 (Cap.
2577 2261 2666 2330 11)
2695 2276 2708 2313 :
2742 2259 2877 2326 Quid
2914 2276 3032 2330 ergo
3057 2257 3277 2312 dicemus
3303 2256 3370 2310 ad
3397 2255 3548 2311 lucc?

1954 2352 2017 2408 Si
2043 2351 2183 2407 Deus
2213 2370 2305 2423 pro
2331 2351 2501 2418 nobis,
2534 2353 2645 2421 quis
2674 2361 2852 2405 contra
2869 2351 3012 2404 nos?
3043 2348 3144 2415 Qui
3172 2347 3309 2402 Filio
3340 2346 3546 2418 proprio

1954 2462 2054 2500 non
2076 2445 2316 2518 pepercit,
2345 2446 2434 2499 sed
2455 2461 2547 2514 pro
2569 2443 2712 2498 nobis
2731 2442 2961 2497 omnibus
2982 2441 3191 2496 tradidit
3211 2441 3392 2503 illum;
3416 2453 3546 2510 quo-

1953 2538 2105 2592 modo
2133 2555 2234 2594 non
2261 2545 2447 2594 etcum
2473 2537 2562 2593 illo
2589 2537 2757 2593 omnia
2793 2535 2933 2591 nobis
2975 2534 3180 2591 donavit
3223 2532 3398 2608 (Rom.
3429 2545 3543 2596 vnt,

1953 2630 2191 2703 28-52)

2025 2723 2118 2779 2|.
2151 2723 2261 2780 Cur
2289 2739 2418 2796 ergo
2449 2739 2554 2779 non
2579 2722 2734 2780 ﬁeret
2759 2737 2906 2778 mors
2927 2718 3162 2778 Christi?
3187 2716 3304 2774 Imo
3322 2733 3420 2774 cur
3439 2731 3547 2772 non

1957 2819 2334 2890 praetermissis
2363 2819 2484 2874 aliis
2513 2817 2993 2874 innumerabilibus
3022 2813 3195 2870 modis
3215 2856 3230 2879 ,
3259 2811 3452 2884 quibus
3479 2809 3548 2866 ad

1957 2927 2058 2968 nos
2102 2911 2410 2968 liberandos
2453 2913 2529 2966 uti
2572 2917 2757 2982 posset
2780 2908 3152 2978 Omnipotens,
3187 2905 3298 2974 ipsa
3330 2900 3549 2973 potissi-

1957 3021 2103 3060 mum
2131 3005 2420 3076 eligeretur
2447 3011 2505 3058 ut
2531 3003 2718 3069 ﬁeret;
2745 3001 2836 3057 ubi
2877 3015 2977 3056 nec
3011 2998 3079 3054 de
3119 2997 3398 3053 divinitate
3435 2994 3550 3064 ejus

1957 3096 2158 3168 aliquid
2188 3095 2524 3152 imminutum
2553 3103 2635 3150 est
2672 3101 2765 3149 aut
2795 3100 3053 3148 mutatum
3077 3131 3091 3156 ,
3121 3099 3176 3146 et
3203 3089 3272 3144 de
3300 3087 3551 3143 humani-

1957 3197 2068 3244 tate
2090 3196 2333 3259 suscepta
2354 3195 2560 3242 tantum
2583 3184 2831 3241 beneficii
2847 3183 3100 3239 collatum
3119 3191 3198 3236 est
3218 3179 3550 3244 hominibus,

1958 3291 2019 3338 ut
2058 3297 2089 3336 a
2133 3280 2228 3336 Dei
2275 3279 2412 3336 Filio
2457 3278 2786 3349 sempiterno
2825 3275 3124 3345 eodemque
3171 3271 3403 3327 hominis
3443 3269 3555 3323 tilio

1959 3391 2105 3432 mors
2136 3372 2446 3444 temporalis
2475 3372 2710 3427 indebita
2740 3369 3072 3433 redderetur,
3104 3381 3206 3438 qua
3236 3379 3329 3420 eos
3354 3377 3554 3418 assem-

1961 3469 2168 3540 piterna
2196 3476 2370 3522 morte
2397 3465 2575 3520 debita
2606 3462 2897 3519 liberaret?
2923 3461 3147 3517 Peccata
3175 3467 3357 3513 nostra
3380 3455 3556 3510 diabo-

1961 3559 2046 3615 lus
2072 3557 2321 3624 tenebat,
2352 3566 2407 3614 et
2446 3571 2542 3626 per
2568 3555 2654 3610 illa
2691 3569 2790 3609 nos
2826 3553 3021 3607 merito
3047 3549 3243 3621 ﬁgebat
3273 3550 3323 3603 in
3354 3556 3550 3602 morte.

1961 3650 2170 3706 Dimisit
2199 3664 2261 3705 ea
2290 3647 2378 3703 ille
2406 3648 2496 3718 qui
2523 3661 2618 3702 sua
2649 3661 2754 3701 non
2786 3643 3036 3709 habebat,
3069 3652 3122 3697 ct
3151 3642 3218 3697 ab
3246 3641 3335 3695 illo
3364 3640 3553 3694 imme—
3629 3705 3643 3726 ⁸

1962 3742 2068 3798 rito
2110 3750 2193 3797 est
2238 3739 2527 3812 perductus
2571 3738 2637 3793 ad
2683 3745 2932 3792 mortem.
2961 3733 3117 3790 Tanti
3144 3733 3312 3788 valuit
3335 3733 3550 3803 sanguis

1963 3835 2088 3899 ille,
2122 3841 2180 3888 ut
2218 3830 2486 3887 neminem
2514 3830 2729 3886 Christo
2770 3828 3015 3882 indutum
3058 3827 3111 3880 in
3155 3833 3354 3881 mterna
3384 3833 3556 3878 morte

1965 3926 2145 3982 debita
2166 3924 2406 3978 detinere
2428 3922 2692 3988 debuerit,
2718 3920 2808 3991 qui
2831 3919 3101 3974 Christum
3125 3927 3298 3972 morte
3321 3915 3555 3970 indebita

1966 4017 2048 4072 vel
2094 4016 2162 4071 ad
2207 4025 2416 4086 tempus
2458 4013 2670 4069 occidit.
2713 4011 3042 4068 Commendat
3087 4024 3216 4080 ergo
3260 4008 3557 4063 charitatem

1967 4127 2114 4164 suam
2143 4109 2281 4163 Deus
2312 4109 2365 4162 in
2396 4107 2579 4162 nobis:
2618 4106 2857 4178 quoniam
2905 4121 3018 4158 cum
3063 4103 3230 4157 adhuc
3274 4094 3576 4173 peccatores

1968 4219 2187 4260 essemus
2207 4244 2222 4268 ,
2250 4201 2482 4257 Christus
2521 4217 2612 4272 pro
2638 4199 2780 4254 nobis
2809 4208 3039 4253 mortuus
3063 4207 3156 4250 est.
3187 4194 3354 4249 Multo
3395 4193 3555 4264 magis

1958 4296 2234 4370 justi/icati
2259 4310 2395 4348 nunc
2422 4297 2475 4348 in
2507 4297 2754 4364 sanguine
2778 4293 2942 4362 ipsius
2962 4335 2975 4358 ,
3006 4291 3133 4346 salvi
3160 4290 3348 4343 erimus
3381 4287 3444 4340 ab
3481 4287 3559 4339 ira

1970 4407 2059 4460 per
2079 4390 2270 4459 ipsum.
2291 4385 2590 4456 Justificati,
2617 4385 2804 4455 inquit,
2830 4385 2881 4438 in
2907 4385 3150 4455 sanguine
3174 4383 3333 4452 ipsius
3362 4396 3380 4434 :
3404 4380 3562 4450 justi-

1970 4482 2111 4536 ticati
2157 4482 2311 4551 plane
2337 4480 2392 4536 in
2423 4495 2488 4536 eo
2515 4478 2658 4548 quod
2697 4494 2727 4533 a
2769 4478 3000 4548 peccatis
3030 4475 3275 4531 omnibus
3313 4474 3558 4539 liberati;

1968 4575 2177 4629 liberati
2199 4583 2378 4628 autem
2409 4587 2438 4627 a
2468 4571 2704 4643 peccatis
2724 4570 2991 4634 omnibus,
3014 4570 3267 4639 quoniam
3293 4581 3386 4636 pro
3410 4565 3562 4620 nobis

1970 4674 2052 4722 est
2087 4665 2176 4720 Dei
2202 4664 2494 4736 Filius,qui
2522 4664 2724 4718 nullum
2750 4661 3240 4728 habebat,occisus.
3265 4659 3409 4714 Salui
3429 4671 3560 4724 ergo

1970 4758 2155 4812 erimus
2181 4759 2244 4812 ab
2269 4758 2346 4811 ira
2371 4774 2459 4826 per
2484 4757 2654 4826 ipsum
2681 4772 2700 4810 :
2729 4755 2795 4810 ab
2823 4755 2902 4810 ira
2930 4755 3112 4824 utique
3146 4752 3259 4818 Dei,
3282 4766 3398 4820 qum
3427 4747 3560 4802 nihil

1975 4861 2058 4907 est
2083 4849 2228 4905 aliud
2259 4865 2421 4920 quam
2446 4850 2588 4920 justa
2616 4847 2870 4903 vindicta.
2904 4846 3019 4900 Non
3050 4845 3188 4898 enim
3221 4843 3357 4896 sicut
3385 4839 3560 4893 homi-

1971 4946 2056 5000 nis
2077 4987 2090 5010 ,
2123 4945 2286 4999 animi
2319 4941 2649 5012 perturbatio
2673 4949 2756 4996 est
2781 4942 2858 4995 ira
2887 4940 2982 4995 Dei
3011 4936 3140 4996 :sed
3172 4935 3313 4990 illius
3341 4935 3414 4988 ira
3442 4938 3559 4999 est,

1973 5037 2060 5092 cui
2084 5037 2214 5092 dicit
2238 5020 2343 5090 alio
2373 5035 2494 5090 loco
2518 5044 2698 5089 sancta
2724 5033 3017 5102 Scriptura,
3045 5028 3117 5084 Tu
3137 5038 3324 5095 autent,
3351 5027 3566 5080 Domine

1973 5131 2212 5184 uirtutum
2233 5171 2247 5194 ,
2279 5146 2393 5183 cum
2419 5128 2784 5198 tranquillitate
2812 5125 3018 5196 judicas
3047 5123 3201 5194 (Sap.
3230 5137 3303 5177 xu
3325 5161 3342 5190 ,
3368 5117 3477 5192 18).
3505 5119 3563 5174 Si

1977 5240 2106 5295 ergo
2131 5225 2270 5292 justa
2303 5222 2481 5277 divina
2511 5221 2742 5276 vindicta
2776 5219 2879 5275 tale
2905 5234 3098 5274 nomen
3127 5216 3365 5287 accepit,
3403 5212 3565 5270 etiam

1977 5317 2338 5375 reconciliatio
2385 5317 2476 5370 Dei
2523 5331 2640 5385 quae
2686 5323 2831 5370 recte
2876 5313 3188 5382 intelligitur
3207 5310 3249 5376 ³,
3298 5309 3396 5366 nisi
3440 5323 3561 5363 cum

1980 5412 2100 5466 talis
2130 5412 2208 5465 ira
2236 5408 2448 5463 linitur?
2479 5407 2588 5462 Nec
2617 5406 2816 5461 inimici
2846 5421 3060 5461 eramus
3089 5404 3218 5471 Deo,
3247 5402 3347 5457 nisi
3379 5401 3567 5472 queui-

1979 5504 2268 5560 admodum
2289 5501 2506 5574 justitiae
2531 5509 2659 5556 sunt
2689 5500 2903 5556 inimica
2929 5507 3166 5572 peceata,
3194 5496 3386 5570 quibus
3406 5491 3569 5550 remis

2045 5662 2062 5693 ί
2082 5661 2168 5725 llic
2189 5659 2307 5725 editi
2343 5658 2543 5722 addunt,
2573 5657 2716 5725 ﬁeri;
2751 5659 2882 5724 quod
2913 5674 2944 5711 a
2976 5667 3082 5712 Mss.
3108 5668 3210 5712 eta
3232 5673 3392 5724 graeco
3428 5657 3572 5704 texui

1981 5722 2190 5787 Apostoli
2211 5724 2369 5772 abest.

2045 5789 2066 5818 ²
2085 5794 2210 5834 Mss.
2230 5782 2371 5834 verit.

2048 5798 2406 5920 igii’opfm”
2542 5844 2826 5920 intelligitur
2840 5860 2876 5920 ,fg
2893 5860 3151 5920 perperam
3172 5845 3333 5900 addita
3351 5849 3571 5915 nexam

1986 5909 2235 5978 particula,
2258 5922 2355 5975 qua
2377 5906 2620 5962 editiones
2641 5906 2748 5961 alia:
2771 5917 2825 5963 et
2973 5906 3159 5964 carent.
