4076 6434
577 334 711 392 1051

574 452 652 507 sis
682 448 814 503 tales
840 444 1127 501 inimicitite
1149 442 1425 511 finiuntur,
1456 449 1513 499 et
1533 442 1946 498 reconciliantur
1968 442 2113 511 justo
2138 442 2155 473 ⁸

577 559 711 616 quos
751 544 864 612 ipse
898 540 1170 610 justificat.
1212 538 1357 605 Quos
1387 547 1563 592 tamen
1590 537 1752 593 etiam
1783 536 2028 591 inimicos
2059 536 2162 590 uti-

576 654 679 708 que
701 636 891 690 dilexit
916 652 928 687 :
954 632 1379 703 quandoquidem
1404 631 1610 701 proprio
1634 628 1771 684 Filio
1794 646 1894 684 non
1918 630 2158 700 pepercit,

575 731 662 783 sed
693 744 783 798 pro
807 726 946 781 nobis
972 724 1201 779 omnibus
1220 767 1233 787 ,
1260 740 1382 779 cum
1426 724 1599 778 adhuc
1642 723 1842 777 inimici
1878 737 2118 777 essemus
2140 763 2155 789 ,

575 822 783 877 tradidit
811 838 946 875 eum.
979 821 1140 874 Recte
1163 835 1291 889 ergo
1318 818 1608 888 Apostolus
1636 826 1854 873 secutus
1882 815 2156 885 adjuuxit,

576 913 638 969 Si
667 914 799 967 enim
829 928 941 965 cum
971 912 1161 964 inimici
1188 927 1438 977 essemus,
1480 909 1792 964 reconciliati
1831 924 2005 962 sumus
2049 905 2157 962 Deo

576 1026 664 1079 per
690 1018 897 1062 mortem
920 1006 1043 1060 Filii
1070 1008 1198 1078 ejus,
1228 1024 1321 1077 per
1350 1021 1509 1077 quam
1532 1006 1665 1060 facta
1692 1014 1775 1060 est
1800 1004 1887 1058 illa
1912 1002 2157 1059 remissio

575 1111 947 1172 peccatorum;
982 1101 1140 1154 multo
1166 1100 1326 1171 magis
1355 1098 1663 1153 reconciliati
1711 1097 1837 1151 salvi
1881 1096 2065 1150 erimus
2105 1096 2158 1149 in

575 1195 674 1248 vita
702 1194 880 1265 ipsius.
913 1193 967 1246 ln
996 1193 1102 1247 vita
1132 1192 1281 1256 salvi,
1311 1190 1399 1261 qui
1428 1206 1523 1260 per
1553 1196 1778 1243 mortem
1802 1187 2153 1243 reconciliati.

573 1287 705 1352 Quis
734 1287 875 1341 enim
906 1285 1108 1339 dubitet
1135 1284 1380 1338 daturum
1406 1282 1593 1337 amicis
1633 1281 1793 1335 vitam
1822 1295 1971 1334 suam
2002 1321 2017 1346 ,
2060 1292 2159 1348 pro

574 1380 765 1448 quibus
793 1377 1020 1431 inimicis
1048 1375 1195 1431 dedit
1221 1383 1448 1429 mortem
1477 1374 1665 1428 suam?
1699 1371 1822 1425 Non
1859 1372 2024 1426 solum
2059 1388 2155 1424 au-

574 1480 691 1535 tem,
726 1469 917 1539 inquit,
949 1468 1034 1522 sed
1054 1477 1099 1521 et
1129 1466 1406 1537 gloriamur
1432 1465 1485 1518 in
1510 1463 1618 1517 Deo
1645 1480 1735 1534 per
1759 1462 2036 1516 Dominum
2067 1476 2158 1515 no-

572 1570 731 1615 strum
753 1559 929 1613 Jesum
956 1557 1229 1621 Christum,
1261 1573 1347 1626 per
1372 1572 1516 1625 quem
1538 1571 1671 1608 nunc
1698 1554 2157 1608 reconciliationem

571 1652 877 1721 accepimus.
908 1648 1028 1702 Non
1058 1648 1251 1714 solum,
1282 1647 1389 1710 ait,
1423 1645 1552 1700 salvi
1580 1645 1811 1709 erimus,
1839 1643 1927 1697 sed
1966 1652 2011 1697 et
2042 1643 2156 1712 glo-

570 1744 766 1796 riamur
788 1758 806 1795 :
828 1755 927 1794 nec
956 1739 1008 1793 in
1039 1738 1191 1793 nobis
1212 1780 1225 1805 ,
1256 1738 1348 1793 sed
1374 1737 1425 1790 in
1448 1736 1593 1800 Deo;
1622 1750 1721 1790 nec
1762 1750 1857 1804 per
1887 1749 1986 1789 nos
2005 1775 2020 1801 ,
2062 1733 2157 1788 sed

572 1850 663 1903 per
691 1832 967 1885 Dominum
988 1841 1214 1884 nostrum
1237 1827 1414 1883 Jesum
1436 1828 1711 1894 Christum,
1736 1844 1824 1898 per
1849 1843 1994 1897 quem
2025 1843 2157 1880 nunc

571 1926 1027 1980 reconciliatione»:
1070 1923 1354 1991 accepimus
1376 1962 1391 1987 ,
1426 1920 1717 1976 secundum
1748 1936 1809 1974 ea
1840 1936 1959 1989 qua:
1999 1934 2158 1988 supe-

572 2016 683 2071 rius
711 2015 973 2085 disputata
1000 2024 1142 2069 sunt.
1169 2013 1370 2069 Deinde
1401 2012 1671 2082 subjungit
1697 2012 2006 2082 Apostolus,
2032 2010 2158 2065 Pro-

570 2118 683 2178 pter
727 2111 821 2161 hoc
858 2107 987 2160 sicut
1031 2123 1119 2177 per
1158 2122 1317 2159 unum
1356 2104 1608 2158 hominem
1646 2112 1906 2174 peccatum
1943 2104 1995 2156 in
2026 2104 2157 2157 hunc

572 2199 818 2253 mundum
860 2199 1099 2261 intravit,
1146 2207 1192 2251 et
1242 2213 1331 2267 per
1376 2206 1638 2267 peccatum
1686 2212 1854 2261 mors,
1905 2205 1951 2249 et
1992 2196 2065 2249 ita
2104 2196 2158 2249 in

572 2308 742 2347 omnes
768 2290 993 2344 homines
1016 2306 1152 2344 mors
1182 2288 1491 2359 pertransiit,
1522 2289 1575 2341 in
1603 2304 1699 2357 quo
1723 2303 1895 2341 omnes
1923 2302 2157 2357 peccave-

572 2391 687 2436 runt
717 2381 890 2455 (Rom.
917 2380 1186 2454 v,8-12):
1223 2390 1278 2436 et
1304 2390 1526 2448 caetera,
1567 2381 1620 2435 in
1664 2380 1859 2450 quibus
1901 2379 2158 2450 prolixius

572 2474 640 2532 de
661 2475 869 2532 duobus
896 2475 1201 2531 hominibus
1226 2474 1491 2545 disputat;
1520 2488 1628 2528 uno
1657 2472 1953 2543 eodemque
1982 2472 2157 2543 primo

572 2570 764 2634 Adam,
795 2587 889 2641 per
909 2571 1060 2640 cujus
1088 2578 1362 2639 peccatum
1388 2578 1442 2623 et
1466 2576 1693 2622 mortem
1716 2576 1963 2637 tanquam
1988 2564 2159 2620 luere-

574 2661 777 2717 dilariis
809 2662 961 2716 malis
993 2662 1191 2731 posteri
1219 2661 1337 2730 ejus
1362 2659 1579 2730 obligati
1606 2672 1819 2723 sumus;
1854 2658 2022 2711 altero
2061 2672 2159 2711 au-

574 2762 680 2809 tem
710 2753 945 2809 secundo
970 2754 1158 2820 Adam,
1187 2753 1277 2823 qui
1304 2768 1409 2807 non
1438 2753 1599 2806 homo
1629 2760 1854 2814 tantum,
1880 2748 1973 2803 sed
1996 2748 2157 2802 etiam

575 2845 715 2900 Deus
738 2854 820 2900 est
840 2888 853 2911 ,
885 2861 989 2915 quo
1019 2861 1114 2915 pro
1142 2845 1293 2899 nobis
1324 2845 1565 2899 solvente
1588 2843 1732 2914 qund
1766 2858 1870 2897 non
1904 2842 2153 2908 debebat,

571 2951 601 2991 a
655 2936 846 2991 debitis
903 2944 959 2990 et
1005 2936 1241 3005 paternis
1295 2944 1350 2990 et
1402 2935 1631 3005 propriis
1684 2934 1894 2989 liberati
1948 2948 2153 2987 sumus.

572 3028 803 3084 Proinde
824 3029 1074 3099 quoniam
1116 3038 1334 3098 propter
1359 3044 1523 3082 unum
1552 3028 1697 3081 illum
1724 3028 1941 3082 tenebat
1966 3026 2153 3081 diabo-

574 3118 659 3172 lus
698 3135 883 3173 omues
925 3135 1020 3188 per
1052 3119 1168 3188 ejus
1197 3119 1433 3172 vitiatam
1461 3118 1728 3173 carnalem
1770 3118 2155 3188 concupiscen-

576 3210 701 3264 tiam
728 3219 1030 3278 generatos,
1057 3210 1261 3279 justum
1284 3217 1366 3263 est
1391 3217 1449 3273 ut
1476 3217 1696 3278 propter
1720 3208 1863 3263 hunc
1887 3224 2052 3264 unum
2077 3208 2158 3264 di-

571 3303 745 3358 mittat
771 3317 956 3357 omues
990 3318 1084 3372 per
1114 3302 1280 3372 ipsius
1307 3302 1701 3357 immaculatam
1735 3304 1961 3373 gratiam
1992 3306 2152 3373 Spiri-

570 3394 764 3449 tualem
793 3403 1156 3464 regeneratos.

638 3485 866 3542 CAPUT
889 3485 1216 3542 XVll.—-22.
1232 3487 1345 3541 Alia
1358 3488 1720 3543 incarnationis
1732 3489 2157 3546 commoda.Sunt

570 3585 625 3633 et
644 3578 746 3631 alia
768 3578 934 3632 multa
954 3594 1070 3648 qua:
1093 3579 1145 3632 in
1157 3577 1352 3633 Christi
1373 3580 1755 3646 iucarnatioae,
1777 3598 1894 3652 qua:
1912 3582 2156 3652 superbis

570 3671 851 3742 displicet,
884 3672 1165 3727 salubriter
1202 3673 1453 3727 intuenda
1491 3683 1649 3743 atque
1684 3675 1964 3743 cogitanda
2007 3684 2151 3730 sunt.

568 3765 805 3833 Quorum
844 3773 927 3819 est
966 3780 1157 3829 unum,
1186 3765 1325 3835 quod
1352 3764 1774 3819 demonstratum
1802 3774 1885 3819 est
1913 3766 2113 3820 homini
2133 3808 2148 3832 ,

568 3874 725 3929 quem
740 3859 913 3913 locum
933 3858 1154 3913 haberet
1170 3859 1220 3911 in
1240 3858 1541 3926 rebusquas
1553 3859 1791 3912 condidit
1812 3861 1948 3914 Deus
1965 3879 1977 3915 :
1996 3876 2155 3929 quau-

568 3952 851 4023 doquidem
870 3954 946 4008 sic
963 3953 1073 4007 Deo
1090 3952 1335 4021 conjungi
1356 3952 1525 4021 potuit
1542 3954 1772 4007 humana
1792 3964 1997 4020 natura,
2014 3964 2071 4010 ut
2088 3972 2155 4011 ex

568 4043 774 4099 duabus
789 4045 1099 4099 substantiis
1114 4045 1377 4099 ﬁeretuua
1397 4060 1719 4115 persona,ac
1739 4062 1831 4116 per
1847 4046 1947 4101 hoc
1960 4047 2069 4116 jam
2088 4064 2155 4104 ex

570 4138 756 4199 tribus,
781 4138 906 4203 Deo,
924 4138 1098 4191 anima
1115 4147 1170 4193 et
1187 4154 1374 4192 carne:
1391 4149 1447 4192 ut
1473 4132 1687 4207 superbi
1714 4140 1785 4193 illi
1810 4140 2027 4211 maligni
2046 4144 2154 4211 spi-

569 4230 720 4293 ritus,
741 4230 905 4299 quise
922 4229 986 4283 ad
1013 4230 1385 4299 decipiendum
1403 4232 1553 4299 quasi
1570 4231 1635 4285 ad
1658 4232 2015 4299 adjuvandum
2041 4252 2153 4291 me-

569 4322 685 4378 dios
708 4322 1072 4391 interponunt,
1104 4339 1208 4375 non
1236 4321 1354 4375 ideo
1375 4338 1433 4376 se
1458 4322 1687 4377 audeant
1720 4326 1920 4379 homini
1948 4342 2155 4396 prtepo-

573 4430 721 4480 uere,
737 4416 856 4483 quia
877 4430 979 4468 non
1004 4414 1202 4468 habent
1218 4429 1461 4477 carnem;
1486 4424 1537 4469 et
1556 4417 1783 4471 maxime
1805 4417 1923 4487 quia
1948 4428 2000 4472 et
2016 4422 2151 4475 mori

569 4506 621 4561 in
646 4506 832 4560 eadem
856 4521 1017 4561 carne
1038 4506 1283 4577 dignatus
1301 4515 1383 4560 est
1403 4506 1565 4561 Filius
1587 4509 1700 4573 Dei,
1719 4526 1784 4563 ne
1812 4510 1930 4566 ideo
1952 4512 2025 4565 illi
2046 4521 2154 4568 tan-

569 4614 729 4670 quam
768 4598 898 4654 deos
937 4614 995 4653 se
1034 4599 1137 4652 culi
1174 4599 1561 4669 persuadeant,
1594 4602 1715 4671 quia
1748 4602 1991 4659 videntur
2029 4622 2152 4661 esse

558 4690 919 4761 immortales.
951 4689 1153 4745 Deinde
1176 4732 1191 4757 ,
1234 4702 1291 4745 ut
1329 4691 1497 4761 gratia
1541 4692 1632 4745 Dei
1663 4694 1816 4748 nobis
1838 4697 1856 4725 ²
1888 4697 2000 4751 sine
2030 4698 2151 4752 ullis

569 4782 992 4853 praecedentibus
1015 4782 1220 4836 meritis
1242 4782 1291 4835 in
1327 4783 1541 4837 homine
1566 4780 1779 4837 Christo
1804 4788 2149 4841 commenda-

570 4884 717 4929 retur
748 4892 761 4926 :
793 4874 915 4943 quia
946 4888 1044 4928 nec
1074 4874 1187 4943 ipse
1217 4882 1272 4927 ut
1302 4882 1443 4927 tanta
1475 4875 1677 4929 unitate
1722 4875 1830 4930 Deo
1860 4893 1987 4932 vero
2016 4893 2149 4933 con-

567 4965 781 5036 junctus
808 4979 911 5018 una
938 4980 1057 5018 cum
1084 4965 1176 5019 illo
1204 4980 1426 5034 persona
1452 4965 1472 4995 ³
1502 4965 1668 5021 Filius
1702 4966 1793 5022 Dei
1824 4968 1991 5032 ﬁeret,
2025 4971 2151 5027 ullis

569 5064 653 5112 est
678 5055 1099 5126 praecedentibus
1130 5056 1333 5110 meritis
1362 5067 1667 5123 assecutus;
1700 5058 1794 5113 sed
1827 5075 1891 5113 ex
1920 5076 2023 5130 quo
2049 5061 2166 5116 ho-'

570 5164 659 5203 mo
688 5163 809 5204 esse
838 5149 1020 5219 coepit,
1048 5164 1112 5202 ex
1141 5149 1231 5203 illo
1256 5158 1415 5203 estet
1446 5149 1587 5204 Deus
1613 5166 1625 5203 :
1655 5150 1795 5205 unde
1820 5151 2016 5207 dictum
2043 5162 2145 5220 est,

582 5238 796 5297 Verbum
825 5259 943 5296 caro
968 5242 1159 5310 factum
1181 5250 1250 5294 est
1281 5240 1453 5314 (Joan.
1480 5258 1518 5308 ι,
1550 5244 1661 5313 II).
1692 5243 1862 5297 Etiam
1893 5245 2020 5299 illud
2043 5255 2145 5315 est,

567 5342 627 5387 ut
652 5334 900 5403 superbia
928 5333 1159 5388 hominis
1179 5349 1297 5403 qua:
1318 5336 1553 5389 maxime
1574 5335 1955 5404 impedimento
1981 5348 2150 5393 estne

570 5425 894 5481 intuerentur
922 5426 1032 5481 Deo
1052 5468 1066 5492 ,
1099 5442 1195 5497 per
1225 5436 1423 5481 tantam
1457 5427 1548 5481 Dei
1580 5427 1928 5484 humilitatem
1967 5429 2151 5485 redar-

576 5517 668 5588 gui
712 5528 892 5588 posset
936 5529 1096 5590 atque
1137 5519 1332 5574 sanari.
1378 5518 1541 5574 Discit
1566 5535 1774 5589 quoque
1800 5521 1961 5575 homo
1985 5535 2145 5591 quam

635 5652 654 5717 ᾎ
676 5653 753 5717 sic
768 5659 873 5717 Mss.
900 5659 956 5701 Αι
979 5654 1114 5717 editi,
1139 5666 1243 5717 pro,
1258 5653 1411 5717 justo,
1433 5654 1633 5716 habent,
1664 5664 1777 5706 Deo.

634 5716 657 5747 ³
679 5715 814 5774 Editi,
840 5713 893 5763 in
913 5715 1065 5764 nobis.
1091 5713 1411 5765 Etheiidantur
1433 5730 1496 5765 ex
1521 5713 1626 5767 Mss.

634 5742 656 5747 -
679 5742 814 5774 mia,
843 5742 893 5763 us
913 5742 1065 5764 ηυυω.
1092 5742 1410 5765 uucuuausur
1433 5742 1496 5765 cn
1521 5742 1626 5767 tuba.
2156 5742 2157 5747 ‘

633 5776 656 5808 ³
921 5775 1119 5835 addunt,
1138 5776 1192 5827 id
1222 5785 1310 5846 est,
1343 5776 1447 5841 ipse
1476 5778 1618 5846 han
1652 5786 1937 5846 assumptus,
1962 5790 2074 5832 mox
2097 5784 2151 5832 ut

569 5835 863 5889 homoctiam
878 5846 1041 5901 Deus;
1063 5852 1174 5901 quae
1195 5835 1347 5890 verba
1363 5835 1461 5891 non
1480 5849 1593 5892 sunt
1608 5844 1656 5891 in
1675 5849 1778 5895 Mss.

1766 5914 1769 5917 ’
2110 5914 2119 5951 ι

1708 324 1796 380 DE
1833 322 2226 391 TRINITATE,
2265 324 2325 382 S.
2361 327 2725 387 AUGUSTINI

3724 346 3868 405 103%

2273 442 2431 515 longe
2458 449 2741 504 recesserit
2766 465 2795 505 a
2825 449 2957 519 Deo,
2988 457 3044 507 et
3068 450 3193 523 quid
3221 451 3299 510 illi
3326 453 3501 512 valeat
3529 457 3593 514 ad
3625 462 3861 519 medici-

2268 538 2444 594 nalem
2474 542 2736 612 dolorem,
2769 545 2981 615 quando
3010 562 3105 617 per
3136 547 3297 603 talem
3321 549 3666 609 Mediatorem
3689 556 3858 623 redit,

2268 631 2359 702 qui
2390 631 2694 691 hominibus
2724 645 2778 691 et
2816 639 2955 693 Deus
2980 638 3256 695 divinitate
3285 643 3569 710 subvenit,
3598 656 3653 701 et
3694 647 3861 705 homo

2268 721 2577 781 inﬁrmitate
2618 731 2889 784 convenit.
2939 730 3091 796 Quod
3126 743 3305 788 autem
3337 736 3511 805 majus
3535 736 3861 796 obedientia:

2268 816 2423 871 nobis
2453 819 2783 887 praeberetur
2810 825 3112 895 exemplum
3137 869 3151 892 ,
3183 829 3273 897 qui
3310 844 3408 897 per
3436 830 3859 888 iuobedientiam

2268 908 2616 978 perieramus,
2640 928 2796 983 quam
2820 915 2933 971 Deo
2954 916 3095 971 Patri
3126 918 3267 973 Deus
3295 918 3461 974 Filius
3482 921 3742 978 obedieus
3766 939 3859 980 us-

2265 1001 2464 1069 que-ad
2491 1012 2720 1060 mortem
2748 1009 2925 1062 crucis
2968 1007 3224 1081 (Philipp.
3269 1026 3343 1077 ιι,
3385 1012 3478 1082 8)?
3507 1012 3666 1081 Quid,
3712 1031 3853 1083 prae-

2266 1093 2431 1148 mium
2474 1097 2643 1166 ipsius
2685 1099 3019 1165 obedientite
3049 1104 3138 1158 tibi
3183 1105 3556 1161 ostenderetur
3585 1110 3781 1164 melius
3812 1112 3851 1178 ί,

2265 1199 2423 1255 quam
2452 1187 2505 1242 in
2535 1203 2697 1245 carne
2725 1192 2854 1246 tanti
2883 1192 3208 1259 Mediatoris,
3233 1213 3351 1266 qua:
3379 1197 3445 1252 ad
3472 1199 3634 1255 vitam
3667 1215 3853 1256 resur-

2264 1278 2403 1333 rexit
2430 1284 2723 1337 aeternam?
2750 1284 3053 1340 Pertinebat
3076 1287 3236 1341 etiam
3259 1288 3324 1342 ad
3350 1290 3609 1357 justitiam
3642 1291 3854 1346 bonita-

2264 1376 2480 1439 temque
2505 1370 2794 1442 Creatoris,
2824 1385 2883 1431 ut
2910 1392 3005 1445 per
3027 1378 3270 1433 eamdem
3298 1380 3611 1435 rationalem
3640 1394 3854 1437 creatu-

2263 1475 2377 1515 ram
2421 1474 2762 1533 superaretur
2803 1466 3049 1523 diabolus
3071 1511 3085 1535 ,
3125 1486 3282 1539 quam
3315 1486 3373 1525 se
3404 1486 3688 1542 superasse
3719 1490 3849 1543 gau-

2263 1552 2451 1620 debat,
2497 1566 2552 1610 et
2596 1557 2663 1611 de
2708 1558 2823 1628 ipso
2866 1575 3062 1630 genere
3108 1563 3445 1628 venientem,
3497 1564 3638 1634 quod
3678 1581 3849 1635 genus

2264 1643 2469 1713 origine
2498 1646 2677 1701 vitiata
2712 1665 2805 1717 per
2832 1665 2993 1703 unum
3027 1651 3245 1704 tenebat
3273 1653 3601 1708 universum.

2334 1734 2559 1791 CAPUT
2598 1738 2785 1794 XVIII.
2807 1772 2880 1781 —
2905 1741 2994 1795 Ξῖ).
3026 1741 3127 1796 Cur
3155 1741 3321 1796 Filius
3350 1743 3445 1797 Dei
3466 1748 3717 1799 hominem
3738 1763 3850 1801 sus-

2265 1828 2394 1896 cepit
2419 1828 2481 1881 de
2506 1846 2683 1899 genere
2711 1830 2863 1895 Adda,
2895 1842 2940 1884 et
2977 1848 3039 1887 ea:
3066 1832 3273 1901 virgine.
3318 1833 3531 1889 Poterat
3560 1836 3703 1890 enim
3736 1840 3843 1892 uti-

2263 1934 2367 1990 que
2409 1921 2546 1975 Deus
2578 1921 2848 1977 hominem
2895 1924 3108 1979 aliunde
3149 1926 3419 1997 suscipere
3439 1968 3454 1993 ,
3484 1928 3535 1981 iu
3567 1944 3673 1998 quo
3700 1941 3845 1986 esset

2265 2012 2529 2067 mediator
2577 2014 2667 2069 Dei
2722 2024 2778 2070 et
2831 2016 3141 2081 hominum,
3192 2033 3297 2073 non
3349 2018 3415 2073 de
3460 2035 3656 2089 genere
3706 2022 3846 2080 illius

2264 2103 2465 2169 Adam,
2500 2106 2586 2174 qui
2620 2116 2837 2174 peccato
2866 2122 2963 2163 suo
3006 2123 3173 2176 genus
3212 2107 3464 2179 obligavit
3512 2110 3840 2181 humanum;

2264 2196 2400 2251 sicut
2429 2197 2599 2266 ipsum
2631 2214 2787 2267 quem
2832 2200 3062 2269 primum
3106 2202 3342 2264 creavit,
3375 2218 3480 2257 non
3528 2203 3595 2259 de
3642 2220 3843 2274 genere

2265 2288 2462 2343 creavit
2490 2288 2730 2357 alicujus.
2752 2289 2967 2344 Poterat
2988 2306 3117 2361 ergo
3138 2291 3219 2345 vel
3243 2292 3338 2357 sic,
3373 2294 3454 2347 vel
3481 2294 3583 2349 alio
3609 2311 3717 2365 quo
3742 2298 3845 2352 vel-

2266 2375 2341 2433 let
2365 2378 2527 2433 modo
2553 2394 2736 2433 creare
2762 2395 2923 2435 unum
2950 2381 3113 2436 alium
3136 2381 3202 2437 de
3223 2398 3329 2452 quo
3348 2384 3639 2439 vinceretur
3664 2387 3845 2443 victor

2266 2470 2457 2539 prioris
2482 2486 2495 2522 :
2524 2469 2617 2524 sed
2645 2470 2833 2525 melius
2857 2471 3135 2540 judicavit,
3161 2484 3216 2528 et
3239 2474 3307 2528 de
3333 2475 3446 2545 ipso
3466 2476 3606 2547 quod
3641 2477 3840 2534 victum

2264 2559 2437 2616 fuerat
2466 2577 2661 2632 genere
2688 2576 2962 2618 assumere
2984 2565 3006 2595 ⁸
3038 2565 3305 2620 hominem
3344 2566 3483 2621 Deus
3501 2609 3516 2633 ,
3555 2583 3648 2637 per
3674 2586 3838 2639 quem

2264 2656 2476 2726 generis
2506 2655 2721 2710 humani
2751 2656 2990 2711 vinceret
3016 2657 3321 2723 inimicum;
3351 2668 3404 2713 et
3428 2668 3603 2715 tamen
3631 2676 3696 2715 ex
3726 2662 3839 2716 vir-

2262 2747 2405 2817 gine,
2436 2748 2587 2818 cujus
2612 2757 2925 2819 conceptum
2958 2751 3195 2818 spiritus,
3229 2766 3332 2804 non
3360 2766 3515 2806 caro:
3551 2753 3701 2819 fides,
3732 2770 3841 2810 non

2264 2840 2429 2895 libido
2459 2843 2713 2909 praevenit
2748 2841 2902 2911 (Luc.
2931 2858 2969 2908 i,
3000 2842 3213 2909 26-38).
3258 2842 3366 2898 Nec
3399 2844 3635 2899 interfuit
3662 2848 3840 2903 carnis

2263 2935 2712 3003 concupiscentia,
2738 2950 2831 3004 per
2850 2950 3007 3004 quam
3040 2935 3373 2989 seminantur
3393 2944 3445 2991 et
3471 2938 3841 3006 concipiuntur

2263 3025 2465 3090 caeteri,
2492 3026 2580 3095 qui
2611 3024 2823 3078 trahunt
2852 3025 3107 3094 originale
3135 3035 3409 3094 peccatum
3438 3045 3450 3080 :
3480 3027 3571 3081 sed
3598 3044 3661 3083 ea
3691 3030 3841 3098 peni-

2264 3124 2348 3171 tus
2370 3117 2744 3181 remotissima,
2769 3116 3052 3181 credeudo,
3090 3132 3194 3171 non
3222 3118 3627 3173 concumbendo
3656 3129 3837 3175 sancta

2264 3216 2345 3263 est
2372 3207 2651 3261 fecundata
2682 3208 2985 3277 virginitas;
3021 3216 3079 3261 ut
3104 3208 3232 3262 illud
3260 3209 3399 3277 quod
3431 3210 3748 3265 nascebatur
3771 3226 3838 3266 ex

2261 3301 2552 3371 propagine
2582 3301 2737 3370 primi
2770 3301 3019 3367 hominis,
3051 3303 3419 3356 tantummodo
3446 3304 3653 3371 generis
3673 3346 3686 3369 ,
3729 3320 3836 3359 non

2262 3393 2421 3447 etiam
2449 3392 2689 3446 criminis
2710 3394 2965 3463 originem
2992 3394 3227 3449 duceret.
3258 3394 3583 3451 Nascebatur
3609 3413 3839 3466 namque

2262 3502 2369 3542 non
2418 3487 2853 3558 transgressionis
2899 3487 3216 3557 coiitagione
3264 3489 3443 3543 vitiata
3489 3499 3706 3553 natura,
3740 3491 3835 3545 sed

2262 3582 2496 3635 omnium
2540 3580 2721 3633 talium
2758 3579 3004 3633 vitiorum
3033 3581 3145 3634 sola
3179 3579 3463 3635 medicina.
3512 3580 3837 3636 Nascebatur

2263 3672 2455 3738 homo,
2496 3671 2741 3741 inquam,
2787 3670 2988 3725 nullum
3038 3670 3277 3735 habens,
3309 3673 3507 3727 nullum
3562 3673 3836 3730 habiturus

2261 3764 2480 3819 omnino
2512 3772 2806 3833 peccatum,
2838 3776 2933 3831 per
2957 3778 3113 3831 quem
3142 3771 3547 3818 reuascereutur
3574 3764 3835 3820 liberandi

2260 3872 2289 3910 a
2319 3864 2555 3925 peccato,
2582 3855 2669 3924 qui
2702 3854 2846 3907 nasci
2870 3869 2973 3907 non
3006 3864 3219 3922 possent
3245 3855 3361 3909 sine
3385 3865 3620 3923 peccato.
3647 3858 3839 3922 Quam.

2260 3947 2340 4002 vis
2370 3947 2511 4001 enim
2552 3945 2747 3999 carnali
2791 3945 3219 4013 concupiscentia
3238 3987 3251 4011 ,
3277 3961 3394 4015 quae
3424 3946 3560 4001 inest
3588 3948 3836 4015 genitali-

2262 4039 2360 4094 bus
2387 4039 2639 4094 membris
2658 4079 2673 4103 ,
2703 4038 2835 4092 bene
2868 4046 3046 4091 utatur
3071 4038 3286 4099 castitas
3312 4038 3643 4109 conjugalis;
3677 4039 3838 4095 habet

2262 4142 2435 4187 tamen
2480 4141 2653 4185 motus
2699 4147 2800 4183 non
2848 4129 3207 4193 voluntarios,
3238 4130 3430 4199 quibus
3472 4131 3703 4184 ostendit
3754 4132 3838 4186 vel

2259 4226 2459 4279 nullam
2491 4238 2549 4277 se
2578 4222 2628 4275 in
2659 4220 2904 4290 paradiso
2933 4230 3056 4275 ante
3087 4229 3365 4291 peccatum
3398 4235 3516 4275 esse
3552 4221 3792 4289 potuisse
3817 4263 3835 4287 ,

2257 4315 2341 4369 vel
2387 4330 2489 4368 non
2522 4313 2678 4367 talem
2708 4311 2871 4365 fuisse
2904 4311 2947 4363 si
2979 4310 3109 4376 fuit,
3146 4320 3203 4364 ut
3235 4309 3517 4380 aliquando
3558 4311 3839 4367 resiSIeret

2257 4405 2535 4460 voluntati.
2568 4402 2717 4457 Nunc
2744 4410 2923 4455 autem
2957 4401 3099 4454 illam
3133 4401 3291 4454 talem
3322 4415 3442 4455 esse
3470 4400 3751 4462 sentimus,
3780 4412 3840 4457 ut

2256 4510 2556 4567 repugnans
2582 4495 2681 4565 legi
2711 4502 2924 4557 mentis,
2949 4493 3106 4547 etiam
3138 4492 3181 4545 si
3210 4492 3350 4546 nulla
3376 4500 3458 4547 est
3482 4506 3641 4547 causa
3671 4508 3839 4561 gene-

2253 4590 2429 4655 raudi,
2458 4588 2700 4642 stimulos
2743 4586 2946 4656 ingerat
2994 4584 3258 4639 coeundi:
3292 4585 3381 4639 ubi
3423 4585 3467 4638 si
3515 4586 3563 4639 ei
3604 4587 3834 4650 ceditur,

2260 4679 2528 4751 peccando
2557 4678 2805 4741 satietur;
2834 4674 2878 4729 si
2920 4690 3022 4730 non
3066 4675 3303 4741 ceditur,
3332 4675 3699 4730 dissentiendo
3729 4676 3838 4731 fre-

2260 4782 2415 4827 netur
2439 4789 2450 4824 ε
2480 4785 2597 4839 qua:
2624 4769 2729 4823 duo
2756 4767 2931 4820 aliena
2960 4765 3127 4821 fuisse
3154 4782 3184 4819 a
3216 4765 3461 4835 paradiso
3489 4776 3615 4820 ante
3646 4780 3836 4836 pecca-

2261 4869 2368 4916 tum
2391 4903 2405 4927 ,
2433 4860 2675 4914 dubitare
2715 4858 2832 4928 quis
2878 4857 3077 4926 possit?
3102 4856 3233 4911 Nam
3266 4871 3439 4926 neque
3469 4856 3557 4910 illa
3584 4857 3837 4914 honestas

2260 4954 2484 5010 iaciebat
2509 4951 2705 5022 aliquid
2732 4950 3041 5005 indecorum
3064 4992 3078 5016 ,
3106 4964 3205 5005 nec
3225 4949 3312 5003 illa
3342 4949 3570 5005 felicitas
3597 4950 3836 5019 patieba-

2260 5054 2343 5102 tur
2368 5044 2564 5116 aliquid
2596 5045 2937 5114 impacatum.
2975 5041 3264 5112 Oportebat
3292 5042 3469 5109 itaque
3498 5050 3555 5095 ut
3585 5041 3687 5096 ista
3716 5056 3837 5095 car-

2259 5142 2393 5197 nalis
2438 5137 2871 5208 concupiscentia
2898 5136 3043 5191 nulla
3073 5135 3143 5189 ibi
3170 5144 3313 5189 esset
3337 5134 3588 5199 omnino,
3624 5132 3838 5204 quando

2256 5232 2653 5302 concipiebatur
2696 5230 2913 5300 virginis
2960 5236 3160 5299 partus,
3190 5227 3241 5281 iu
3283 5242 3389 5296 quo
3434 5226 3566 5280 nihil
3613 5226 3833 5296 dignum

2256 5335 2427 5382 morte
2456 5324 2628 5379 fuerat
2655 5324 2985 5387 inventurus,
3014 5328 3069 5376 et
3088 5335 3209 5376 eum
3238 5327 3415 5374 tamen
3443 5318 3722 5373 occisurus
3745 5332 3840 5371 au-

2257 5427 2373 5475 ctor
2400 5415 2623 5482 mortis,
2651 5414 2883 5470 auctoris
2926 5412 3049 5467 vitae
3092 5419 3267 5467 morte
3314 5408 3606 5466 vincendos
3630 5426 3644 5465 :
3669 5410 3840 5464 victor

2246 5628 2247 5631 Ἴ
2320 5658 2435 5719 ξεν.
2457 5656 2603 5719 Lugd.
2630 5664 2745 5705 Ven.
2781 5659 2911 5719 t.ov.,
2942 5649 3075 5714 Quod
3096 5647 3351 5715 pra'mium
3384 5651 3529 5699 tanta
3554 5644 3843 5698 obedientic

2256 5718 2335 5769 ubi
2355 5717 2678 5769 ostenderetur
2701 5717 2883 5766 melius.
2952 5723 3007 5762 M.

2321 5784 2341 5813 ³
2376 5788 2448 5829 Er.
2475 5781 2618 5842 Lugd.
2646 5789 2760 5827 \‘en.
2788 5787 2894 5827 ιον.
2922 5780 2990 5826 sic
3012 5776 3185 5839 legunt
3206 5774 3334 5824 hunc
3364 5772 3520 5825 locum
3538 5806 3554 5835 ,
3577 5778 3630 5823 ιιι
3652 5770 3715 5823 de
3736 5780 3845 5833 Ipso

2262 5843 2387 5895 attod
2412 5844 2585 5894 victum
2608 5842 2763 5903 fuerat
2784 5853 2956 5903 genere
2975 5842 3252 5889 assumeret.
3320 5844 3377 5885 at.
