4104 6446
318 399 458 458 1055

308 514 464 585 primi
498 513 664 569 Adam
691 519 745 569 et
771 519 959 569 tenens
985 524 1152 584 genus
1179 511 1470 571 humanum
1491 558 1506 581 ,
1531 518 1706 574 victus
1735 533 1762 572 a
1793 533 1880 575 se-

309 607 483 664 cundo
509 605 676 660 Adam
704 612 758 659 et
786 604 1033 658 amittens
1075 621 1239 675 genus
1280 606 1660 677 christianum,
1684 609 1878 665 libera-

309 709 420 755 tum
445 714 512 752 ex
540 698 770 752 humano
794 711 990 767 genere
1015 696 1082 750 ab
1107 695 1340 753 humano
1366 699 1610 765 crimine,
1639 715 1737 770 per
1758 717 1878 756 eum

307 791 396 863 qui
427 807 533 846 non
563 798 677 844 erat
701 789 752 844 in
779 788 1020 852 crimine,
1041 789 1280 859 quamvis
1303 798 1447 846 esset
1475 807 1543 847 ex
1567 807 1794 862 genere;
1822 803 1880 848 ut

307 881 561 952 deceptor
597 881 683 936 ille
722 880 789 934 ab
829 895 892 934 eo
924 879 1221 935 vinceretur
1248 895 1476 950 genere,
1507 883 1649 953 quod
1681 883 1881 938 vicerat

304 971 548 1028 crimine.
577 970 644 1026 Et
670 970 770 1026 hoc
795 971 865 1025 ita
894 978 1098 1042 gestum
1125 982 1226 1036 est,
1254 980 1311 1027 ut
1338 972 1498 1028 homo
1528 989 1632 1029 non
1660 976 1881 1031 extolla-

305 1070 418 1128 tur;
446 1061 541 1117 sed
570 1062 654 1130 qui
679 1062 944 1133 gloriatur,
974 1061 1027 1116 in
1055 1061 1274 1118 Domino
1301 1063 1542 1134 glorietur
1569 1065 1640 1135 (Il
1669 1065 1786 1121 Cor.
1815 1082 1878 1133 ι,

305 1155 416 1225 17).
452 1154 553 1221 Qui
579 1153 719 1210 enim
746 1153 920 1209 victus
945 1161 1046 1218 est,
1079 1155 1240 1210 homo
1267 1163 1468 1210 tantum
1496 1166 1642 1223 erat;
1679 1166 1734 1213 et
1760 1157 1881 1213 ideo

301 1249 472 1304 victus
502 1257 612 1314 est,
641 1249 763 1320 quia
793 1249 1021 1318 superbe
1048 1247 1179 1304 deus
1204 1264 1324 1306 esse
1352 1249 1598 1320 cupiebat
1624 1267 1636 1304 :
1662 1250 1752 1320 qui
1780 1265 1879 1306 au-

302 1349 406 1396 tem
438 1341 586 1408 vicit,
616 1351 670 1397 et
697 1340 858 1397 homo
887 1351 1002 1397 erat
1029 1350 1082 1397 et
1108 1342 1280 1410 Deus;
1310 1351 1365 1399 et
1390 1343 1510 1399 ideo
1537 1343 1614 1399 sic
1640 1344 1764 1399 vicit
1784 1359 1880 1399 na-

301 1441 385 1487 tus
411 1448 476 1488 ex
504 1433 742 1502 virgine,
782 1433 904 1504 quia
953 1434 1091 1490 Deus
1136 1433 1430 1503 humiliter,
1459 1450 1566 1490 non
1611 1435 1880 1507 quomodo

299 1529 434 1583 alios
464 1537 711 1594 sanctos,
738 1529 958 1599 regebat
985 1529 1134 1584 illum
1165 1529 1436 1585 hominem
1456 1571 1472 1598 ,
1497 1529 1594 1586 sed
1633 1529 1876 1601 gerebat.

299 1620 428 1678 Haec
455 1629 600 1676 tanta
629 1621 720 1676 Dei
749 1621 888 1676 dona
909 1663 924 1687 ,
957 1632 1011 1678 et
1032 1623 1077 1677 si
1105 1638 1206 1692 qua
1233 1623 1334 1677 alia
1361 1631 1516 1692 sunt,
1542 1639 1660 1694 quae
1685 1622 1754 1679 de
1781 1623 1880 1679 hac

297 1729 359 1769 re
403 1715 558 1770 nobis
597 1723 654 1771 et
693 1729 937 1785 quaerere
965 1731 1105 1770 nunc
1131 1723 1188 1771 et
1211 1716 1477 1773 disserere
1515 1717 1730 1790 longum
1758 1723 1875 1786 est,

247 1783 272 1798 ’
299 1806 409 1861 nisi"
432 1807 664 1861 Verbum
691 1821 818 1862 caro
844 1807 1018 1875 fieret,
1045 1808 1188 1862 nulla
1215 1818 1415 1864 essent.

298 1933 304 1950 .
368 1897 595 1954 CAPUT
620 1897 764 1952 XIX.
781 1929 852 1938 —
877 1898 966 1954 24.
1002 1897 1138 1966 Quid
1156 1899 1226 1953 ad
1247 1899 1524 1968 scientiam,
1553 1899 1675 1974 quid
1699 1900 1766 1955 ad
1788 1917 1876 1956 sa-

298 1989 539 2062 pientiam
593 1992 835 2063 pertineat
890 1992 944 2046 in
997 1991 1159 2047 Verbo
1201 1994 1482 2048 incarnato.
1531 1993 1658 2049 Haec
1700 2005 1877 2050 autem

298 2083 476 2140 omnia
505 2101 622 2154 qua:
652 2099 750 2154 pro
777 2085 930 2140 nobis
959 2084 1191 2140 Verbum
1222 2100 1349 2140 caro
1377 2085 1574 2141 factum
1604 2094 1876 2157 tempora-

297 2175 420 2232 liter
440 2184 497 2233 et
516 2175 755 2233 localiter
774 2176 900 2234 fecit
924 2187 978 2234 et
1006 2179 1241 2250 pertulit,
1266 2179 1557 2235 secundum
1583 2179 1880 2236 distinctio-

297 2281 419 2322 nem
471 2283 628 2339 quam
677 2267 1046 2325 demonstrem
1086 2271 1445 2342 suscepimus,
1486 2270 1552 2325 ad
1598 2269 1876 2326 scientiam

297 2358 583 2428 pertinent,
610 2374 718 2414 non
761 2359 826 2415 ad
870 2359 1203 2430 sapientiam.
1229 2359 1382 2427 Quod
1426 2369 1602 2416 autem
1641 2359 1877 2417 Verbum

297 2460 378 2506 est
406 2453 524 2508 sine
548 2461 786 2523 tempore
812 2461 865 2508 et
890 2452 1006 2508 sine
1031 2453 1171 2519 loco,
1195 2461 1278 2509 est
1303 2454 1448 2509 Patri
1478 2463 1802 2511 coaternum
1823 2463 1878 2512 et

296 2543 492 2616 ubique
521 2552 723 2611 totum;
755 2544 823 2601 de
853 2559 958 2616 quo
987 2544 1032 2600 si
1061 2545 1339 2616 quisquam
1380 2555 1590 2617 potest,
1619 2555 1876 2619 quantum

297 2645 508 2708 potest,
535 2652 780 2694 veracem
819 2636 1060 2709 proferre
1086 2653 1390 2694 sermonem
1413 2680 1428 2707 ,
1453 2654 1632 2696 sermo
1659 2639 1749 2696 ille
1776 2641 1878 2696 erit

297 2729 571 2800 sapientiae
596 2749 610 2785 :
635 2746 698 2786 ac
735 2746 832 2803 per
858 2731 961 2786 hoc
983 2729 1364 2788 Verbum‘caro
1392 2731 1608 2801 factum,
1625 2732 1766 2804 quod
1795 2741 1878 2788 est

297 2817 543 2877 Christus
566 2820 739 2888 Jesus,
766 2830 820 2878 et
843 2822 1117 2894 sapientiae
1143 2822 1421 2880 thesauros
1444 2823 1607 2879 habet
1631 2833 1684 2879 et
1710 2825 1877 2881 scien-

295 2913 403 2968 tiae.
431 2913 560 2970 Nam
605 2917 846 2972 scribens
888 2917 1174 2988 Apostolus
1213 2917 1278 2973 ad
1317 2918 1668 2974 Colossenses
1693 2934 1712 2973 :
1751 2917 1876 2973 Volo

296 3007 426 3060 enim
453 3024 540 3062 vos
567 3009 694 3062 scire
713 3049 727 3074 ,
759 3009 960 3079 inquit,
988 3020 1233 3080 quantum
1261 3021 1512 3066 certamen
1541 3012 1754 3068 habeam
1781 3029 1875 3084 pro

296 3097 430 3152 vobis
450 3139 465 3166 ,
499 3107 545 3153 et
575 3115 667 3170 pro
695 3100 758 3153 iis
787 3101 874 3166 qui
895 3109 1010 3155 sunt
1037 3099 1292 3157 Laodicia
1311 3143 1326 3169 ,
1360 3113 1408 3158 et
1442 3106 1739 3174 quicumque
1774 3120 1876 3160 non

295 3191 524 3245 viderunt
553 3192 733 3260 facient
762 3209 922 3247 meam
960 3194 1013 3248 in
1050 3211 1234 3262 carne;
1273 3205 1328 3249 ut
1371 3198 1691 3252 consolentur
1721 3198 1876 3253 corda

295 3298 485 3347 eorum,
513 3284 733 3354 copulati
761 3284 814 3338 in
839 3286 1080 3341 charitate
1105 3297 1152 3343 et
1177 3288 1231 3342 in
1250 3290 1478 3345 omnibus
1499 3290 1685 3346 divitiis
1711 3293 1876 3363 pleni-

295 3375 485 3429 tudinis
530 3375 848 3446 intellectus,
877 3376 945 3431 ad
983 3379 1386 3448 cognoscendum
1428 3383 1718 3453 mysterium
1746 3383 1872 3452 Dei,

293 3466 429 3536 quod
455 3475 525 3521 est
553 3465 782 3523 Christus
802 3467 972 3535 Iesus,
995 3471 1048 3525 in
1073 3488 1169 3536 quo
1198 3483 1315 3527 sunt
1344 3491 1514 3528 omnes
1540 3475 1761 3530 thesauri
1781 3493 1868 3530 sa-

295 3558 496 3627 pientia
515 3569 563 3614 et
586 3562 804 3617 scientia
823 3563 1101 3619 absconditi
1120 3563 1338 3639 (Coloss.
1361 3584 1418 3636 ιι,
1437 3567 1573 3641 1-5).
1600 3569 1875 3636 Quatenus

294 3661 516 3706 noverat
544 3654 832 3723 Apostolus
866 3654 1145 3713 thesauros
1175 3659 1306 3714 istos
1328 3702 1344 3728 ,
1385 3669 1642 3732 quantum
1686 3677 1874 3719 eorum

293 3752 699 3812 penetraverat,
731 3755 786 3802 et
822 3746 875 3802 in
917 3748 994 3803 eis
1033 3749 1100 3804 ad
1129 3759 1326 3820 quanta
1369 3762 1722 3823 pervenerat,
1752 3755 1874 3826 quis

294 3843 472 3904 potest
499 3838 691 3893 nosse?
715 3839 826 3910 Ego
849 3849 1024 3897 tamen
1051 3844 1340 3900 secundum
1369 3846 1422 3900 id
1453 3848 1592 3918 quod
1614 3848 1870 3920 scriptum

294 3938 407 3993 est,
445 3928 726 4002 Unicuique
753 3945 919 3988 autent
946 3945 1173 3991 nostrum
1199 3938 1350 3992 datur
1374 3942 1710 4012 manifestatio
1737 3943 1864 4015 Spi-

294 4017 418 4072 ritus
461 4021 530 4074 ad
569 4024 882 4080 utilitatem:
909 4027 1000 4080 alii
1044 4028 1244 4098 quidem
1287 4031 1442 4085 datur
1490 4050 1579 4104 per
1624 4035 1870 4105 Spiritum

294 4124 456 4164 sermo
484 4115 762 4182 sapientia,
790 4117 881 4170 alii
908 4134 1070 4173 sermo
1091 4121 1313 4176 scientia
1339 4125 1616 4180 secundum
1642 4129 1871 4184 eumdem

295 4199 546 4271 Spiritum
567 4204 619 4276 (l
643 4204 758 4260 Cor.
781 4224 877 4272 xu,
906 4210 956 4276 7,
986 4210 1066 4283 8),
1095 4212 1140 4267 si
1171 4214 1243 4268 ita
1273 4215 1411 4271 inter
1436 4231 1495 4273 se
1521 4218 1720 4276 distant
1748 4221 1866 4278 haec

293 4289 397 4346 duo
416 4334 432 4359 ,
459 4301 516 4348 ut
561 4297 815 4365 sapientia
843 4299 1036 4356 divinis
1055 4344 1070 4370 ,
1103 4305 1322 4362 scientia
1351 4307 1595 4366 humanis
1621 4313 1870 4370 attributa

294 4383 360 4436 sit
385 4385 565 4454 rebus,
607 4397 886 4461 utrumque
927 4409 1158 4464 agnosco
1205 4398 1257 4452 in
1301 4397 1534 4470 Christo,
1561 4412 1618 4459 et
1659 4419 1869 4463 mecum

293 4475 466 4527 omnis
490 4477 604 4544 ejus
630 4480 822 4536 tidelis.
852 4484 1061 4541 Etcum
1090 4488 1211 4559 lego
1230 4531 1245 4556 ,
1283 4490 1502 4548 Verbum
1530 4513 1648 4551 caro
1677 4502 1870 4569 factum

294 4572 397 4628 est,
425 4572 471 4617 et
511 4566 748 4621 habitavit
789 4573 843 4626 in
882 4577 1060 4642 nobis;
1093 4578 1144 4632 in
1185 4580 1360 4637 Verbo
1397 4584 1633 4657 intelligo
1677 4566 1868 4646 verum

293 4651 386 4708 Dei
409 4653 623 4724 Filium,
657 4657 708 4712 in
734 4675 892 4717 carne
920 4677 1151 4734 agnosco
1181 4685 1366 4726 verum
1396 4651 1628 4734 hominis
1659 4681 1828 4738 tilium
1849 4726 1865 4752 ,

292 4751 343 4798 et
368 4754 650 4818 utrumque
677 4750 833 4806 simul
863 4753 916 4808 in
946 4771 1103 4810 unam
1135 4773 1421 4830 personam
1451 4766 1546 4822 Dei
1569 4769 1586 4801 ί
1609 4779 1662 4826 et
1688 4750 1866 4830 hami;-

291 4835 372 4891 nis
411 4837 674 4938 .ineﬂ‘abili
724 4844 907 4913 gratia:
955 4847 1198 4920 largitate
1237 4855 1600 4928 coniunctum.
1643 4863 1868 4938 Propter

290 4927 429 5026 quod
458 4932 776 5031 sequituret
800 4936 948 5006 dicit,
986 4939 1054 4994 Et
1092 4944 1306 5002 vidimus
1342 4927 1562 5020 gloriam
1587 4957 1729 5027 ejus,
1752 4927 1869 5031 plo-

287 5017 414 5112 riant
440 5023 585 5090 quasi
614 5021 872 5112 nigeniti
898 5045 930 5081 a
953 5028 1130 5099 Patre,
1155 5017 1364 5106 plenum
1378 5043 1558 5112 gratia
1581 5017 1628 5098 et
1646 5017 1868 5106 ueritatis

290 5106 468 5178 (Joan.
492 5127 529 5178 ι,
558 5111 668 5208 1⁸4).
697 5113 754 5168 Si
784 5119 1005 5184 gratiam
1034 5125 1325 5185 referamus
1351 5106 1418 5186 ad
1445 5136 1746 5208 scientiam,
1768 5158 1866 5198 ve-

286 5200 500 5255 ritatem
526 5201 593 5256 ad
623 5204 960 5274 sapientiam,
994 5219 1119 5278 puto
1155 5228 1253 5268 nos
1281 5221 1348 5270 ab
1374 5223 1458 5272 illa
1487 5225 1710 5284 duarum
1733 5200 1868 5288 ista-

285 5289 404 5346 r'nm
431 5309 613 5350 rerum
639 5296 1005 5368 distinctione,
1034 5319 1193 5374 quam
1222 5312 1736 5386 commendavimns,
1759 5335 1865 5376 non

285 5383 598 5442 abhorrere.
629 5387 684 5443 in
713 5391 874 5448 rebus
892 5395 1033 5450 enim
1063 5411 1157 5467 per
1187 5408 1395 5471 tempus
1419 5405 1572 5474 ortis,
1604 5408 1695 5464 illa
1721 5383 1870 5468 sum-

286 5489 373 5529 ma
404 5479 572 5546 gratia
604 5489 720 5550 est,
747 5483 891 5554 quod
931 5485 1089 5544 homo
1129 5490 1180 5545 in
1221 5493 1425 5550 unitate
1454 5511 1700 5568 persona:
1741 5517 1866 5560 con-

282 5565 503 5635 junctus
523 5579 605 5625 est
633 5571 771 5628 Deo:
795 5574 847 5629 in
871 5576 1030 5634 rebus
1051 5595 1180 5637 vero
1205 5585 1421 5642 aeternis
1441 5565 1646 5645 summa
1669 5595 1866 5651 veritas

287 5667 436 5715 recte
460 5659 709 5718 tribuitur
735 5663 829 5721 Dei
848 5663 1048 5727 Verbo.
1079 5670 1232 5740 Quod
1276 5691 1404 5733 vero
1444 5679 1584 5737 idem
1626 5683 1740 5755 ipse
1783 5696 1867 5743 est

354 5837 533 5921 inditi,
562 5840 615 5894 in
647 5856 744 5895 una
996 5805 1178 5903 At
1204 5855 1333 5917 Mss.,
1361 5865 1414 5908 tn
1437 5868 1580 5909 unam
1615 5871 1865 5921 personant

291 5900 398 5952 Dei.

529 5989 755 6053 SANCT.
799 5996 1034 6055 Aucusr.
1077 6003 1203 6057 Vill.

1495 399 1701 458 LIBER
1738 394 2034 460 TERTIUS
2068 398 2390 461 DECIMUS.

3421 415 3561 473 1059,

1991 514 2302 586 Unigenitus
2340 529 2369 570 a
2409 512 2570 570 Patre
2607 511 2797 584 plenus
2821 513 2841 548 ί
2873 515 3058 587 gratiae
3097 524 3155 575 et
3189 520 3463 589 veritatis,
3511 526 3564 581 id

1988 615 2165 662 actum
2189 614 2355 662 estut
2381 604 2522 662 idem
2551 606 2666 677 ipse
2694 607 2762 663 sit
2785 609 2838 662 in
2861 609 3023 666 rebus
3049 625 3146 682 pro
3173 612 3326 669 nobis
3353 624 3556 686 tempo-

1988 699 2171 755 raliter
2197 699 2359 770 gestis
2379 739 2394 765 ,
2425 699 2510 754 cui
2539 714 2636 770 per
2664 699 2906 758 eamdem
2937 702 3092 759 [idem
3122 706 3458 774 mundamur,
3499 718 3559 764 ut

1989 804 2111 845 eum
2146 789 2407 845 stabiliter
2433 793 2854 861 contemplemur
2895 793 2947 849 in
2997 795 3154 852 rebus
3205 798 3438 854 aeternis.
3480 798 3558 853 Illi

1989 887 2166 934 autem
2214 880 2464 950 praecipui
2505 881 2741 952 gentium
2785 883 3125 956 philosophi,
3153 889 3245 958 qui
3276 889 3559 946 invisibilia

1988 970 2118 1036 Dei,
2150 985 2245 1041 per
2265 985 2326 1027 ea
2348 986 2465 1040 quae
2490 969 2626 1027 facta
2656 982 2798 1040 sunt,
2828 975 3096 1033 intellecta
3121 980 3434 1050 conspicere
3463 996 3558 1052 po-

1988 1071 2224 1130 tuerunt,
2255 1071 2431 1119 tamen
2457 1064 2578 1135 quia
2605 1065 2720 1120 sine
2745 1065 3064 1137 Mediatoref,
3094 1070 3146 1125 id
3173 1079 3285 1138 est,
3314 1071 3430 1127 sine
3459 1073 3560 1128 ho-

1988 1155 2131 1210 mine
2155 1153 2370 1211 Christo
2399 1156 2757 1226 philosophati
2784 1168 2932 1226 sunt,
2967 1176 3124 1231 quem
3151 1177 3252 1218 nec
3277 1172 3559 1220 venturum

1987 1244 2288 1316 Prophetis,
2322 1261 2420 1303 nec
2447 1247 2659 1303 venisse
2682 1247 2953 1318 Apostolis
2978 1251 3340 1322 crediderunt,
3367 1256 3564 1312 verita-

1987 1346 2093 1394 tem
2121 1339 2463 1395 detinuerunt
2481 1382 2496 1406 ,
2524 1340 2660 1396 sicut
2684 1341 2752 1397 de
2778 1341 2880 1397 illis
2909 1342 3109 1400 dictum
3135 1357 3251 1415 est,
3288 1346 3341 1402 in
3364 1347 3559 1418 iniqui-

1987 1436 2114 1485 tate.
2144 1429 2260 1485 Non
2300 1440 2586 1500 potuerunt
2604 1431 2747 1488 enim
2772 1433 2826 1488 in
2852 1433 2935 1488 his
2960 1451 3138 1491 rerum
3159 1438 3180 1469 ¹
3205 1437 3403 1493 inlimis
3427 1453 3555 1494 con-

1987 1523 2177 1591 stituti,
2199 1523 2298 1578 nisi
2326 1539 2564 1594 quaerere
2580 1525 2752 1596 aliqua
2779 1526 2951 1582 media
2979 1543 3076 1598 per
3097 1545 3215 1601 quae
3235 1531 3300 1586 ad
3329 1531 3417 1587 illa
3438 1547 3558 1603 quae

1986 1614 2361 1672 intellexerant
2400 1617 2645 1672 sublimia
2688 1620 3070 1688 pervenirent:
3102 1631 3261 1694 atque
3289 1623 3361 1678 ita
3389 1624 3440 1678 in
3468 1623 3564 1680 de-
3667 1643 3682 1700 Vg

1986 1717 2234 1779 ceptores
2275 1708 2550 1765 daemones
2591 1709 2924 1779 inciderunt,
2966 1727 3063 1782 per
3085 1729 3220 1784 quos
3257 1713 3454 1770 factum
3483 1725 3568 1771 est

1985 1809 2048 1857 ut
2076 1803 2420 1858 immutarent
2446 1802 2671 1874 gloriam
2706 1803 3122 1876 incorruptibilis
3151 1806 3273 1875 Dei,
3298 1807 3350 1862 in
3378 1807 3570 1862 simili-

1987 1894 2224 1951 tudinem
2265 1895 2512 1967 imaginis
2548 1896 2915 1967 corruptibilis
2953 1897 3186 1954 hominis
3211 1909 3266 1956 et
3289 1900 3565 1956 volucrum

1983 1995 2041 2044 et
2066 1987 2470 2059 quadrupedum
2497 1997 2550 2044 et
2568 1988 2896 2060 serpentium
2927 1989 3105 2061 (Rom.
3128 2007 3174 2058 i,
3201 1990 3292 2060 20,
3323 1992 3407 2059 t8,
3437 1990 3565 2063 25).

1983 2075 2043 2134 ln
2075 2078 2266 2134 talibus
2291 2078 2434 2134 enim
2471 2078 2659 2134 formis
2682 2079 2844 2135 etiam
2873 2079 3013 2135 idola
3042 2081 3418 2152 instituerunt,
3451 2082 3566 2139 sive

1983 2170 2282 2227 coluerunt.
2311 2170 2547 2227 Scientia
2570 2187 2698 2242 ergo
2718 2181 2900 2228 nostra
2921 2171 3162 2231 Christus
3182 2186 3283 2242 est,
3303 2176 3565 2246 sapientia

1983 2277 2194 2334 quoque
2217 2272 2401 2318 nostra
2423 2263 2562 2319 idem
2590 2263 2837 2320 Christus
2861 2272 2961 2320 est.
2987 2264 3106 2336 ipse
3131 2267 3286 2323 nobis
3309 2267 3467 2324 tidem
3497 2269 3566 2326 de

1982 2355 2148 2411 rebus
2175 2355 2560 2426 temporalibus
2585 2356 2791 2424 inserit,
2822 2356 2936 2427 ipse
2962 2357 3028 2413 de
3053 2359 3390 2429 sempiternis
3410 2360 3566 2417 exhi-

1981 2446 2074 2504 bet
2100 2447 2400 2504 veritatem.
2429 2447 2531 2504 Per
2559 2448 2732 2518 ipsum
2762 2449 3034 2520 pergimus
3063 2449 3127 2505 ad
3156 2450 3363 2521 ipsum,
3394 2451 3568 2509 tendi-

1981 2556 2103 2598 mus
2141 2556 2237 2612 per
2257 2543 2535 2598 scientiam
2563 2541 2629 2598 ad
2660 2542 2974 2613 sapientiam
3000 2561 3014 2598 :
3037 2543 3105 2600 ab
3133 2559 3240 2600 uno
3267 2553 3445 2601 tamen
3475 2560 3568 2602 eo-

1983 2632 2212 2706 demque
2260 2634 2472 2691 Christo
2514 2650 2621 2691 non
2665 2634 3001 2703 recedimus,
3028 2635 3082 2691 in
3124 2653 3223 2710 quo
3250 2645 3368 2692 sunt
3395 2653 3568 2694 omnes

1983 2727 2208 2784 thesauri
2235 2728 2495 2800 sapientia
2523 2737 2572 2783 et
2599 2729 2822 2785 scientia
2848 2729 3146 2784 absconditi.
3191 2729 3296 2786 Sed
3327 2747 3469 2787 nunc
3497 2730 3568 2788 de

1981 2823 2205 2879 scientia
2249 2823 2538 2894 loquimur,
2577 2831 2697 2894 post
2725 2823 2792 2879 de
2821 2823 3078 2894 sapientia
3099 2865 3114 2894 ,
3147 2834 3404 2896 quantum
3448 2824 3565 2895 ipse

1982 2915 2298 2984 donaverit,
2327 2915 2573 2970 locuturi.
2612 2913 2723 2971 Nec
2770 2915 2871 2971 ista
2918 2914 3026 2971 duo
3073 2915 3153 2972 sic
3199 2916 3562 2988 accipiamus,

1983 3008 2135 3080 quasi
2163 3023 2271 3064 non
2302 3007 2462 3064 liceat
2489 3007 2691 3075 dicere,
2720 3007 2806 3063 vel
2834 3008 2990 3064 istam
3021 3008 3335 3078 sapientiam
3364 3024 3482 3078 quae
3512 3008 3566 3065 in

1981 3101 2146 3158 rebus
2165 3099 2416 3155 humanis
2438 3109 2539 3165 est,
2561 3100 2646 3155 vel
2666 3098 2810 3154 illam
2831 3098 3108 3154 scientiam
3129 3113 3249 3170 qum
3273 3099 3324 3153 in
3347 3099 3564 3154 divinis.

1982 3193 2261 3265 Loquendi
2293 3193 2435 3248 enim
2464 3192 2652 3247 latiore
2677 3192 3085 3260 consuetudine,
3109 3201 3334 3264 utraque
3355 3194 3568 3264 sapien-

1983 3286 2056 3339 tia
2077 3325 2092 3351 ,
2123 3293 2350 3354 utraque
2378 3283 2598 3338 scientia
2630 3282 2737 3338 dici
2764 3291 2958 3354 potest.
3008 3281 3166 3338 Nullo
3195 3283 3356 3338 modo
3384 3291 3562 3339 tamen

1981 3377 2238 3444 scriptum
2271 3383 2415 3430 esset
2439 3374 2576 3444 apud
2609 3374 2947 3444 Apostolum,
2975 3373 3076 3428 Alii
3106 3373 3261 3428 datur
3286 3390 3450 3428 sermo
3474 3391 3564 3428 sa-

1983 3469 2222 3539 pientia,
2249 3469 2340 3522 alii
2383 3482 2545 3521 sermo
2573 3466 2825 3531 scientia;
2851 3466 2953 3520 nisi
2995 3473 3050 3521 et
3097 3466 3310 3537 proprie
3345 3465 3567 3537 singulis

1981 3557 2288 3613 nominibus
2330 3557 2445 3612 hac
2484 3557 2691 3627 singula
2719 3565 3060 3624 vocarentur,
3092 3556 3162 3613 de
3189 3573 3416 3630 quorum
3446 3557 3564 3616 dis-

1981 3649 2238 3706 tinctione
2263 3663 2404 3705 nunc
2430 3650 2656 3719 agimus.
3583 3681 3588 3718 ι

2049 3741 2274 3799 CAPUT
2300 3742 2419 3797 XX.
2443 3772 2516 3783 —--
2546 3742 2636 3798 25.
2677 3741 2811 3809 Quid
2847 3750 3013 3798 actum
3039 3743 3094 3799 in
3118 3744 3214 3800 hoc
3239 3743 3386 3801 libro.
3418 3744 3563 3812 Quo«

1980 3834 2132 3890 modo
2156 3834 2408 3906 gradatim
2436 3842 2721 3905 perventum
2763 3843 2836 3889 est
2863 3835 2933 3889 ad
2961 3836 3235 3891 trinitatem
3285 3837 3558 3911 quamdam

1980 3942 2093 3993 qua
2115 3927 2168 3980 in
2195 3926 2404 3980 scientia
2422 3926 2586 3980 activa
2608 3934 2657 3981 et
2685 3940 2801 3980 uera
2824 3927 2927 3996 ﬁde
2945 3927 3213 3999 reperitur.
3241 3927 3357 3985 Jam
3385 3930 3562 4001 itaque

1981 4017 2258 4072 videamus
2279 4016 2406 4087 quid
2428 4030 2606 4072 sermo
2629 4017 2730 4074 iste
2760 4017 2999 4088 prolixus
3023 4019 3279 4086 eﬂ‘ecerit,
3304 4021 3428 4092 quid
3451 4024 3564 4078 col-

1978 4107 2186 4179 legerit,
2207 4123 2312 4178 quo
2341 4109 2667 4178 pervenerit.
2686 4110 2878 4166 Beatos
2907 4125 3029 4167 esse
3057 4128 3116 4168 se
3143 4113 3299 4181 velle,
3322 4115 3559 4170 omnium

1979 4199 2260 4256 hominum
2286 4209 2368 4256 est
2395 4218 2410 4256 :
2441 4216 2542 4257 nec
2571 4209 2748 4258 tamen
2777 4204 3013 4260 omnium
3044 4213 3128 4262 est
3153 4207 3306 4275 ﬁdes,
3339 4223 3441 4279 qua
3467 4224 3562 4264 cor

1978 4292 2268 4348 mandante
2304 4291 2373 4346 ad
2412 4292 2790 4351 beatitudinem
2818 4297 3149 4366 pervenitur.
3190 4299 3265 4353 lta
3294 4298 3354 4353 ﬁt
3378 4307 3436 4354 ut
3464 4316 3573 4370 per.

1977 4384 2134 4440 istam
2162 4400 2320 4456 quam
2347 4399 2452 4440 non
2483 4399 2670 4442 omnes
2694 4387 2912 4454 volunt,
2939 4388 3009 4443 ad
3046 4389 3190 4444 illam
3229 4389 3555 4446 tendendum

1977 4476 2050 4532 sit
2076 4491 2234 4546 quam
2259 4491 2420 4532 nemo
2457 4485 2632 4546 potest
2673 4493 2794 4534 esse
2831 4481 2922 4550 qui
2953 4479 3105 4536 nolit.
3139 4481 3332 4537 Beatos
3356 4497 3474 4538 esse
3499 4499 3558 4540 se

1978 4570 2137 4638 velle,
2168 4584 2359 4626 omnes
2385 4571 2437 4625 in
2459 4571 2624 4627 corde
2645 4586 2743 4630 suo
2767 4572 2966 4638 vident,
2993 4582 3244 4645 tantaque
3272 4587 3354 4630 est
3380 4576 3431 4631 in
3460 4576 3558 4632 hac

1976 4675 2036 4715 re
2065 4668 2269 4716 naturae
2295 4660 2544 4717 humana:
2565 4663 2910 4732 conspiratio,
2939 4671 3128 4722 utnon
3154 4665 3371 4722 fallatur
3396 4668 3558 4724 homo

1975 4752 2068 4824 qui
2097 4751 2199 4808 hoc
2217 4769 2283 4809 ex
2307 4754 2489 4810 animo
2507 4769 2609 4810 suo
2631 4755 2700 4812 de
2723 4757 2903 4813 animo
2923 4760 3139 4830 conjicit
3168 4761 3343 4816 alieno
3367 4778 3382 4828 ;
3407 4761 3558 4817 deni-

1974 4861 2080 4915 que
2105 4860 2292 4902 omues
2321 4846 2372 4902 id
2397 4847 2536 4904 velle
2569 4865 2667 4904 nos
2693 4851 2956 4909 novimus.
2999 4853 3146 4909 Multi
3171 4870 3299 4910 vero
3328 4855 3552 4912 immor-

1976 4937 2112 4992 tales
2158 4952 2217 4992 se
2263 4952 2385 4995 esse
2429 4955 2584 5009 posse
2624 4943 2934 5013 desperant,
2966 4960 3086 5000 cum
3113 4947 3166 5001 id
3196 4949 3338 5018 quod
3366 4966 3555 5006 omnes

1976 5026 2194 5094 volunt,
2222 5027 2275 5082 id
2302 5037 2386 5083 est
2415 5029 2602 5086 beatus
2621 5073 2636 5099 ,
2660 5034 2836 5088 nullus
2860 5049 2978 5089 esse
3001 5036 3154 5092 aliter
3181 5039 3346 5107 possit
3371 5039 3392 5072 ³
3421 5057 3436 5096 :
3463 5057 3557 5096 vo-

1974 5117 2092 5172 lunt
2132 5126 2308 5174 tamen
2355 5120 2517 5175 etiam
2564 5123 2893 5179 immortales
2939 5140 3079 5195 esse,
3111 5129 3156 5182 si
3186 5141 3432 5199 possent:
3460 5133 3556 5188 sed

1975 5223 2083 5263 non
2104 5209 2373 5266 credendo
2395 5213 2535 5282 quod
2562 5214 2786 5283 possint,
2807 5232 2909 5270 non
2940 5217 3012 5272 ita
3041 5219 3226 5274 vivunt
3250 5229 3307 5276 ut
3330 5224 3554 5291 possint.

1974 5300 2283 5353 Necessaria
2314 5320 2443 5371 ergo
2471 5313 2552 5357 est
2580 5305 2710 5358 tides
2742 5312 2799 5359 ut
2839 5307 3224 5367 beatitudinem
3255 5328 3554 5385 consequa-

1976 5405 2117 5458 mur,
2143 5391 2392 5447 omnibus
2418 5391 2662 5449 humana:
2683 5406 2888 5453 naturae
2917 5397 3089 5465 bonis,
3116 5401 3169 5457 id
3192 5411 3294 5468 est,
3319 5413 3369 5459 et
3392 5407 3555 5462 animi

1974 5489 2030 5536 et
2057 5482 2315 5551 corporis.
2344 5482 2491 5538 Hanc
2515 5495 2690 5539 autem
2720 5486 2876 5542 [idem
2909 5489 2960 5543 in
2986 5490 3201 5548 Christo
3229 5508 3348 5550 esse
3373 5495 3555 5551 delini-

1975 5578 2102 5637 tam,
2133 5572 2222 5642 qui
2250 5571 2300 5626 in
2327 5586 2488 5628 carne
2508 5576 2804 5631 resurrexit
2824 5591 2854 5631 a
2875 5582 3120 5649 mortuis,
3141 5598 3245 5639 non
3267 5588 3557 5641 moriturus

1970 5681 2310 5795 ὠκοιίξιιιιιὶ
2331 5684 2466 5747 editi,
2487 5693 2538 5737 et
2573 5688 2679 5752 ipsa
2705 5690 2887 5740 Bened.
2918 5697 3240 5760 Antnerpiana
3264 5698 3429 5761 editio,
3453 5699 3560 5764 ple-

2035 5807 2056 5838 ²
2091 5805 2258 5856 Plures
2279 5814 2405 5868 Mss.,
2429 5809 2589 5864 rebus.

2035 5868 2060 5946 ξ
2074 5869 2474 5946 ξειςῗμιίρεᾴλγεῃ.
2495 5879 2627 5946 Lov_.,
2649 5877 2936 5946 src__legunt
2970 5879 3108 5946 hunc
3145 5881 3334 5946 locum,
3357 5897 3469 5936 cum
3505 5898 3560 5940 ta

1970 5929 2097 5991 quod
2116 5929 2277 5982 omnes
2295 5929 2455 5984 volunt
2471 5971 2486 5998 ,
2508 5929 2667 5990 nullus
2689 5929 2843 5993 aliter?
2853 5929 3031 6005 possit.
3048 5929 3120 5994 fini.

2795 6028 3316 6106 /Trente-tt‘ot's.j
