4076 6454
530 368 671 429 1059

527 491 724 557 potest,
758 494 863 536 non
894 478 1071 551 perire
1104 477 1258 533 istam
1284 476 1594 541 trinitatem,
1626 475 1787 530 etiam
1823 490 1943 529 cum
1975 472 2107 528 ﬁdes

524 578 641 649 ipsa
666 574 977 632 transierit:
1012 573 1132 644 quia
1161 572 1296 626 sicut
1330 585 1468 624 nunc
1504 585 1620 624 eam
1660 578 1714 624 et
1746 569 2003 624 memoria
2032 576 2112 622 te-

525 684 736 735 nemus,
776 675 833 723 et
860 665 1177 737 cogitatione
1205 661 1501 729 cernimus,
1532 670 1587 716 et
1627 661 1900 715 voluntate
1933 658 2110 729 diligi-

522 780 679 829 mus;
710 763 781 818 ita
810 762 969 817 etiam
993 768 1119 813 tunc
1152 772 1274 813 cum
1301 771 1419 811 eam
1454 770 1551 810 nos
1573 754 1825 810 habuisse
1855 754 2112 809 memoria

520 857 844 918 tenebimus,
869 860 921 908 et
946 851 1267 917 recolemus,
1301 857 1355 904 et
1391 848 1493 903 hoc
1520 856 1805 917 utrumque
1834 847 1989 902 tertia
2021 862 2114 900 vo.

522 952 730 1007 luntate
763 948 1071 1018 jungemus,
1115 943 1302 999 eadem
1347 942 1553 996 trinitas
1582 942 1933 1010 permanebit.
1967 942 2113 1009 Quo-

524 1043 667 1096 niam
711 1039 756 1094 si
804 1038 1007 1093 nullum
1049 1036 1105 1091 in
1131 1034 1286 1090 nobis
1316 1034 1468 1104 quasi
1510 1033 1792 1103 vestigium
1850 1032 2114 1087 transiens

522 1132 818 1204 reliquerit,
850 1129 1093 1201 profecto
1136 1142 1236 1183 nec
1280 1127 1331 1181 in
1364 1126 1619 1180 memoria
1666 1133 1847 1180 nostra
1876 1125 1991 1194 ejus
2016 1124 2115 1177 ali-

522 1226 650 1298 quid
696 1225 1011 1281 habebimus
1070 1237 1175 1293 quo
1233 1233 1574 1275 recurramus
1615 1232 1731 1273 eam
1787 1218 2112 1288 praztcritam

520 1318 886 1386 recordantes,
920 1326 1080 1385 atque
1114 1315 1167 1370 id
1190 1323 1474 1384 utrumque
1504 1313 1798 1368 intentione
1825 1312 1981 1366 tertia
2012 1326 2107 1365 co-

444 1432 453 1487 ;
519 1412 787 1482 pulantes,
820 1419 875 1466 et
899 1408 1043 1480 quod
1088 1415 1204 1463 erat
1232 1407 1433 1462 scilicet
1460 1405 1512 1459 in
1542 1405 1817 1468 memoria,
1857 1419 1961 1458 non
1990 1402 2114 1458 inde

432 1492 456 1569 Ϊῖ
520 1505 875 1577 cogitantibus
898 1504 1074 1565 nobis,
1094 1511 1149 1557 et
1174 1500 1315 1573 quod
1336 1500 1457 1555 inde.
1477 1500 1796 1569 cogitatione
1828 1497 2110 1553 formatur.

436 1586 465 1665 ν
518 1596 627 1652 Sed
654 1596 745 1667 qui
765 1595 865 1651 hoc
884 1594 1047 1659 dicit,
1075 1609 1183 1649 non
1207 1591 1464 1648 discernit
1494 1590 1651 1645 aliam
1670 1606 1810 1644 nunc
1826 1605 1945 1645 esse
1964 1590 2115 1645 trini-

423 1672 441 1754 ἰ
519 1697 685 1745 tatem
705 1730 721 1753 ,
754 1687 966 1757 quando
995 1694 1311 1756 praesentem
1348 1683 1505 1737 ﬁdem
1536 1690 1812 1747 tenemus,
1844 1683 2109 1751 videmus,

520 1797 764 1838 amamus
801 1782 853 1835 in
898 1780 1080 1843 nobis;
1114 1778 1269 1832 aliam
1300 1785 1423 1830 tunc
1456 1776 1683 1830 futuram
1708 1818 1721 1842 ,
1751 1775 1964 1845 quando
2004 1790 2113 1829 non

518 1876 712 1945 ipsam,
746 1873 841 1929 sed
870 1872 987 1944 ejus
1028 1872 1175 1927 velut
1210 1868 1575 1940 imaginarium
1613 1869 1890 1940 vestigium
1920 1869 1970 1922 in
2001 1884 2114 1923 me-

517 1968 690 2025 moria
711 1966 1066 2032 reconditum,
1091 1964 1461 2020 recordatione
1500 1964 1893 2031 contuebimur,
1913 1971 1967 2018 et
2001 1962 2110 2017 duo

517 2063 655 2130 haec,
694 2061 745 2117 id
761 2070 862 2126 est,
892 2059 1036 2131 quod
1055 2067 1170 2114 erat
1202 2059 1255 2113 in
1276 2059 1533 2113 memoria
1560 2058 1858 2122 retinentis,
1889 2066 1942 2113 et
1967 2056 2112 2127 quod

515 2154 643 2210 inde
674 2152 998 2223 imprimitur
1035 2152 1090 2206 in
1126 2151 1239 2206 acie
1268 2150 1622 2215 recordantis,
1659 2149 1812 2204 tertia
1838 2149 2112 2204 voluntate

509 2246 812 2315 jungemus.
837 2242 989 2312 Quod
1020 2251 1079 2297 ut
1123 2242 1292 2312 possit
1333 2240 1575 2310 intelligi,
1608 2254 1879 2294 sumamus
1911 2255 2101 2295 exem-

513 2340 661 2410 plum
684 2338 753 2393 de
774 2338 1141 2408 corporalibus
1170 2337 1352 2403 rebus,
1377 2337 1443 2391 de
1473 2335 1665 2406 quibus
1693 2336 1743 2389 in
1773 2336 1909 2390 libro
1938 2336 2110 2391 unde-

514 2432 655 2485 cimo
671 2432 799 2486 satis
825 2430 991 2485 locuti
1030 2445 1215 2485 sumus
1245 2429 1410 2499 (Cap.
1437 2428 1474 2480 ‘2
1502 2437 1548 2482 et
1583 2445 1719 2498 seqq.
1741 2427 1783 2497 ).
1815 2427 2018 2497 Nempe
2044 2428 2111 2483 ab

516 2523 856 2579 inferioribus
874 2522 941 2577 ad
963 2524 1242 2593 superiora
1273 2520 1645 2587 ascendentes,
1664 2520 1751 2575 vel
1776 2519 1843 2575 ab
1870 2522 2109 2576 exterio-

514 2615 665 2671 ribus
693 2616 760 2670 ad
809 2617 1064 2671 interiora
1109 2615 1489 2686 ingredientes,
1545 2616 1773 2685 primam
1814 2617 2109 2686 reperimus

516 2708 811 2764 trinitatem
843 2711 896 2764 in
926 2724 1155 2778 corpore
1184 2708 1325 2779 quod
1356 2708 1601 2775 videtur,
1634 2716 1691 2765 et
1733 2709 1848 2765 acie
1878 2710 2109 2765 videntis

513 2815 633 2869 qua:
660 2815 782 2854 cum
810 2799 974 2865 videt,
1006 2800 1132 2854 inde
1152 2799 1430 2867 formatur,
1460 2800 1590 2855 etin
1617 2800 1903 2856 voluntatis
1928 2801 2106 2858 inten-

513 2892 661 2946 tione
685 2907 803 2962 qua:
830 2901 1116 2962 utrumque
1140 2892 1433 2962 conjungit.
1468 2891 1602 2947 Huic
1627 2892 1848 2948 trinitati
1875 2893 2106 2949 similem

511 2985 915 3050 constituamus,
955 3000 1075 3039 cum
1109 2983 1239 3037 ﬁdes
1268 3000 1386 3054 quae
1425 3000 1568 3039 nunc
1598 2984 1737 3040 inest
1764 2986 1941 3055 nobis,
1984 2996 2106 3042 tan-

512 3094 672 3148 quam
700 3094 893 3147 corpus
932 3077 1061 3133 illud
1106 3078 1340 3143 inloco,
1391 3077 1463 3132 ita
1508 3078 1562 3132 in
1606 3089 1786 3134 nostra
1847 3082 2106 3137 memoria

510 3171 799 3224 constituta
829 3180 929 3237 est,
959 3170 1025 3225 de
1048 3185 1150 3240 qua
1178 3170 1497 3227 informatur
1526 3172 1781 3241 cogitatio
1806 3174 2101 3230 recordan-

511 3263 601 3329 tis,
626 3262 761 3317 sicut
788 3277 851 3317 ex
884 3261 975 3316 illo
998 3277 1225 3332 corpore
1253 3263 1400 3319 acies
1425 3263 1680 3319 intuentis
1710 3283 1723 3320 :
1750 3266 1939 3335 quibus
1966 3266 2102 3323 duo-

508 3356 631 3422 bus,
657 3364 714 3410 ut
742 3356 949 3410 trinitas
980 3356 1285 3426 impleatur,
1314 3364 1701 3411 annumeratur
1730 3359 1886 3413 tertia
1906 3360 2098 3414 volun-

508 3454 613 3515 tas,
646 3463 764 3517 qute
790 3447 948 3502 ﬁdem
978 3448 1028 3501 in
1066 3449 1326 3503 memoria
1356 3449 1699 3504 constitutam
1731 3459 1785 3506 et
1813 3454 2098 3521 quamdam

510 3539 626 3611 ejus
687 3539 916 3609 efﬁgiem
966 3539 1019 3594 in
1070 3540 1309 3595 contuitu
1348 3540 1733 3596 recordationis
1788 3542 2103 3612 impressam

510 3633 781 3689 connectit
823 3642 877 3688 et
901 3632 1209 3703 conjungit;
1258 3632 1395 3687 sicut
1436 3632 1488 3686 in
1520 3633 1608 3686 illa
1636 3636 1928 3704 corporalis
1950 3637 2103 3691 trini-

518 3734 627 3781 tate
678 3725 924 3791 visionis,
954 3724 1178 3779 formam
1204 3724 1445 3793 corporis
1465 3724 1604 3794 quod
1634 3725 1862 3793 videtur,
1894 3736 1948 3781 et
1974 3742 2103 3782 con-
2144 3718 2155 3736 ’

507 3819 880 3874 formationem
920 3833 1037 3888 quae
1066 3819 1125 3872 ﬁt
1156 3820 1207 3872 in
1237 3819 1510 3873 cernentis
1538 3828 1757 3889 aspectu
1785 3862 1798 3885 ,
1825 3820 2103 3892 conjungit

506 3914 732 3968 intentio
753 3914 1061 3968 voluntatis.
1092 3913 1372 3967 Faciamus
1397 3928 1525 3983 ergo
1564 3929 1760 3984 corpus
1801 3916 1930 3971 illud
1958 3917 2103 3987 quod

507 4005 843 4069 cernebatur,
876 4005 1121 4059 interisse
1162 4004 1425 4074 dilapsum
1452 4047 1466 4069 ,
1496 4020 1597 4059 nec
1626 4006 1743 4075 ejus
1777 4009 2101 4063 remansisse

504 4095 703 4164 aliquid
728 4097 779 4149 in
802 4096 907 4149 ullo
934 4096 1071 4159 loco,
1103 4096 1169 4150 ad
1191 4096 1331 4166 quod
1362 4096 1646 4150 videndum
1675 4109 1917 4153 recurrat
1944 4114 2101 4169 aspe-

505 4198 623 4242 ctus
650 4206 664 4243 :
688 4188 945 4258 numquid
972 4190 1093 4259 quia
1144 4190 1321 4258 imago
1343 4190 1417 4243 rei
1453 4191 1749 4259 corporalis
1786 4193 1892 4261 jam
1922 4201 2097 4247 trans-

508 4292 640 4337 acta:
668 4293 829 4352 atque
866 4282 1151 4352 pra'teritze
1177 4290 1419 4335 remanet
1446 4282 1495 4336 in
1536 4286 1816 4351 memoria,
1848 4285 1988 4340 unde
2014 4286 2099 4340 iu-

505 4370 767 4429 formctur
814 4372 1147 4428 recordantis
1194 4371 1481 4438 obtutus‘,
1514 4384 1673 4445 atque
1716 4374 1768 4429 id
1817 4386 2100 4447 utrumque

505 4466 661 4521 tertia
693 4465 963 4520 voluntate
985 4464 1258 4535 jungatur,
1283 4464 1467 4520 eadem
1492 4466 1704 4521 trinitas
1726 4476 1845 4523 eSSe
1873 4468 2098 4525 dicenda

504 4570 607 4627 est,
636 4575 758 4630 qua:
789 4558 961 4614 fuerat
985 4559 1201 4630 quando
1242 4560 1449 4630 species
1478 4560 1531 4614 in
1574 4560 1692 4615 loco
1722 4563 1878 4631 positi
1906 4578 2097 4634 corpo-

501 4655 578 4710 ris
624 4654 943 4711 videbatur?
981 4654 1095 4709 Non
1134 4654 1335 4724 utique,
1368 4654 1463 4709 sed
1512 4670 1733 4725 prorsus
1783 4655 1883 4710 alia
1918 4675 1930 4711 :
1970 4674 2095 4713 nam

502 4756 699 4816 praeter
733 4748 872 4817 quod
905 4748 992 4801 illa
1043 4756 1158 4802 erat
1198 4747 1551 4813 extrinsecus,
1580 4748 1691 4802 lucc
1737 4749 2091 4817 intrinsecus;

500 4838 647 4894 illam
692 4840 929 4910 profecto
979 4839 1205 4894 faciebat
1243 4840 1448 4909 species
1495 4842 1769 4909 prresentis
1817 4844 2088 4912 corporis;

500 4929 661 4997 hanc,
692 4931 864 5002 imago
892 4932 1166 5001 prmteriti.
1208 4930 1296 4986 Sic
1327 4940 1379 4985 et
1418 4932 1470 4985 in
1497 4931 1597 4988 hac
1624 4949 1702 4999 re,
1732 4933 1799 4989 de
1823 4950 1925 5003 qua
1951 4952 2092 4993 nunc

499 5023 728 5091 agimus,
757 5034 808 5078 et
836 5034 1053 5094 propter
1083 5040 1241 5094 quam
1286 5024 1584 5092 putavimus
1623 5025 1982 5082 adhibendum
2022 5030 2089 5084 il-

497 5112 590 5170 lud
614 5115 939 5185 exemplum,
970 5115 1102 5170 ﬁdes
1122 5131 1241 5186 quae
1268 5131 1408 5171 nunc
1444 5117 1497 5170 in
1525 5117 1705 5170 animo
1755 5128 1939 5173 nostro
1982 5129 2085 5188 est,

496 5207 648 5262 velut
681 5207 808 5262 illud
854 5222 1048 5277 corpus
1077 5209 1128 5262 in
1160 5208 1299 5273 loco,
1350 5208 1474 5262 dum
1529 5217 1761 5275 tenetur,
1811 5212 2083 5282 aSpicitur,

494 5308 724 5367 amatur,
755 5299 1039 5370 quamdam
1084 5298 1248 5355 efﬁcit
1290 5300 1577 5355 trinitatem
1630 5319 1643 5355 :
1694 5302 1786 5357 sed
1819 5318 1925 5357 non
1974 5304 2086 5373 ipsa

493 5390 619 5455 erit,
649 5390 867 5459 quando
898 5390 1028 5445 ﬁdes
1068 5391 1182 5444 lucc
1222 5390 1274 5444 in
1305 5391 1506 5456 animo,
1540 5392 1677 5447 sicut
1706 5407 1901 5462 corpus
1954 5392 2085 5450 illud

490 5481 547 5537 in
577 5481 695 5538 loco
719 5484 827 5553 jam
856 5498 965 5539 non
980 5484 1098 5539 erit.
1129 5484 1260 5551 Qua:
1283 5500 1412 5540 vero
1434 5494 1560 5540 tunc
1577 5483 1699 5551 erit,
1730 5487 1943 5557 quando
1965 5504 2084 5543 eam

491 5574 894 5630 recordabimur
924 5575 974 5629 in
998 5576 1149 5631 nobis
1176 5575 1362 5643 fuisse,
1393 5592 1497 5631 non
1529 5593 1669 5643 esse,
1702 5578 1805 5632 alia
1840 5579 2083 5649 profecto

492 5666 613 5720 erit.
648 5666 797 5722 Hanc
816 5667 960 5721 enim
985 5682 1103 5737 quae
1124 5684 1269 5723 nunc
1294 5676 1395 5736 est,
1427 5668 1555 5723 facit
1589 5685 1675 5725 res
1704 5671 1817 5741 ipsa
1846 5688 2082 5741 praesens

494 5765 550 5812 et
576 5759 755 5813 animo
784 5758 1053 5814 credentis
1093 5759 1250 5814 afﬁxa
1280 5778 1294 5815 :
1322 5767 1379 5815 at
1426 5760 1573 5815 illam
1622 5777 1742 5831 qtae
1792 5770 1917 5820 tunc
1956 5765 2077 5831 erit,

556 5888 572 5919 ¹
609 5894 735 5951 Mss,
761 5890 1012 5954 cogitantis
1027 5890 1229 5942 obtutus.

1651 361 1739 417 DE
1776 355 2165 426 TRlNlTATE,
2203 355 2260 413 S.
2303 357 2667 418 AUGUSTIN]

3667 362 3804 419 1040

2223 472 2381 529 faciet
2407 477 2480 530 rei
2510 474 2793 546 praeteritae
2817 474 3123 549 imaginatio
3158 475 3213 532 in
3238 475 3570 533 recordantis
3595 492 3805 534 memo-

2218 566 2295 620 ria
2322 567 2595 623 derelicta.

2291 658 2513 715 CAPUT
2556 660 2642 717 IV.
2681 692 2754 702 —
2790 662 2844 717 6.
2896 660 2967 716 In
3019 662 3398 719 immortalitate
3424 665 3611 719 anima:
3649 665 3810 719 ratio—

2221 750 2351 806 nalis
2394 753 2665 823 quwrenda
2704 755 2870 825 imago
2934 753 3051 808 Dei.
3105 753 3331 809 Trinitas
3369 756 3425 810 in
3470 767 3638 811 mente
3680 774 3807 825 quo-

2220 846 2369 899 modo
2394 856 2672 900 monstrata
2692 848 2774 901 sit.
2801 846 2908 902 Nec
2935 846 3023 901 illa
3062 847 3220 919 igitur
3251 848 3478 915 trinitas,
3514 865 3637 919 quae
3664 865 3808 905 nunc

2221 949 2326 989 non
2354 944 2453 1002 est,
2480 937 2655 1008 imago
2683 938 2776 992 Dei
2806 938 2950 1005 erit;
2977 953 3077 993 nec
3101 938 3201 992 ista
3232 938 3407 1010 imago
3432 939 3527 995 Dei
3555 948 3662 1006 est,
3691 957 3810 1012 qua:

2221 1037 2347 1085 tunc
2365 1046 2472 1084 non
2499 1032 2604 1087 erit
2633 1050 2646 1086 :
2674 1031 2768 1087 sed
2795 1048 2856 1088 ea
2885 1042 2968 1088 est
3004 1033 3323 1089 invenienda
3348 1034 3403 1089 in
3428 1034 3606 1089 anima
3635 1034 3813 1090 homi-

2221 1123 2325 1191 nis,
2358 1124 2407 1179 id
2439 1133 2519 1180 est
2552 1125 2818 1192 rationali,
2849 1128 2964 1183 sive
2987 1128 3354 1194 intellectuali,
3380 1128 3553 1200 imago
3583 1126 3810 1185 Creato-

2221 1215 2330 1281 ris,
2378 1232 2495 1285 qua:
2526 1216 2899 1273 immortaliter
2930 1219 3312 1275 immortalitati
3344 1220 3462 1291 ejus
3511 1231 3595 1277 est
3629 1222 3809 1277 insita.

2219 1306 2351 1360 Nam
2396 1307 2533 1365 sicut
2556 1308 2669 1378 ipsa
2699 1311 3067 1367 immortalitas
3088 1312 3281 1367 anima:
3301 1313 3601 1369 secundum
3622 1331 3812 1386 quem-

2220 1396 2343 1452 dam
2371 1400 2585 1455 modum
2611 1401 2835 1468 dicitur;
2866 1402 3025 1458 habet
3053 1403 3247 1474 quippe
3278 1412 3333 1459 et
3360 1406 3537 1459 anima
3567 1416 3798 1462 mortem

2222 1504 2392 1557 suam,
2415 1506 2533 1545 cum
2562 1492 2666 1547 vita
2694 1492 2849 1548 beata
2873 1504 3038 1561 caret,
3072 1510 3191 1565 quae
3208 1510 3333 1550 vera
3362 1497 3553 1552 animae
3591 1498 3703 1553 vita
3724 1499 3809 1553 di-

2221 1584 2386 1639 cenda
2411 1595 2523 1651 est;
2552 1584 2647 1640 sed
2676 1586 2990 1642 immortalis
3012 1587 3132 1643 ideo
3158 1600 3519 1658 nuncupatur,
3552 1594 3807 1662 quoniam

2220 1678 2587 1749 qualicumque
2608 1679 2737 1747 vita,
2758 1680 2919 1735 etiam
2936 1696 3056 1735 cum
3075 1682 3375 1737 miserrima
3402 1693 3506 1748 est,
3535 1700 3809 1756 nunquam

2220 1769 2415 1825 desinit
2441 1772 2619 1827 vivere
2650 1791 2663 1827 :
2690 1773 2761 1826 ita
2787 1775 3026 1843 quamvis
3049 1775 3187 1830 ratio
3207 1775 3293 1832 vel
3328 1777 3637 1834 intellectus
3663 1795 3807 1835 nunc

2220 1864 2274 1917 in
2301 1880 2363 1919 ea
2381 1865 2449 1919 sit
2475 1866 2699 1935 sopitus,
2724 1882 2865 1922 nunc
2886 1884 3099 1938 parvus,
3129 1884 3270 1925 nunc
3292 1886 3514 1941 magnus
3534 1883 3807 1942 appareat,

2218 1972 2490 2028 nunquam
2534 1960 2637 2013 nisi
2690 1961 2964 2016 rationalis
3009 1971 3063 2017 et
3117 1964 3487 2021 intellectualis
3516 1975 3603 2022 est
3634 1969 3809 2023 anima

2219 2052 2486 2120 humana;
2531 2069 2593 2110 ac
2620 2070 2717 2126 per
2751 2056 2853 2111 hoc
2892 2057 2935 2111 si
2962 2057 3253 2112 secundum
3298 2058 3400 2115 hoc
3444 2059 3578 2115 facta
3618 2073 3703 2117 est
3744 2062 3811 2117 ad

2218 2146 2501 2217 imaginem
2532 2148 2623 2203 Dei
2652 2149 2794 2220 quod
2823 2150 2899 2204 uti
2917 2149 3123 2206 ratione
3148 2160 3308 2221 atque
3334 2152 3605 2209 intellectu
3627 2154 3695 2209 ad
3724 2156 3810 2209 in-

2220 2240 2561 2309 telligendum
2610 2251 2663 2296 et
2709 2243 3144 2312 conspiciendum
3198 2244 3364 2299 Deum
3390 2254 3594 2316 potest,
3626 2247 3812 2317 profe-

2217 2341 2304 2386 cto
2328 2332 2395 2387 ab
2417 2333 2565 2387 initio
2592 2349 2699 2404 quo
2727 2349 2847 2389 esse
2884 2336 3045 2404 coepit
3066 2336 3164 2390 ista
3189 2346 3295 2391 tam
3334 2354 3519 2409 magna
3573 2348 3628 2394 et
3668 2340 3811 2396 mira

2217 2435 2425 2489 natura,
2454 2428 2657 2482 siveita
2696 2428 2932 2483 obsoleta
2960 2430 3028 2484 sit
3057 2429 3173 2485 haec
3200 2431 3394 2501 imago,
3423 2440 3481 2486 ut
3504 2448 3637 2502 pene
3663 2435 3812 2489 nulla

2216 2519 2304 2585 sit,
2338 2520 2448 2574 sive
2476 2519 2701 2575 obscura
2722 2528 2881 2589 atque
2904 2519 3178 2586 deformis,
3207 2522 3320 2578 sive
3345 2523 3489 2578 clara
3514 2534 3567 2579 et
3588 2524 3810 2594 pulchra

2216 2612 2306 2677 sit,
2329 2625 2543 2681 semper
2567 2620 2667 2666 est.
2702 2611 2939 2682 Denique
2960 2612 3358 2669 deformitatem
3389 2615 3664 2686 dignitatis
3693 2617 3809 2686 ejus

2215 2704 2479 2759 miserans
2498 2704 2672 2759 divina
2698 2704 2989 2775 Scriptura,
3026 2706 3346 2778 Quanquam,
3378 2710 3566 2779 inquit,
3610 2711 3663 2763 in
3681 2711 3810 2763 ima-

2214 2798 2330 2867 gine
2365 2800 2383 2829 ⁸
2408 2797 2632 2851 ambulat
2660 2798 2829 2866 homo,
2849 2808 3015 2853 tamen
3044 2814 3168 2854 vane
3186 2802 3547 2856 conturbatur:
3564 2802 3810 2857 thesauri-

2214 2898 2316 2956 καί,
2343 2898 2392 2944 et
2411 2890 2567 2944 nescit
2592 2890 2675 2943 cui
2700 2892 3016 2963 congregabit
3034 2909 3092 2945 ea
3122 2892 3142 2964 (
3163 2891 3307 2947 Psal.
3336 2910 3555 2961 xxxvi",
3575 2897 3606 2949 7
3629 2896 3669 2967 ).
3693 2896 3808 2951 Non

2214 2985 2394 3056 itaque
2418 2985 2706 3040 vanitatem
2736 2985 2950 3056 imagini
2973 2987 3066 3041 Dei
3096 2987 3371 3056 tribueret,
3396 2989 3495 3043 nisi
3513 2988 3809 3045 deformem

2213 3087 2460 3133 cerneret
2478 3076 2696 3133 factam.
2727 3077 2841 3134 Nec
2870 3087 3072 3133 tantum
3116 3078 3295 3135 valere
3335 3081 3478 3135 illam
3497 3081 3808 3137 deformita-

2214 3178 2344 3239 tem,
2377 3179 2434 3225 ut
2474 3170 2679 3225 auferat
2716 3171 2856 3241 quod
2887 3172 3059 3242 imago
3092 3180 3205 3241 est,
3244 3172 3375 3228 satis
3426 3174 3686 3242 ostendit,
3724 3175 3807 3230 di-

2212 3262 2404 3329 cendo,
2440 3262 2743 3333 Quanquam
2774 3264 2825 3317 in
2850 3264 3069 3335 imagine
3094 3264 3319 3318 ambulat
3360 3266 3529 3319 homo.
3562 3266 3806 3337 Quapro-

2217 3363 2335 3425 pter
2362 3371 2424 3409 cx
2473 3364 2697 3425 utraque
2738 3364 2889 3425 parte
2943 3356 3205 3410 veraciter
3257 3357 3587 3425 pronuntiari
3635 3365 3808 3426 potest

2213 3448 2313 3503 ista
2345 3449 2628 3515 sententia,
2680 3457 2737 3504 ut
2766 3448 3215 3519 quemadmodum
3245 3449 3445 3505 dictum
3474 3459 3592 3518 est,
3627 3452 3806 3519 Quan-

2211 3558 2361 3612 quam
2386 3542 2436 3594 in
2462 3541 2682 3611 imagine
2704 3541 2929 3595 ambulat
2959 3544 3125 3607 homo,
3159 3552 3325 3597 tamen
3357 3559 3483 3597 vane
3534 3544 3806 3598 conturba-

2213 3646 2333 3701 tur;
2362 3636 2433 3689 ita
2457 3636 2685 3701 dicatur,
2723 3635 3034 3706 Quanquam
3063 3652 3198 3691 vane
3225 3640 3575 3692 conturbatur
3618 3638 3804 3707 homo,

2213 3737 2391 3782 tamen
2438 3728 2490 3782 in
2520 3728 2753 3798 imagine
2796 3728 3054 3782 ambulat.
3091 3728 3404 3798 Quanquam
3445 3730 3587 3784 enim
3615 3743 3805 3800 magna

2211 3830 2396 3873 natura
2423 3820 2511 3884 sit,
2545 3827 2721 3873 tamen
2752 3819 2922 3873 vitiari
2947 3820 3138 3889 potuit,
3171 3820 3291 3890 quia
3314 3836 3520 3876 summa
3548 3838 3654 3876 non
3682 3830 3800 3875 est:

2209 3921 2263 3967 ct
2308 3927 2609 3982 quanquam
2650 3912 2823 3965 vitiari
2857 3913 3107 3982 potuerit,
3151 3914 3275 3983 quia
3307 3928 3516 3968 summa
3558 3928 3666 3968 non
3697 3922 3797 3975 est,

2209 4014 2384 4057 tamen
2408 4005 2528 4073 quia
2556 4018 2778 4057 summae
2810 4012 3015 4059 natura:
3044 4019 3209 4074 capax
3240 4013 3320 4058 est
3348 4046 3360 4069 ,
3398 4015 3452 4060 et
3484 4020 3604 4059 esse
3634 4005 3802 4074 parti-

2206 4109 2333 4164 ceps
2365 4104 2557 4165 potest,
2593 4110 2779 4163 magna
2818 4104 3007 4149 natura
3051 4105 3152 4150 est.
3186 4096 3501 4163 Quaeramus
3553 4097 3714 4166 igitur
3745 4096 3801 4150 in

2208 4188 2307 4242 hac
2348 4187 2580 4258 imagine
2628 4188 2726 4242 Dei
2776 4188 3057 4258 quamdam
3098 4189 3178 4242 sui
3222 4188 3434 4258 generis
3486 4189 3799 4253 trinitatem,

2207 4283 2491 4351 adjuvante
2515 4282 2634 4353 ipso
2661 4282 2749 4352 qui
2780 4296 2876 4337 nos
2906 4281 3031 4336 fecit
3060 4283 3125 4336 ad
3169 4281 3452 4352 imaginem
3480 4280 3652 4335 suam.
3678 4281 3802 4336 Non

2209 4376 2352 4431 enim
2376 4375 2532 4429 aliter
2560 4390 2841 4444 possumus
2890 4374 3004 4428 lucc
3050 4374 3339 4430 salubriter
3374 4374 3718 4443 investigare,
3746 4381 3805 4429 et

2204 4466 2497 4521 secundum
2546 4466 2860 4535 sapientiam
2910 4481 3029 4535 qum
3075 4466 3141 4521 ab
3173 4466 3267 4521 illo
3294 4466 3604 4536 estaliquid
3647 4466 3798 4519 inve-

2204 4561 2321 4616 nire
2354 4578 2367 4614 :
2395 4560 2489 4615 sed
2536 4575 2599 4615 ea
2626 4576 2745 4630 quae
2787 4560 2839 4613 in
2871 4560 3234 4629 superioribus
3263 4560 3434 4624 libris,
3480 4570 3534 4613 et
3568 4558 3801 4612 maxime

2202 4654 2255 4707 in
2287 4652 2516 4718 decimo,
2540 4652 2608 4707 de
2632 4652 2809 4707 anima
2844 4652 3077 4705 humana
3126 4651 3205 4705 vel
3235 4659 3414 4705 mente
3441 4650 3702 4715 diximus,
3751 4650 3796 4702 si

2203 4744 2421 4799 lectoris
2451 4745 2533 4798 vel
2558 4744 2814 4797 memoria
2844 4750 3125 4797 teneantur
3152 4752 3312 4812 atque
3338 4742 3671 4805 recolantur,
3705 4740 3791 4795 vel

2201 4834 2475 4905 diligentia
2508 4836 2560 4888 in
2587 4835 2787 4889 eisdem
2817 4835 2949 4890 locis
2978 4836 3028 4888 in
3071 4834 3260 4904 quibus
3294 4834 3599 4903 conscripta
3648 4842 3794 4898 sunt,

2199 4936 2601 4993 recenseantur,
2637 4942 2741 4980 non
2779 4926 2863 4981 hic
2897 4926 3225 4981 desiderabit
3254 4925 3606 4997 prolixiorem
3631 4924 3699 4980 de
3720 4924 3797 4980 rei

2200 5028 2358 5074 tanta:
2390 5018 2729 5088 inquisitione
2758 5033 3083 5073 sermonem.

2270 5114 2321 5168 7.
2368 5112 2509 5167 Inter
2532 5122 2721 5168 caetera
2738 5128 2863 5183 ergo
2896 5112 2945 5166 in
2966 5112 3101 5166 libro
3117 5110 3322 5165 decimo
3351 5110 3604 5175 diximus,
3621 5109 3800 5165 homi-

2196 5205 2277 5258 nis
2299 5215 2530 5259 mentem
2556 5219 2711 5259 nosse
2732 5204 3068 5270 semetipsam
3089 5199 3323 5274 (Cap.7).
3348 5201 3485 5256 Nihil
3506 5203 3650 5258 enim
3684 5211 3795 5257 tam

2194 5300 2343 5353 novit
2371 5312 2543 5361 mens,
2572 5310 2729 5365 quam
2761 5294 2812 5349 id
2838 5294 2976 5365 quod
3005 5295 3103 5349 sibi
3126 5305 3323 5365 praesto
3348 5305 3431 5351 est
3460 5316 3472 5351 :
3502 5313 3602 5352 nec
3625 5299 3795 5353 menti

2193 5392 2362 5462 magis
2392 5390 2678 5461 quidquam
2711 5397 2904 5459 prmsto
2930 5399 3043 5455 est,
3075 5405 3234 5460 quam
3274 5391 3389 5460 ipsa
3419 5389 3541 5445 sibi.
3573 5391 3639 5446 Et
3663 5392 3791 5458 alia,

2194 5491 2444 5552 quantum
2469 5481 2599 5535 satis
2621 5479 2788 5533 visum
2816 5488 2917 5544 est,
2943 5478 3281 5535 adhibuimus
3306 5480 3648 5549 documenta,
3671 5483 3798 5553 qui-

2192 5574 2292 5629 hus
2318 5574 2415 5627 hoc
2439 5572 2738 5628 certissime
2760 5571 3091 5640 probaretur.

2263 5666 2488 5722 CAPUT
2540 5666 2602 5721 V.
2632 5695 2701 5705 ——
2726 5662 3017 5736 Infantiam
3055 5682 3195 5720 mens
3229 5682 3297 5720 an
3326 5683 3381 5721 se
3409 5666 3619 5720 noverit.
3650 5665 3796 5733 Quid

2192 5760 2371 5831 itaque
2397 5758 2679 5815 dicendum
2708 5765 2789 5814 est
2814 5757 2879 5813 de
2907 5757 3123 5815 infantis
3148 5768 3348 5826 mente,
3377 5759 3447 5813 ita
3467 5757 3641 5813 adhuc
3666 5773 3799 5829 par-

2257 5900 2269 5928 ¹
2309 5896 2443 5956 Fditi,
2461 5894 2513 5945 in
2528 5893 2735 5959 imagine
2758 5893 2859 5945 Dei.
2882 5893 3048 5954 Abest,
3072 5901 3180 5948 Det.
3203 5894 3598 5956 amanuscriptis.
