4104 6438
347 411 478 469 1041

341 526 444 582 νυΙί
473 534 529 582 et
570 523 626 582 in
648 531 759 581 tam
785 537 975 595 magna
1003 521 1234 579 demersi
1275 535 1452 577 rerum
1495 519 1826 591 Ignorantia,
1856 526 1915 574 ut

339 621 480 677 illius
505 620 699 675 mentis
729 619 977 674 tenebras
1005 633 1158 673 mens
1191 616 1421 672 hominis
1448 630 1565 686 qua:
1596 612 1791 684 aliquid
1820 628 1921 668 no-

337 716 410 770 vit
434 713 762 770 exliorreat?
786 712 869 766 An
903 711 1063 766 etiam
1098 711 1212 780 ipsa
1241 724 1300 765 se
1325 723 1485 762 nosse
1509 704 1771 762 credenda
1799 712 1920 772 est,

335 805 428 861 sed
456 805 658 860 intenta
683 802 846 858 nimis
871 801 923 856 in
951 816 1043 858 eas
1077 816 1164 857 res
1192 815 1325 871 quas
1350 815 1444 870 per
1467 797 1708 868 corporis
1733 810 1921 851 sensus

335 907 482 955 tanto
509 897 731 968 majore,
758 903 956 966 quanto
982 895 1201 948 noviore
1227 893 1390 962 coepit
1416 889 1770 946 delectatione
1791 903 1917 943 sen-

336 991 454 1056 tire,
483 1005 590 1044 non
622 989 866 1058 ignorare
889 1001 948 1042 se
976 993 1168 1056 potest,
1209 984 1305 1040 sed
1332 983 1565 1053 c0gitare
1591 996 1649 1036 se
1678 995 1784 1035 non
1820 993 1915 1050 po-

333 1085 479 1137 test?
506 1081 714 1150 Quanta
746 1094 904 1149 porro
933 1078 1225 1133 intentione
1263 1077 1315 1130 in
1345 1076 1444 1131 ista
1481 1090 1597 1145 qua:
1636 1071 1768 1128 foris
1794 1080 1920 1128 sunt

335 1175 608 1232 sensibilia
637 1173 858 1240 feratur,
888 1173 972 1228 vel
998 1171 1121 1226 hinc
1141 1170 1314 1226 solum
1338 1168 1530 1240 conjici
1553 1175 1745 1238 potest,
1776 1165 1918 1238 quod

331 1269 465 1324 lucis
503 1268 659 1338 hujus
702 1265 1006 1321 hauriendm
1033 1265 1110 1319 sic
1147 1263 1304 1318 avida
1335 1271 1436 1328 est,
1464 1269 1521 1315 ut
1557 1260 1603 1315 si
1639 1260 1918 1330 quisquam

330 1362 507 1416 minus
537 1368 724 1414 cautus
749 1366 842 1412 aut
861 1357 1108 1412 nesciens
1137 1354 1262 1426 quid
1293 1353 1413 1408 inde
1436 1352 1603 1423 possit
1627 1350 1872 1406 accidere
1896 1389 1913 1416 ,

329 1462 651 1508 nocturnum
671 1451 848 1504 lumen
877 1452 1113 1520 posuerit
1134 1447 1376 1518 ubijacet
1397 1445 1590 1513 infans,
1612 1445 1664 1499 in
1685 1459 1746 1500 ea
1770 1451 1918 1515 parte

328 1544 395 1598 ad
421 1559 578 1613 quam
607 1542 831 1611 jacentis
866 1541 1001 1595 oculi
1035 1539 1242 1608 possint
1265 1537 1583 1608 retorqueri,
1616 1551 1717 1591 nec
1735 1535 1916 1590 cervix

328 1635 498 1706 possit
527 1632 743 1697 inflecti,
767 1633 844 1687 sic
864 1632 977 1702 ejus
1009 1631 1130 1686 inde
1153 1647 1256 1685 non
1277 1638 1613 1684 removeatur
1637 1635 1909 1698 aspectus,

328 1738 387 1782 ut
416 1728 698 1782 nonnullos
727 1742 792 1780 ex
821 1725 922 1780 hoc
949 1725 1109 1780 etiam
1137 1724 1416 1779 strabones
1443 1722 1560 1778 ﬁeri
1587 1721 1913 1788 noverimus,

328 1838 447 1878 eam
477 1823 698 1876 formam
731 1821 1034 1875 tenentibus
1061 1819 1245 1885 oculis,
1289 1833 1448 1888 quam
1473 1816 1672 1872 teneris
1699 1824 1753 1870 et
1777 1815 1916 1870 mol-

327 1915 468 1968 libus
492 1911 823 1968 consuetudo
852 1911 1081 1982 quodam
1113 1911 1270 1965 modo
1301 1910 1490 1964 inlixit.
1518 1909 1592 1964 Ita
1620 1919 1672 1962 et
1696 1908 1747 1962 in
1783 1907 1916 1963 alios

327 2004 568 2073 corporis
594 2017 802 2069 sensus,
821 2013 1073 2072 quantum
1097 2001 1224 2055 sinit
1253 2000 1341 2055 illa
1370 2009 1518 2066 aetas,
1543 1999 1836 2054 intentione
1857 2013 1916 2054 se

329 2095 477 2165 quasi
516 2103 787 2149 coarctant
813 2094 1002 2147 animm
1041 2092 1377 2162 parvulorum
1399 2134 1414 2159 ,
1443 2101 1501 2146 ut
1533 2090 1788 2161 quidquid
1820 2105 1916 2159 per

330 2203 544 2243 carnem
574 2187 795 2243 offendit
815 2197 905 2242 aut
933 2187 1115 2252 allicit,
1146 2187 1247 2242 hoc
1279 2187 1447 2242 solum
1470 2187 1793 2241 abhorreant
1818 2201 1914 2242 ve-

331 2281 608 2336 hementer
635 2290 725 2335 aut
751 2288 1003 2352 appetant
1031 2297 1045 2332 :
1078 2296 1172 2334 sua
1200 2294 1328 2334 vero
1350 2280 1598 2333 interiora
1631 2295 1736 2333 non
1765 2279 1913 2350 cogi-

331 2383 468 2440 tent,
501 2388 600 2428 nec
628 2374 833 2442 possint
856 2372 1131 2427 admoneri
1159 2380 1214 2426 ut
1243 2371 1346 2427 hoc
1371 2371 1597 2436 faciant;
1632 2372 1752 2442 quia
1780 2387 1913 2426 non-

331 2467 456 2522 dum
486 2466 820 2522 admonentis
857 2465 1007 2536 signa
1044 2473 1323 2529 noverunt,
1356 2463 1444 2519 ubi
1469 2464 1792 2534 prmeipuum
1828 2463 1912 2519 lo-

329 2575 449 2614 cum
479 2559 640 2614 verba
661 2559 919 2625 obtinent,
952 2572 1070 2627 qua:
1095 2557 1234 2612 sicut
1260 2556 1364 2611 alia
1401 2565 1620 2626 prorsus
1647 2555 1909 2610 nesciunt.

330 2649 479 2718 Quod
507 2659 682 2704 autem
709 2649 849 2703 aliud
880 2649 948 2703 sit
977 2663 1082 2702 non
1113 2663 1172 2702 se
1199 2663 1387 2713 nosse,
1419 2647 1560 2702 aliud
1588 2661 1695 2702 non
1727 2661 1785 2702 se
1816 2661 1910 2702 co-

329 2742 518 2812 gitare,
546 2741 651 2812 jam
684 2741 738 2796 in
762 2740 951 2796 eodem
987 2740 1253 2796 volumine
1281 2739 1609 2796 ostendimus
1639 2738 1790 2810 (Lib.
1819 2738 1908 2808 10,

328 2851 440 2906 cap.
469 2833 562 2906 5).

399 2928 453 2982 8.
493 2925 599 2982 Sed
626 2926 762 2981 hanc
802 2934 1016 2982 aetatem
1045 2928 1373 2993 omittamus,
1404 2942 1522 2997 quae
1550 2941 1650 2983 nec
1678 2927 1908 2983 interro-

327 3019 438 3088 gari
466 3029 639 3089 potest
662 3019 786 3090 quid
825 3020 878 3074 in
905 3035 964 3074 se
1001 3028 1219 3090 agatur,
1245 3028 1299 3075 et
1341 3034 1440 3075 nos
1477 3020 1577 3089 ipsi
1616 3020 1730 3090 ejus
1756 3019 1910 3077 valde

327 3110 475 3164 obliti
502 3127 704 3166 sumus.
735 3111 869 3166 ilinc
894 3119 1098 3166 tantum
1124 3119 1301 3167 certos
1321 3126 1417 3167 nos
1447 3126 1566 3167 esse
1593 3111 1865 3168 suffecerit
1889 3153 1906 3181 ,

326 3203 468 3274 quod
493 3219 613 3258 cum
635 3204 794 3259 homo
816 3203 884 3259 de
904 3203 1065 3258 animi
1088 3204 1167 3258 sni
1192 3212 1378 3258 natura
1401 3203 1636 3274 cogitare
1655 3202 1908 3274 potuerit,

327 3306 485 3368 atquc
528 3298 765 3354 invenire
802 3298 942 3370 quod
979 3312 1166 3352 verum
1207 3306 1318 3363 est,
1349 3298 1476 3353 alibi
1506 3311 1614 3352 non
1643 3297 1904 3365 inveniet,

327 3406 486 3461 quam
515 3406 680 3461 penes
708 3407 768 3447 se
795 3392 987 3462 ipsum.
1015 3390 1255 3447 Inveniet
1281 3400 1482 3458 autem,
1509 3406 1617 3446 non
1648 3391 1790 3462 quod
1818 3405 1911 3447 ne-

327 3482 549 3551 sciebat,
579 3483 673 3539 sed
709 3483 852 3540 unde
877 3498 982 3538 non
1021 3483 1304 3554 cogitabat.
1333 3483 1469 3552 Quid
1495 3482 1637 3538 enim
1667 3483 1869 3540 scimus
1887 3525 1904 3552 ,

328 3577 375 3634 si
393 3578 534 3648 quod
550 3588 631 3634 est
651 3579 705 3634 in
725 3587 903 3633 nostra
926 3587 1104 3634 mente
1124 3577 1427 3641 nescimus;
1449 3591 1571 3632 cum
1589 3576 1766 3632 omnia
1789 3592 1910 3648 quae

329 3671 549 3738 scimus,
578 3688 683 3726 non
711 3673 813 3728 nisi
837 3680 1016 3728 mente
1041 3671 1181 3727 scire
1206 3669 1510 3742 possimus?

395 3762 624 3820 CAPUT
653 3764 742 3819 Vl.
765 3795 834 3806 --
858 3763 927 3819 In
963 3774 1125 3818 mente
1149 3781 1202 3820 se
1228 3764 1392 3836 ipsam
1428 3763 1679 3833 cogitante
1713 3763 1912 3819 trinitas

327 3857 561 3926 quadam
587 3859 837 3924 quomodo
862 3859 1062 3913 existat.
1091 3858 1225 3925 Quid
1247 3857 1301 3912 in
1326 3857 1421 3911 hac
1448 3856 1674 3911 trinitate
1703 3864 1912 3926 praestet

328 3953 580 4022 cogitatio.
611 3951 780 4006 Tanta
807 3960 885 4006 est
910 3961 1084 4006 tamen
1105 3949 1440 4020 cogitationis
1459 3949 1559 4016 vis,
1591 3956 1650 4003 ut
1671 3962 1772 4004 nec
1796 3947 1911 4018 ipsa

331 4060 480 4099 mens
506 4044 736 4115 quodam
771 4043 931 4100 modo
957 4060 1015 4099 se
1039 4043 1092 4098 in
1122 4050 1413 4112 conspectu
1454 4055 1552 4096 suo
1583 4049 1779 4112 ponat,
1807 4040 1912 4114 nisi

330 4135 541 4206 quando
568 4151 628 4191 se
657 4135 852 4206 c0gitat
887 4154 899 4190 :
935 4150 997 4190 ac
1023 4150 1118 4204 per
1143 4133 1244 4189 hoc
1271 4135 1344 4189 ita
1380 4133 1511 4188 nihil
1542 4132 1596 4186 in
1621 4141 1912 4202 conspectu

330 4229 522 4282 mentis
543 4237 643 4294 est,
673 4228 776 4282 nisi
803 4227 943 4283 unde
968 4227 1248 4298 cogitatur,
1276 4233 1338 4281 ut
1357 4240 1458 4280 nec
1477 4225 1592 4295 ipsa
1610 4239 1783 4291 mens,
1807 4239 1911 4295 qua

331 4321 592 4391 cogitatur
609 4321 862 4391 quidquid
879 4321 1163 4390 cogitatur,
1191 4319 1348 4374 aliter
1373 4318 1541 4389 possit
1567 4332 1688 4373 esse
1702 4317 1756 4371 in
1777 4331 1912 4372 con-

332 4423 515 4481 spectu
537 4426 655 4480 suo,
683 4413 783 4467 nisi
813 4428 870 4468 se
890 4414 1059 4483 ipsam
1081 4411 1382 4484 cogitando.
1406 4409 1686 4477 Quomodo
1709 4418 1908 4477 autem,

332 4507 544 4577 quando
567 4523 626 4562 se
652 4523 758 4563 non
778 4509 995 4578 cogitat,
1028 4510 1080 4562 in
1109 4515 1399 4577 conspectu
1423 4521 1520 4560 suo
1541 4521 1647 4561 non
1673 4506 1764 4572 sit,
1789 4519 1910 4560 cum

332 4600 446 4654 sine
472 4615 533 4655 se
558 4601 670 4669 ipsa
693 4616 961 4671 nunquam
989 4615 1106 4655 esse
1125 4601 1314 4670 possit,
1344 4599 1497 4670 quasi
1517 4599 1658 4653 aliud
1685 4599 1754 4654 sit
1775 4600 1909 4668 ipsa,

333 4692 477 4747 aliud
520 4703 838 4763 conspectus
879 4693 1032 4763 ejus,
1077 4691 1317 4747 invenire
1364 4706 1473 4747 non
1517 4705 1757 4761 possum.
1801 4691 1914 4748 Hoc

333 4786 528 4856 quippe
552 4787 619 4842 de
657 4787 814 4842 oculo
843 4786 1082 4856 corporis
1122 4801 1230 4841 non
1259 4784 1490 4841 absurde
1527 4784 1722 4841 dicitur
1753 4804 1767 4842 :
1798 4786 1914 4855 ipse

333 4879 530 4948 quippe
559 4879 744 4935 oculus
768 4882 888 4935 loco
914 4895 1011 4934 suo
1042 4879 1176 4934 fixus
1203 4886 1284 4934 est
1309 4880 1362 4933 in
1389 4893 1637 4949 corpore,
1666 4887 1913 4949 aspectus

333 4982 509 5026 autem
531 4973 646 5041 ejus
674 4973 726 5026 in
756 4987 817 5026 ea
845 4987 960 5041 quae
987 4979 1136 5026 extra
1165 4979 1288 5026 sunt
1307 4970 1560 5036 tenditur,
1589 4978 1644 5025 et
1666 4984 1832 5040 usque
1858 4970 1914 5025 in

335 5063 509 5118 sidera
539 5061 863 5116 extenditur.
895 5060 1006 5116 Nec
1047 5071 1128 5114 est.
1156 5061 1342 5116 oculus
1372 5059 1426 5114 in
1465 5068 1754 5129 conspectu
1782 5073 1910 5124 suo;

337 5154 766 5226 quandoquidem
805 5167 910 5207 non
946 5151 1202 5220 conspicit
1243 5167 1302 5205 se
1329 5151 1524 5219 ipsum,
1564 5151 1668 5205 nisi
1697 5150 1916 5221 speculo

337 5246 566 5316 olijecto,
584 5245 844 5316 undejam
861 5243 1022 5299 locuti
1040 5256 1221 5296 sumus
1244 5239 1380 5311 (Lib.
1407 5241 1494 5306 10,
1517 5258 1633 5312 cap.
1652 5242 1706 5311 5)
1731 5260 1745 5296 :
1763 5241 1907 5312 quod

337 5353 444 5393 non
473 5338 532 5393 tit
568 5339 751 5408 utique
789 5334 1001 5408 quando
1029 5349 1088 5389 se
1115 5347 1268 5387 mens
1294 5331 1350 5386 in
1387 5347 1484 5387 suo
1509 5342 1794 5403 conspectu
1831 5333 1917 5388 sui

338 5428 656 5498 cogitatione
697 5427 987 5482 constituit.
1030 5423 1294 5493 Numquid
1324 5438 1453 5494 ergo
1494 5424 1599 5478 alia
1636 5441 1730 5480 sua
1765 5433 1916 5496 parte

341 5520 499 5574 aliam
528 5528 730 5588 partem
756 5534 904 5573 suam
925 5517 1086 5583 videt,
1107 5531 1226 5571 cum
1249 5531 1308 5570 se
1329 5515 1588 5586 conspicit
1609 5517 1915 5587 cogitando,

341 5615 482 5669 sicut
509 5614 626 5668 aliis
656 5613 910 5668 membris
935 5611 1151 5677 nostris,
1179 5610 1266 5680 qui
1283 5617 1408 5665 sunt
1431 5610 1589 5674 oculi,
1611 5610 1710 5663 alia
1739 5626 1917 5666 mem-

342 5704 438 5760 bra
467 5715 646 5759 nostra
672 5705 1056 5773 conSpicimns,
1098 5717 1216 5772 qua:
1251 5702 1303 5756 in
1344 5709 1525 5755 nostro
1552 5710 1774 5770 possunt
1799 5717 1919 5759 esse

343 5797 671 5868 conspectu?
707 5796 844 5864 Quid
882 5795 985 5850 dici
1023 5793 1302 5850 absurdius
1342 5792 1430 5849 vel
1477 5791 1664 5848 sentiri
1707 5794 1920 5862 potest?

347 5885 501 5945 Unde
519 5888 676 5959 igitur
701 5887 940 5945 aufertur
966 5900 1137 5956 mens,
1169 5885 1272 5943 nisi
1295 5899 1328 5944 a
1364 5899 1426 5945 se
1446 5883 1602 5956 ipsa?
1621 5891 1676 5943 et
1700 5885 1788 5944 ubi
1816 5897 1918 5956 po-

1530 403 1734 460 LIBER
1771 402 2101 470 QUARTUS
2143 405 2452 466 DECIMUS.

3481 418 3623 476 1042

2037 522 2181 578 nitur
2200 524 2252 579 in
2277 533 2565 596 conspectu
2592 541 2720 596 suo,
2750 527 2850 583 nisi
2875 536 2998 585 ante
3026 543 3086 585 se
3113 529 3319 600 ipsam?
3346 530 3461 588 Non
3488 550 3617 606 ergo

2030 617 2102 672 ibi
2127 617 2224 672 erit
2255 619 2344 674 ubi
2367 629 2502 689 erat,
2543 622 2755 692 quando
2794 623 2848 677 in
2872 631 3160 693 conspectu
3195 640 3292 680 suo
3331 641 3440 681 non
3465 638 3616 699 erat;

2029 709 2151 779 quia
2181 709 2266 764 hic
2301 711 2490 779 posita,
2523 711 2645 768 inde
2673 714 2878 770 sublata
2903 722 3004 770 est.
3034 714 3140 771 Sed
3164 716 3208 770 si
3237 719 3616 788 conspicienda

2027 800 2338 870 migravit‘,
2365 814 2714 873 conspectura
2738 805 2831 860 ubi
2856 807 3132 862 manebit?
3162 808 3243 862 An
3269 810 3420 880 quasi
3440 813 3614 882 gemi-

2027 900 2202 958 natur,
2234 902 2290 947 ut
2318 904 2372 948 et
2398 895 2504 950 illic
2528 897 2597 950 sit
2632 905 2685 952 et
2713 899 2816 965 hic,
2861 898 2913 953 id
2942 907 3045 966 est,
3085 909 3140 955 et
3164 900 3254 956 ubi
3279 904 3612 974 conspicere,

2027 994 2080 1040 et
2105 984 2194 1040 ubi
2223 988 2457 1058 conspici
2489 990 2690 1058 possit;
2733 1002 2792 1046 ut
2821 993 2874 1046 in
2900 1007 2960 1048 se
2987 995 3058 1049 sit
3085 996 3420 1066 conspiciens
3439 1039 3454 1064 ,
3487 1006 3614 1056 ante

2026 1091 2086 1132 se
2108 1077 2391 1148 conSpicua
2413 1079 2435 1132 ?
2458 1079 2601 1136 Nihil
2629 1079 2819 1136 horum
2844 1083 2998 1138 nobis
3033 1086 3229 1141 veritas
3255 1088 3498 1144 consulta
3518 1105 3611 1146 re-

2025 1169 2253 1238 spondet
2282 1187 2294 1224 :
2330 1172 2576 1241 quoniam
2603 1173 2817 1242 quando
2844 1175 2947 1230 isto
2970 1177 3129 1232 modo
3158 1179 3472 1250 cogitamus,
3502 1196 3610 1238 non

2025 1262 2127 1317 nisi
2163 1277 2445 1332 corporum
2473 1264 2622 1320 ﬁctas
2660 1265 2916 1336 imagines
2945 1270 3261 1340 cogitamus,
3293 1272 3434 1342 quod
3461 1287 3608 1328 men~

2025 1363 2132 1409 tem
2164 1371 2268 1410 non
2297 1370 2417 1411 esse
2442 1357 2624 1426 paucis
2649 1359 3007 1416 certissimum
3029 1371 3110 1417 est
3135 1364 3421 1432 mentibus,
3446 1381 3473 1418 a
3496 1367 3610 1436 qui-

2023 1447 2122 1503 bus
2153 1458 2326 1518 potest
2367 1451 2434 1504 de
2467 1451 2565 1505 hac
2593 1468 2653 1508 re
2682 1454 2876 1509 veritas
2907 1457 3131 1512 consuli.
3181 1459 3409 1515 Proinde
3445 1470 3614 1518 restat

2023 1551 2082 1597 ut
2111 1543 2306 1614 aliquid
2345 1545 2616 1615 pertinens
2645 1547 2711 1601 ad
2752 1549 2868 1618 ejus
2906 1559 3147 1606 naturam
3185 1553 3254 1607 sit
3290 1563 3610 1624 conspectus

2021 1637 2158 1707 ejus,
2181 1647 2234 1692 et
2261 1639 2313 1692 in
2339 1653 2478 1705 eam,
2507 1640 2717 1710 quando
2742 1657 2801 1697 se
2827 1643 3041 1712 cogitat,
3071 1647 3354 1716 nonquasi
3381 1663 3476 1716 per
3504 1647 3610 1702 loci

2022 1731 2272 1800 Spatium,
2305 1731 2398 1786 sed
2422 1733 2734 1803 incorporea
2763 1736 3114 1791 conversione
3145 1746 3423 1794 revocetur
3446 1757 3461 1793 :
3483 1753 3606 1794 cum

2021 1839 2149 1877 vero
2174 1840 2281 1877 non
2311 1839 2369 1878 se
2397 1825 2614 1895 cogitat,
2647 1841 2754 1880 non
2776 1827 2846 1881 sit
2871 1826 3081 1896 quidem
3106 1827 3156 1881 in
3180 1837 3466 1898 conspectu
3487 1844 3608 1894 suo,

2019 1929 2119 1970 nec
2147 1915 2214 1969 (lc
2242 1915 2328 1968 illa
2357 1932 2482 1970 suus
2512 1916 2770 1971 formetur
2795 1918 3030 1982 obtutus,
3063 1919 3155 1973 sed
3185 1928 3360 1974 tamen
3401 1922 3610 1977 noverit

2019 2023 2079 2062 se
2110 2015 2358 2076 tanquam
2386 2007 2498 2076 ipsa
2525 2007 2595 2062 sit
2614 2009 2714 2063 sibi
2735 2010 2992 2065 memoria
3013 2009 3117 2065 sui.
3141 2009 3291 2066 Sicut
3317 2011 3608 2068 multarum

2019 2099 2418 2168 disciplinarum
2464 2101 2664 2170 peritus
2710 2116 2770 2156 ea
2821 2118 2940 2172 qua:
2983 2103 3166 2169 novit,
3196 2104 3310 2173 ejus
3348 2106 3608 2163 memoria

2018 2193 2377 2258 continentur,
2415 2209 2511 2248 nec
2536 2205 2616 2250 est
2637 2195 2761 2250 inde
2791 2195 2988 2265 aliquid
3016 2195 3069 2250 in
3095 2205 3383 2266 conspectu
3410 2199 3606 2253 mentis

2018 2284 2154 2354 ejus,
2183 2286 2283 2340 nisi
2311 2286 2448 2341 unde
2475 2287 2668 2356 cogitat
2693 2304 2708 2352 ;
2735 2299 2927 2342 caetera
2960 2288 3011 2341 in
3033 2303 3225 2343 arcana
3247 2290 3474 2358 quadam
3505 2307 3604 2345 no-

2019 2377 2130 2431 titia
2160 2385 2281 2431 sunt
2325 2377 2618 2444 recondita,
2651 2394 2770 2448 quae
2808 2379 3065 2433 memoria
3095 2390 3444 2449 nuncupatur.
3477 2381 3603 2436 Ideo

2016 2469 2307 2524 trinitatem
2336 2469 2414 2525 sic
2443 2470 2966 2536 commendabamus,
2996 2479 3052 2526 ut
3076 2471 3203 2526 illud
3235 2473 3374 2527 unde
3404 2472 3604 2529 forma-

2017 2571 2105 2617 tur
2128 2564 2410 2633 cogitantis
2429 2563 2663 2630 obtutus,
2694 2564 2748 2620 in
2772 2565 3026 2620 memoria
3054 2580 3406 2635 poneremus;
3431 2566 3601 2636 ipsam

2014 2670 2144 2710 vero
2171 2654 2670 2724 conformationem,
2700 2665 2949 2726 tanquam
2989 2657 3271 2728 imaginem
3311 2673 3430 2728 quae
3477 2658 3601 2714 inde

2015 2747 2371 2818 imprimitur;
2401 2757 2455 2803 et
2479 2747 2608 2803 illud
2633 2763 2740 2818 quo
2761 2757 3044 2819 utrumque
3064 2749 3422 2820 conjungitur,
3445 2764 3597 2804 amo-

2013 2855 2128 2896 rem
2170 2855 2266 2896 seu
2291 2841 2639 2897 voluntatem.
2671 2841 2819 2896 Mens
2858 2842 3018 2912 igitur
3040 2841 3252 2912 quando
3280 2841 3602 2912 cogitatione

2013 2947 2074 2990 se
2104 2935 2384 3004 conspicit,
2415 2935 2659 3005 intelligit
2697 2949 2755 2989 se
2788 2942 2844 2989 et
2870 2935 3242 3004 recognoscit:
3274 2935 3444 3005 gignit
3469 2949 3601 3005 ergo

2013 3027 2158 3085 hunc
2200 3028 2528 3085 intellectum
2557 3038 2612 3083 et
2655 3029 3012 3100 cognitionem
3052 3043 3224 3084 suam.
3267 3028 3376 3084 Res
3405 3028 3599 3098 quippe

2013 3123 2326 3192 incorporea
2368 3121 2632 3177 intellecta
2671 3121 3017 3191 conspicitur,
3050 3130 3104 3176 et
3132 3120 3477 3190 intelligendo
3504 3134 3600 3176 co—

2012 3215 2305 3286 gnoscitur.
2348 3213 2457 3269 Nec
2497 3214 2568 3268 ita
2596 3227 2724 3268 sane
2764 3213 2932 3284 gignit
2962 3214 3116 3268 istam
3160 3212 3402 3267 notitiam
3449 3226 3600 3267 suam

2012 3321 2186 3372 mens,
2215 3304 2425 3376 quando
2451 3303 2730 3375 cogitando
2753 3304 3075 3359 intellectam
3096 3315 3155 3357 se
3177 3302 3456 3372 conspicit,
3487 3309 3604 3356 tan-

2013 3413 2172 3470 quam
2199 3399 2300 3454 sibi
2327 3406 2451 3452 aute
2473 3397 2736 3466 incognita
2763 3395 2922 3451 fuerit
2941 3411 2955 3448 :
2974 3394 3068 3450 sed
3096 3395 3166 3448 ita
3190 3393 3292 3448 sibi
3318 3401 3440 3448 nota
3461 3402 3596 3460 erat,

2013 3488 2462 3560 quemadmodum
2487 3497 2628 3542 notae
2653 3497 2777 3542 sunt
2793 3501 2878 3541 res
2901 3503 3019 3557 quae
3043 3485 3302 3541 memoria
3322 3485 3604 3540 continen-

2015 3591 2120 3648 tur,
2151 3581 2361 3636 etiamsi
2389 3594 2493 3635 non
2522 3580 2820 3650 cogitentur
2851 3596 2864 3632 :
2896 3577 3146 3647 quoniam
3175 3577 3402 3632 dicimus
3425 3575 3602 3632 homi-

2014 3688 2138 3729 nem
2160 3686 2318 3728 nosse
2354 3668 2581 3737 litteras,
2608 3670 2768 3725 etiam
2795 3683 2914 3724 cum
2944 3668 3012 3725 de
3037 3668 3155 3722 aliis
3181 3668 3362 3734 rebus,
3392 3683 3496 3722 non
3523 3667 3594 3724 de

2015 3767 2204 3822 litteris
2230 3767 2448 3837 cogitat.
2478 3765 2606 3820 Haec
2625 3773 2802 3820 autem
2829 3764 2953 3831 duo,
2984 3765 3208 3835 gignens
3239 3773 3294 3820 et
3319 3764 3554 3834 genitum
3577 3803 3592 3830 ,

2015 3861 2299 3917 dilectione
2323 3860 2478 3916 tertia
2500 3859 2836 3930 copulantur,
2871 3873 2990 3929 qua:
3011 3857 3140 3912 nihil
3170 3864 3254 3914 est
3271 3855 3414 3911 aliud
3439 3870 3601 3926 quam

2015 3953 2261 4008 voluntas
2288 3951 2567 4008 fruendum
2592 3950 2789 4020 aliquid
2822 3959 3077 4019 appetens
3096 3949 3180 4004 vel
3209 3957 3418 4004 tenens.
3449 3945 3603 4001 Ideo-

2015 4062 2120 4118 que
2147 4047 2305 4102 etiam
2338 4045 2443 4100 illis
2473 4044 2642 4099 tribus
2673 4043 2978 4098 nominibus
3006 4041 3379 4098 insinuandam
3406 4039 3601 4096 mentis

2016 4141 2314 4212 putavimus
2331 4132 3599 4206 trinitatem,memoria,intelligentia,voluntate.

2087 4232 2142 4287 9.
2186 4231 2292 4287 Sed
2339 4233 2590 4302 quoniam
2619 4239 2852 4286 mentem
2891 4244 3105 4301 semper
3149 4229 3229 4285 sui
3268 4228 3599 4294 meminisse,

2015 4343 2333 4398 semperque
2375 4342 2434 4382 se
2481 4327 2650 4396 ipsam
2681 4323 2978 4394 intelligere
3022 4332 3077 4378 et
3117 4337 3328 4388 amare,
3357 4319 3602 4391 quamvis

2017 4437 2124 4477 non
2152 4436 2366 4490 semper
2402 4434 2462 4474 se
2501 4418 2735 4489 cogitare
2777 4417 3061 4473 discretam
3101 4417 3168 4470 ab
3211 4415 3289 4470 eis
3335 4429 3456 4485 quae
3496 4427 3606 4468 non

2017 4521 2143 4570 sunt
2167 4512 2308 4583 quod
2335 4513 2446 4582 ipsa
2473 4519 2586 4577 est,
2618 4512 2761 4566 circa
2787 4508 3028 4580 ejusdem
3064 4508 3187 4564 libri
3213 4507 3407 4563 decimi
3441 4505 3602 4561 finem
3668 4534 3673 4545 ι

2017 4604 2246 4660 diximus
2273 4619 2286 4655 :
2315 4601 2660 4672 quaerendum
2684 4610 2766 4655 est
2786 4614 3014 4670 quonam
3040 4599 3202 4654 modo
3230 4598 3294 4654 ad
3325 4597 3606 4668 cogitatio-

2017 4711 2138 4752 nem
2165 4695 2434 4766 pertineat
2475 4694 2803 4758 intellectus;
2833 4691 3018 4747 notitia
3043 4706 3173 4746 vero
3196 4690 3453 4759 cujusque
3487 4688 3604 4753 rei,

2017 4804 2136 4860 quae
2163 4789 2301 4843 inest
2329 4785 2515 4853 menti,
2537 4786 2696 4842 etiam
2723 4784 2936 4857 quando
2959 4799 3064 4840 non
3089 4784 3156 4839 de
3186 4785 3297 4853 ipsa
3319 4782 3601 4852 cogitatur,

2017 4882 2086 4937 ad
2129 4881 2296 4937 solam
2334 4879 2542 4934 dicatur
2566 4877 2879 4934 memoriam
2907 4877 3194 4948 pertinere.
3225 4874 3280 4931 Si
3325 4873 3469 4929 enim
3501 4873 3602 4929 hoc

2019 4975 2091 5028 ita
2118 4981 2218 5038 est,
2246 4986 2352 5026 non
2382 4970 2612 5026 habebat
2635 4969 2752 5024 haec
2780 4969 2880 5023 tria
2899 5009 2915 5035 ,
2944 4977 3000 5022 ut
3042 4974 3098 5021 et
3122 4965 3202 5020 sui
3233 4964 3603 5033 meminisset,

2021 5076 2075 5122 et
2097 5081 2156 5122 sc
2190 5065 2532 5136 intelligeret,
2561 5071 2616 5118 et
2640 5070 2844 5118 amaret
2875 5077 2890 5114 :
2919 5058 3016 5114 sed
3053 5059 3372 5114 meminerat
3397 5064 3604 5112 tantum

2021 5161 2124 5227 sui,
2146 5168 2200 5214 et
2227 5167 2413 5228 postea
2432 5172 2553 5213 cum
2580 5155 2812 5226 cogitare
2831 5167 2890 5209 se
2908 5150 3088 5223 coepit,
3116 5159 3240 5207 tunc
3258 5165 3317 5207 se
3342 5149 3604 5208 intellexit

2022 5261 2180 5322 atque
2209 5251 2411 5306 dilexit.

2094 5342 2320 5402 CAPUT
2359 5340 2471 5396 νη.
2501 5367 2575 5380 -
2600 5335 2849 5409 Επεηῳιο
2889 5352 2969 5392 res
3001 5334 3309 5390 declaratur.
3339 5334 3604 5404 Quomodo

2022 5453 2102 5492 res
2140 5436 2208 5490 ad
2237 5433 2494 5507 juvandos
2519 5429 2726 5486 lectores
2753 5437 2966 5482 tractata
3003 5429 3090 5484 sit.
3120 5429 3456 5500 Quapropter
3484 5429 3604 5484 dili-

2023 5531 2234 5602 gentius
2258 5526 2388 5583 illud
2412 5523 2813 5580 consideremus
2841 5521 3163 5592 exemplum,
3185 5521 3325 5592 quod
3355 5520 3604 5576 adhibui-

2026 5637 2164 5689 mus,
2202 5621 2289 5677 ubi
2307 5621 2328 5651 ¹
2356 5617 2728 5673 ostenderetur
2754 5613 2896 5670 aliud
2923 5629 3040 5670 esse
3064 5629 3177 5668 rem
3205 5628 3468 5685 quamque
3497 5625 3603 5670 non

2027 5729 2184 5769 nosse
2206 5753 2220 5777 ,
2250 5709 2394 5765 aliud
2422 5723 2528 5764 non
2568 5707 2837 5777 cogitare;
2867 5705 3089 5776 fierique
3118 5720 3274 5776 posse
3313 5714 3370 5761 ut
3396 5703 3602 5762 noverit

2089 5829 2106 5861 ι
2140 5823 2276 5886 aditi,
2296 5817 2540 5886 migrabit.
2565 5819 2730 5886 Aptius
2742 5829 2860 5868 vero

2090 5894 2110 5924 ²
2147 5881 2275 5950 Apud
2299 5881 2384 5936 Er.w
2392 5881 2541 5947 Lugd.
2562 5888 2682 5932 Ven.
2706 5885 2837 5942 Lov.,
2861 5882 2928 5930 ut.
2992 5883 3052 5928 li.
