4104 6438
483 373 620 437 1045

480 509 646 567 homo
667 507 867 580 aliquid
890 505 1034 580 quod
1071 518 1177 565 non
1205 501 1425 574 cogitat,
1449 501 1663 572 quando
1685 499 1927 568 aliunde,
1954 513 2063 561 non

479 602 606 659 inde
632 602 851 673 cogitat.
885 601 1115 665 Duarum
1139 609 1269 667 ergo
1295 594 1377 651 vel
1406 592 1637 665 plurium
1663 592 2063 664 disciplinarum

482 695 706 767 peritus,
731 692 942 765 quando
970 704 1128 745 unam
1155 687 1372 758 cogitat,
1399 686 1557 745 aliam
1578 687 1665 743 vel
1694 685 1825 741 alias
1844 685 2003 740 etiam
2021 682 2067 739 si

480 804 588 845 non
614 787 845 858 cogitat,
874 782 1020 839 novit
1051 792 1249 837 tamen.
1277 778 1383 839 Sed
1420 778 1677 850 numquid
1704 786 1851 835 recte
1880 790 2068 846 possu-

482 895 606 951 tnus
655 879 853 943 dicere,
886 876 991 939 iste
1042 873 1277 930 musicus
1326 868 1473 928 novit
1515 871 1729 942 quidem
1782 869 2061 936 musicam,

476 973 573 1028 sed
620 984 755 1037 nunc
798 983 915 1023 eam
960 981 1069 1025 non
1110 962 1390 1035 intelligit,
1439 963 1565 1034 quia
1589 977 1708 1017 eam
1771 975 1877 1017 non
1925 959 2069 1030 cogi-

475 1071 603 1131 tat;
674 1060 917 1130 intelligit
977 1066 1155 1125 antem
1217 1071 1359 1115 nunc
1428 1056 1805 1127 geometricam
1837 1095 1853 1120 ,
1926 1054 2066 1110 hanc

472 1153 616 1209 enim
673 1165 813 1206 nunc
862 1147 1092 1220 cogitat?
1141 1146 1388 1205 Absurde
1432 1155 1550 1216 est,
1597 1153 1851 1217 quantum
1903 1160 2066 1217 appa-

474 1257 588 1314 ret,
621 1246 721 1300 ista
762 1243 1046 1300 sententia.
1074 1240 1215 1310 Quid
1243 1239 1401 1296 etiam
1430 1239 1514 1295 illa
1536 1282 1552 1307 ,
1595 1239 1641 1295 si
1670 1238 1928 1302 dicamus,
1959 1237 2064 1294 Iste

476 1338 713 1395 musicus
740 1336 885 1390 novit
919 1333 1135 1405 quidem
1165 1332 1423 1387 musicam
1444 1372 1459 1397 ,
1501 1330 1594 1386 sed
1623 1345 1766 1386 nunc
1808 1344 1924 1385 eam
1956 1344 2061 1389 non

474 1436 657 1493 amat,
686 1425 898 1498 quando
939 1440 1056 1480 eam
1101 1439 1208 1480 non
1238 1423 1470 1493 cogitat;
1515 1430 1659 1478 amat
1702 1430 1877 1477 autem
1923 1435 2065 1477 nunc

473 1520 852 1591 geometricam
872 1519 912 1585 ί,
942 1516 1192 1590 quoniam
1229 1529 1372 1571 nunc
1413 1515 1582 1585 ipsam
1613 1512 1810 1584 cogitat
1840 1531 1853 1567 :
1887 1527 2063 1569 nonne

474 1613 721 1673 similiter
745 1610 974 1683 absurda
1009 1608 1138 1677 est?
1175 1606 1493 1664 Rectissime
1522 1622 1649 1661 vero
1683 1606 1927 1673 dicimus,
1958 1605 2064 1663 iste

402 1724 406 1735 ι
473 1717 633 1774 quem
654 1702 909 1774 perspicis
929 1701 996 1757 de
1017 1699 1338 1770 geometrica
1356 1698 1734 1769 disputantem,
1758 1699 1918 1754 etiam
1943 1714 2064 1769 per-

391 1814 420 1844 .;
471 1794 646 1851 fectus
672 1804 754 1850 est
778 1795 1045 1863 musicus;
1078 1808 1200 1853 nam
1228 1800 1282 1861 et
1309 1790 1551 1847 meminit
1573 1790 1866 1862 disciplinre
1906 1790 2021 1862 ejus
2044 1834 2059 1860 ,

475 1894 532 1942 et
560 1887 808 1958 intelligit
836 1901 954 1942 eam
977 1894 1031 1941 et
1054 1878 1227 1957 diligit
1256 1901 1268 1938 :
1301 1883 1396 1941 sed
1431 1886 1678 1956 quamvis
1708 1899 1825 1938 eam
1857 1885 2063 1940 noverit

475 1987 530 2035 et
555 1988 732 2047 amet,
759 1993 898 2033 nunc
929 1978 1074 2032 illam
1110 1992 1214 2045 non
1253 1975 1479 2047 cogitat,
1506 1976 1753 2047 quoniam
1779 1977 2066 2047 geometri-

474 2068 591 2124 cam
623 2068 691 2125 de
718 2084 818 2139 qua
850 2068 1104 2138 disputat,
1138 2067 1355 2139 cogitat.
1401 2066 1535 2122 llinc
1561 2067 1913 2123 admonemur
1943 2082 2062 2123 esse

471 2161 628 2217 nobis
661 2160 713 2217 in
741 2159 922 2215 abdito
955 2159 1153 2214 mentis
1190 2157 1539 2230 quarumdam
1588 2174 1764 2214 rcrmn
1803 2158 2059 2229 quasdam

472 2252 709 2317 notitias,
738 2259 792 2307 et
820 2259 947 2309 tunc
974 2251 1203 2322 quodam
1226 2249 1387 2306 modo
1416 2250 1707 2321 procedere
1729 2251 1780 2306 in
1804 2251 2057 2319 medium,

471 2350 634 2414 atque
674 2343 726 2413 in
757 2350 1046 2413 conspectu
1090 2343 1288 2397 mentis
1330 2342 1473 2397 velut.
1502 2343 1736 2415 apertius
1776 2344 2057 2411 constitui,

472 2435 686 2507 quando
711 2435 1011 2508 cogitantur
1040 2453 1054 2491 :
1085 2444 1213 2491 tunc
1249 2434 1389 2490 enim
1425 2449 1485 2490 se
1515 2434 1627 2504 ipsa
1660 2450 1810 2490 mens
1831 2478 1845 2501 ,
1871 2444 1925 2489 et
1951 2451 2056 2490 me-

472 2528 715 2595 minisse,
746 2538 802 2583 et
826 2527 1146 2598 intelligere,
1178 2534 1233 2582 et
1277 2541 1457 2580 amare
1489 2526 1709 2591 invenit,
1733 2527 1889 2595 etiam
1919 2526 2060 2585 unde

469 2635 577 2676 non
604 2619 903 2693 cogitabat,
934 2619 1147 2692 quando
1177 2617 1316 2674 aliud
1357 2618 1642 2693 cogitabat.
1675 2618 1780 2682 sed
1805 2619 1942 2672 unde
1970 2619 2058 2684 (lin

469 2726 577 2769 non
611 2712 1043 2785 cogitaverimus,
1075 2718 1130 2767 et
1172 2708 1311 2765 unde
1339 2709 1575 2780 cogitare
1605 2709 1706 2765 nisi
1751 2711 2056 2789 commoniti

468 2820 577 2861 non
602 2804 862 2869 valemus,
900 2803 954 2860 id
984 2817 1083 2858 nos
1109 2803 1291 2859 nescio
1324 2818 1430 2873 quo
1460 2803 1752 2877 eodemque
1779 2804 1915 2867 miro
1941 2818 2056 2867 mo-

472 2895 570 2963 do,
604 2896 650 2951 si
686 2902 859 2967 potest
886 2893 988 2949 dici
1009 2933 1024 2960 ,
1056 2894 1195 2949 scire
1232 2893 1522 2955 nescimus.
1554 2893 1789 2963 Denique
1821 2903 1963 2949 recte
1993 2893 2059 2949 ali

469 3000 529 3047 ec
565 2986 655 3065 qui
676 2992 1084 3052 commemorat,
1116 2984 1164 3051 ei
1194 2984 1384 3054 quem”
1413 2994 1798 3049 commemorat
1829 2983 2019 3045 dicitur
2044 3002 2054 3032 :

471 3078 591 3143 Scis
612 3082 729 3144 hoc,
753 3076 847 3135 sed
873 3076 1012 3135 scire
1043 3083 1095 3131 te
1117 3075 1327 3139 neseis;
1356 3074 1807 3139 commemorabo,
1840 3083 1891 3129 et
1914 3075 2059 3129 inve-

471 3171 589 3231 nies
618 3178 672 3227 te
694 3169 954 3253 scientem
976 3167 1117 3241 quod
1148 3176 1201 3223 te
1230 3165 1440 3221 nescire
1472 3174 1775 3237 putaveras.
1810 3165 1864 3221 Id
1892 3175 2054 3236 agunt

471 3271 527 3319 et
556 3263 764 3347 litterae,
788 3276 909 3345 quae
935 3259 1002 3316 de
1023 3258 1109 3315 his
1133 3260 1295 3319 rebus
1316 3255 1631 3327 conscriptae
1654 3266 1793 3321 sunt,
1820 3271 1949 3339 quas
1973 3272 2058 3312 res

471 3353 607 3415 duce
637 3354 845 3409 ratione
870 3367 1029 3409 veras
1058 3366 1180 3409 esse
1210 3348 1416 3406 invenit
1443 3348 1614 3404 lector
1639 3366 1652 3401 :
1678 3364 1783 3403 non
1811 3364 1941 3419 quas
1965 3365 2056 3404 ve-

468 3460 558 3501 ras
586 3459 707 3511 esse
734 3443 906 3503 credit
929 3442 980 3500 ei
1009 3443 1100 3514 qui
1128 3439 1371 3511 scripsit,
1398 3439 1537 3496 sicut
1575 3438 1766 3510 legitur
1795 3439 2011 3517 historia
2039 3455 2053 3507 ;

469 3536 566 3601 sed
593 3552 724 3619 quas
751 3551 906 3593 veras
929 3518 1050 3603 esse
1075 3534 1234 3590 etiam
1263 3533 1378 3609 ipse
1402 3531 1624 3599 invenit,
1655 3532 1768 3587 sive
1793 3510 1943 3605 apud
1961 3548 2018 3587 se
2038 3574 2054 3600 ,

470 3631 584 3687 sive
614 3630 668 3686 in
696 3631 807 3702 ipsa
830 3629 1027 3691 mentis
1054 3628 1173 3683 luce
1201 3626 1447 3695 veritate.
1478 3624 1578 3693 Qui
1599 3640 1727 3679 vero
1750 3640 1848 3681 nec
1868 3624 2056 3679 admo-

470 3723 613 3780 nitus
637 3724 779 3785 valet
808 3724 906 3778 ista
929 3720 1192 3786 contueri,
1212 3733 1403 3790 magna
1429 3718 1667 3773 caecitate
1686 3719 1881 3781 cordis,
1909 3730 2058 3774 tene-

469 3816 582 3874 bris
625 3816 940 3887 ignorantiae
982 3813 1263 3879 demersus
1290 3820 1373 3867 est
1401 3810 1598 3878 altius,
1645 3818 1699 3866 et
1728 3809 2056 3877 mirabiliore

469 3906 648 3965 divina
689 3923 790 3981 ope
831 3906 1066 3979 indiget,
1106 3911 1166 3960 ut
1205 3902 1375 3975 possit
1411 3902 1480 3957 ad
1509 3916 1691 3957 veram
1740 3888 2054 3972 sapientiam

469 4002 771 4079 pervenire.
1212 3986 1217 3993 ’

542 4094 631 4159 10.
664 4094 886 4163 Propter
910 4091 1014 4148 hoc
1041 4091 1221 4162 itaque
1252 4087 1396 4144 volui
1434 4087 1502 4143 de
1543 4085 1863 4158 cogitatione
1905 4085 2056 4141 adhi-

469 4183 598 4252 bere
624 4184 1007 4257 qualecumque
1044 4181 1424 4249 documentum
1446 4218 1463 4246 ,
1504 4193 1610 4251 quo
1636 4187 1815 4253 posset
1848 4177 2056 4233 ostendi

468 4262 737 4359 quomodo
761 4290 827 4329 ex
852 4273 917 4329 iis
944 4288 1063 4343 quae
1092 4269 1348 4327 memoria
1379 4268 1737 4333 continentur,
1767 4268 2055 4324 recordan-

468 4370 537 4425 tis
562 4369 705 4426 acies
732 4367 1066 4433 informetur,
1091 4374 1143 4421 et
1168 4364 1272 4420 tale
1296 4362 1492 4436 aliquid
1517 4363 1763 4435 gignatur
1782 4361 1869 4417 ubi
1899 4362 2058 4416 homo

468 4453 697 4531 cogitat,
725 4452 880 4524 quale
906 4451 957 4509 in
991 4448 1219 4519 illo’erat
1246 4449 1334 4503 ubi
1377 4457 1499 4503 ante
1524 4447 1898 4519 cogitationem
1920 4442 1923 4447 ⁴
1945 4461 2061 4501 me-

468 4540 696 4619 minerat
725 4563 737 4600 :
762 4544 883 4616 quia
911 4542 1121 4601 facilius
1143 4540 1470 4614 dignoscitur
1488 4582 1503 4608 ,
1535 4539 1675 4612 quod
1704 4547 1942 4608 tempore
1968 4553 2058 4594 ae—

466 4639 629 4707 cedit,
653 4647 707 4696 et
730 4638 819 4694 ubi
844 4652 1036 4719 parens
1061 4634 1264 4708 prolem
1291 4634 1467 4705 spatio
1483 4632 1740 4715 temporis
1768 4630 2052 4687 antecedit.

465 4734 598 4791 Nam
638 4731 684 4801 si
722 4747 823 4799 nos
866 4726 1159 4787 referamus
1196 4727 1262 4801 ad
1300 4728 1605 4782 interiorem
1633 4725 1826 4779 mentis
1855 4738 2058 4778 memo-

466 4818 599 4880 riam
637 4838 739 4896 qua
770 4822 850 4877 sui
887 4818 1166 4896 meminit,
1207 4798 1261 4873 et
1300 4816 1604 4874 interiorem
1655 4813 2054 4884 intelligentiam

467 4929 569 4985 qua
597 4892 669 4968 sev
684 4892 961 4983 intelligit,
993 4918 1046 4993 et
1075 4907 1380 4963 interiorem
1410 4905 1736 4961 voluntatem
1762 4919 1863 4974 qua
1892 4896 1949 4983 se
1978 4903 2058 4957 di-

466 5002 581 5077 ligit
599 5049 613 5072 ,
642 5005 731 5071 ubi
758 5004 872 5059 haec
894 5003 994 5079 tria
1024 5000 1180 5059 simul
1220 5013 1438 5079 semper
1461 5004 1622 5063 sunt,
1648 5003 1704 5073 et
1740 5009 1953 5065 semper
1980 4993 2057 5047 si-

467 5097 579 5175 mul
609 5096 821 5157 fuerunt
851 5112 915 5151 ex
940 5076 1047 5175 quo
1072 5086 1192 5171 esse
1214 5076 1522 5175 coeperunt,
1544 5089 1656 5143 sive
1673 5087 2049 5162 cogitarentur,

467 5190 579 5245 sive
606 5206 712 5246 non
742 5188 1139 5257 cogitarentur;
1167 5183 1435 5239 videbitur
1461 5179 1675 5252 quidem
1704 5179 1876 5249 imago
1915 5177 2056 5233 illius

467 5281 723 5365 trinitatis
749 5288 804 5335 et
830 5279 897 5333 ad
927 5278 1094 5333 solam
1126 5275 1438 5332 memoriam
1482 5273 1747 5343 pertinere
1772 5289 1783 5324 :
1813 5270 1907 5327 sed
1933 5271 2055 5341 quia

469 5370 540 5427 ibi
581 5360 801 5425 verbum
839 5386 959 5426 esse
987 5370 1101 5424 sine
1129 5367 1450 5437 cOgitatione
1480 5379 1583 5419 non
1616 5369 1790 5433 potest
1832 5360 2058 5433 (cogita-

468 5477 588 5517 mus
615 5462 755 5516 enim
786 5478 943 5516 omne
982 5459 1122 5531 quod
1160 5459 1417 5520 dicimus,
1458 5454 1619 5511 etiam
1667 5453 1759 5509 illo
1801 5451 2054 5525 interiore

468 5555 633 5611 verbo
671 5553 811 5627 quod
854 5552 919 5607 ad
960 5552 1157 5606 nullius
1186 5548 1355 5621 gentis
1395 5547 1624 5618 pertinet
1664 5542 1953 5626 linguam),
2002 5542 2055 5597 in

469 5648 637 5703 tribus
666 5622 838 5719 potius
881 5642 984 5697 illis
1012 5644 1196 5713 [imago
1227 5640 1325 5695 ista
1372 5622 1751 5709 cognoscitur,
1795 5633 2051 5691 memoria

536 5824 563 5898 ξ
587 5826 725 5898 Ψίὲἒν
749 5817 1884 5898 ιοξιῐιθοαηέίνῗὲξτηλδὲἕὲθδλὲἒέθωω·

536 5889 564 5924 ³
590 5894 777 5942 ullas.
802 5886 919 5938 editi
938 5896 1074 5945 vero,
1098 5886 1194 5935 cui.
1221 5888 1277 5933 At
1296 5886 1608 5944 Μία-,Μ

1577 366 1667 425 ne
1705 362 2097 437 'l‘RlNlTATE,
2132 363 2196 433 δ,
2237 364 2603 437 AUGUSTINI

3625 374 3768 435 1014

2173 478 2413 545 scilicet,
2463 479 2805 554 intelligentia
2829 490 2857 550 ,‘
2894 482 3184 547 voluntate.
3226 483 3379 553 Hane
3403 492 3581 553 autem
3621 504 3768 547 nunc

2168 570 2294 641 dico
2318 572 2719 643 intelligentiam
2745 616 2760 643 ,
2808 590 2912 648 qua
2947 576 3291 649 intelligimus
3332 579 3663 653 cogitantes,
3714 585 3767 641 id

2171 672 2287 733 est,
2334 665 2544 733 quando
2583 666 2663 722 eis
2702 668 2928 739 repertis
2954 684 3072 745 qua:
3101 671 3375 739 memoriae
3415 682 3613 747 prtesto
3653 675 3768 731 fue-

2171 763 2327 827 rant,
2359 756 2453 821 sed
2492 772 2598 813 non
2629 759 2998 830 cogitabuntur
3017 803 3031 827 ,
3063 762 3313 831 cogitatio
3337 772 3522 819 nostra
3558 766 3767 831 [orma-

2172 856 2290 915 tur;
2322 857 2376 905 et
2416 865 2533 906 eam
2563 851 2919 925 voluntatem,
2947 853 3060 908 sive
3101 868 3337 921 amorem
3364 897 3378 923 ,
3410 856 3492 915 vel
3523 857 3763 915 dilectio.

2170 955 2327 1008 nem,
2372 956 2491 1013 quae
2521 942 2673 998 istam
2703 944 2906 1015 prolem
2935 953 3314 1016 parentemque
3353 947 3626 1018 conjungit
3646 991 3661 1014 ,
3711 958 3767 1004 et

2166 1033 2399 1111 quodam
2428 1034 2587 1090 modo
2617 1034 2855 1106 utrisque
2888 1037 2906 1069 ι
2938 1036 3237 1091 communis
3275 1045 3377 1092 est.
3408 1037 3541 1093 llinc
3563 1040 3765 1097 factum

2168 1134 2250 1187 est
2286 1125 2340 1181 ut
2378 1126 2540 1182 etiam
2570 1143 2665 1198 per
2690 1128 2955 1185 exteriora
2998 1129 3267 1187 seusibilia
3302 1146 3422 1203 quae
3453 1147 3549 1201 per
3571 1134 3765 1191 oculos

2168 1217 2343 1291 carnis
2372 1217 2617 1281 videntur
2639 1260 2653 1284 ,
2705 1219 2991 1289 legentium
3036 1220 3285 1277 ducerem
3331 1221 3632 1278 tarditatem
3657 1211 3763 1291 ,‘in

2168 1307 2450 1393 undecimo
2477 1308 2677 1375 scilicet
2706 1310 2877 1377 libro;
2909 1320 3069 1383 atque
3108 1311 3232 1377 inde
3257 1326 3379 1381 Cum
3408 1314 3485 1369 eis
3512 1314 3765 1386 ingrede-

2166 1418 2255 1464 rer
2292 1404 2357 1463 ad
2384 1402 2615 1471 hominis
2654 1404 2923 1461 interioris
2948 1420 3067 1467 eam
3094 1406 3383 1476 potentiam
3413 1423 3515 1478 qua
3543 1409 3764 1463 ratioci-

2167 1494 2406 1567 nalurde
2438 1495 2816 1566 temporalibus
2845 1495 3029 1564 rebus,
3052 1495 3304 1555 differens
3334 1499 3355 1529 ’
3377 1498 3521 1563 illam
3562 1498 3761 1570 princic

2169 1588 2355 1659 paliter
2382 1586 2744 1653 dominantem
2774 1603 2875 1659 qua
2920 1590 3314 1660 contemplatur
3341 1598 3569 1653 a‘ternas
3610 1610 3626 1648 :
3668 1599 3757 1647 at-

2166 1696 2267 1763 que
2297 1681 2350 1737 id
2374 1680 2581 1738 duobus
2604 1680 2958 1739 voluminibus
2979 1682 3060 1753 egi
3087 1724 3101 1750 ,
3129 1681 3446 1743 duodecimo
3473 1690 3763 1755 utrumque

2166 1772 2477 1841 discernens
2499 1814 2514 1839 ,
2545 1788 2768 1845 quorum
2795 1788 2960 1828 unum
2991 1781 3073 1828 est
3101 1774 3343 1845 superius
3367 1815 3384 1841 ,
3410 1774 3640 1831 alterum
3670 1775 3759 1830 in-

2166 1865 2359 1934 ferius,
2388 1865 2527 1936 quod
2552 1866 2812 1936 superiori
2838 1864 3105 1921 subditum
3135 1881 3254 1922 esse
3275 1866 3452 1932 debet;
3478 1868 3637 1929 tertio
3660 1868 3762 1925 de-

2165 1961 2304 2016 eimo
2334 1968 2514 2016 autem
2556 1960 2623 2016 de
2666 1974 2887 2016 munere
2927 1958 3193 2025 inferioris
3216 2001 3232 2028 ,
3270 1975 3375 2031 quo
3403 1959 3757 2017 humanarum

2166 2070 2341 2109 rerum
2371 2053 2592 2110 scientia
2616 2052 2848 2110 salubris
2870 2054 3174 2109 continetur
3193 2095 3209 2121 ,
3241 2061 3299 2108 ut
3340 2054 3394 2111 in
3424 2054 3522 2109 bac
3551 2064 3761 2126 tempo-

2168 2149 2260 2203 rali
2321 2148 2425 2202 vita
2476 2146 2530 2203 id
2583 2161 2802 2216 agamus
2847 2160 2952 2217 quo
3006 2159 3398 2217 consequamur
3452 2154 3756 2212 aeternam,

2167 2250 2357 2312 quanta
2404 2239 2550 2312 potui
2576 2239 2798 2296 veritate
2823 2253 2886 2297 ac
2922 2238 3183 2296 brevitate
3208 2237 3434 2305 disserui
3465 2257 3478 2293 :
3509 2238 3759 2311 quando-

2163 2335 2377 2407 quidem
2419 2349 2532 2391 rem
2563 2341 2671 2401 tam
2708 2332 3057 2404 multiplicem
3085 2340 3245 2401 atque
3273 2331 3541 2405 copiosam
3561 2375 3577 2399 ,
3604 2331 3758 2399 mul-
3846 2378 3849 2383 ,

2166 2436 2336 2481 torum
2367 2432 2525 2496 atque
2570 2438 2883 2496 magnorum
2927 2421 3372 2493 disputationibus
3414 2422 3597 2479 multis
3634 2436 3760 2487 ma-

2165 2506 2745 2589 gnisqnehcelebratam
2767 2558 2782 2583 ,
2814 2529 2922 2573 uno
2948 2513 3172 2579 strictim
3216 2511 3486 2577 volumine
3524 2513 3755 2580 inclusi,

2164 2608 2448 2667 ostendens
2475 2608 2632 2675 etiam
2661 2606 2712 2661 in
2748 2607 2862 2685 ipsa
2885 2605 3172 2661 trinitatem
3194 2645 3214 2674 ,
3244 2604 3339 2661 sed
3368 2602 3604 2665 nondum
3635 2616 3759 2675 quae

2168 2704 2255 2757 Dei
2284 2703 2351 2761 sit
2375 2702 2547 2772 imago
2572 2699 2818 2765 dicenda.

2234 2794 2462 2851 CAPUT
2493 2792 2625 2849 vm.
2654 2823 2724 2834 —
2754 2792 2841 2847 ll.
2880 2789 3102 2846 Trinitas
3125 2790 3430 2861 quwimago
3465 2786 3600 2859 Dei,
3637 2788 3759 2859 jam

2161 2888 2433 2962 quitrenda
2459 2889 2512 2943 in
2541 2885 2811 2957 principali
2835 2884 3013 2941 mentis
3037 2890 3198 2954 parte,
3222 2880 3374 2949 Nune
3391 2894 3518 2945 vero
3544 2880 3611 2937 ad
3632 2895 3757 2935 eam

2159 2984 2267 3053 jam
2302 2980 2640 3052 pervenimus
2660 2976 3094 3047 disputationem,
3125 2972 3217 3035 ubi
3237 2971 3527 3046 principale
3552 2971 3759 3029 mentis

2165 3073 2410 3149 humana:
2431 3113 2446 3139 ,
2474 3084 2578 3140 quo
2606 3068 2752 3127 novit
2781 3067 2948 3127 Deum
2985 3066 3071 3121 vel
3097 3074 3271 3141 potest
3291 3078 3470 3133 nosse,
3496 3061 3756 3118 conside-

2161 3163 2387 3223 randum
2433 3159 2799 3230 suscepimus,
2830 3166 2888 3219 ut
2916 3157 2968 3212 in
3012 3171 3078 3213 eo
3106 3156 3437 3226 reperiamus
3466 3153 3756 3224 imaginem

2167 3246 2276 3311 Dei.
2302 3252 2556 3329 Quamvis
2579 3250 2721 3315 enim
2748 3263 2900 3311 mens
2921 3246 3151 3323 humana
3176 3261 3281 3302 non
3311 3247 3379 3302 sit
3403 3245 3518 3316 ejus
3544 3252 3755 3300 natura:

2162 3348 2312 3417 cujus
2342 3352 2424 3403 est
2450 3343 2591 3399 Deus
2622 3360 2636 3396 :
2664 3341 2841 3412 imago
2869 3349 3044 3395 tamen
3066 3346 3270 3393 naturae
3296 3337 3411 3408 ejus
3432 3353 3536 3409 qua
3563 3344 3753 3392 natura

2162 3439 2354 3505 melior
2381 3435 2521 3499 nulla
2569 3442 2684 3501 est,
2717 3431 2787 3497 ibi
2816 3429 3103 3507 quierenda
3131 3439 3185 3499 et
3223 3430 3543 3486 invenienda
3583 3438 3668 3495 est
3698 3428 3755 3484 in

2161 3510 2343 3597 nobis,
2376 3543 2481 3611 quo
2517 3526 2677 3609 etiam
2707 3534 2897 3581 natura
2941 3532 3120 3578 nostra
3162 3521 3295 3587 nihil
3333 3520 3495 3591 habet
3534 3519 3746 3601 melips.

2162 3624 2265 3680 Sed
2298 3606 2443 3693 prius
2466 3606 2699 3693 mensjp
2726 3631 2784 3672 se
2806 3616 2917 3686 ipsa
2942 3606 3325 3670 consideranda
3352 3621 3435 3667 est
3462 3619 3753 3681 antequam

2162 3718 2230 3783 sit
2264 3716 2527 3793 particeps
2553 3692 2682 3789 Dei”,
2722 3709 2851 3781 etin
2873 3723 2933 3762 ea
2961 3703 3271 3783 reperienda
3297 3712 3382 3760 est
3405 3706 3581 3787 imago
3610 3701 3751 3771 ejus.

2164 3791 2405 3865 Diximus
2430 3805 2572 3861 enim
2599 3817 2716 3867 eam
2747 3800 2846 3855 etsi
2875 3798 3067 3867 amissa
3096 3794 3188 3863 Dei
3221 3794 3624 3866 participatione
3650 3791 3754 3847 ob-

2162 3874 2384 3967 soletam
2410 3876 2568 3967 atque
2593 3890 2888 3948 deformem
2909 3931 2924 3956 ,
2958 3888 3052 3943 Dei
3094 3872 3269 3942 tamen
3294 3874 3580 3956 imaginem
3622 3897 3755 3953 per-

2162 4006 2379 4049 manere
2407 3987 2604 4060 (Supra
2625 3976 2655 4052 ,'
2687 4000 2804 4056 cap.
2835 3982 2914 4052 4).
2958 3979 3038 4034 Eo
3065 3978 3258 4055 quippe
3287 3977 3402 4046 ipso
3432 3975 3606 4044 imago
3629 3973 3758 4042 ejus

2162 4095 2264 4153 est,
2290 4098 2394 4156 quo
2421 4080 2536 4152 ejus
2560 4092 2725 4153 caan
2750 4082 2851 4138 est,
2881 4072 3101 4147 ejusque
3122 4068 3384 4153 particeps
3405 4080 3523 4121 esse
3549 4071 3751 4135 potest;

2162 4179 2299 4253 quod
2333 4186 2437 4232 tam
2467 4186 2715 4245 magnum
2742 4169 2940 4235 bonum
2962 4206 2977 4233 ,
3011 4164 3112 4220 nisi
3141 4178 3238 4234 per
3272 4160 3373 4216 hoc
3401 4157 3539 4230 quod
3571 4157 3753 4253 imago

2162 4245 2278 4344 ejus
2301 4279 2382 4326 est
2405 4311 2419 4337 ,
2446 4282 2553 4322 non
2583 4270 2756 4337 potest
2778 4258 2819 4313 ⁸.
2852 4258 2991 4314 Ecce
3015 4271 3143 4337 ergo
3180 4269 3330 4309 mens
3356 4250 3589 4306 meminit
3615 4245 3701 4301 sui
3724 4285 3746 4313 ,

2164 4338 2406 4433 intelligit
2447 4374 2506 4415 se
2528 4399 2543 4425 ,
2575 4354 2746 4431 diligit
2772 4366 2830 4408 se
2861 4368 2873 4404 :
2918 4351 3018 4423 lioc
3046 4347 3091 4401 si
3130 4346 3395 4433 cernimus
3419 4381 3433 4407 ,
3472 4338 3754 4395 cernimus

2163 4427 2451 4515 trinitatem
2476 4468 2490 4519 ;
2539 4427 2773 4529 nondum
2804 4440 3018 4516 quidem
3049 4427 3218 4495 Deum
3243 4477 3258 4502 ,
3303 4432 3394 4490 sed
3421 4434 3526 4502 jam
3556 4427 3754 4529 imagi-

2163 4565 2285 4607 nem
2312 4546 2424 4603 Dei.
2455 4542 2567 4599 Non
2601 4520 2896 4595 forinsecus
2927 4531 3130 4613 accepit
3158 4525 3415 4582 memoria
3446 4520 3585 4593 quod
3609 4527 3756 4573 tene-

2163 4652 2265 4711 ret,
2300 4655 2397 4695 nec
2418 4636 2551 4691 foris
2580 4631 2782 4689 invenit
2806 4625 2947 4699 quod
2974 4623 3237 4694 aspiceret
3260 4615 3581 4677 intellectus,
3614 4611 3756 4665 sicut

2162 4708 2402 4813 corporis
2443 4726 2628 4784 oculus
2661 4743 2674 4778 :
2704 4736 2805 4777 nec
2832 4718 2930 4773 ista
2961 4715 3066 4770 duo
3088 4753 3105 4781 ,
3137 4710 3278 4766 velut
3308 4708 3531 4763 formam
3561 4716 3756 4793 corpo-

2150 4790 2275 4895 ris:
2294 4794 2348 4880 et
2370 4836 2485 4877 eam
2509 4833 2625 4893 quae
2652 4814 2775 4869 inde
2797 4810 2932 4865 facta
2960 4816 3041 4862 est
3067 4806 3118 4861 in
3145 4802 3258 4856 acie
3285 4790 3625 4895 contuentis,
3652 4808 3752 4895 vo-

2165 4884 2342 4976 luntas
2370 4912 2497 4969 loris
2522 4886 2699 4980 junxit
2727 4898 2868 4961 :‘nee
2895 4898 3178 4970 imaginem
3209 4893 3286 4948 rei
3333 4905 3451 4961 quae
3483 4885 3616 4980 foris
3638 4884 3753 4937 visa

2163 5021 2246 5073 est
2264 5053 2279 5081 ,
2309 4975 2539 5080 quodam
2567 4998 2727 5056 modo
2749 5003 2952 5067 raptam
2979 4998 3033 5046 et
3055 4990 3105 5044 in
3137 4983 3393 5043 memoria
3421 4975 3756 5081 reconditam

2164 5066 2414 5175 cogitatio
2433 5110 2553 5151 cum
2575 5090 2640 5167 ad
2671 5104 2789 5145 eam
2815 5066 3217 5141 converteretur
3234 5117 3249 5144 ,
3279 5072 3484 5175 invenit
3508 5112 3521 5133 ,
3554 5078 3607 5126 et
3627 5066 3757 5123 inde

2166 5165 2423 5253 for—matus
2447 5194 2529 5242 est
2556 5182 2579 5215 ‘
2614 5165 2948 5251 recordantis
2976 5173 3193 5251 obtutus
3215 5210 3231 5237 ,
3274 5165 3528 5239 jungente
3555 5169 3758 5239 utrum-

2162 5251 2266 5371 que
2294 5281 2447 5339 tertia
2467 5276 2740 5332 voluntate
2773 5288 2787 5325 :
2810 5267 2946 5322 sicut
2973 5265 3023 5319 in
3053 5263 3130 5318 eis
3151 5254 3576 5371 ost'epdebamus
3594 5251 3751 5371 trini—

2163 5345 2357 5435 tatibus
2384 5369 2495 5427 fieri
2520 5410 2536 5436 ,
2577 5381 2695 5439 qum
2723 5364 2775 5419 in
2806 5359 2964 5416 rebus
3002 5350 3368 5424 corporalibus
3405 5345 3759 5417 reperieban-

2163 5483 2249 5531 tur
2266 5513 2281 5537 ,
2312 5467 2393 5525 vel
2415 5481 2481 5521 ex
2501 5457 2818 5532 corporibus
2850 5468 2944 5525 per
2969 5462 3187 5505 sensum
3214 5442 3455 5513 corporis
3485 5442 3758 5537 introrsus

2160 5527 2394 5639 quodam
2422 5555 2583 5612 modo
2600 5527 2989 5619 trahebantur;
3020 5540 3087 5597 de
3114 5538 3305 5611 quibus
3336 5533 3584 5589 omnibus
3606 5529 3661 5583 in
3693 5527 3753 5582 li~
