4104 6444
397 335 530 392 1045

389 472 488 528 bro
531 470 812 542 undecimo
852 471 1200 532 disseruimus
1227 472 1430 547 (Capp.
1473 475 1510 532 2
1551 483 1600 532 et
1639 474 1842 549 δεφενδς
1873 489 1973 532 nec

389 566 526 620 sicut
565 564 726 638 ﬁebat
765 565 846 622 vel
890 567 1214 638 apparebat,
1255 569 1466 638 quando
1507 569 1576 626 de
1613 570 1703 624 illa
1751 569 1970 630 scientia

388 658 778 716 disserebamus
799 699 816 726 ,
863 659 974 728 jam
1023 659 1078 714 in
1117 659 1356 716 hominis
1405 662 1672 718 interioris
1721 661 1970 732 operibus

385 752 672 808 constituta
693 793 708 820 ,
741 767 860 822 quae
887 751 1258 824 distinguenda
1281 753 1382 814 fuit
1423 771 1453 810 a
1493 755 1786 824 sapientia;
1827 754 1970 810 unde

385 858 502 914 quin
543 843 818 908 sciuntur,
864 844 1012 898 velut
1034 844 1317 900 adventitia
1355 854 1481 902 sunt
1509 846 1560 902 in
1597 846 1812 912 animo,
1855 846 1969 902 sive

382 936 686 1006 cognitione
711 935 958 992 historica
989 937 1154 1006 illata,
1181 947 1238 994 ut
1258 947 1385 994 sunt
1403 941 1536 994 facta
1560 947 1614 994 et
1641 939 1780 994 dicta
1801 981 1814 1006 ,
1847 956 1966 1010 qua:

381 1037 623 1100 tempore
643 1040 965 1100 peraguntur
988 1040 1041 1086 et
1067 1039 1359 1099 transeunt,
1383 1032 1466 1088 vel
1495 1033 1548 1086 in
1577 1041 1762 1086 natura
1789 1048 1964 1090 rerum

379 1123 488 1176 suis
518 1122 650 1176 locis
692 1133 744 1176 et
774 1123 1078 1194 regionibus
1107 1125 1393 1178 constituta
1425 1134 1546 1178 sunt
1567 1165 1582 1188 ,
1611 1124 1722 1178 sive
1749 1124 1800 1180 in
1847 1125 1964 1194 ipso

378 1213 594 1268 homine
628 1227 746 1282 qua:
774 1229 878 1268 non
905 1223 1060 1270 erant
1085 1215 1324 1270 oriuntur
1344 1257 1358 1280 ,
1387 1224 1478 1268 aut
1501 1214 1620 1270 aliis
1650 1213 1962 1272 docentibus

375 1315 466 1358 aut
511 1304 920 1374 cogitationibus
961 1306 1220 1374 prapriis,
1253 1307 1387 1360 sicut
1415 1306 1576 1374 fides,
1609 1323 1764 1377 quam
1795 1308 1961 1378 pluri-

373 1411 520 1450 mum
569 1395 606 1450 it
669 1395 806 1452 libro
846 1397 1003 1452 tertio
1044 1397 1252 1452 decimo
1276 1397 1798 1464 commendavimns;
1827 1397 1962 1452 sicut

373 1487 596 1542 virtutes
619 1529 635 1555 ,
665 1487 886 1558 quibus,
933 1489 976 1544 si
1005 1505 1144 1544 vera:
1173 1499 1334 1558 sunt,
1389 1491 1440 1544 in
1491 1490 1592 1546 bac
1639 1491 1960 1548 mortalitate

371 1579 494 1636 ideo
523 1580 658 1646 bene
685 1580 880 1638 vivitur
903 1622 918 1646 ,
947 1589 1006 1637 ut
1033 1583 1186 1638 beate
1211 1583 1263 1637 in
1294 1583 1382 1638 illa
1401 1599 1520 1654 qua:
1549 1583 1800 1638 divinitus
1828 1599 1948 1654 pro-

371 1675 598 1730 mittitur
633 1675 1030 1730 in‘nnortalitate
1059 1677 1286 1732 vivatur.
1315 1676 1441 1732 llaec
1467 1686 1624 1747 atque
1651 1675 1954 1746 bujusmodi

369 1766 570 1822 habent
589 1767 640 1822 in
669 1777 906 1838 tempore
935 1769 1178 1826 ordinem
1209 1785 1384 1836 suum,
1415 1770 1466 1826 in
1495 1785 1598 1840 quo
1627 1770 1780 1824 nobis
1809 1771 1958 1826 trini-

370 1871 452 1918 tas
479 1863 752 1918 memoria:
798 1862 1018 1920 visionis
1047 1875 1100 1920 et
1143 1865 1342 1920 amoris
1377 1865 1594 1920 .t'acilius
1641 1866 1953 1936 apparebat.

363 1956 500 2014 Nam
528 1957 768 2028 quaedam
797 1973 980 2013 eorum
1009 1959 1338 2028 prmveninnt
1362 1959 1716 2030 cognitionem
1743 1959 1953 2016 discen-

365 2051 522 2108 tium.
548 2050 682 2106 Sunt
727 2051 866 2104 enim
899 2051 1274 2122 cognoscibilia
1296 2091 1310 2116 ,
1353 2060 1406 2106 et
1429 2059 1712 2120 antequam
1759 2065 1956 2121 cogno-

364 2152 616 2206 scantur,
649 2143 836 2210 suique
876 2143 1230 2212 cognitionem
1273 2143 1324 2196 in
1355 2141 1684 2198 discentibus
1707 2142 1949 2212 gignunt.

361 2233 499 2288 Sunt
540 2243 716 2288 autem
753 2234 832 2288 vel
879 2233 930 2292 in
957 2233 1087 2288 locis
1117 2234 1260 2298 suis,
1295 2233 1377 2288 vel
1405 2249 1520 2302 quit:
1547 2241 1790 2303 tempore
1817 2249 1953 2303 pra:-

363 2325 624 2380 terierunt
653 2343 666 2380 :
698 2325 940 2396 quamvis
969 2341 1086 2396 qua:
1119 2326 1520 2396 prwteriernnt,
1549 2341 1654 2380 non
1681 2326 1792 2396 ipsa
1821 2327 1946 2390 sint,

360 2415 458 2470 sed
497 2433 680 2474 eorum
707 2417 948 2488 quaedam
979 2419 1128 2488 signa
1157 2419 1546 2487 praeteritorum
1563 2457 1580 2486 ,
1605 2419 1798 2490 quibus
1824 2421 1949 2478 visis

361 2509 444 2564 vel
480 2507 672 2562 auditis
701 2518 1090 2580 cognoscantur
1131 2509 1294 2564 fuisse
1319 2519 1478 2580 atque
1507 2511 1782 2568 transisse.
1815 2512 1946 2580 Quae

359 2599 508 2668 signa
555 2599 638 2654 vel
669 2599 722 2654 in
756 2600 885 2654 locis
916 2600 1014 2656 sita
1045 2607 1202 2667 sunt,
1243 2601 1380 2656 sicut
1421 2611 1766 2658 monumenta
1807 2619 1949 2658 mor-

361 2697 593 2756 tuorum,
622 2699 674 2744 et
699 2685 1047 2761 quaecumque
1073 2691 1264 2748 similia
1291 2708 1302 2744 :
1335 2691 1416 2746 vel
1437 2692 1490 2748 in
1515 2692 1706 2748 litteris
1739 2692 1842 2748 fide
1867 2693 1948 2748 di-

357 2783 497 2854 gnis,
521 2783 657 2838 sicut
681 2793 764 2840 est
783 2785 954 2838 omnis
991 2785 1170 2856 gravis
1197 2794 1250 2840 et
1279 2785 1634 2856 approbandae
1661 2787 1948 2842 auctorita-

359 2878 427 2934 tis
469 2877 690 2932 historia
725 2895 738 2932 :
769 2879 847 2932 vel
877 2879 930 2932 in
974 2879 1164 2932 animis
1188 2893 1372 2934 eorum
1413 2878 1502 2950 qni
1537 2893 1598 2932 ea
1637 2878 1746 2948 jam
1779 2895 1944 2934 nove-

357 2979 512 3034 runt;
545 2969 624 3024 eis
649 2969 840 3039 quippe
859 2969 968 3040 jam
1001 2979 1124 3024 nota
1145 3010 1160 3034 ,
1190 2978 1245 3024 et
1264 2969 1384 3024 aliis
1411 2970 1591 3040 utique
1620 2977 1745 3024 sunt
1769 2971 1946 3026 nosci-

357 3059 504 3128 bilia,
524 3075 746 3132 quorum
769 3061 1046 3116 scientiam
1081 3071 1470 3132 prmveuerunt,
1485 3072 1540 3118 et
1561 3063 1648 3132 qui
1666 3077 1728 3116 ea
1750 3077 1909 3120 nosse
1925 3101 1942 3132 ,

357 3153 462 3208 illis
486 3154 680 3226 quibus
711 3163 836 3208 nota
867 3163 990 3210 sunt
1015 3153 1330 3210 docentibus
1349 3195 1363 3222 ,
1395 3163 1634 3225 possunt.
1667 3155 1798 3222 Quae
1823 3171 1944 3214 om—

357 3245 476 3312 nia,
507 3255 561 3300 et
599 3245 812 3316 quando
840 3245 1151 3312 discuntur,
1195 3244 1478 3316 quamdam
1507 3243 1711 3302 faciunt
1741 3247 1946 3302 trinita-

359 3345 462 3392 tem
483 3377 499 3406 ,
529 3339 706 3410 specie
736 3354 832 3392 sua
861 3355 980 3408 qua:
1007 3339 1276 3412 noscibilis
1317 3337 1414 3394 fuit
1455 3339 1616 3394 etiam
1659 3349 1944 3410 antequam

357 3440 667 3488 nosceretur
690 3473 706 3502 ,
745 3432 900 3504 eique
942 3431 1188 3501 adjuncta
1214 3431 1516 3502 cognitione
1543 3431 1796 3488 discentis
1825 3449 1946 3503 quae

358 3534 484 3582 tunc
511 3539 630 3582 esse
661 3525 846 3596 incipit
870 3525 1082 3596 quando
1105 3525 1330 3580 discitur
1347 3567 1361 3591 ,
1399 3539 1462 3580 ac
1489 3525 1644 3580 tertia
1671 3525 1942 3582 voluntate

355 3632 478 3688 quae
523 3626 802 3688 utrumque
849 3615 1139 3688 conjungit.
1183 3617 1248 3670 Et
1294 3631 1414 3670 cum
1453 3617 1662 3686 cognita
1704 3615 1938 3684 l‘uerint,

355 3710 460 3765 alia
487 3710 692 3764 trinitas
711 3752 726 3778 ,
759 3709 884 3764 dum
913 3709 1250 3776 recoluntur,
1281 3706 1338 3762 lit
1359 3708 1470 3778 jam
1499 3707 1719 3764 interius
1748 3707 1802 3764 in
1825 3709 1942 3779 ipso

357 3803 557 3872 animo,
587 3818 652 3858 ex
697 3802 764 3858 iis
807 3801 1121 3874 imaginibus
1163 3815 1282 3870 quae
1310 3815 1430 3856 cum
1459 3799 1791 3856 discerentur
1819 3811 1944 3858 sunt

355 3894 631 3964 impressa:
649 3894 699 3946 in
725 3893 998 3958 memoria,
1033 3901 1087 3946 et
1111 3891 1484 3948 informatione
1511 3893 1848 3962 cogitationis
1875 3893 1944 3950 ad

357 4001 418 4042 ea
447 4002 708 4042 converso
733 3986 1064 4042 recordantis
1089 3993 1328 4056 aspectu,
1357 3995 1412 4042 et
1433 4001 1500 4052 ex
1527 3985 1796 4040 voluntate
1825 4001 1942 4056 qua:

355 4079 512 4134 tertia
549 4078 655 4134 duo
703 4078 801 4133 ista
841 4077 1134 4148 conjungit.
1179 4077 1256 4132 Ea
1296 4092 1424 4132 vero
1467 4093 1588 4147 qua:
1613 4077 1858 4132 oriuntur
1888 4079 1940 4134 in

357 4175 536 4230 animo
562 4169 652 4227 ubi
680 4187 784 4226 non
815 4169 1063 4238 fuerunt,
1095 4171 1232 4226 sicut
1269 4168 1402 4224 ﬁdes
1425 4209 1440 4238 ,
1469 4177 1522 4224 et
1542 4151 1732 4224 cietera
1762 4169 1944 4239 hujus-

357 4267 524 4334 modi,
547 4265 648 4322 etsi
674 4264 961 4320 adventitia
987 4263 1254 4329 videntur,
1286 4278 1407 4318 cum
1435 4261 1675 4318 doctrina
1697 4263 1942 4318 inserun-

359 4367 478 4424 tur;
519 4371 626 4412 nou
655 4365 830 4412 tamen
869 4355 1000 4410 foris
1029 4354 1199 4426 posita
1230 4354 1312 4409 vel
1357 4352 1488 4408 foris
1533 4363 1746 4424 peracta
1776 4363 1938 4420 sunt,

358 4451 496 4506 sicut
525 4451 609 4506 illa
650 4465 769 4520 qua:
807 4447 1132 4514 creduntur;
1161 4447 1254 4502 sed
1297 4447 1436 4502 intus
1481 4448 1700 4506 omnino
1728 4449 1780 4502 in
1823 4449 1942 4518 ipso

357 4543 536 4596 animo
561 4555 682 4596 esse
722 4549 1018 4610 creperum.
1057 4539 1216 4598 Fides
1245 4539 1388 4594 enim
1417 4553 1522 4594 non
1549 4549 1632 4596 est
1656 4540 1796 4609 quod
1823 4553 1942 4596 ere-

357 4635 520 4704 ditur,
540 4635 634 4690 sed
655 4649 757 4706 qua
778 4633 1012 4690 creditur
1039 4651 1053 4688 :
1087 4641 1139 4687 et
1164 4631 1292 4686 illud
1307 4631 1539 4688 creditur
1555 4669 1573 4700 ,
1605 4633 1692 4686 illa
1729 4633 1944 4703 conspi-

358 4729 516 4784 citur.
549 4727 750 4782 Tamen
772 4726 893 4797 quia
916 4740 1034 4782 esse
1055 4725 1216 4794 coepit
1243 4725 1296 4778 in
1317 4724 1496 4780 animo
1519 4765 1536 4792 ,
1564 4725 1652 4795 qui
1677 4725 1788 4794 jam
1827 4735 1944 4782 erat

358 4822 566 4876 animus
586 4828 868 4890 antequam
896 4819 946 4874 in
977 4819 1068 4874 illo
1098 4819 1198 4874 ista
1233 4832 1354 4874 esse
1388 4818 1638 4888 erupisset
1659 4859 1676 4884 ,
1701 4805 1944 4874 adventi-

359 4913 488 4968 tium
518 4911 768 4984 quiddam
811 4911 1020 4966 videtur
1043 4953 1058 4978 ,
1105 4920 1158 4966 et
1195 4911 1248 4966 in
1295 4911 1578 4981 praeteritis
1622 4911 1900 4968 habebitur
1923 4955 1938 4982 ,

359 5003 572 5074 quando
597 5001 918 5058 succedente
945 5002 1120 5070 specie
1142 5002 1252 5070 jam
1275 5015 1396 5058 esse
1419 5003 1682 5058 destiterit
1711 5020 1724 5058 :
1749 5003 1940 5059 aliam-

358 5111 462 5166 que
487 5110 628 5150 nunc
658 5093 945 5150 trinitatem
977 5092 1100 5148 facit
1127 5108 1220 5162 per
1258 5109 1406 5148 suam
1433 5097 1766 5163 praesentiam
1791 5135 1806 5162 ,
1853 5111 1942 5150 re-

363 5197 504 5240 tenta
523 5229 538 5254 ,
569 5193 852 5256 COIISpCCIa
871 5225 886 5250 ,
919 5183 1132 5250 dilecta;
1153 5183 1310 5238 aliam
1333 5192 1456 5240 tunc
1481 5183 1638 5240 faciet
1659 5200 1752 5254 per
1777 5187 1948 5254 quod-

362 5279 482 5336 dam
511 5280 592 5336 sui
621 5278 896 5348 vestigium
921 5319 936 5344 ,
967 5275 1108 5347 quod
1139 5276 1190 5330 in
1217 5275 1471 5330 memoria
1503 5277 1812 5346 praeteriens
1844 5277 1938 5334 de-

361 5371 659 5438 reliqncrit,
685 5371 824 5426 sicut
847 5369 958 5440 jam
989 5383 1150 5440 supra
1178 5367 1376 5424 dictum
1413 5377 1514 5422 est.

435 5463 655 5518 CAPUT
681 5461 775 5518 1X.
800 5491 873 5502 —-
893 5461 980 5518 ﬁ.
1011 5461 1090 5514 An
1109 5460 1310 5532 justitia
1330 5469 1378 5516 et
1403 5469 1598 5516 creterra
1621 5461 1825 5516 virtutes
1849 5460 1944 5516 de-

363 5557 530 5612 sinant
554 5557 604 5610 in
629 5559 801 5628 futura
827 5555 948 5608 vita.
999 5553 1188 5610 Utrum
1224 5561 1401 5608 autem
1435 5559 1558 5607 tunc
1583 5553 1742 5608 etiam
1771 5552 1944 5608 virtu-

366 5661 446 5706 tes
467 5691 482 5718 ,
509 5649 700 5721 quibus
727 5649 779 5702 in
825 5649 924 5702 hac
953 5647 1272 5702 mortalitate
1307 5645 1444 5702 bene
1476 5645 1670 5702 vivitur
1689 5687 1704 5712 ,
1745 5648 1868 5717 quia
1892 5656 1948 5704 et

366 5742 496 5814 ipsae
516 5741 776 5812 incipiunt
793 5755 912 5796 esse
939 5741 990 5794 in
1017 5741 1230 5806 animo,
1255 5737 1485 5808 quicum
1515 5737 1631 5794 sine
1657 5737 1759 5793 illis
1799 5739 1946 5809 prius

366 5841 550 5904 esset,
598 5842 774 5890 tamen
821 5832 1028 5886 animus
1065 5839 1219 5902 erat,
1265 5829 1512 5887 desinant
1549 5845 1670 5902 esse
1711 5845 1836 5888 cum
1877 5832 1944 5890 ad

1553 338 1756 396 LIBER
1795 338 2120 408 QUARTUS
2167 339 2484 422 omnes.

3515 361 3660 424 1046

2081 463 2282 514 aeterna
2305 459 2666 530 perduxerint,
2689 465 2940 524 nonnulla
2967 470 3192 538 qugstio
3209 479 3314 529 est.
3335 473 3660 542 Quibusdam

2077 547 2218 604 enim
2252 550 2420 606 visum
2448 562 2526 608 est
2546 552 2810 612 desituras
2835 574 2848 610 :
2873 567 2926 614 et
2963 559 3030 616 de
3051 561 3222 630 tribus
3248 565 3460 635 quidem
3479 607 3498 637 ,
3525 543 3660 641 pru-

2076 639 2275 710 dentia,
2300 642 2627 716 fortitudine,
2659 650 3027 720 temperantia,
3055 667 3176 710 cum
3193 655 3294 724 hoc
3313 639 3659 728 didam—non

2075 731 2208 786 nihil
2237 733 2342 788 dici
2363 735 2592 804 videtur;
2617 738 2820 810 iustitia
2847 757 2975 798 vero
2997 744 3315 806 immortalis
3340 761 3443 822 est,
3469 763 3524 810 et
3553 770 3661 820 ma-

2071 821 2151 892 gis
2191 831 2316 880 tunc
2341 826 2643 896 perficietur
2671 831 2722 892 in
2763 832 2948 902 nobis,
2985 851 3142 906 quam
3170 854 3289 896 esse
3309 845 3556 906 cessabit.
3581 847 3658 905 De

2072 914 2318 1008 omnibus
2361 929 2536 974 tamen
2583 931 2808 992 quatuor
2843 941 3068 1002 magnus
3109 942 3296 988 auctor
3337 936 3656 1008 eloquentiae

2071 1004 2272 1064 Tullius
2303 1011 2352 1064 in
2386 1013 2668 1078 Hortensio
2691 1017 2900 1092 dialogo
2937 1021 3214 1092 disputans
3238 1045 3251 1084 :
3277 1028 3339 1084 Si
3369 1004 3540 1100 nobis,
3572 1036 3654 1098 in-

2067 1100 2199 1168 quit,
2233 1119 2344 1166 cum
2366 1121 2426 1158 ea:
2451 1106 2546 1162 hac
2567 1108 2666 1164 vita
2691 1111 3093 1182 migraverimus
3115 1157 3132 1178 ,
3157 1119 3212 1174 in
3239 1121 3496 1180 beatorum
3513 1127 3656 1184 insu-

2051 1191 2129 1276 lis
2155 1193 2436 1260 immortale
2475 1215 2656 1266 autum,
2699 1211 2750 1258 ut
2781 1205 2970 1276 fabqu
2997 1208 3196 1278 ferunt,
3241 1212 3420 1285 degere
3445 1218 3651 1290 liceret,

2065 1287 2187 1356 quid
2218 1307 2344 1360 opus
2385 1302 2511 1348 esset
2539 1295 2822 1364 eloquentia
2841 1339 2856 1364 ,
2885 1316 3000 1354 cum
3037 1303 3230 1370 judicia
3265 1308 3409 1362 nulla
3435 1287 3654 1379 ﬁerent;

2063 1388 2149 1432 aut
2175 1379 2297 1450 ipsis
2326 1383 2476 1438 etiam
2505 1385 2804 1444 virtutibus?
2845 1389 2953 1446 Nec
2981 1394 3114 1448 enim
3151 1396 3446 1465 fortitudine
3483 1419 3654 1482 egere-

2063 1487 2194 1538 mus,
2222 1473 2363 1528 nullo
2386 1479 2641 1548 preposito
2663 1490 2752 1534 aut
2778 1480 2948 1540 labore
2973 1497 3061 1542 aut
3091 1490 3356 1560 periculo;
3383 1510 3474 1548 nec

2063 1564 2154 1630 tia,
2183 1581 2296 1660 cum
2323 1577 2445 1622 esset
2475 1571 2605 1624 nihil
2626 1573 2759 1642 quod
2783 1585 3103 1646 appeteretur
3128 1581 3279 1636 alieni
3301 1601 3321 1648 ,'
3347 1601 3436 1640 nec
3461 1595 3652 1660 tempe-

2059 1655 2230 1708 rantia
2249 1698 2262 1720 ,
2304 1675 2416 1728 qua:
2436 1671 2623 1730 regeret
2649 1679 2734 1716 eas
2757 1681 2870 1734 qua:
2895 1668 3050 1728 nulla:
3071 1681 3232 1726 essent
3260 1674 3532 1744 libidines;
3561 1655 3652 1742 nec

2062 1745 2332 1814 prudentia
2377 1751 2578 1822 quidem
2625 1769 2912 1826 egeremus,
2965 1757 3107 1814 nullo
3153 1761 3346 1818 delectu
3391 1770 3650 1840 proposito

2059 1839 2304 1894 bonorum
2331 1851 2375 1896 et
2421 1846 2688 1902 malorum.
2723 1848 2838 1902 Una
2877 1850 3030 1922 igitur
3073 1870 3290 1912 essemus
3313 1857 3442 1912 beati
3472 1839 3649 1931 cogni-

2059 1931 2192 1985 tione
2205 1945 2400 1992 natura:
2420 1947 2464 1992 et
2477 1939 2702 2002 scientia,
2717 1958 2816 2010 qua
2831 1945 2940 1998 sola
2952 1945 3102 2000 etiam
3116 1947 3325 2018 deorum
3343 1961 3414 2004 est
3429 1952 3530 2006 vita
3545 1954 3650 2010 latt-

2057 2026 2247 2080 danda.
2281 2027 2362 2082 Ea;
2385 2046 2482 2102 quo
2520 2031 2732 2104 intelligi
2759 2044 2948 2104 potest,
2979 2047 3158 2092 steterit
3187 2043 3493 2100 necessitatis
3515 2061 3645 2116 esse,

2055 2133 2212 2172 unum
2243 2119 2336 2172 hoc
2364 2122 2652 2180 voluntatis.
2683 2123 2758 2180 lta
2787 2126 2876 2182 ille
2895 2135 3070 2184 tantus
3091 2139 3292 2198 orator,
3323 2147 3442 2188 cum
3471 2134 3646 2206 philo-

2053 2209 2296 2282 sopbiam
2327 2215 2675 2283 praedicaret,
2711 2219 2957 2276 recolens
2999 2235 3062 2274 ea
3103 2237 3222 2292 qua:
3253 2239 3283 2276 a
3311 2223 3648 2296 philosophis

2053 2315 2333 2374 acceperat
2357 2346 2372 2372 ,
2415 2315 2469 2361 et
2497 2307 2751 2378 praeclare
2779 2325 2843 2364 ac
2869 2312 3103 2368 suaviter
3126 2313 3397 2384 explicans
3415 2357 3432 2386 ,
3459 2317 3514 2374 in
3547 2319 3645 2376 hac

2053 2402 2260 2450 tantum
2307 2397 2450 2464 vita,
2493 2413 2650 2468 quam
2693 2399 2934 2456 videmus
2979 2405 3230 2458 aerumnis
3277 2415 3330 2460 et
3375 2408 3642 2464 erroribus

2053 2487 2293 2558 plenam,
2325 2505 2510 2546 omnes
2537 2503 2764 2562 quatuor
2803 2496 3130 2550 necessarias
3159 2496 3292 2552 dixit
3329 2514 3450 2556 esse
3477 2499 3644 2556 virtu-

2053 2589 2134 2638 tes
2169 2601 2184 2638 :
2215 2585 2412 2640 nullam
2437 2601 2564 2640 vero
2594 2601 2800 2652 earum,
2828 2603 2948 2642 cum
2979 2605 3040 2642 ex
3069 2587 3170 2646 hac
3197 2591 3302 2646 vita
3345 2593 3643 2664 emigrave-

2051 2675 2237 2742 rimus,
2266 2678 2310 2730 si
2333 2677 2488 2732 liceat
2517 2677 2590 2732 ibi
2611 2678 2790 2732 vivere
2817 2680 2902 2732 ubi
2929 2679 3128 2734 vivitur
3147 2680 3318 2747 beate;
3347 2682 3440 2737 sed
3469 2682 3642 2740 bonos

2049 2766 2257 2822 animos
2284 2767 2394 2822 sola
2438 2768 2622 2826 beatos
2665 2783 2785 2830 esse
2825 2771 3127 2840 cognitione
3151 2781 3204 2826 et
3231 2772 3490 2840 scientia,
3539 2775 3641 2832 hoc

2049 2867 2132 2916 est
2180 2863 2629 2934 contemplatione
2672 2873 2877 2920 natura:
2921 2879 3022 2936 qua
3069 2865 3202 2920 nihil
3241 2875 3325 2922 est
3353 2866 3542 2924 melius
3583 2875 3640 2924 et

2048 2941 2332 3010 amabilius
2364 2971 2376 3008 :
2409 2970 2472 3012 ea
2497 2966 2580 3010 est
2611 2965 2798 3010 natura
2827 2957 2844 2988 ¹
2871 2997 2888 3024 ,
2921 2971 3040 3028 qua:
3079 2957 3280 3012 creavit
3309 2972 3497 3014 omnes
3533 2973 3640 3014 cae-

2049 3051 2214 3110 teras,
2239 3045 2572 3116 instituitque
2599 3055 2834 3112 naturas.
2857 3045 2952 3102 Cui
2973 3048 3178 3120 regenti
3197 3063 3316 3104 esse
3345 3049 3636 3118 subditum,

2047 3135 2092 3190 si
2135 3136 2354 3208 justitiae
2397 3147 2514 3205 est,
2547 3137 2860 3193 immortalis
2885 3147 2968 3193 est
2993 3140 3213 3194 omnino
3255 3139 3456 3209 iustitia
3491 3159 3504 3196 :
3539 3157 3640 3198 nec

2047 3231 2104 3288 in
2127 3230 2214 3286 illa
2238 3244 2362 3288 esse
2383 3229 2714 3286 beatitudine
2739 3230 2970 3298 desinet,
2999 3233 3094 3286 sed
3121 3232 3240 3288 talis
3257 3247 3320 3288 ac
3347 3243 3488 3288 tanta
3507 3234 3633 3302 erit,

2047 3331 2106 3378 ut
2147 3323 2432 3394 perfectior
2459 3333 2514 3380 et
2557 3325 2728 3396 major
2757 3338 2876 3380 esse
2904 3341 3012 3380 non
3053 3327 3238 3396 possit.
3277 3326 3544 3384 Fortassis
3581 3337 3638 3386 et

2046 3413 2163 3468 alia:
2193 3421 2303 3468 tres
2350 3414 2602 3482 virtutes,
2633 3415 2908 3484 prudentia
2955 3416 3070 3470 sine
3102 3418 3208 3472 ullo
3245 3417 3354 3486 jam
3395 3418 3638 3489 periculo

2045 3491 2284 3571 erroris,
2328 3503 2594 3582 fortitudo.
2617 3505 2732 3560 sine
2763 3505 3002 3562 molestia
3034 3507 3428 3562 tolerandarum
3467 3510 3634 3564 malo-

2045 3609 2185 3664 rum,
2224 3595 2572 3666 temperantia
2603 3596 2718 3650 sine
2747 3595 3126 3664 repugnatione
3155 3596 3450 3666 libidinum,
3475 3606 3638 3656 erunt

2045 3688 2098 3744 in
2131 3689 2216 3742 illa
2241 3687 2494 3744 felicitate
2527 3705 2540 3743 :
2573 3687 2944 3762 utprudeutiae
2972 3689 3040 3742 sit
3067 3688 3267 3756 nullum
3293 3690 3486 3748 bonum
3520 3691 3636 3748 Deo

2045 3797 2356 3854 praeponere
2402 3781 2486 3846 vel
2533 3797 2782 3854 requare;
2834 3780 3188 3850 fortitudinis,
3233 3781 3283 3838 ei
3329 3782 3636 3842 firmissime

2045 3876 2338 3944 cohaerere;
2364 3874 2750 3946 temperantiae,
2774 3873 2919 3930 nullo
2937 3873 3148 3930 defectu
3175 3875 3335 3930 noxio
3354 3875 3630 3932 delectari.

2043 3965 2196 4022 Nunc
2219 3975 2396 4022 autem
2423 3964 2562 4036 quod
2583 3965 2692 4034 agit
2713 3965 2916 4036 justitia
2937 3965 2988 4020 in
3015 3965 3376 4022 subvenieudo
3397 3967 3629 4036 miseris,

2043 4059 2184 4132 quod
2214 4059 2490 4130 prudentia
2512 4058 2566 4112 in
2587 4057 2946 4128 praecavendis
2963 4057 3189 4124 insidiis,
3209 4059 3352 4130 quod
3371 4058 3634 4116 fortitudo

2043 4149 2098 4206 in
2127 4150 2454 4222 perferendis
2478 4149 2756 4216 molestiis,
2779 4149 2918 4220 quod
2941 4149 3290 4220 temperantia
3308 4150 3358 4206 in
3376 4165 3632 4206 coercen-

2043 4242 2126 4298 dis
2151 4241 2593 4299 delectationibus
2623 4242 2820 4312 pravis,
2854 4257 2958 4298 non
2989 4241 3056 4298 ibi
3078 4242 3200 4307 erit,
3235 4243 3324 4299 ubi
3347 4243 3480 4300 nihil
3507 4259 3630 4302 om-

2044 4335 2174 4390 nino
2215 4335 2338 4392 mali
2367 4336 2488 4392 erit.
2517 4337 2595 4390 Ac
2619 4349 2714 4406 per
2739 4333 2842 4388 hoc
2875 4335 2975 4390 ista
3005 4335 3258 4390 virtutum
3289 4351 3480 4406 Opera,
3509 4351 3632 4408 qua
3675 4329 3678 4332 ’

2043 4427 2168 4482 huic
2197 4427 2406 4482 mortali
2427 4427 2548 4482 vitae
2575 4435 2697 4482 sunt
2721 4428 3042 4496 necessaria,
3068 4429 3204 4484 sicut
3223 4427 3356 4486 ﬁdes
3379 4429 3446 4494 ad
3469 4445 3628 4500 quam

2043 4517 2323 4578 referenda
2352 4525 2508 4586 sunt,
2551 4519 2604 4574 in
2649 4519 2933 4590 praeteritis
2970 4519 3305 4580 habebuntur
3343 4539 3358 4576 :
3389 4529 3446 4576 et
3468 4521 3628 4580 aliam

2044 4625 2186 4670 nunc
2213 4609 2412 4666 faciunt
2446 4610 2736 4666 trinitatem
2755 4653 2768 4674 ,
2800 4625 2922 4666 cum
2948 4625 3010 4674 ea
3041 4613 3322 4682 praesentia
3351 4622 3632 4684 tenemus,

2045 4702 2354 4772 aspicimus,
2387 4717 2648 4768 amamus;
2677 4701 2837 4758 aliam
2867 4711 2992 4758 tunc
3023 4705 3222 4760 factura
3249 4713 3392 4768 sunt,
3413 4720 3536 4762 cum
3567 4722 3630 4764 ea

2045 4807 2150 4848 non
2181 4808 2304 4850 esse
2324 4833 2342 4860 ,
2385 4793 2480 4850 sed
2519 4793 2682 4850 fuisse
2703 4833 2722 4860 ,
2755 4809 2850 4866 per
2877 4795 3122 4864 quaedam
3157 4809 3342 4856 eorum
3372 4798 3628 4868 vestigia,

2045 4901 2163 4955 quae
2193 4883 2564 4956 praetereundo
2587 4884 2640 4938 in
2679 4885 2938 4940 memoria
2968 4885 3370 4956 derelinquant,
3396 4887 3630 4958 reperiar

2045 4991 2166 5032 mus
2193 4995 2206 5032 :
2236 4977 2358 5046 quia
2387 4985 2440 5032 et
2466 4983 2592 5032 tunc
2623 4977 2830 5032 trinitas
2855 4977 2956 5030 erit
2979 5018 2994 5044 ,
3023 4991 3143 5032 eum
3173 4976 3300 5038 illud
3325 4978 3632 5052 qualecum-

2044 5081 2150 5135 que
2185 5065 2462 5136 vestigium
2493 5075 2547 5120 et
2576 5067 2884 5120 memoriter
2909 5065 3224 5120 retinebitur
3247 5105 3262 5132 ,
3292 5077 3346 5124 et
3373 5082 3632 5140 agnosce-

2046 5164 2131 5210 tur
2149 5157 2428 5222 veraciter,
2443 5157 2608 5212 ethoc
2621 5166 2901 5226 utrumque
2917 5157 3067 5212 tertia
3083 5157 3350 5213 voluntate
3357 5158 3630 5231 iungetur.

2117 5249 2341 5304 CAPUT
2369 5249 2436 5303 X.
2464 5279 2526 5288 —
2555 5251 2640 5304 15.
2667 5247 2930 5314 Quomodo
2947 5257 3112 5304 urente
3135 5249 3214 5304 sui
3235 5251 3532 5306 recordanti
3549 5269 3630 5308 se-

2047 5358 2142 5412 que
2160 5341 2466 5411 intelligente
2485 5355 2547 5394 ac
2564 5339 2802 5410 diligente
2818 5339 3017 5394 trinitas
3042 5341 3150 5408 fiat.
3173 5340 3228 5394 lu
3251 5343 3487 5396 omnium
3507 5343 3635 5398 ista-

2048 5448 2200 5498 rum,
2244 5447 2377 5502 quas
2425 5431 2995 5498 commemoravimus,
3040 5431 3410 5502 temporalium
3453 5449 3632 5490 rerum

2051 5525 2272 5581 scientia
2294 5565 2308 5590 ,
2340 5523 2584 5594 quaedam
2611 5523 2984 5595 cognoscibilia
3010 5523 3368 5596 Cognitionem
3393 5525 3632 5600 interpo‘
3666 5577 3672 5592 ,

2051 5619 2242 5673 sitione
2277 5615 2536 5685 temporis
2574 5615 2929 5678 antecedunt;
2957 5616 3096 5672 sicut
3117 5627 3240 5673 sunt
3275 5633 3340 5674 ea
3366 5620 3634 5676 sensibilis

2115 5777 2130 5809 ι
2166 5773 2390 5837 Plerique
2417 5773 2618 5838 Mss.,in
2638 5787 2732 5838 qua
2761 5773 2884 5825 nihil
2909 5783 2979 5838 est
3013 5777 3181 5830 melius
3215 5783 3262 5828 et
3302 5777 3554 5832 amabilius
3579 5799 3644 5834 ω

2050 5843 2246 5899 natura,
2270 5849 2379 5898 qua:
2401 5837 2596 5890 crearit.
2621 5837 2835 5900 Quidam,
2859 5837 2974 5902 quia
2991 5839 3112 5892 nihil
3133 5847 3204 5892 est
3225 5839 3394 5892 melius
3430 5847 3512 5892 etc
