4076 6464
466 384 490 439 1
501 380 603 438 047

465 511 586 567 quae
606 496 718 567 jam
745 500 900 549 erant
926 492 982 548 in
1016 491 1207 557 rebus,
1239 498 1523 560 antequam
1561 490 2052 557 cognoscerentur;

464 589 552 643 vel
581 602 644 644 ea
668 586 846 643 omnia
870 599 993 654 quae
1018 598 1114 654 per
1142 579 1418 637 historiam
1448 583 1840 649 cognoscuntur
1869 592 1883 628 :
1910 588 2055 645 qua:-

467 680 591 735 dam
619 694 751 735 vero
779 678 938 734 simul
967 690 1087 733 esse
1123 673 1415 743 incipiunt;
1444 671 1592 725 velut
1616 670 1661 724 si
1701 666 1900 738 aliquid
1927 666 2057 720 visi-

466 773 599 841 bile,
623 770 764 843 quod
788 769 1007 825 omnino
1029 781 1134 821 non
1159 773 1293 832 erat,
1325 769 1448 818 ante
1471 770 1683 816 nostros
1704 758 1889 814 oculos
1918 757 2057 812 oria—

470 874 579 933 tur,
606 862 962 934 cognitionem
986 868 1222 914 nostram
1251 856 1431 926 utique
1462 869 1566 909 non
1587 852 1862 923 praecedit;
1890 859 1982 906 aut
2010 850 2057 905 si

469 956 671 1029 aliquid
701 963 883 1019 sonet,
912 952 1003 1008 ubi
1028 952 1181 1007 adest
1205 949 1415 1005 auditor
1434 988 1448 1015 ,
1475 946 1633 1004 simul
1657 946 1895 1017 profecto
1920 944 2055 999 inci-

470 1051 623 1122 piunt
643 1062 784 1113 esse,
806 1045 1068 1115 simulque
1088 1043 1340 1099 desinunt
1357 1048 1413 1096 et
1432 1053 1596 1095 sonus
1615 1048 1669 1093 et
1688 1037 1803 1108 ejus
1824 1036 2054 1091 auditus.

471 1142 851 1197 Verumtamen
890 1138 1003 1192 sive
1037 1144 1279 1205 tempore
1322 1130 1710 1204 praecedentia,
1750 1128 1863 1184 sive
1900 1126 2060 1183 simul

470 1247 592 1288 esse
633 1229 934 1300 incipientia
974 1226 1351 1298 cognoscibilia
1395 1222 1753 1295 cognitionem
1797 1220 2058 1290 gignunt,

470 1341 578 1380 non
609 1323 913 1395 cognitione
941 1322 1244 1393 gignuntur.
1266 1317 1580 1390 Cognitione
1602 1329 1733 1372 vero
1758 1314 1915 1380 facta,
1939 1328 2061 1368 cum

475 1432 536 1474 ea
566 1433 684 1489 quae
721 1416 1096 1488 cognovimus,
1127 1413 1299 1485 posita
1325 1412 1377 1467 in
1408 1409 1667 1466 memoria
1691 1407 2062 1464 recordatione

430 1492 438 1517 ’
471 1510 807 1575 revisuntur;
836 1508 954 1578 quis
994 1522 1101 1563 non
1130 1506 1307 1562 videat
1335 1504 1567 1575 priorem
1595 1516 1715 1557 esse
1741 1509 1980 1571 tempore
2005 1498 2061 1553 in

470 1602 730 1658 memoria
758 1600 1115 1657 retentionem
1137 1638 1154 1668 ,
1205 1612 1365 1670 quam
1409 1596 1461 1650 in
1503 1592 1873 1649 recordatione
1902 1592 2065 1647 visio-

474 1711 632 1764 nem,
663 1703 718 1751 et
740 1694 900 1765 hujus
925 1694 1203 1763 utriusque
1232 1692 1387 1747 tertia
1410 1690 1683 1745 voluntate
1706 1685 2066 1758 junctionem?

474 1788 644 1842 Porro
671 1795 847 1841 autem
886 1787 939 1840 in
976 1794 1156 1840 mente
1182 1797 1292 1840 non
1329 1782 1408 1838 sic
1434 1789 1518 1837 est
1547 1797 1560 1833 :
1590 1794 1764 1849 neque
1798 1777 1939 1833 enim
1967 1775 2065 1831 ad-

476 1881 696 1935 ventitia
722 1880 823 1934 sibi
849 1880 958 1950 ipsa
980 1885 1084 1946 est,
1111 1877 1264 1948 quasi
1286 1876 1351 1931 ad
1380 1890 1439 1931 se
1467 1875 1636 1944 ipsam
1660 1888 1779 1943 qua:
1796 1872 1906 1942 jam
1928 1878 2064 1937 erat,

476 1976 682 2030 venerit
721 1973 935 2029 aliunde
973 1972 1162 2028 eadem
1203 1972 1317 2041 ipsa
1345 1985 1463 2040 quae
1499 1984 1607 2024 non
1643 1976 1788 2032 erat;
1828 1974 1920 2020 aut
1960 1979 2066 2020 non

476 2066 694 2121 aliunde
720 2066 955 2131 venerit,
986 2064 1081 2121 sed
1108 2064 1160 2119 in
1183 2078 1242 2118 se
1268 2063 1380 2133 ipsa
1401 2077 1519 2132 qua:
1540 2061 1648 2130 jam
1672 2068 1819 2126 erat,
1850 2066 1972 2113 nata
1997 2058 2067 2113 sit

477 2172 540 2213 ea
568 2160 678 2227 ipsa
700 2174 818 2228 quae
842 2173 945 2212 non
969 2165 1083 2212 erat
1114 2158 1162 2221 ¹;
1195 2156 1332 2211 sicut
1356 2155 1408 2210 in
1439 2163 1619 2209 mente
1650 2169 1767 2224 quae
1788 2152 1898 2222 jam
1927 2160 2064 2220 erat,

477 2251 649 2305 oritur
675 2250 807 2306 fides
845 2265 964 2322 quae
985 2264 1092 2305 non
1128 2258 1245 2304 erat
1282 2268 1294 2305 :
1335 2257 1428 2304 aut
1456 2257 1575 2318 post
1598 2247 1953 2318 cognitionem
1983 2245 2068 2301 sui

476 2341 812 2397 recordando
846 2356 906 2397 se
945 2341 1114 2411 ipsam
1144 2340 1289 2395 velut
1314 2340 1366 2393 in
1397 2338 1656 2393 memoria
1686 2352 1781 2391 sua
1808 2337 2069 2391 constitu-

476 2440 586 2486 tam
628 2431 802 2500 videt,
847 2433 1000 2502 quasi
1033 2446 1141 2486 non
1182 2431 1253 2485 ibi
1293 2430 1455 2485 fuerit
1481 2439 1765 2499 antequam
1795 2442 1854 2483 se
1895 2429 2064 2498 ipsam

477 2532 843 2594 cognosceret;
876 2539 997 2578 cum
1025 2521 1263 2594 profecto
1289 2535 1357 2577 ex
1387 2537 1492 2592 quo
1521 2536 1640 2577 esse
1683 2520 1845 2590 erepit
1863 2561 1878 2588 ,
1923 2535 2065 2574 nun-

477 2630 636 2684 quam
668 2616 748 2669 sui
780 2615 1089 2671 meminisse
1112 2656 1126 2681 ,
1157 2628 1428 2685 nunquam
1460 2628 1519 2669 se
1548 2613 1842 2683 intelligere
1862 2653 1877 2678 ,
1923 2629 2065 2667 nun-

476 2722 633 2776 quam
664 2721 723 2762 se
752 2722 931 2762 amare
962 2707 1259 2774 destiterit,
1287 2706 1427 2762 sicut
1466 2707 1575 2776 jam
1605 2705 1953 2761 ostendimus.
1987 2707 2066 2763 Ac

476 2813 575 2868 per
601 2800 701 2855 hoc
730 2800 941 2869 quando
970 2799 1037 2855 ad
1058 2814 1117 2855 se
1137 2800 1306 2869 ipsam
1341 2798 1661 2869 cogitatione
1698 2798 2063 2867 convertitur,

476 2889 537 2943 ﬁt
580 2890 820 2956 trinitas,
866 2891 919 2945 in
958 2906 1059 2960 qua
1097 2890 1207 2961 jam
1247 2898 1302 2946 et
1330 2891 1550 2946 verbum
1580 2890 1749 2961 possit
1796 2890 2014 2960 intelligi
2047 2908 2062 2946 :

474 2980 735 3036 formatur
778 2984 974 3054 quippe
1024 2998 1089 3039 ex
1142 2983 1257 3054 ipsa
1305 2983 1626 3054 cogitatione
1674 2984 1737 3051 ',
1790 2983 2066 3040 voluntate

478 3081 763 3145 utrumque
802 3075 1078 3145 jungente.
1113 3074 1191 3130 lbi
1228 3088 1358 3146 ergo
1398 3074 1568 3145 magis
1603 3075 1943 3145 agnoscenda
1984 3084 2067 3133 est

473 3166 651 3236 imago
675 3182 835 3236 quam
863 3168 1172 3236 quaerimus.

546 3258 771 3314 CAPUT
800 3258 893 3313 XI.
915 3260 1099 3315 -14.
1130 3259 1213 3313 Αη
1253 3266 1301 3313 et
1342 3258 1662 3329 prasentium
1698 3258 1764 3313 sit
1801 3260 2062 3314 memoria.

475 3348 582 3405 Sed
612 3349 756 3405 dicet
780 3349 971 3420 aliquis
998 3368 1011 3405 :
1034 3349 1148 3405 Non
1188 3358 1272 3406 est
1298 3350 1398 3406 ista
1426 3350 1715 3416 memoria,
1762 3365 1865 3421 qua
1913 3366 2065 3407 mens

472 3442 557 3498 sui
584 3442 891 3498 meminisse
920 3443 1263 3513 perhibetur,
1285 3458 1404 3513 quae
1432 3443 1533 3498 sibi
1570 3457 1783 3514 semper
1810 3451 1893 3500 est
1922 3459 2064 3514 prae-

473 3549 619 3591 sens.
648 3534 900 3591 Memoria
930 3536 1072 3591 enim
1102 3535 1499 3606 praeteritorum
1528 3543 1647 3604 est,
1687 3550 1795 3591 non
1829 3550 2065 3606 praesen-

474 3628 608 3683 tium
634 3645 648 3683 :
678 3644 799 3683 nam
825 3628 1040 3700 quidam
1068 3644 1190 3685 cum
1209 3629 1277 3685 de
1304 3630 1583 3686 virtutibus
1605 3638 1844 3700 agerent,
1873 3631 1927 3685 in
1946 3632 2067 3701 qui-

474 3722 575 3778 bus
599 3732 683 3778 est
714 3724 873 3778 etiam
900 3723 1133 3789 Tullius,
1167 3724 1218 3777 in
1250 3724 1349 3778 tria
1377 3723 1476 3779 ista
1506 3722 1843 3792 prudentiam
1869 3722 2065 3779 divise-

475 3822 618 3879 runt,
652 3813 988 3881 memoriam,
1018 3812 1419 3883 intelligentiam
1438 3853 1453 3877 ,
1483 3812 1872 3883 providentiam
1906 3830 1918 3866 :
1948 3828 2063 3869 me-

476 3906 701 3960 moriam
742 3906 944 3961 scilicet
980 3906 1294 3975 praeteritis,
1335 3905 1738 3975 intelligentiam
1783 3908 2063 3977 praesenti-

475 3996 594 4062 bus,
623 3997 1008 4065 providentiam
1032 3996 1195 4052 rebus
1216 3997 1508 4053 tribuentes
1532 3996 1746 4065 futuris,
1770 4012 1930 4068 quam
1955 4014 2063 4055 non

475 4086 674 4142 habent
700 4097 899 4142 certam
928 4088 1032 4143 nisi
1061 4088 1267 4157 praescii
1303 4087 1631 4154 futurorum;
1661 4088 1805 4159 quod
1834 4104 1940 4144 non
1981 4099 2065 4147 est

474 4192 666 4231 munus
698 4177 969 4231 hominum
992 4219 1006 4241 ,
1043 4177 1147 4231 nisi
1188 4176 1346 4232 detur
1373 4177 1637 4246 desuper,
1672 4187 1730 4231 ut
1756 4179 2058 4249 Pr0plietis.

474 4270 627 4326 Unde
656 4269 926 4340 Scriptura
957 4269 1230 4339 sapientiae
1257 4269 1324 4325 de
1366 4268 1672 4325 hominibus
1694 4270 1843 4325 aiens
1869 4271 1890 4303 ³
1923 4291 1935 4326 :
1964 4270 2063 4326 Co-

474 4363 768 4433 gitationes,
801 4362 999 4432 inquit,
1032 4353 1322 4415 mortalium
1352 4362 1567 4428 timidae,
1591 4370 1638 4416 et
1662 4362 1864 4417 incerta:
1889 4364 2058 4432 provi-

420 4516 431 4527 κ
473 4454 655 4508 «lentia:
680 4461 864 4509 nostri:
888 4453 1045 4524 (Sap.
1071 4467 1150 4519 ιι,
1180 4452 1558 4522 14).Memoria
1586 4468 1713 4508 vero
1738 4452 1806 4508 de
1829 4464 2050 4523 praeter-

423 4530 435 4567 λ
472 4548 562 4602 itis
586 4588 602 4615 ,
631 4556 685 4602 et
726 4546 1075 4617 intelligentia
1104 4545 1172 4601 de
1228 4545 1578 4616 praesentibus
1606 4557 1752 4601 certa
1797 4555 1917 4614 est,
1963 4546 2059 4603 sed

471 4638 827 4709 praesentibus
854 4638 1037 4708 utique
1062 4636 1486 4706 iucorporalibus
1506 4634 1529 4667 ‘
1549 4636 1709 4692 rebus
1740 4654 1755 4691 :
1789 4652 1911 4692 nam
1937 4652 2061 4693 cor-

472 4729 683 4799 porales
721 4728 1076 4798 corporalium
1114 4736 1407 4797 praesentes
1437 4734 1563 4781 sunt
1599 4726 1901 4796 aspectibus
1930 4742 2061 4783 ocu-

476 4822 664 4877 lorum.
689 4822 795 4878 Sed
815 4822 904 4892 qui
924 4822 1051 4876 dicit
1078 4821 1389 4876 memoriam
1417 4834 1524 4875 non
1550 4835 1671 4875 esse
1698 4821 2058 4890 praesentium,

476 4912 711 4968 attendat
740 4912 1188 4983 quemadmodum
1218 4912 1414 4967 dictum
1442 4912 1511 4966 sit
1535 4912 1589 4965 in
1630 4911 1760 4981 ipsis
1788 4912 2062 4967 saeculari-

477 5005 572 5060 bus
602 5006 793 5061 litteris
815 5047 829 5072 ,
862 5007 952 5061 ubi
990 5005 1210 5076 majoris
1236 5004 1333 5060 fuit
1359 5018 1503 5060 curae.
1528 5003 1814 5060 verborum
1846 5004 2064 5076 integri-

476 5105 555 5154 tas
580 5114 737 5170 quam
763 5100 964 5155 veritas
990 5114 1171 5155 rerum
1200 5116 1215 5153 :

1113 5198 1210 5240 Nec
1230 5188 1342 5240 talia
1359 5200 1527 5251 passus
1547 5186 1766 5250 Ulysses,

653 5252 901 5304 oblitusve
916 5253 993 5303 sui
1016 5258 1095 5302 est
1114 5252 1301 5301 Ithacus
1320 5251 1595 5301 discrimine
1614 5256 1765 5300 tanto.

1022 5332 1229 5397 (ιεηεεα.
1256 5332 1338 5384 lib.
1355 5333 1406 5397 3,
1428 5346 1551 5385 ms.
1575 5332 1684 5395 eas,
1710 5332 1845 5396 6‘29.)

533 5507 550 5568 ε
584 5505 669 5555 Hic
692 5504 808 5555 editi
831 5504 1041 5568 addunt:
1063 5502 1194 5568 sicut
1222 5502 1276 5553 in
1308 5502 1412 5567 ipso
1442 5501 1629 5568 homine
1651 5516 1761 5568 qua:
1796 5515 1890 5555 non
1928 5512 2067 5568 erant

464 5566 705 5631 oriuntzpj,
730 5573 823 5631 aut
847 5565 1280 5631 aliis-docentibus,
1316 5565 1397 5631 aut
1432 5565 1791 5631 cogitationibus
1835 5567 2065 5631 propriis,

469 5628 594 5679 sicut
617 5626 758 5693 ﬁdes,
782 5627 905 5677 sicut
936 5627 1146 5677 virtutes.
1163 5629 1327 5693 verba
1356 5626 1610 5693 lluc__male
1634 5626 1863 5693 translata
1896 5626 1959 5681 ex
1984 5626 2063 5681 ca?-

469 5692 572 5754 pite
597 5688 971 5754 octavo,supra,
996 5690 1178 5754 nungi
1188 5690 1231 5749 1,
1256 5688 1347 5738 col.
1376 5690 1512 5754 1045,
1536 5688 1617 5737 lin.
1635 5690 1764 5754 8-12.

531 5755 552 5817 ξ
584 5755 657 5817 sic
679 5750 903 5815 plerique
936 5757 1042 5799 Mss.
1069 5750 1184 5801 Editi
1210 5764 1346 5814 vero,
1386 5764 1452 5802 ex
1482 5750 1589 5814 ipsa
1612 5751 1829 5817 cognitw.

530 5814 749 5881 {Plures
769 5821 1076 5881 Mss.,gge_ns-
1131 5879 1167 5881 η
1371 5874 1375 5881 λ
1580 5873 1611 5879 η.

530 5875 556 5909 δ
587 5882 687 5925 am.
712 5882 786 5926 ur.
814 5882 866 5926 et
884 5873 1110 5938 plerique
1130 5879 1258 5939 Msst,
1284 5873 1627 5937 corporalibus".

1596 371 1686 428 DE
1723 366 2116 439 TRINITATE,
2147 365 2203 425 S.
2244 364 2608 424 AUGUSTINI

3606 376 3747 432 1048

2170 481 2420 554 Virgilius
2447 485 2590 540 enim
2616 499 2737 541 cum
2765 485 2846 541 sui
2874 499 2981 541 non
3003 484 3227 541 oblitum
3246 485 3450 543 diceret
3477 487 3745 557 Ulyssem,

2163 574 2291 645 quid
2319 575 2458 629 aliud
2502 575 2721 647 intelligi
2747 576 2951 644 voluit,
2982 578 3082 633 nisi
3108 578 3251 651 quod
3280 580 3589 635 meminerit
3629 582 3749 637 sui?

2165 665 2297 721 Cum
2326 682 2454 739 ergo
2478 669 2580 723 sibi
2612 684 2845 740 praesens
2869 678 3040 736 esset,
3078 670 3226 725 nullo
3254 671 3415 727 modo
3442 673 3525 728 sui
3555 690 3750 729 memi-

2166 759 2332 813 nisset
2353 800 2370 825 ,
2400 759 2505 815 nisi
2547 760 2613 815 ad
2658 776 2745 817 res
2790 771 3085 833 praesentes
3127 764 3390 843 memoria.
3427 764 3747 835 pertineret.

2165 851 2497 922 Quapropter
2526 853 2665 908 sicut
2704 854 2756 909 in
2785 854 2946 911 rebus
2976 856 3258 925 praeteritis
3285 872 3349 911 ea
3375 859 3637 913 memoria
3667 859 3751 914 di-

2165 944 2332 1013 citur,
2361 961 2464 1016 qua
2490 945 2552 1000 ﬁt
2575 955 2631 1001 ut
2651 948 2860 1003 valeant
2888 948 3052 1005 recoli
3081 958 3137 1004 et
3167 950 3435 1005 recordari
3467 970 3480 1005 :
3505 952 3586 1006 sic
3609 952 3665 1006 in
3694 969 3753 1009 re

2166 1038 2413 1107 praesenti
2448 1040 2589 1109 quod
2614 1040 2715 1096 sibi
2742 1050 2824 1097 est
2847 1056 3029 1110 mens,
3068 1044 3324 1098 memoria
3354 1044 3473 1100 sine
3503 1047 3752 1102 absurdi-

2167 1137 2275 1185 tate
2309 1128 2533 1185 dicenda
2577 1142 2689 1199 est,
2729 1148 2829 1203 qua
2857 1134 2959 1189 sibi
2984 1142 3178 1204 praesto
3219 1143 3302 1190 est
3342 1144 3401 1190 ut
3426 1150 3522 1190 sua
3548 1137 3753 1207 cogita-

2167 1222 2313 1278 tione
2337 1225 2506 1294 possit
2538 1224 2798 1296 intelligi,
2827 1235 2882 1282 et
2918 1237 3203 1299 utrumque
3246 1228 3328 1283 sui
3365 1242 3550 1284 amore
3576 1229 3596 1261 ³
3632 1244 3758 1285 con-

2163 1316 2335 1387 jungL

2239 1406 2464 1466 CAPUT
2495 1410 2612 1466 ΧΠ.
2644 1440 2717 1453 -
2759 1411 2847 1468 15.
2875 1410 3101 1468 Trinitas
3122 1416 3177 1467 in
3218 1422 3380 1469 mente
3403 1431 3461 1469 eo
3490 1424 3562 1469 est
3586 1416 3755 1486 imago

2170 1499 2264 1554 Dei
2282 1542 2297 1565 ,
2328 1517 2426 1571 quo
2467 1502 2722 1569 meminit,
2752 1503 2986 1575 intelligit
3010 1514 3057 1560 et
3086 1505 3250 1576 diligit
3280 1504 3476 1573 Deum,
3507 1506 3644 1576 quod
3680 1514 3754 1560 est

2170 1594 2434 1663 sapientia.
2479 1595 2603 1649 Haec
2647 1596 2805 1667 igitur
2849 1598 3056 1652 trinitas
3094 1598 3288 1654 mentis
3326 1613 3431 1653 non
3469 1610 3755 1670 propterea

2172 1683 2268 1739 Dei
2302 1693 2386 1740 est
2424 1686 2598 1757 imago
2618 1728 2632 1752 ,
2678 1689 2800 1759 quia
2830 1690 2911 1743 sui
2942 1690 3184 1745 meminit
3213 1706 3393 1755 mens,
3425 1700 3480 1745 et
3508 1693 3758 1763 intelligit

2171 1792 2234 1832 ac
2258 1777 2427 1848 diligit
2453 1793 2511 1834 se
2536 1798 2548 1833 :
2582 1780 2677 1835 sed
2705 1781 2827 1850 quia
2860 1790 3035 1850 potest
3063 1783 3221 1837 etiam
3248 1784 3575 1848 meminisse,
3602 1793 3657 1839 et
3679 1785 3759 1840 in-

2174 1870 2432 1941 telligere,
2462 1882 2517 1927 et
2554 1888 2735 1929 amare
2758 1890 2788 1928 a
2814 1890 2920 1944 quo
2961 1875 3097 1929 facta
3127 1885 3226 1930 est.
3251 1875 3406 1943 Quod
3443 1892 3564 1931 cum
3592 1876 3754 1944 facit,

2173 1964 2387 2033 sapiens
2424 1964 2538 2034 ipsa
2568 1964 2647 2020 lit.
2676 1965 2731 2022 Si
2757 1977 2932 2021 autem
2964 1983 3068 2022 non
3112 1969 3269 2035 facit,
3315 1973 3472 2025 etiam
3517 1986 3640 2025 cum
3676 1972 3757 2026 sui

2174 2057 2452 2124 meminit,
2482 2073 2705 2129 seseque
2739 2060 2983 2130 intelligit
3011 2076 3074 2116 ac
3102 2061 3293 2133 diligit,
3322 2064 3485 2120 stulta
3515 2072 3617 2119 est.
3644 2064 3755 2120 Me-

2173 2149 2387 2204 minerit
2412 2150 2588 2221 itaque
2617 2152 2710 2207 Dei
2735 2153 2850 2219 sui,
2879 2153 2945 2207 ad
2975 2153 3125 2224 cujus
3160 2156 3443 2226 imaginem
3473 2155 3606 2211 facta
3638 2165 3756 2224 est,

2174 2256 2401 2311 eumque
2446 2242 2707 2315 intelligat
2732 2256 2890 2315 atque
2919 2246 3122 2317 diligat.
3149 2246 3304 2315 Quod
3342 2256 3402 2303 ut
3427 2249 3641 2304 brevius
3668 2250 3755 2305 di-

2172 2347 2320 2399 cam,
2345 2334 2485 2390 colat
2509 2335 2674 2390 Deum
2703 2352 2811 2392 non
2841 2338 3036 2393 factum
3060 2380 3074 2405 ,
3106 2340 3260 2409 cujus
3284 2341 3353 2397 ab
3377 2356 3440 2397 eo
3476 2356 3644 2412 capax
3670 2352 3757 2399 est

2172 2422 2344 2492 facta,
2385 2434 2439 2481 et
2481 2427 2634 2497 cujus
2672 2430 2939 2499 particeps
2968 2445 3087 2486 esse
3116 2440 3328 2501 potest;
3370 2442 3584 2503 propter
3612 2434 3757 2504 quod

2172 2518 2427 2588 scriptum
2452 2529 2554 2585 est,
2578 2519 2712 2576 Ecce
2730 2521 3011 2601 Deicultus
3037 2533 3109 2579 est
3128 2526 3374 2596 sapientia
3397 2525 3520 2596 (Job
3556 2543 3721 2582 xxvut
3738 2570 3753 2594 ,

2170 2609 2263 2682 28)
2294 2629 2307 2665 :
2339 2620 2394 2666 et
2422 2628 2527 2667 non
2558 2629 2652 2669 sua
2680 2612 2825 2681 luce,
2848 2616 2941 2670 sed
2967 2632 3188 2672 summae
3209 2617 3349 2673 illius
3376 2618 3510 2672 lucis
3536 2619 3755 2688 partici-

2171 2704 2385 2774 patione
2412 2707 2627 2778 sapiens
2650 2708 2781 2773 erit,
2811 2719 2970 2780 atque
2997 2710 3085 2765 ubi
3112 2717 3309 2766 aeterna
3327 2752 3342 2777 ,
3372 2712 3444 2768 ibi
3472 2712 3629 2767 beata
3669 2728 3755 2768 rer

2172 2796 2371 2867 gnabit.
2403 2797 2491 2852 Sic
2539 2799 2681 2853 enim
2727 2798 2920 2855 dicitur
2950 2800 3050 2855 ista
3100 2800 3333 2857 hominis
3362 2803 3659 2873 sapientia,
3703 2812 3759 2859 ut

2170 2888 2330 2943 etiam
2366 2888 2459 2944 Dei
2489 2889 2574 2944 sit.
2608 2890 2756 2946 Tunc
2779 2892 2922 2947 enim
2957 2907 3079 2948 vera
3108 2903 3193 2949 est
3222 2912 3237 2948 :
3270 2908 3391 2949 nam
3436 2894 3478 2949 si
3526 2894 3758 2950 humana

2171 2987 2286 3047 est,
2330 2996 2467 3036 vana
2505 2990 2607 3037 est.
2645 2982 2843 3039 Verum
2890 3000 2994 3039 non
3042 2986 3115 3040 ita
3161 2987 3259 3041 Dei
3300 3002 3403 3057 qua
3433 2988 3648 3056 sapiens
3676 2997 3759 3044 est

2170 3071 2330 3128 Deus.
2352 3072 2535 3145 Neque
2571 3075 2712 3130 enim
2738 3075 3138 3145 participatione
3166 3077 3246 3131 sui
3276 3078 3490 3149 sapiens
3517 3089 3619 3144 est,
3650 3080 3757 3134 sic-

2169 3170 2229 3218 ut
2265 3178 2419 3219 mens
2474 3166 2879 3238 participatione
2910 3167 3021 3222 Dei.
3050 3166 3153 3223 Sed
3185 3168 3634 3237 quemadmodum
3675 3168 3757 3224 di-

2170 3255 2308 3310 citur
2333 3256 2492 3311 etiam
2516 3256 2719 3325 justitia
2762 3258 2893 3324 Dei,
2927 3274 3034 3313 non
3072 3259 3242 3313 solum
3272 3259 3359 3314 illa
3384 3275 3487 3330 qua
3518 3261 3632 3330 ipse
3660 3262 3751 3330 ju-

2170 3355 2283 3402 stus
2310 3357 2412 3412 est,
2435 3348 2531 3403 sed
2557 3363 2715 3419 quam
2741 3349 2834 3404 dat
2857 3349 3060 3405 homini
3084 3364 3204 3404 cum
3224 3350 3478 3420 justiﬁcat
3504 3351 3747 3422 impium,

2169 3452 2329 3508 quam
2381 3430 2762 3496 commendans
2812 3442 3099 3511 Apostolus
3150 3441 3224 3496 ait
3268 3442 3337 3498 de
3396 3444 3751 3513 quibusdam,

2169 3530 2475 3603 Ignorantes
2499 3534 2632 3587 enim
2659 3534 2754 3588 Dei
2764 3536 3039 3604 justitiam,
3070 3544 3117 3589 et
3144 3552 3287 3589 suam
3301 3537 3559 3606 justitiam
3588 3540 3754 3593 volen-

2170 3633 2240 3678 tes
2266 3627 2589 3693 constituere,
2621 3627 2836 3697 justitiw
2857 3627 2951 3682 Dei
2984 3645 3082 3683 non
3114 3637 3227 3682 sunt
3253 3628 3464 3699 subjecti
3484 3631 3663 3699 (Rom.
3691 3650 3719 3687 x
3737 3675 3750 3699 ,

2168 3714 2224 3787 3)
2257 3735 2269 3771 :
2302 3718 2379 3773 sic
2404 3719 2564 3772 etiam
2604 3718 2707 3774 dici
2748 3729 2922 3789 potest
2951 3719 3019 3775 de
3059 3721 3375 3790 quibusdam
3400 3764 3413 3786 ,
3443 3722 3755 3793 lgnorantes

2167 3808 2263 3863 Dei
2291 3808 2625 3879 sapientiam,
2654 3818 2709 3865 et
2733 3825 2884 3865 suam
2906 3810 3144 3868 volentes
3168 3812 3514 3883 constituere,
3543 3816 3754 3886 sapien-

2170 3901 2256 3981 tiae
2284 3902 2376 3957 Dei
2398 3917 2502 3957 non
2532 3910 2658 3957 sunt
2680 3903 2929 3973 subjecti.

2239 3993 2327 4049 16.
2356 3992 2453 4048 Est
2476 3994 2634 4064 igitur
2659 4003 2845 4050 natura
2871 4010 2979 4051 non
3022 3994 3157 4051 facta
3178 4038 3193 4063 ,
3237 4013 3357 4069 quae
3394 3997 3521 4054 fecit
3566 4014 3754 4055 onmes

2166 4093 2387 4140 caeteras
2436 4100 2656 4173 magnas
2701 4102 2997 4157 parvasque
3027 4096 3279 4154 naturas,
3328 4090 3404 4144 eis
3450 4105 3584 4161 quas
3627 4091 3753 4146 fecit

2166 4177 2283 4234 sine
2313 4177 2640 4233 dubitatione
2685 4180 3023 4248 praestantior
3046 4221 3061 4246 ,
3094 4196 3157 4237 ac
3187 4196 3287 4251 per
3310 4181 3412 4237 hoc
3453 4182 3551 4237 hac
3588 4183 3747 4237 etiam

2166 4268 2234 4324 de
2276 4284 2378 4338 qua
2429 4270 2717 4338 loquimur,
2750 4272 2992 4326 rationali
3019 4279 3076 4327 et
3104 4272 3475 4338 intellectuali,
3506 4289 3623 4342 qua:
3652 4274 3747 4329 ho-

2167 4358 2324 4413 minis
2347 4373 2500 4413 mens
2519 4369 2619 4425 est,
2648 4359 2715 4415 ad
2743 4360 2862 4431 ejus
2884 4362 2973 4432 qui
2998 4377 3114 4417 eam
3137 4362 3263 4419 fecit
3284 4366 3560 4435 imaginem
3586 4363 3748 4419 facta.

2166 4449 2259 4504 llla
2287 4459 2463 4505 autem
2493 4452 2704 4508 caeteris
2747 4462 2935 4508 natura
2982 4456 3320 4524 praestantior
3362 4457 3503 4511 Deus
3532 4465 3637 4512 est.
3689 4458 3755 4511 Et

2166 4540 2377 4611 quidem
2408 4558 2508 4596 non
2534 4542 2682 4615 longe
2710 4546 2903 4614 positus
2925 4546 2986 4599 ab
3011 4563 3308 4617 unoquoque
3334 4557 3582 4614 nostrum,
3617 4549 3755 4604 sicut

2166 4633 2452 4703 Apostolus
2478 4635 2639 4703 dicit;
2671 4638 2965 4709 adjungens
2983 4680 3000 4708 ,
3028 4639 3094 4694 In
3123 4642 3214 4696 illo
3254 4644 3386 4695 enim
3413 4644 3626 4698 vivimus
3651 4686 3666 4711 ,
3710 4655 3755 4698 et

2165 4741 2455 4823 movemur,
2488 4737 2535 4782 et
2558 4745 2731 4783 sumus
2776 4729 2909 4802 (Act.
2955 4747 3098 4798 xvn,
3122 4732 3222 4797 27,
3252 4733 3365 4806 28).
3401 4734 3554 4803 Quod
3588 4710 3787 4823 sise-1g

2166 4817 2396 4872 cundum
2422 4833 2616 4888 corpus
2642 4820 2863 4886 diceret,
2882 4823 3042 4877 etiam
3057 4824 3123 4879 de
3146 4826 3248 4880 isto
3263 4840 3521 4894 corporeo
3549 4829 3753 4883 mundo

2165 4916 2346 4980 posset
2367 4910 2611 4981 intelligi.
2638 4912 2768 4967 Nam
2792 4922 2847 4968 et
2876 4914 2927 4967 in
2955 4915 3046 4969 illo
3071 4918 3361 4971 secundum
3388 4933 3589 4989 corpus
3616 4922 3753 4975 vivi-

2165 5017 2285 5057 mus
2305 5044 2319 5069 ,
2350 5018 2629 5059 movemur
2650 5045 2667 5072 ,
2695 5014 2748 5060 et
2777 5021 2981 5062 sumus.
3014 5007 3165 5063 Uude
3195 5011 3488 5065 secundum
3516 5021 3753 5069 mentem

2167 5108 2286 5163 quas
2314 5092 2452 5151 facta
2498 5104 2581 5151 est
2619 5096 2686 5151 ad
2714 5096 2829 5166 ejus
2860 5100 3141 5169 imaginem
3169 5142 3184 5168 ,
3211 5100 3373 5156 debet
3402 5101 3503 5156 hoc
3543 5105 3712 5174 accipi
3738 5144 3753 5171 ,

2166 5186 2543 5242 excellentiore
2569 5188 2820 5259 quodam,
2852 5192 3147 5261 eodemque
3173 5208 3278 5248 non
3306 5195 3523 5263 visibili,
3549 5197 3643 5252 sed
3675 5198 3758 5252 in-

2169 5280 2429 5352 telligibili
2474 5281 2653 5337 modo.
2683 5282 2815 5339 Nam
2855 5285 2982 5354 quid
3022 5300 3127 5341 non
3174 5296 3256 5342 est
3283 5288 3336 5342 in
3366 5289 3514 5358 ipso,
3544 5289 3612 5345 de
3651 5306 3757 5362 quo

2167 5372 2344 5428 divine
2370 5373 2623 5444 scriptum
2651 5384 2753 5443 est,
2785 5375 3037 5443 Quoniam
3064 5394 3126 5432 ea:
3148 5379 3281 5449 ipso,
3309 5390 3357 5435 et
3379 5397 3468 5451 per
3488 5381 3678 5453 ipsum,
3710 5394 3759 5437 et

2168 5464 2221 5517 in
2249 5464 2359 5533 ipso
2387 5473 2504 5517 sunt
2533 5467 2702 5519 omnia
2727 5464 2903 5537 (Rom.
2944 5484 2999 5523 χι
3018 5510 3034 5535 ,
3064 5468 3194 5536 36)?
3222 5471 3452 5527 Proinde
3482 5474 3527 5529 si
3556 5475 3608 5528 in
3640 5474 3758 5544 ipso

2169 5564 2291 5609 sunt
2336 5554 2513 5610 omnia
2534 5597 2549 5621 ,
2588 5555 2642 5611 in
2682 5572 2789 5626 quo
2830 5558 3045 5614 tandem
3073 5572 3299 5631 possunt
3326 5565 3506 5620 vivere
3531 5581 3651 5635 qua:
3678 5565 3759 5620 vi-

2168 5657 2316 5714 vunt,
2339 5657 2393 5704 et
2413 5648 2614 5703 moveri
2641 5664 2759 5719 quae
2785 5661 3086 5721 moventur,
3111 5655 3211 5709 nisi
3236 5655 3292 5711 in
3316 5672 3421 5728 quo
3447 5658 3613 5713 sunt?
3639 5656 3755 5712 Non

2168 5749 2348 5797 tamen
2386 5756 2574 5797 omnes
2606 5756 2726 5797 cum
2757 5742 2850 5797 illo
2886 5754 3008 5801 sunt
3049 5762 3116 5804 eo
3141 5748 3303 5808 modo
3345 5766 3451 5822 quo
3475 5751 3527 5809 ei
3552 5749 3753 5809 dictum

2234 5872 2253 5910 ί
2284 5872 2390 5931 sola
2409 5872 2517 5929 tere
2540 5873 2688 5930 editio
2708 5870 2839 5943 tam,
2852 5872 3024 5934 mm.

3739 5974 3767 6007 ρ.
