4076 6450
252 407 378 467 1049

248 535 341 590 εει,
361 521 472 594 Ego
492 535 688 591 semper
709 525 868 574 tecum
890 516 1060 594 (Psal.
1091 533 1261 586 Lxxn,
1287 517 1404 590 2'5).
1435 517 1544 573 Nec
1569 517 1682 588 ipse
1701 529 1822 571 cum

247 614 489 672 omnibus
521 628 588 669 eo
621 611 782 668 modo
809 626 914 684 quo
941 611 1168 666 dicimus
1187 651 1203 678 ,
1235 609 1494 666 Dominus
1523 609 1822 664 vobiscum.

245 711 422 781 Magna
443 707 622 778 itaque
651 706 882 760 hominis
909 705 1124 760 miseria
1151 712 1234 760 est
1257 719 1376 759 cum
1411 703 1503 758 illo
1533 718 1638 757 non
1669 714 1822 766 esse,

245 807 357 862 sine
386 817 493 876 quo
523 817 630 858 non
667 808 844 872 potest
880 815 1018 856 esse.
1061 798 1120 855 In
1161 814 1268 870 quo
1302 797 1444 854 enim
1484 803 1598 864 est,
1641 795 1827 866 procul

243 896 400 952 dubio
421 896 536 949 sine
554 893 643 948 illo
665 909 768 947 non
791 900 874 948 est
899 907 914 947 :
937 899 991 947 et
1016 900 1190 946 tamen
1217 891 1262 946 si
1285 889 1399 961 ejus
1422 904 1526 944 non
1547 888 1823 954 meminit,

243 1003 467 1058 eumque
489 1002 594 1041 non
635 985 914 1055 intelligit,
939 998 1038 1038 nec
1058 982 1264 1052 diligit,
1287 998 1406 1037 cum
1443 982 1534 1036 illo
1575 996 1680 1035 non
1720 988 1821 1036 est.

243 1079 390 1147 Quod
414 1086 592 1133 autem
613 1078 837 1149 quisque
857 1076 1068 1148 penitus
1091 1074 1444 1138 obliviscitur.
1467 1088 1566 1129 nec
1582 1087 1823 1128 commo-

243 1173 356 1229 neri
378 1173 494 1242 ejus
517 1173 699 1241 utique
721 1179 915 1242 potest.

307 1265 540 1322 CAPUT
579 1265 718 1320 XIII.
760 1294 832 1306 --
867 1265 953 1319 17.
983 1261 1245 1328 Quomodo
1283 1260 1381 1316 Dei
1405 1261 1626 1316 oblivisci
1653 1269 1700 1314 et
1723 1276 1829 1315 me-

239 1358 444 1414 minisse
468 1358 578 1428 quis
599 1358 772 1428 possit.
805 1357 879 1412 De
901 1355 1197 1410 visibilibus
1235 1355 1394 1410 rebus
1431 1352 1500 1408 ad
1537 1353 1674 1407 banc
1710 1367 1824 1407 rem

240 1468 514 1509 sumamus
549 1452 879 1521 exemplum.
919 1451 1056 1505 Dicit
1093 1449 1187 1505 tibi
1222 1449 1484 1520 quispiam
1521 1463 1677 1518 quem
1718 1461 1826 1502 non

239 1545 599 1616 recognoscis,
625 1543 770 1598 Nosti
805 1560 889 1598 me
915 1562 927 1597 :
952 1551 1082 1598 etut
1116 1551 1452 1598 commoneat
1473 1583 1488 1606 ,
1530 1539 1658 1594 dicit
1695 1538 1824 1605 ubi,

239 1638 485 1708 quando,
523 1636 792 1708 quomodo
825 1636 918 1690 tibi
951 1634 1239 1689 innomerit
1263 1649 1276 1685 :
1300 1633 1652 1702 omnibusque
1672 1629 1828 1684 adhi-

209 1723 360 1786 'bitis
382 1732 548 1801 signis
569 1731 761 1801 quibus
783 1732 833 1784 in
858 1730 1172 1784 memoriam
1195 1726 1485 1792 revoceris,
1511 1727 1555 1780 si
1593 1741 1697 1780 non
1735 1739 1829 1778 ro-

239 1826 540 1895 cognoscis,
569 1823 766 1892 itajam
789 1823 986 1878 oblitus
1021 1837 1100 1888 es,
1124 1831 1181 1876 ut
1203 1821 1377 1875 omnis
1399 1819 1488 1874 illa
1529 1817 1712 1872 notitia
1739 1831 1831 1885 pe-

238 1918 382 1972 nitus
419 1917 593 1974 deleta
615 1917 684 1972 sit
705 1917 921 1980 animo;
965 1915 1202 1986 nihilque
1225 1913 1367 1968 aliud
1391 1921 1590 1978 restat,
1633 1911 1733 1966 nisi
1775 1917 1832 1964 ut

239 2009 431 2066 credas
452 2010 502 2064 ei
523 2013 611 2080 qui
635 2009 732 2064 tibi
769 2008 871 2064 hoc
909 2007 1058 2074 dicit,
1083 2006 1224 2077 quod
1249 2003 1535 2074 aliquando
1570 2019 1692 2059 eum
1734 2017 1832 2056 no-

237 2118 428 2168 veras;
453 2110 631 2158 autne
652 2102 754 2158 hoc
775 2101 988 2172 quidem
1007 2143 1021 2166 ,
1049 2101 1092 2156 si
1117 2099 1219 2154 fide
1237 2099 1426 2168 dignus
1449 2096 1541 2150 tibi
1581 2111 1700 2150 esse
1739 2093 1829 2164 qui

235 2196 475 2266 loquitur
529 2211 634 2250 non
673 2193 904 2249 videtur.
947 2191 1004 2247 Si
1044 2200 1220 2246 autem
1262 2187 1662 2254 reminisceris,
1707 2199 1832 2256 pro-

229 2286 378 2344 fecto
401 2287 544 2343 redis
565 2287 616 2341 in
641 2285 953 2341 memoriam
993 2291 1134 2336 tuam
1155 2324 1171 2347 ,
1212 2287 1268 2336 et
1289 2281 1342 2333 in
1365 2295 1428 2334 ea
1457 2277 1663 2332 invenis
1688 2276 1830 2346 quod

229 2397 346 2436 non
387 2381 560 2435 fuerat
607 2379 813 2448 penitus
853 2375 1122 2430 oblivione
1159 2373 1415 2428 deletum.
1440 2371 1741 2426 Redeamus
1763 2369 1831 2426 ad

226 2473 368 2528 illud
411 2479 629 2541 propter
668 2467 808 2540 quod
847 2466 1189 2522 adhibuimus
1213 2465 1456 2519 humana:
1478 2464 1832 2518 conversatio-

225 2567 322 2620 nis
343 2563 667 2632 exemplum.
709 2561 854 2617 Inter
882 2569 1072 2616 caetera
1113 2559 1348 2628 psalmus
1375 2572 1546 2612 nonus
1571 2574 1584 2610 :
1607 2555 1830 2612 Conver-

227 2667 413 2712 tuntur
437 2698 450 2721 ,
499 2655 706 2726 inquit,
756 2663 1040 2726 peccatores
1063 2653 1117 2706 in
1141 2653 1395 2723 infernum
1416 2692 1431 2716 ,
1464 2665 1635 2704 omnes
1662 2657 1831 2720 gentes

226 2767 352 2821 qua:
390 2749 749 2804 obliviscuntur
779 2746 942 2800 Deum
964 2743 1134 2818 (Psal.
1171 2760 1256 2810 ιχ,
1299 2742 1409 2811 18).
1450 2742 1618 2796 Porro
1652 2749 1832 2795 autem

229 2843 530 2916 vigesimus
552 2841 754 2910 primus
779 2856 792 2894 :
818 2837 1356 2894 Commemorabuntur
1377 2876 1392 2902 ,
1423 2834 1610 2904 inquit,
1636 2843 1681 2888 et
1712 2848 1834 2887 con-

235 2945 496 2992 vertentur
519 2935 586 2988 ad
613 2932 887 2988 Dominum
915 2930 1137 2985 universi
1162 2929 1289 2998 ﬁnes
1316 2937 1464 2982 teme
1492 2925 1660 2998 (Psal.
1697 2940 1830 2992 χχι,

235 3029 355 3100 28).
385 3028 498 3082 Νοιι
533 3027 692 3098 igitur
723 3025 801 3080 sic
838 3032 992 3080 erant
1031 3021 1210 3078 oblitae
1249 3021 1365 3076 istae
1397 3027 1582 3090 gentes
1620 3018 1787 3072 Deum
1813 3058 1829 3086 ,

239 3132 295 3178 ut
332 3122 452 3192 ejus
491 3135 592 3176 nec
627 3125 1059 3175 commemorata:
1115 3115 1544 3172 rccordarentur.
1603 3112 1834 3168 Oblivis-

237 3215 410 3270 cendo
427 3222 604 3268 autem
626 3213 812 3276 Deum,
835 3219 1084 3281 tanquam
1101 3205 1463 3270 obliviscendo
1480 3207 1638 3261 vitam
1656 3220 1829 3270 suam,

238 3323 516 3364 conversae
545 3305 751 3362 fuerant
776 3306 827 3359 in
867 3313 1128 3368 mortem,
1157 3303 1260 3357 hoc
1296 3309 1409 3364 est,
1452 3299 1504 3354 in
1545 3299 1830 3355 infernum.

239 3401 681 3455 Commemoratte
708 3410 837 3451 vero
860 3401 1245 3450 convertuntur
1270 3391 1336 3446 ad
1365 3391 1646 3445 Dominum
1665 3432 1680 3458 ,
1711 3400 1831 3444 tan-

239 3509 400 3564 quam
445 3491 822 3546 reviviscentes
845 3483 1239 3542 reminiscendo
1267 3484 1430 3538 vitam
1460 3497 1610 3536 suam
1632 3523 1648 3550 ,
1679 3483 1832 3552 cujus

240 3603 331 3642 eas
363 3585 592 3640 habebat
615 3583 812 3638 oblivio
837 3583 876 3634 ί.
901 3580 1032 3635 Item
1058 3579 1249 3649 legitur
1275 3577 1326 3632 in
1358 3577 1700 3646 nonagesimo
1725 3585 1834 3632 ter-

241 3682 313 3734 tio
346 3699 360 3734 :
387 3677 663 3748 Intrlligite
685 3691 848 3740 nunc,
881 3673 966 3744 qui
993 3673 1282 3741 insipientes
1308 3670 1424 3724 estis
1447 3670 1500 3722 in
1539 3667 1760 3740 papula;
1786 3677 1835 3723 et

239 3773 419 3836 stulti,
461 3769 736 3840 aliquando
764 3766 944 3836 sapite.
999 3763 1098 3830 Qui
1127 3761 1370 3832 plantavit
1400 3775 1572 3814 aurem
1597 3775 1699 3813 non
1735 3775 1832 3813 att-

241 3863 342 3916 dict
369 3860 542 3934 (Psal.
581 3875 704 3914 χειιι
727 3900 741 3926 ,
769 3857 836 3923 8,
879 3845 974 3926 9)?
1013 3863 1068 3910 et
1096 3862 1308 3909 caetera.
1336 3851 1428 3905 Eis
1457 3850 1598 3906 enim
1633 3849 1832 3905 dictum

241 3963 352 4022 est,
391 3954 480 4024 qui
511 3953 675 4008 Deum
721 3965 826 4006 non
857 3946 1197 4017 intelligendo
1220 3987 1236 4014 ,
1281 3943 1349 4000 de
1377 3943 1468 3998 illo
1503 3957 1638 3998 vana
1681 3941 1833 3997 dixe-

241 4055 540 4191 ΓωὲᾹΡυΤ
565 4131 706 4188 XIV.
729 4160 799 4171 -—
821 4129 907 4184 18.
944 4127 1088 4182 Mens
1125 4143 1178 4181 se
1209 4133 1338 4180 recte
1369 4123 1625 4194 diligendo
1665 4109 1834 4194 diligit

245 4227 432 4293 Deum,
456 4241 602 4294 quem
625 4223 666 4277 si
690 4239 789 4275 non
815 4219 1012 4290 diligat,
1052 4235 1104 4272 se
1123 4219 1286 4289 ipsam
1311 4215 1476 4270 odisse
1501 4213 1714 4270 dicenda
1738 4224 1832 4271 est.

247 4318 394 4372 Mens
413 4319 566 4370 etiam
607 4314 812 4383 inﬁrma
846 4321 892 4366 et
915 4327 1088 4365 errans
1128 4309 1280 4380 pollet
1305 4323 1502 4378 semper
1526 4306 1766 4360 memoria
1790 4313 1835 4361 et

244 4409 499 4463 intellectu
529 4415 574 4461 et
602 4421 772 4460 amore
799 4404 898 4458 sui.
941 4402 1020 4455 Ad
1049 4399 1214 4454 Deum
1241 4408 1575 4464 convertatur,
1597 4407 1652 4452 ut
1678 4399 1836 4468 ipsius

243 4499 580 4564 recordando,
626 4512 834 4566 eumque
873 4491 1197 4564 intelligendo
1221 4500 1271 4546 et
1307 4491 1559 4562 diligendo
1585 4490 1728 4545 beata
1747 4490 1832 4544 sit.

249 4593 322 4648 De
348 4591 635 4647 dilectione
674 4597 850 4642 autem
875 4585 970 4639 Dei
1011 4584 1160 4655 plura
1203 4583 1543 4653 reperiuntur
1569 4583 1623 4636 in
1645 4581 1836 4636 divinis

247 4685 475 4755 eloquiis
507 4680 827 4737 testimonia.
859 4677 934 4732 Ibi
961 4678 1103 4733 enim
1132 4687 1186 4733 et
1217 4677 1301 4730 illa
1325 4676 1430 4732 duo
1450 4683 1838 4746 consequenter

248 4778 637 4847 intelliguntur,
666 4775 788 4844 quia
813 4787 970 4826 nemo
991 4770 1162 4840 diligit
1183 4770 1333 4840 cujus
1361 4785 1468 4824 non
1493 4769 1753 4831 meminit,
1782 4775 1839 4824 et

247 4869 388 4940 quod
413 4867 624 4938 penitus
647 4866 836 4921 nescit.
868 4863 1020 4920 Unde
1051 4863 1176 4918 illud
1205 4871 1288 4918 εει
1327 4863 1662 4918 notissimum
1692 4878 1834 4933 prec-

249 4963 574 5030 cipunntqne
595 4967 915 5028 j'tra'ccptum
941 4975 953 5009 :
988 4955 1183 5026 Diliges
1207 4955 1479 5009 Dominum
1508 4955 1672 5010 Deum
1698 4967 1838 5010 tuum

253 5049 431 5124 (Deut.
459 5067 531 5117 vt,
559 5047 636 5122 5).
661 5047 750 5102 Sic
779 5048 954 5116 itaque
984 5047 1194 5102 condita
1221 5055 1304 5100 est
1324 5061 1476 5101 mens
1497 5045 1748 5112 humana,
1781 5055 1840 5102 ut

253 5157 522 5211 nunquam
544 5140 626 5195 sui
647 5155 752 5194 non
775 5138 1096 5203 meminerit,
1124 5152 1392 5206 nunquam
1419 5151 1476 5192 se
1509 5153 1611 5191 non
1643 5137 1840 5192 intelli-

251 5245 360 5305 gat,
393 5248 664 5304 nunquam
707 5247 766 5288 se
813 5247 918 5286 non
953 5229 1153 5299 diligat.
1196 5227 1303 5284 Sed
1335 5229 1582 5300 quoniam
1610 5231 1700 5300 qui
1727 5229 1840 5284 odit

253 5325 506 5395 aliquem,
551 5338 748 5380 nocere
797 5323 870 5377 illi
911 5321 1114 5386 studet;
1157 5335 1266 5376 non
1295 5321 1560 5374 immerito
1589 5330 1640 5376 et
1686 5337 1838 5378 mens

257 5414 525 5482 hominis,
583 5415 798 5486 quando
873 5414 972 5470 sibi
1027 5423 1222 5480 nocet,
1291 5412 1467 5466 odisse
1516 5426 1576 5468 se
1622 5412 1839 5470 dicitur.

257 5509 514 5566 Nesciens
553 5509 695 5563 enim
749 5506 851 5562 sibi
893 5506 1005 5561 vult
1041 5505 1199 5572 male,
1244 5503 1370 5560 dum
1409 5518 1514 5558 non
1557 5513 1706 5574 putat
1739 5505 1840 5562 sibi

259 5603 450 5658 obesse
484 5601 626 5673 quod
658 5599 809 5654 vult:
839 5598 932 5654 sed
964 5607 1136 5654 tamen
1173 5597 1312 5652 male
1341 5597 1440 5652 sibi
1466 5597 1596 5664 vult,
1629 5597 1841 5667 quando

263 5693 318 5749 id
341 5695 456 5752 vult
477 5693 620 5764 quod
645 5692 786 5748 obsit
808 5690 910 5746 sibi
938 5733 952 5757 ,
998 5689 1138 5746 unde
1167 5689 1294 5746 illud
1324 5689 1580 5762 scriptum
1601 5697 1701 5757 est,
1741 5689 1842 5759 Qui

328 5852 522 5922 ipost,
548 5849 694 5922 cujus
731 5847 1051 5922 easnhabgbat
1085 5848 1282 5922 oblivio,
1309 5851 1360 5902 in
1403 5852 1598 5904 excusis
1630 5849 1843 5906 additum

269 5921 392 5978 erat,
415 5911 468 5966 id
490 5917 579 5978 est,
603 5910 739 5978 cuius
760 5910 916 5965 obliti!
939 5911 1148 5974 fuerant.

1377 402 1582 460 LIBER
1617 397 1944 469 QUARTUS
1987 401 2306 466 DECIMUS.

3375 424 3515 481 1050

1933 521 2100 593 diligit
2123 525 2452 598 iniquitatem,
2488 527 2595 582 odit
2619 531 2839 584 animam
2862 547 3005 587 suam
3031 531 3202 605 (Psal.
3226 552 3278 604 χ,
3308 537 3386 606 6).
3415 540 3516 608 Qui

1933 629 2062 686 ergo
2107 632 2168 674 se
2200 618 2418 689 diligere
2457 621 2622 689 novit,
2665 622 2828 678 Deum
2881 625 3088 696 diligit:
3137 629 3225 698 qui
3255 644 3382 685 vero
3411 647 3518 688 non

1935 706 2107 780 diligit
2133 711 2322 780 Deum,
2355 713 2514 768 etiam
2552 714 2598 769 si
2623 729 2684 770 se
2707 715 2896 787 diligit,
2939 719 3082 788 quod
3124 720 3174 776 ei
3204 723 3517 781 naturaliter

1935 801 2158 857 inditum
2189 813 2288 872 est,
2335 815 2512 862 tamen
2541 823 2646 862 non
2674 809 3110 867 inconvenienter
3135 814 3313 870 odisse
3341 831 3401 871 se
3440 817 3522 871 di-

1933 893 2090 960 citur,
2143 911 2260 950 cum
2288 896 2340 952 id
2367 899 2474 968 agit
2499 899 2642 969 quod
2681 901 2780 956 sibi
2805 902 3136 972 adversatur,
3180 915 3236 961 et
3259 921 3316 962 se
3343 908 3517 978 ipsum

1934 991 2184 1055 tanquam
2228 1001 2354 1042 suus
2388 988 2634 1044 inimicus
2661 989 2973 1062 insequitur.
3012 993 3113 1063 Qui
3153 997 3389 1066 profecto
3434 1007 3517 1054 est

1933 1092 2086 1134 error
2117 1079 2433 1148 horrendus,
2468 1092 2523 1136 ut
2555 1098 2676 1138 cum
2707 1085 2805 1140 sibi
2833 1101 3018 1142 omnes
3041 1089 3295 1158 prodesse
3327 1093 3512 1160 velint,

1935 1171 2090 1225 multi
2115 1187 2220 1226 non
2255 1171 2447 1228 faciant
2475 1175 2579 1229 nisi
2600 1176 2740 1246 quod
2771 1178 2848 1233 eis
2885 1181 3395 1250 perniciosissimum
3425 1185 3516 1239 sit.

1932 1264 2170 1321 Similem
2200 1267 2442 1324 morbum
2471 1277 2737 1326 mutorum
2765 1272 3072 1330 animalium
3097 1289 3218 1330 cum
3239 1285 3395 1348 poeta
3419 1276 3515 1334 de-

1934 1358 2191 1414 scriberet
2221 1373 2238 1414 :

1995 1495 2048 1570 [3i
2071 1495 2265 1570 (inquit)
2285 1497 2492 1570 meliora
2508 1499 2616 1570 piis,
2641 1513 2958 1570 erroremque
2980 1504 3202 1558 hostibus
3218 1505 3352 1558 illum
3371 1509 3384 1559 ι

1995 1559 2226 1610 Discissos
2238 1561 2378 1610 nudis
2401 1559 2640 1612 laniabant
2655 1559 2892 1614 dentibus
2905 1573 3054 1617 artus.

2337 1621 2531 1685 (Virgil.
2551 1632 2717 1688 Georg.
2740 1624 2824 1676 lib.
2848 1628 2895 1690 5,
2923 1641 3046 1680 vers.
3068 1631 3180 1692 515,
3201 1631 3335 1696 514.)

1937 1744 2069 1800 Cum
2115 1746 2334 1802 morbus
2382 1748 2468 1803 ille
2494 1751 2736 1820 corporis
2764 1749 2944 1820 fuerit,
2968 1767 3064 1808 cur
3086 1753 3220 1808 dixit
3259 1769 3514 1822 errorem,

1937 1837 2038 1892 nisi
2068 1839 2188 1908 quia
2224 1853 2382 1893 omne
2423 1841 2614 1894 animal
2659 1856 2780 1896 cum
2825 1841 2925 1896 sibi
2971 1851 3154 1899 natura
3185 1845 3519 1899 conciliatum

1937 1929 2006 1985 sit
2025 1938 2082 1984 ιιι
2107 1945 2163 1984 εε
2183 1929 2448 1984 custodiat
2473 1941 2724 2000 quantum
2755 1942 2948 2000 potest,
2983 1934 3100 1988 talis
3127 1935 3216 1988 ille
3236 1943 3350 1988 erat
3377 1950 3521 1988 mor-

1938 2021 2056 2087 bus,
2107 2029 2244 2076 utea
2277 2037 2501 2090 quorum
2533 2023 2756 2077 salutem
2793 2025 3132 2094 appetebant,
3160 2041 3252 2080 sua
3283 2027 3520 2080 membra

1939 2114 2233 2168 laniarent?
2279 2113 2410 2168 Cum
2461 2125 2636 2169 autem
2681 2116 2848 2170 Deum
2898 2115 3070 2186 diligit
3095 2131 3267 2184 mens,
3309 2127 3361 2171 et
3387 2117 3523 2172 sicut

1935 2205 2136 2262 dictum
2157 2215 2255 2272 est,
2281 2215 2668 2277 consequenter
2696 2207 2810 2277 ejus
2834 2207 3096 2273 meminit,
3119 2223 3346 2278 eumque.
3367 2209 3524 2262 intel-

1937 2297 2070 2368 ligit,
2120 2305 2264 2352 recte
2317 2297 2392 2352 illi
2435 2297 2502 2352 de
2533 2298 2774 2367 proximo
2808 2313 2906 2353 suo
2945 2298 3268 2368 praecipitur,
3313 2307 3369 2353 ut
3398 2315 3520 2353 eum

1938 2389 2074 2444 sicut
2095 2405 2152 2444 se
2177 2387 2378 2459 diligat.
2412 2389 2528 2444 Jam
2549 2391 2690 2444 enim
2721 2405 2780 2446 se
2807 2405 2912 2446 non
2939 2391 3110 2461 diligit
3135 2406 3406 2460 perverse,
3427 2389 3522 2446 sed

1937 2489 2100 2546 recte,
2146 2496 2266 2536 cum
2297 2482 2461 2536 Deum
2498 2481 2688 2552 diligit,
2729 2483 2877 2552 cujus
2915 2483 3319 2552 participatione
3347 2483 3522 2552 imago

1937 2573 2027 2628 illa
2051 2589 2154 2628 non
2182 2575 2356 2629 solum
2397 2582 2499 2641 est,
2543 2590 2725 2630 verum
2763 2575 2922 2630 etiam
2965 2591 3032 2630 ex
3071 2583 3336 2630 vetustate
3361 2589 3522 2628 reno-

1939 2672 2122 2732 vatur,
2178 2681 2244 2720 εχ
2291 2664 2632 2722 deformitate
2681 2665 3030 2734 reformatur,
3096 2683 3160 2722 ex
3217 2667 3526 2722 infelicitate

1939 2757 2286 2814 beatiﬁcatur.
2311 2759 2563 2825 Quamvis
2590 2761 2730 2814 enim
2759 2775 2816 2814 se
2835 2761 2912 2818 ita
2939 2760 3140 2830 diligat,
3170 2769 3225 2814 ut
3263 2759 3308 2812 si
3359 2760 3524 2812 alter-

1939 2861 2117 2908 utrum
2141 2860 2484 2922 proponatur,
2509 2852 2659 2906 malit
2702 2853 2878 2906 omnia
2920 2867 3040 2922 quae
3082 2851 3218 2906 infra
3257 2867 3315 2906 se
3356 2850 3526 2918 diligit

1939 2943 2183 3014 perdere,
2214 2959 2370 3014 quam
2399 2944 2574 3016 perire
2598 2961 2610 2996 :
2647 2955 2824 2999 tamen
2853 2946 3182 3014 superiorem
3203 2943 3520 3010 deserendo,

1937 3038 2006 3094 ad
2035 3053 2191 3110 quem
2229 3039 2402 3094 solum
2434 3047 2612 3108 posset
2641 3037 2908 3092 custodire
2936 3035 3299 3091 fortitudinem
3345 3050 3516 3102 suam,

1940 3145 2112 3200 eoque
2139 3128 2243 3184 frui
2271 3129 2468 3186 lumine
2498 3144 2626 3196 suo,
2657 3129 2740 3183 cui
2771 3129 2977 3184 canitur
3002 3129 3056 3183 in
3085 3127 3318 3194 Psalmo,
3351 3125 3525 3180 Forti-

1941 3222 2159 3276 tudinem
2193 3237 2354 3275 meam
2380 3221 2448 3274 ad
2469 3231 2516 3275 te
2541 3221 2822 3274 custodiam
2853 3219 3022 3292 (Psal.
3051 3235 3196 3286 LVIII,
3233 3218 3358 3291 10);
3389 3227 3444 3274 et
3471 3219 3524 3276 in

1939 3315 2059 3380 alio,
2087 3315 2317 3368 Accedite
2343 3314 2410 3368 ad
2431 3330 2564 3382 eum,
2591 3322 2636 3367 et
2661 3303 3020 3368 illuminamiui
3037 3312 3205 3386 (Psal.
3231 3329 3414 3379 χχχιιι,
3433 3313 3485 3384 6)
3508 3329 3522 3378 ;

1939 3409 2018 3464 sic
2043 3408 2254 3462 infirma
2300 3417 2356 3464 et
2399 3399 2674 3464 tenebrosa
2716 3407 2850 3462 facta
2899 3415 3000 3476 est,
3053 3416 3110 3462 ut
3153 3421 3183 3462 a
3229 3421 3288 3460 se
3317 3421 3526 3476 quoque

1939 3502 2074 3571 ipsa,
2105 3500 2156 3554 in
2179 3515 2240 3554 ea
2257 3514 2376 3569 qua:
2400 3513 2506 3554 non
2533 3507 2656 3553 sunt
2681 3497 2823 3569 quod
2839 3498 2974 3567 ipsa,
2998 3505 3050 3552 et
3075 3496 3266 3568 quibus
3285 3497 3526 3566 superior

1940 3602 2022 3650 est
2045 3595 2180 3662 ipsa,
2211 3592 2472 3648 infelicius
2501 3591 2770 3648 laberetur
2795 3607 2890 3663 per
2908 3604 3122 3646 amores
3147 3604 3280 3660 quos
3301 3605 3406 3644 non
3429 3604 3526 3643 va-

1939 3688 2014 3744 let
2033 3688 2264 3752 vincere,
2309 3694 2364 3740 et
2384 3699 2595 3740 errores
2616 3699 2646 3739 a
2675 3685 2865 3756 quibus
2893 3698 2998 3738 non
3029 3682 3173 3737 videt
3197 3697 3298 3752 qua
3324 3681 3522 3738 redire.

1941 3780 2092 3838 Unde
2110 3781 2220 3851 jam
2245 3781 2354 3836 Deo
2381 3779 2666 3836 miserante
2689 3778 2950 3850 ptenitens
2973 3777 3168 3832 clamat
3187 3776 3238 3830 in
3262 3775 3485 3832 Psalmis
3509 3791 3525 3832 τ

1941 3875 2174 3930 Deseruit
2197 3891 2276 3929 me
2303 3873 2546 3946 fortitudo
2573 3889 2702 3940 mea,
2745 3881 2790 3926 et
2816 3872 2982 3925 lumen
3009 3869 3269 3926 oculorum
3300 3884 3526 3922 meorum

1940 3982 2042 4020 non
2070 3974 2142 4020 est
2171 3981 2364 4018 mecum
2397 3963 2564 4036 (Psal.
2606 3977 2812 4028 xxxvu,
2836 3960 2948 4034 11).

2013 4058 2102 4114 19.
2133 4057 2248 4112 Νοιι
2291 4065 2465 4110 tamen
2512 4055 2564 4110 in
2593 4054 2675 4109 his
2703 4055 2860 4109 tantis
2894 4051 3214 4108 infirmitatis
3247 4061 3302 4108 et
3326 4052 3523 4107 erroris

1941 4150 2096 4205 malis
2144 4149 2388 4204 amittere
2429 4148 2601 4218 potuit
2643 4145 2940 4202 naturalem
2981 4143 3316 4210 memoriam,
3371 4143 3527 4197 intel-

1941 4243 2160 4308 lectum,
2214 4251 2268 4297 et
2313 4256 2548 4296 amorem
2589 4240 2670 4294 sui
2705 4257 2716 4294 :
2763 4247 2981 4310 propter
3018 4237 3157 4307 quod
3202 4237 3390 4292 merito
3420 4234 3524 4290 dici

1942 4340 2112 4410 potuit
2137 4337 2278 4408 quod
2302 4351 2461 4406 supra
2493 4334 2903 4391 commemoravi
2935 4329 3084 4404 (Cap.
3115 4333 3195 4402 4),
3224 4332 3524 4400 Quanquam

1941 4433 1998 4488 in
2046 4431 2264 4502 imagine
2308 4429 2534 4484 ambulat
2581 4427 2750 4494 homo,
2800 4435 2966 4481 tamen
3014 4441 3138 4480 vane
3179 4423 3522 4478 conturbatur.

1943 4523 2294 4586 Thesaurizat,
2325 4531 2370 4574 et
2413 4519 2568 4574 nescit
2588 4519 2671 4574 cui
2691 4517 3007 4588 congregabit
3033 4533 3092 4570 ea
3107 4515 3126 4588 (
3137 4514 3277 4570 Psal.
3297 4531 3522 4580 xxxvnt,

1873 4673 1876 4676 ,
1944 4617 2019 4686 7).
2072 4613 2180 4668 Cur
2216 4612 2356 4667 enim
2409 4610 2765 4676 thesaurizat,
2807 4609 2906 4664 nisi
2948 4609 3068 4678 quia
3119 4607 3372 4663 fortitudo
3410 4607 3525 4676 ejus

1943 4705 2180 4762 deseruit
2225 4719 2366 4766 eum,
2425 4716 2698 4772 perquam
2735 4700 2897 4755 Deum
2947 4699 3171 4766 habens,
3217 4699 3296 4754 rei
3330 4698 3526 4752 nullius

1946 4796 2244 4867 indigeret?
2290 4795 2356 4849 Et
2384 4809 2479 4850 cur
2498 4787 2767 4848 nescitcui
2797 4791 3136 4862 congregabit
3159 4805 3242 4854 ea,
3275 4789 3374 4842 nisi
3400 4790 3524 4859 quia

1937 4889 2128 4954 lumen
2169 4887 2441 4944 oculorum
2472 4885 2586 4954 ejus
2613 4901 2716 4939 non
2748 4893 2830 4938 est
2863 4899 2984 4936 cum
3025 4880 3129 4937 eo?
3165 4880 3232 4934 Et
3261 4879 3380 4934 ideo
3419 4894 3523 4934 nou

1945 4986 2088 5040 videt
2115 4982 2256 5052 quod
2286 4981 2494 5036 Veritas
2512 4979 2586 5034 ait
2612 4997 2625 5033 :
2655 4977 2842 5042 Stulte,
2868 4977 2961 5028 hac
2982 4983 3124 5028 nocte
3141 4975 3363 5026 animam
3386 4982 3524 5026 tuam

1945 5083 2175 5145 repetunt
2196 5074 2282 5127 abs
2303 5081 2384 5136 te;
2420 5071 2526 5126 Iuec
2557 5086 2670 5141 quia
2699 5068 2996 5140 prteparasti
3027 5067 3174 5136 cujus
3197 5074 3344 5118 erunt
3373 5063 3522 5136 (Luc.

1946 5167 2042 5236 χιι,
2071 5167 2199 5238 ειηι
2235 5165 2630 5228 Verumtamen,
2678 5163 2800 5232 quia
2844 5161 3001 5214 etiam
3045 5159 3164 5214 talis
3205 5158 3258 5212 in
3297 5158 3527 5228 imagine

1947 5259 2181 5315 ambulat
2209 5258 2391 5322 homo,
2435 5265 2489 5311 et
2517 5254 2676 5309 habet
2715 5251 3045 5318 memoriam,
3097 5261 3150 5306 et
3179 5250 3524 5316 intellectum,

1947 5359 2001 5406 et
2027 5365 2264 5405 amorem
2303 5348 2406 5418 sui,
2453 5345 2681 5400 hominis
2703 5357 2894 5398 mens:
2943 5342 2988 5397 si
3027 5343 3076 5398 ei
3102 5341 3529 5398 manifestaretur

1949 5441 2090 5513 quod
2117 5449 2396 5509 utrumque
2417 5437 2612 5491 habere
2634 5451 2740 5490 non
2763 5443 2964 5505 posset,
2995 5441 3051 5489 et
3076 5449 3235 5488 unum
3265 5449 3293 5488 c
3322 5433 3526 5489 duobus

1951 5534 2346 5605 permitteretur
2383 5529 2602 5598 eligere,
2653 5528 2876 5584 alterum
2915 5527 3238 5598 perditurus,
3288 5536 3378 5582 aut
3407 5527 3528 5582 the-

1949 5641 2136 5682 sauros
2177 5637 2311 5694 quos
2349 5621 2708 5692 congregavit,
2758 5630 2850 5675 aut
2886 5629 3152 5686 mentem;
3202 5621 3322 5691 quis
3361 5633 3530 5690 usque

1953 5716 2084 5776 adeo
2113 5730 2217 5770 non
2247 5711 2407 5767 habet
2433 5719 2696 5780 mentem,
2728 5719 2786 5767 ut
2813 5711 3089 5769 thesauros
3127 5711 3306 5766 mallet
3331 5709 3529 5766 habere

1941 5817 2110 5880 "quam
2141 5805 2412 5862 mentem?
2443 5803 2702 5860 Thesauri
2729 5803 2872 5860 enim
2901 5814 3136 5860 mentem
3165 5810 3386 5873 possunt
3414 5800 3530 5872 ple-

1955 5915 2181 5975 rumque
2225 5899 2536 5961 subvertere
2579 5915 2594 5958 ι
2639 5905 2695 5960 at
2744 5909 2896 5958 mens
2940 5905 3061 5969 quae
3111 5911 3220 5957 nou
3265 5894 3532 5958 thesauris
