4076 6430
572 360 599 416 1
608 358 703 416 051

570 472 897 533 subvertitur
936 468 1053 527 sine
1081 465 1201 521 ullis
1237 459 1502 518 thesauris
1532 455 1737 512 facilius
1766 464 1820 509 et
1858 449 2155 522 expeditius

568 575 746 643 potest
788 564 986 619 vivere.
1042 559 1169 629 Quis
1209 569 1337 610 vero
1380 551 1518 608 ullos
1554 548 1852 612 thesauros,
1906 545 2155 643 nisi-per

556 635 803 717 'inentem
863 651 1055 724 poterit
1094 644 1406 719 possidere?
1469 641 1526 700 Si
1578 640 1721 695 enim
1773 652 1906 710 puer
1953 635 2149 701 infans,

567 755 815 829 quamvis
848 752 1142 808 ditissimus
1171 758 1348 814 natus,
1398 759 1518 800 cum
1546 742 1614 795 sit
1640 738 1889 794 dominus
1916 733 2150 787 omnium

570 828 689 922 quae
714 848 835 917 jure
860 852 983 901 sunt
1002 843 1137 914 ejus,
1167 839 1295 895 nihil
1322 834 1556 908 possidet
1580 840 1758 888 mente
1787 828 1991 898 sopita;
2016 838 2151 922 quo-

567 915 690 998 nam
716 915 932 995 tandem
975 934 1136 991 modo
1156 933 1433 1004 quisquam
1456 926 1746 998 quidquam
1778 929 1953 976 mente
1978 915 2150 988 possi-

568 1035 713 1090 debit
737 1029 967 1087 amissa?
1010 1027 1114 1085 Sed
1141 1027 1207 1082 de
1234 1022 1497 1080 thesauris
1518 1019 1643 1091 quid
1666 1019 1870 1087 loquor,
1900 1010 2040 1084 quod
2073 1009 2150 1063 eis

566 1127 789 1200 quilibet
817 1124 1116 1186 hominum,
1156 1120 1200 1177 si
1229 1118 1345 1174 talis
1384 1115 1528 1185 optio
1556 1117 1904 1184 proponatur,
1952 1102 2153 1159 mavult

565 1235 751 1277 carere
779 1233 937 1291 quam
962 1225 1176 1280 mente;
1210 1227 1330 1267 cum
1358 1224 1450 1265 eos
1474 1221 1632 1262 nemo
1660 1207 1952 1274 przeponat,
1992 1211 2151 1255 nemo

564 1322 841 1383 comparet
884 1309 1170 1364 luminibus
1204 1304 1462 1374 corporis,
1515 1300 1708 1371 quibus
1742 1312 1848 1350 non
1879 1302 1932 1349 ut
1963 1305 2149 1346 aurum

564 1420 719 1460 rarus
748 1402 972 1473 quisque
998 1400 1192 1463 homo,
1247 1395 1340 1450 sed
1382 1391 1554 1447 omnis
1595 1389 1758 1443 homo
1783 1384 2017 1456 possidet
2044 1396 2154 1437 caa-

563 1496 673 1550 lum
705 1514 718 1549 :
751 1470 846 1563 per
872 1470 1067 1547 lumina
1087 1489 1228 1543 enim
1255 1483 1494 1554 corporis
1516 1480 1740 1551 quisque
1757 1476 1991 1548 possidet
2008 1470 2154 1543 quid-

564 1585 690 1657 quid
740 1585 967 1642 libenter
1015 1578 1190 1635 videt?
1239 1576 1368 1645 Quis
1413 1586 1540 1643 ergo
1569 1571 1613 1625 si
1660 1578 1843 1625 tenere
1872 1575 2153 1633 utrumque

564 1656 670 1732 non
699 1676 884 1746 possit,
937 1682 989 1727 et
1016 1673 1326 1726 alterutrum
1353 1673 1571 1734 cogatur
1595 1661 1857 1721 amittere,
1900 1672 2004 1713 nou
2028 1656 2152 1709 the-

563 1783 752 1824 sauros
776 1782 933 1838 quam
969 1766 1151 1819 oculos
1181 1758 1376 1817 malit?
1419 1757 1488 1813 Et
1517 1766 1690 1810 tamen
1723 1753 1766 1808 si
1796 1752 1864 1806 ab
1892 1765 1957 1806 eo
1991 1748 2151 1804 simili

564 1861 868 1918 conditione
897 1869 1186 1930 quaeratur,
1218 1864 1390 1908 utrum
1412 1850 1596 1905 oculos
1622 1848 1770 1902 malit
1791 1845 2054 1907 amittere,
2083 1858 2149 1897 an

562 1962 826 2015 mentem;
877 1951 997 2021 quis
1026 1956 1205 2002 mente
1244 1960 1348 1999 non
1376 1942 1568 2007 videat,
1619 1956 1740 1994 eum
1784 1938 1970 1992 oculos
1996 1934 2152 1988 malle

562 2060 722 2115 quam
766 2039 1045 2097 mentem?
1089 2039 1236 2093 Mens
1261 2036 1455 2107 quippe
1496 2033 1611 2087 sine
1651 2029 1817 2084 oculis
1845 2028 2020 2082 carnis
2053 2025 2151 2078 hu-

562 2150 720 2191 mana
747 2142 850 2200 est,
877 2133 1015 2188 oculi
1046 2141 1221 2184 autem
1245 2129 1420 2184 carnis
1440 2127 1552 2180 sine
1578 2132 1754 2178 mente
1772 2121 1987 2177 belluini
2006 2127 2149 2174 sunt.

563 2226 694 2297 Quis
719 2240 881 2298 porro
912 2239 1015 2278 non
1062 2221 1335 2277 hominem
1385 2233 1444 2273 se
1477 2217 1627 2272 malit
1664 2230 1784 2271 esse
1809 2214 1967 2269 etiam
1991 2226 2152 2267 carne

564 2336 789 2387 caecum,
821 2334 978 2391 quam
1002 2317 1231 2372 belluam
1260 2310 1573 2368 videntem?

632 2411 724 2466 20.
757 2411 882 2465 llaec
907 2409 1037 2472 dixi,
1066 2407 1299 2461 utetiam
1322 2403 1604 2466 tardiores,
1632 2399 1872 2472 quamvis
1897 2396 2149 2464 breviter,

561 2512 1032 2564 commonerentur
1057 2516 1087 2554 a
1118 2515 1223 2566 me,
1243 2498 1295 2553 in
1322 2512 1546 2569 quorum
1574 2494 1758 2551 oculos
1781 2493 1863 2547 vel
1885 2507 2040 2545 aures
2066 2489 2151 2544 ha:

561 2598 754 2656 littera:
776 2596 1038 2659 venerint,
1060 2599 1316 2665 quantum
1332 2604 1483 2645 mens
1506 2587 1688 2658 diligat
1708 2600 1767 2641 se
1794 2599 1959 2655 Ipsam
1991 2582 2150 2637 etiam

562 2689 771 2761 infirma
797 2696 853 2744 et
878 2701 1087 2753 errans,
1111 2683 1250 2739 male
1269 2679 1538 2753 diligendo
1571 2687 1729 2748 atque
1758 2674 2010 2731 sectanda
2034 2690 2152 2743 qua:

562 2791 687 2841 sunt
709 2780 844 2837 infra
871 2781 1060 2850 ipsam.
1088 2777 1314 2846 Diligerc
1338 2788 1502 2844 porro
1531 2786 1589 2825 se
1620 2771 1788 2840 ipsam
1821 2783 1924 2822 non
1945 2773 2149 2837 posset,

560 2875 611 2933 si
640 2890 698 2929 se
722 2874 940 2928 omnino
965 2872 1216 2934 nesciret,
1260 2866 1312 2922 id
1344 2873 1446 2933 est,
1474 2864 1518 2918 si
1544 2864 1624 2918 sui
1651 2877 1756 2916 non
1781 2860 2149 2923 meminisset;

564 2982 665 3024 nec
689 2982 748 3023 se
771 2966 1089 3034 intelligeret
1117 2983 1131 3017 :
1163 2977 1266 3033 qua
1293 2961 1344 3014 in
1373 2975 1430 3013 se
1448 2957 1677 3027 imagine
1708 2955 1797 3009 Dei
1827 2962 1931 3007 tam
1962 2962 2153 3023 potens

563 3071 668 3125 est,
726 3070 784 3115 ut
811 3060 858 3113 ei
881 3058 1031 3128 cujus
1057 3058 1228 3123 imago
1255 3061 1338 3107 est
1369 3051 1542 3105 valeat
1570 3048 1848 3102 inhaerere.
1894 3044 1983 3101 Sic
2011 3044 2154 3099 enim

565 3154 808 3210 ordinata
849 3162 933 3207 est
963 3159 1269 3204 naturarum
1299 3146 1507 3208 ordine,
1546 3159 1650 3197 non
1679 3144 1940 3206 locorum,
1978 3149 2030 3192 ut
2060 3153 2146 3192 su-

566 3262 658 3318 pra
706 3244 847 3315 illam
888 3257 995 3299 non
1026 3241 1093 3296 sit
1132 3240 1232 3294 nisi
1264 3238 1372 3292 ille.
1423 3234 1657 3304 Denique
1690 3247 1811 3287 cum
1840 3231 1914 3286 illi
1945 3230 2154 3300 penitus

566 3339 871 3405 adhaeserit,
925 3351 1059 3390 unus
1106 3333 1207 3388 erit
1259 3330 1477 3402 spiritus
1521 3345 1535 3382 :
1590 3328 1674 3382 cui
1732 3325 1807 3381 rei
1876 3330 2155 3379 attestatur

566 3432 873 3505 Apostolus,
921 3430 1123 3492 dicens,
1180 3425 1280 3493 Qui
1300 3434 1468 3477 autem
1492 3421 1713 3475 attineret
1734 3417 1979 3484 Domino,
2023 3432 2153 3469 unus

566 3528 771 3598 spiritus
813 3533 881 3580 est
911 3524 952 3593 (1
975 3520 1091 3578 Cor.
1124 3536 1196 3585 vt,
1225 3519 1349 3588 i7):
1385 3514 1675 3570 accedente
1714 3511 1928 3582 quidem
1961 3508 2056 3598 ista
2085 3507 2151 3561 ad

565 3619 1023 3692 participationem
1084 3622 1308 3677 natum,
1370 3608 1643 3672 veritatis,
1696 3614 1751 3661 et
1809 3601 2152 3677 beatitudinis

562 3713 729 3779 illius,
761 3726 865 3764 non
899 3719 1077 3763 tamen
1110 3711 1385 3761 crescente
1410 3702 1501 3755 illo
1529 3701 1580 3753 in
1612 3707 1818 3764 natura,
1846 3697 2068 3750 veritate
2098 3702 2153 3748 et

566 3805 892 3862 beatitudine
931 3817 1045 3856 sua.
1102 3800 1157 3853 lu
1199 3798 1281 3851 illa
1317 3797 1494 3866 itaque
1529 3800 1736 3855 natura,
1765 3805 1884 3844 cum
1928 3788 2153 3841 feliciter

567 3897 885 3964 adhwscrit,
946 3890 1344 3947 immutabiliter
1413 3886 1554 3940 vivet
1577 3885 1616 3948 ,
1692 3889 1746 3937 et
1823 3878 2152 3935 immutabile

565 3991 762 4046 videbit
807 4003 965 4043 omne
1006 3983 1145 4056 quod
1187 3980 1395 4036 viderit.
1437 3978 1618 4043 Tunc,
1690 3977 1827 4029 sicut
1868 3975 1916 4027 ei
1973 3972 2151 4026 divina

566 4083 835 4151 Scriptura
878 4080 1153 4152 promittit,
1213 4076 1491 4130 satiabitur
1537 4072 1589 4125 in
1631 4070 1783 4125 bonis
1821 4066 2149 4122 desiderium

566 4178 684 4248 ejus
741 4174 921 4248 (Psal.
973 4189 1061 4237 cu,
1122 4170 1214 4239 5),
1286 4167 1437 4223 bonis
1504 4162 1961 4227 immutabilibus,
2038 4159 2149 4228 ipsa

569 4269 828 4326 Trinitate
881 4266 991 4320 Deo
1045 4278 1143 4316 suo
1194 4261 1343 4331 cujus
1378 4259 1550 4327 imago
1593 4266 1718 4309 est:
1765 4262 1912 4307 etne
1944 4250 2150 4319 uspiam

569 4362 822 4429 deinceps
845 4356 1091 4420 violetur,
1117 4353 1217 4407 erit
1241 4351 1292 4405 in
1316 4348 1626 4404 abscondito
1648 4345 1820 4399 vultus
1845 4344 1960 4413 ejus
1977 4340 2148 4411 (Psal.

569 4469 701 4517 xxx,
731 4450 849 4517 2|),
887 4458 1029 4502 tanta
1061 4446 1301 4499 ubertate
1348 4442 1462 4511 ejus
1506 4439 1741 4508 impleta,
1784 4444 1841 4490 ut
1868 4449 1983 4489 eam
2015 4448 2153 4487 nun-

544 4530 726 4616 quam
756 4556 974 4611 peccare
1011 4537 1255 4591 delvetet.
1312 4533 1381 4589 Se
1415 4533 1579 4602 ipsam
1623 4544 1749 4585 vero
1774 4542 1914 4583 nunc
1939 4525 2151 4597 quando

568 4635 732 4699 videt,
765 4648 868 4687 non
896 4628 1090 4700 aliquid
1120 4625 1445 4682 immutabile
1477 4622 1639 4677 videt.

638 4724 864 4782 CAPUT
913 4722 1028 4779 XV.
1076 4752 1145 4763 --
1190 4719 1280 4774 2|.
1331 4718 1514 4771 Anima
1561 4714 1756 4769 tametsi
1798 4710 2151 4767 beatitudinem

567 4828 749 4891 speret,
781 4834 881 4871 non
917 4826 1081 4868 tamen
1117 4810 1450 4866 reminiscitur
1475 4805 1794 4861 beatitudinis
1819 4805 2037 4868 amissw,
2063 4801 2151 4857 sed

568 4912 667 4967 Dei
693 4906 1026 4965 reminiscitur
1052 4915 1097 4960 et
1123 4904 1410 4975 regularum
1426 4899 1657 4969 iustitiae.
1685 4895 1895 4967 Regula:
1914 4895 2152 4947 immuta-

569 5006 835 5061 bilesbene
859 5001 1073 5065 vivendi,
1103 5000 1251 5053 etiam
1288 4995 1456 5067 impiis
1485 5003 1633 5047 notae.
1666 4991 1816 5067 Quod
1861 4989 1978 5044 ideo
2005 4995 2152 5045 certe

570 5115 673 5151 non
701 5096 927 5159 dubitat,
951 5092 1201 5164 quoniam
1234 5089 1426 5143 misera
1469 5095 1570 5152 est,
1600 5094 1654 5141 et
1678 5086 1830 5140 beata
1861 5097 1981 5138 esse
2010 5078 2152 5137 desi-

568 5188 718 5243 derat
744 5206 757 5240 :
801 5202 899 5241 nec
924 5185 993 5240 ob
1014 5184 1155 5238 aliud
1188 5182 1298 5235 fieri
1328 5186 1508 5250 sperat
1531 5179 1632 5233 hoc
1662 5192 1817 5248 posse
1837 5219 1850 5241 ,
1904 5175 2001 5230 nisi
2030 5174 2151 5245 quia

569 5288 649 5331 cst
690 5278 974 5332 mutabilis.
1030 5275 1159 5330 Nam
1211 5275 1254 5328 si
1295 5271 1561 5327 mutabilis
1600 5283 1702 5324 non
1732 5273 1893 5334 esset,
1922 5267 2057 5319 sicut
2086 5279 2151 5319 ex

570 5367 723 5426 beata
809 5371 1022 5435 misera,
1072 5368 1149 5421 sic
1175 5381 1239 5421 ex
1272 5364 1464 5419 misera
1484 5362 1638 5418 beata
1673 5376 1793 5416 esse
1814 5375 1917 5412 non
1952 5365 2148 5427 posset.

569 5460 643 5521 Et
679 5463 801 5535 quid
843 5479 961 5518 eam
1007 5462 1219 5517 fecisset
1255 5458 1500 5513 miseram
1546 5455 1645 5510 sub
1683 5453 2047 5523 omnipotente
2098 5458 2151 5503 et

571 5556 713 5622 bono
742 5556 987 5622 Domino,
1013 5555 1108 5609 nisi
1145 5561 1416 5623 peccatum
1444 5565 1597 5605 suum
1634 5555 1688 5603 et
1708 5545 1910 5617 justitia
1946 5543 2151 5598 Domini

566 5650 696 5711 Sui?
736 5648 804 5704 Et
830 5648 952 5719 quid
978 5663 1095 5703 eam
1130 5645 1288 5701 faciet
1327 5645 1557 5706 beatam,
1590 5637 1692 5695 nisi
1719 5637 1964 5692 meritum
1992 5649 2147 5688 suum

685 5796 791 5839 uss.
804 5786 1055 5851 omittunt,
1076 5778 1586 5851 tritici.
1901 5836 1912 5848 .

685 5843 2028 5921 medimezbmmmmamnnscriws-
2114 5900 2119 5903 _

1708 339 1798 394 DE
1835 333 2228 404 TRINITATE,
2266 334 2326 393 S.
2366 335 2730 397 AUGUSTINI

3708 347 3846 407 1052

2264 456 2320 504 et
2339 449 2614 519 prazmium
2642 449 2851 508 Domini
2891 451 3013 508 sui?
3054 450 3161 511 Sed
3179 462 3234 510 et
3257 456 3505 513 meritum
3533 457 3653 529 ejus
3680 462 3847 529 gratia

2262 553 2344 598 est
2363 544 2519 611 illius,
2545 544 2693 615 cujus
2719 547 2991 616 praemium
3014 548 3115 602 erit
3132 547 3403 604 beatitudo
3422 550 3559 620 ejus.
3580 551 3850 607 Justitiam

2261 636 2455 706 quippe
2476 635 2602 690 dare
2641 637 2741 691 sibi
2784 654 2886 692 non
2913 647 3087 709 potest
3109 640 3278 709 {quam
3323 641 3581 711 perditam
3618 658 3726 698 non
3754 642 3848 698 ha-

2259 729 2373 787 bet.
2410 729 2557 786 Hanc
2585 731 2749 794 enim,
2796 746 2916 786 cum
2946 732 3106 786 homo
3136 732 3476 803 conderetur,
3527 737 3765 808 accepit;
3795 745 3850 792 et

2261 823 2533 892 peccando
2582 825 2766 894 utique
2819 825 3067 897 perdidit.
3134 826 3342 897 Accipit
3388 816 3517 901 ergo
3560 829 3847 900 justitiam,

2260 924 2477 985 propter
2513 932 2671 988 quam
2701 915 3078 983 beatitudinem
3109 917 3352 989 accipere
3381 932 3666 977 mereatur.
3697 922 3851 979 Unde

2259 1008 2520 1062 veraciter
2544 1007 2594 1063 ei
2615 1008 2808 1063 dicitur
2828 1009 2896 1063 ab
2913 1008 3186 1078 Apostolo,
3209 1009 3358 1080 quasi
3387 1011 3456 1066 de
3484 1028 3580 1067 suo
3602 1012 3745 1067 bono
3769 1029 3854 1068 su.

2261 1097 2469 1166 perbire
2496 1098 2762 1168 incipienti
2782 1118 2796 1153 :
2833 1099 2969 1167 Quid
2987 1100 3119 1154 enim
3146 1100 3295 1154 habes
3307 1103 3439 1172 quod
3457 1120 3557 1157 non
3575 1105 3813 1175 accepisti
3826 1107 3853 1160 .

2260 1188 2323 1243 Si
2347 1201 2513 1245 autem
2550 1193 2802 1260 accepisti,
2853 1191 2973 1259 quid
3009 1192 3243 1264 gloriaris
3273 1195 3417 1263 quasi
3448 1212 3550 1251 non
3594 1197 3852 1265 acceperis

2264 1279 2303 1353 (l
2330 1280 2447 1337 Cor.
2474 1300 2543 1350 Iv,
2570 1283 2663 1354 7)?
2692 1283 2914 1354 Quando
2934 1293 3110 1339 autem
3138 1284 3277 1341 bene
3306 1285 3619 1341 recordatur
3637 1287 3849 1342 Domini

2258 1373 2360 1437 sui,
2401 1373 2599 1443 Spiritu
2644 1374 2759 1445 ejus
2800 1384 3039 1444 accepto,
3093 1376 3253 1430 sentit
3302 1374 3541 1443 omnino,
3584 1379 3709 1448 quia
3746 1378 3851 1433 hoc

2258 1464 2413 1520 discit
2442 1466 2628 1520 intimo
2656 1466 2980 1537 magisterio,
3009 1466 3220 1521 nonnisi
3248 1467 3365 1535 ejus
3390 1470 3622 1537 gratuito
3650 1467 3846 1523 affectu

2257 1571 2417 1625 posse
2439 1572 2497 1611 se
2523 1572 2765 1627 surgere,
2808 1557 3019 1612 nonnisi
3054 1573 3152 1612 suo
3194 1558 3492 1612 voluntario
3519 1557 3730 1613 defectu
3759 1575 3851 1614 ea-

2257 1647 2385 1702 dere
2435 1648 2689 1718 potuisse.
2754 1647 2870 1703 Non
2921 1663 3049 1702 sane
3098 1647 3455 1703 reminiscitur
3503 1648 3847 1706 beatitudinis

2258 1755 2368 1795 sua:
2402 1757 2415 1793 :
2467 1740 2563 1794 fuit
2588 1741 2782 1812 quippe
2810 1740 2896 1795 illa
2921 1749 2974 1795 et
2998 1755 3103 1794 non
3135 1748 3235 1805 est,
3264 1741 3484 1814 ejusque
3505 1740 3605 1794 ista
3630 1741 3847 1812 penitus

2256 1829 2415 1885 oblita
2445 1840 2559 1896 est;
2612 1832 2838 1902 ideoque
2875 1847 2973 1886 nec
3003 1831 3408 1886 commemorari
3441 1840 3636 1901 potest.
3668 1832 3848 1887 Credit

2256 1932 2432 1977 autem
2463 1924 2529 1978 de
2568 1923 2655 1978 illa
2702 1924 2806 1979 fide
2849 1924 3021 1993 dignis
3051 1924 3265 1979 Litteris
3306 1924 3397 1986 Dei
3437 1925 3539 1989 sui,
3596 1941 3693 1995 per
3730 1925 3847 1995 ejus

2256 2015 2569 2086 prephetam
2595 2016 2931 2087 conscriptis,
2959 2016 3295 2071 narrantibus
3323 2015 3391 2071 de
3411 2014 3665 2071 felicitate
3691 2031 3847 2087 para-

2255 2107 2379 2173 disi,
2402 2117 2560 2178 atque
2588 2107 2714 2162 illud
2750 2108 2975 2178 primum
3005 2117 3055 2163 et
3082 2107 3278 2162 bonum
3310 2107 3539 2162 hominis
3565 2117 3617 2163 et
3644 2107 3842 2163 malum

2256 2196 2509 2252 historica
2551 2196 3233 2252 traditioneindicantibus.
3286 2197 3491 2251 Domini
3528 2206 3706 2252 autem
3748 2198 3843 2254 Dei

2256 2290 2338 2343 sui
2368 2288 2744 2344 reminiscitur.
2794 2290 2886 2343 ille
2913 2289 3105 2361 quippe
3150 2304 3363 2358 semper
3390 2299 3487 2355 est,
3538 2305 3635 2343 nec
3662 2289 3767 2345 fuit
3792 2299 3848 2345 et

2256 2395 2361 2435 non
2389 2389 2486 2446 est,
2525 2396 2620 2435 nec
2650 2390 2805 2436 estet
2830 2396 2937 2434 non
2969 2380 3065 2434 fuit
3098 2399 3110 2435 :
3152 2379 3245 2435 sed
3273 2380 3408 2435 sicut
3437 2396 3703 2450 nunquam
3732 2396 3843 2436 non

2257 2474 2380 2539 erit,
2430 2476 2500 2549 ita
2549 2490 2818 2545 nunquam
2864 2489 2971 2529 non
3014 2483 3147 2529 erat.
3198 2473 3265 2528 Et
3291 2473 3485 2543 ubique
3528 2481 3671 2528 totus
3709 2484 3841 2529 est:

2257 2576 2474 2636 propter
2502 2567 2641 2637 quod
2689 2568 2788 2622 ista
2817 2567 2867 2622 in
2910 2566 3001 2621 illo
3037 2576 3092 2622 et
3108 2567 3258 2631 vivit,
3299 2577 3349 2620 et
3391 2577 3652 2631 movetur,
3680 2573 3738 2620 et
3762 2573 3847 2622 est

2258 2662 2392 2727 (Act.
2422 2678 2549 2728 xvu,
2593 2660 2725 2732 28):
2774 2672 2827 2716 et
2881 2661 3000 2715 ideo
3040 2659 3309 2715 reminisci
3350 2657 3465 2728 ejus
3493 2666 3688 2729 potest.
3723 2657 3841 2714 Non

2256 2756 2377 2827 quia
2408 2755 2509 2809 hoc
2530 2754 2857 2821 recordatur,
2887 2753 3030 2825 quod
3056 2768 3176 2807 eum
3202 2763 3419 2807 noverat
3441 2752 3494 2807 in
3526 2751 3716 2819 Adam,
3752 2759 3845 2807 aut

2257 2848 2379 2902 alibi
2407 2849 2595 2904 alicubi
2624 2857 2747 2904 ante
2776 2846 2935 2917 hujus
2964 2847 3204 2919 corporis
3228 2847 3427 2911 vitam,
3456 2856 3547 2900 aut
3572 2860 3690 2901 cum
3738 2847 3845 2917 pri-

2255 2956 2401 2995 mum
2431 2939 2564 2996 facta
2582 2949 2663 2995 est
2683 2947 2742 2994 ut
2768 2940 3092 2994 insereretur
3114 2938 3235 2992 huic
3257 2937 3467 3008 corpori
3493 2954 3506 2991 :
3540 2936 3672 2992 nihil
3699 2938 3842 2991 enim

2256 3030 2446 3085 horum
2482 3032 2701 3086 omnino
2753 3030 3145 3096 reminiscitur;
3196 3028 3451 3101 quidquid
3507 3028 3694 3083 horum
3739 3036 3843 3094 est,

2258 3125 2524 3179 oblivione
2548 3123 2777 3179 deletum
2808 3134 2908 3178 est.
2964 3122 3069 3179 Sed
3095 3130 3566 3187 commemoratur,
3616 3128 3673 3175 ut
3710 3136 3845 3176 con-

2256 3227 2495 3272 vertatur
2521 3216 2586 3271 ad
2620 3218 2921 3282 Dominum,
2976 3226 3223 3286 tanquam
3255 3214 3321 3270 ad
3366 3230 3484 3271 eam
3529 3213 3702 3269 lucem
3742 3228 3844 3285 qua

2257 3310 2415 3363 etiam
2443 3324 2562 3362 cum
2588 3309 2656 3363 ab
2680 3308 2771 3363 illo
2799 3315 3131 3362 averteretur
3154 3306 3382 3377 quodam
3416 3304 3573 3361 modo
3595 3304 3845 3376 tangeba-

2259 3409 2363 3454 tur.
2394 3400 2524 3455 Nam
2569 3401 2691 3455 hinc
2728 3409 2807 3454 est
2836 3399 2976 3470 quod
3003 3400 3161 3454 etiam
3190 3398 3334 3468 impii
3364 3398 3597 3469 cogitant
3623 3396 3839 3451 (eterni-

2259 3502 2443 3558 tatem,
2477 3504 2530 3548 ct
2551 3494 2715 3548 multa
2748 3502 2894 3549 recte
2928 3492 3329 3563 reprehendunt
3355 3500 3606 3562 recteque
3629 3490 3844 3545 laudant

2250 3584 2310 3639 'in
2328 3584 2605 3659 hominum
2634 3584 2890 3640 moribus.
2919 3585 3120 3652 Quibus
3146 3599 3206 3639 ea
3240 3584 3454 3639 tandem
3478 3583 3675 3655 regulis
3697 3582 3840 3653 judi-

2256 3686 2397 3741 cant,
2441 3677 2540 3732 nisi
2588 3678 2641 3732 in
2670 3676 2863 3748 quibus
2907 3677 3086 3731 vident
3128 3674 3575 3745 quemadmodum
3618 3676 3842 3747 quisque

2250 3770 2436 3825 vivere
2460 3771 2689 3835 debeat,
2730 3772 2935 3826 etiamsi
2968 3784 3068 3825 nec
3094 3770 3193 3842 ipsi
3223 3769 3410 3825 eodem
3438 3769 3597 3824 modo
3622 3768 3843 3824 vivant?

2255 3861 2356 3917 Ubi
2393 3878 2484 3918 eas
2510 3862 2735 3918 vident?
2764 3862 2947 3933 Neque
2973 3862 3113 3918 enim
3136 3863 3189 3916 in
3216 3877 3309 3917 sua
3338 3869 3549 3927 natura,
3571 3876 3693 3916 cum
3721 3874 3844 3931 pro-

2256 3953 2341 4009 cul
2394 3954 2555 4008 dubio
2599 3962 2778 4009 mente
2819 3954 2915 4008 ista
2959 3950 3257 4021 videantur,
3299 3966 3593 4022 eorumque
3638 3958 3844 4006 mentes

2254 4055 2465 4103 constet
2489 4062 2607 4101 esse
2636 4046 2936 4112 mutabiles,
2968 4046 3063 4100 has
3092 4061 3219 4101 vero
3253 4045 3461 4116 regulas
3486 4043 3844 4099 immutabiles

2256 4139 2450 4205 videat,
2479 4139 2716 4210 quisquis
2757 4139 2809 4193 in
2836 4138 2914 4193 eis
2943 4148 2995 4192 et
3017 4136 3118 4193 hoc
3142 4138 3322 4192 videre
3353 4136 3611 4207 potuerit;
3661 4150 3759 4189 nec
3786 4135 3842 4189 in

2253 4231 2434 4286 habitu
2474 4247 2583 4286 sure
2630 4230 2844 4298 mentis,
2891 4246 3011 4285 eum
3062 4229 3165 4283 illa:
3211 4228 3407 4299 regula:
3451 4228 3554 4282 sint
3589 4225 3840 4296 justitize,

2254 4337 2461 4380 mentes
2512 4341 2643 4380 vero
2694 4339 2875 4379 eorum
2918 4332 3125 4378 constet
3158 4337 3277 4377 esse
3324 4322 3559 4391 injustas.
3601 4318 3841 4375 Ubinam

2255 4426 2381 4473 sunt
2406 4418 2520 4472 ista:
2540 4415 2737 4488 regula:
2767 4417 2997 4484 scriptze,
3049 4414 3138 4470 ubi
3169 4413 3294 4484 quid
3323 4414 3392 4468 sit
3425 4411 3626 4483 justum
3662 4418 3718 4464 et
3752 4411 3843 4464 in-

2247 4507 2425 4579 justus
2471 4506 2729 4578 agnoscit,
2773 4505 2858 4561 ubi
2888 4506 3058 4561 cernit
3084 4504 3384 4559 habendum
3406 4518 3527 4559 esse
3552 4502 3697 4573 quod
3727 4503 3843 4573 ipse

2253 4615 2359 4653 non
2384 4599 2581 4653 habet?
2618 4597 2714 4653 Ubi
2740 4612 2866 4668 ergo
2892 4595 3103 4665 scripta!
3130 4604 3273 4661 sunt,
3323 4595 3425 4648 nisi
3464 4595 3517 4648 in
3544 4594 3684 4648 libro
3710 4593 3843 4647 lucis

2254 4691 2394 4747 illius
2422 4706 2541 4762 qua:
2566 4690 2761 4744 veritas
2801 4687 3037 4743 dicitur?
3090 4686 3229 4741 unde.
3254 4685 3428 4740 omnis
3466 4686 3552 4741 lex
3578 4685 3722 4756 justa
3749 4683 3845 4739 de-

2254 4784 2525 4849 scribitur,
2571 4792 2625 4839 et
2668 4783 2721 4837 in
2768 4796 2863 4837 cor
2886 4781 3115 4836 hominis
3153 4781 3240 4852 qui
3269 4789 3520 4850 operatur
3556 4780 3840 4850 justitiam,

2255 4892 2363 4931 non
2390 4873 2684 4943 migrando,
2714 4872 2809 4928 sed
2840 4871 3459 4944 tanquamimprimcndo
3486 4873 3842 4936 transfertur;

2254 4970 2391 5024 sicut
2416 4968 2587 5037 imago
2611 4983 2678 5023 ex
2702 4967 2901 5021 annulo
2919 4975 2971 5021 et
2994 4967 3045 5021 in
3069 4981 3244 5022 ceram
3274 4967 3485 5033 transit,
3509 4976 3563 5021 et
3585 4965 3843 5020 annulum

2256 5077 2361 5117 non
2388 5060 2655 5130 relinquit.
2692 5058 2794 5126 Qui
2824 5073 2952 5113 vero
2978 5073 3083 5112 non
3106 5066 3375 5127 operatur,
3406 5066 3459 5113 et
3491 5065 3673 5112 tamen
3702 5055 3847 5110 videt

2255 5157 2380 5228 quid
2407 5156 2736 5227 operandum
2760 5157 2849 5224 sit,
2880 5156 2994 5227 ipse
3015 5164 3096 5210 est
3116 5155 3203 5225 qui
3232 5154 3298 5208 ab
3316 5154 3401 5207 illa
3423 5151 3541 5207 luce
3556 5152 3841 5217 avertitur,

2255 5269 2284 5308 a
2306 5268 2408 5324 qua
2438 5262 2616 5308 tamen
2637 5253 2883 5322 tangitur.
2912 5250 3009 5318 Qui
3029 5257 3207 5303 autem
3225 5262 3323 5301 nec
3340 5246 3485 5300 videt
3500 5244 3847 5317 quemadmo-

2255 5344 2380 5400 dum
2407 5345 2474 5399 sit
2501 5343 2806 5410 vivendum,
2841 5338 3193 5397 excusabilius
3218 5336 3431 5407 quidem
3462 5342 3673 5406 peccat,
3719 5334 3845 5406 quia

2257 5457 2360 5495 non
2385 5448 2469 5495 est
2509 5451 2865 5508 transgressor
2900 5432 3154 5506 cognitas
3184 5431 3352 5503 legis:
3396 5427 3492 5486 sed
3538 5428 3701 5484 etiam
3732 5428 3848 5499 ipse

2255 5532 2537 5604 splendore
2563 5529 2838 5601 aliquoties
2859 5526 3053 5597 ubique
3077 5522 3357 5597 prmsentis
3395 5521 3639 5578 veritatis
3684 5520 3850 5576 attin-

2255 5626 2416 5697 gitur,
2438 5623 2650 5696 quando
2674 5620 2975 5675 admonitus
2999 5617 3303 5674 contetur.

2330 5714 2555 5772 CAPUT
2587 5714 2723 5769 XVI.
2835 5710 2924 5766 22.
2949 5708 3129 5781 Imago
3148 5707 3247 5763 Dei
3264 5704 3513 5781 quomodo
3533 5708 3852 5779 reformatur

2377 5831 2451 5881 sic
2472 5836 2569 5878 Am.
2595 5833 2669 5877 Er.
2696 5821 3054 5890 aptatam.
3084 5816 3577 5888 umquam.
