4104 6442
323 375 461 440 1055

325 496 375 547 in
421 490 641 550 homine.
686 485 786 556 Qui
828 498 956 542 vero
983 482 1382 544 commemorati
1420 491 1801 538 convertuntur
1839 483 1906 538 ad

326 584 609 640 Dominum
656 581 723 634 ab
771 595 832 634 ea
887 577 1256 640 deformitate,
1301 591 1404 646 qua
1453 592 1548 646 per
1595 575 1909 644 cupiditates

325 676 609 731 smculares
638 670 1104 726 conformabuntur
1142 668 1263 723 huic
1293 669 1487 723 saeculo
1507 710 1519 734 ,
1552 668 1910 723 reformantur

327 784 390 824 ex
425 768 512 822 illo
535 807 547 829 ,
579 765 855 818 audientes
887 763 1198 832 Apostolum
1245 762 1508 816 dicentem
1535 805 1549 830 ,
1583 762 1757 816 Nolite
1786 779 1907 816 con-

329 859 542 929 formari
570 858 686 910 huic
711 854 916 922 swculo,
946 855 1034 907 sed
1058 855 1404 921 reformamini
1426 856 1475 908 in
1497 857 1713 908 novitate
1733 856 1910 908 utentis

322 961 498 1005 vesti-te
524 948 707 1020 (Rom.
739 963 848 1013 xu,
878 947 912 1000 2
935 947 990 1016 ):
1025 955 1078 999 ιιι
1121 943 1338 1015 incipiat
1379 946 1462 998 illa
1508 945 1680 1015 imago
1721 945 1788 998 ab
1821 945 1911 1000 illo

322 1042 629 1103 reformari,
661 1055 690 1094 a
721 1054 826 1118 quo
873 1037 1096 1092 formata
1127 1046 1225 1091 est.
1273 1037 1386 1090 Non
1431 1038 1572 1091 enim
1620 1038 1910 1095 reformare

323 1150 380 1189 se
414 1135 578 1202 ipsam
611 1141 806 1203 potest,
841 1131 977 1185 sicut
1022 1129 1191 1200 potuit
1233 1128 1548 1184 deformare.
1587 1129 1720 1183 Dicit
1750 1131 1908 1184 etiam

321 1225 494 1279 alibi:
542 1221 874 1276 Renovamini
921 1221 1100 1290 spiritu
1149 1219 1326 1298 mentis
1371 1229 1580 1282 vestrm,
1627 1229 1671 1272 et
1719 1221 1911 1274 induite

321 1333 505 1370 novum
533 1315 813 1377 hominem,
855 1330 964 1366 eum
997 1313 1080 1384 qui
1119 1312 1393 1366 secundum
1424 1311 1587 1368 Deum
1612 1323 1809 1368 creatus
1839 1324 1911 1369 est

320 1412 371 1464 in
405 1411 608 1480 justitia
636 1418 682 1462 et
709 1407 973 1462 sanctitate
1010 1407 1230 1461 veritatis
1271 1406 1287 1474 (
1314 1405 1499 1476 Ephes.
1530 1422 1581 1460 Iv
1600 1447 1614 1471 ,
1645 1407 1715 1460 25
1735 1449 1748 1472 ,
1774 1406 1843 1462 Ἡ

321 1501 472 1569 Quod
503 1503 610 1565 ait,
640 1499 928 1554 secundum
965 1497 1128 1551 Deum
1167 1506 1444 1561 creatum;
1495 1496 1596 1552 hoc
1642 1497 1746 1552 alio
1789 1499 1908 1553 loco

323 1593 534 1658 dicitur,
569 1593 634 1644 ad
660 1591 928 1661 imaginem
960 1588 1050 1643 Dei
1079 1587 1228 1660 (Gen.
1257 1604 1302 1649 1,
1331 1586 1445 1658 Ξῖ).
1477 1588 1580 1643 Sed
1615 1589 1905 1658 peccando,

317 1684 574 1754 justitiam
629 1693 682 1737 et
733 1683 1070 1736 sanctitatem
1124 1681 1366 1734 veritatis
1418 1681 1636 1746 amisit;
1695 1689 1911 1750 propter

324 1776 461 1846 quod
497 1775 610 1828 haec
641 1775 817 1844 imago
850 1773 1103 1827 deformis
1130 1781 1184 1825 et
1213 1771 1427 1827 decolor
1456 1773 1588 1824 facta
1615 1781 1695 1825 est
1730 1790 1740 1824 :
1775 1771 1912 1827 hanc

326 1869 544 1936 recipit,
578 1883 696 1920 cum
742 1865 1062 1920 reformatur
1107 1871 1159 1918 et
1200 1871 1504 1917 renovatur.
1551 1861 1703 1928 Quod
1735 1873 1909 1916 autem

323 1959 426 2024 ait,
454 1958 635 2029 spiritu
676 1957 854 2010 mentis
899 1965 1115 2020 vestrae;
1149 1968 1252 2006 non
1296 1953 1364 2006 ibi
1408 1953 1539 2006 duas
1578 1967 1663 2006 res
1690 1953 1910 2022 intelligi

321 2052 514 2116 voluit,
551 2049 698 2119 quasi
728 2048 869 2102 aliud
912 2047 980 2101 sit
1009 2062 1181 2112 mens,
1217 2045 1358 2099 aliud
1403 2045 1623 2113 spiritus
1669 2046 1862 2099 mentis
1893 2063 1907 2099 :

322 2145 413 2199 sed
443 2145 562 2214 quia
593 2144 766 2198 omnis
798 2157 949 2195 mens
983 2141 1203 2210 spiritus
1230 2148 1344 2202 est,
1377 2154 1482 2193 non
1524 2146 1700 2192 autem
1737 2138 1910 2192 omnis

325 2239 539 2308 Spiritus
568 2251 717 2291 mens
762 2245 861 2290 cst.
900 2234 993 2287 Est
1025 2233 1165 2288 enim
1200 2232 1425 2302 Spiritus
1466 2241 1519 2285 et
1549 2231 1688 2286 Deus
1715 2229 1907 2302 (Joan.

323 2345 395 2396 tv,
419 2329 532 2395 24),
557 2328 647 2398 qui
675 2327 924 2383 renovari
953 2340 1058 2378 non
1087 2332 1282 2395 potest,
1307 2322 1427 2392 quia
1458 2338 1555 2376 nec
1575 2334 1910 2378 veterascere

326 2430 521 2491 potest.
571 2421 768 2474 Dicitur
806 2418 963 2472 etiam
996 2417 1213 2487 spiritus
1244 2417 1295 2469 in
1342 2414 1576 2478 homine,
1625 2415 1713 2484 qui
1760 2430 1911 2468 utens

320 2533 428 2572 non
480 2516 582 2578 sit,
630 2514 694 2568 ad
745 2528 900 2583 quem
952 2511 1220 2581 pertinent
1264 2507 1666 2578 imaginationes
1710 2507 1911 2561 similes

322 2624 605 2682 corporum
641 2625 653 2661 :
705 2605 771 2660 de
810 2620 914 2675 quo
959 2604 1087 2658 dicit
1135 2601 1200 2656 ad
1245 2599 1583 2663 Corinthios,
1633 2598 1720 2652 ubi
1763 2599 1908 2664 dicit,

324 2710 386 2764 Si
413 2716 575 2760 autem
605 2721 811 2759 oravere
842 2704 1014 2774 lingua
1034 2744 1046 2766 ,
1079 2702 1288 2773 spiritus
1320 2717 1458 2753 meus
1482 2706 1592 2752 orat
1611 2738 1625 2763 ,
1658 2711 1796 2748 mens
1821 2710 1912 2746 au-

324 2811 423 2856 tem
466 2816 575 2854 mea
620 2799 936 2869 infructuosa
963 2807 1032 2851 est
1063 2794 1119 2866 (Ι
1145 2795 1259 2849 Cor.
1294 2808 1414 2858 xw,
1448 2792 1570 2860 14).
1618 2789 1730 2844 lloc
1769 2788 1909 2842 enim

323 2897 430 2961 ait,
459 2893 671 2964 quando
716 2892 766 2946 id
797 2890 937 2960 quod
984 2889 1210 2951 dicitur,
1257 2903 1360 2940 non
1407 2883 1717 2953 intelligitur
1748 2897 1759 2933 :
1791 2881 1912 2950 quia

324 3004 426 3044 nec
467 2988 569 3040 dici
623 2993 814 3054 potest,
862 2984 961 3037 nisi
1011 2979 1368 3050 corporalium
1418 2991 1605 3030 vocum
1655 2972 1914 3042 imagines

325 3094 514 3136 sonum
544 3077 653 3131 oris
681 3078 898 3146 spiritus
928 3070 1247 3142 cogitatione
1277 3070 1291 3100 ί
1325 3067 1668 3139 praeveniunt.
1716 3063 1916 3118 Dicitur

329 3184 381 3246 et
413 3157 646 3228 hominis
689 3170 864 3223 anima
907 3167 1126 3235 spiritus
1157 3181 1168 3216 :
1201 3161 1343 3216 unde
1392 3169 1473 3214 est
1508 3161 1558 3213 in
1607 3157 1910 3224 Evangelio,

327 3267 392 3320 Et
417 3265 658 3320 inclinato
686 3263 849 3334 capite
875 3259 1081 3314 tradidit
1121 3256 1354 3328 spiritum
1397 3251 1581 3324 (Joan.
1612 3267 1732 3317 XIX,
1761 3249 1830 3305 50
1854 3249 1911 3320 );

326 3376 429 3430 quo
473 3357 762 3428 significata
792 3363 872 3408 est
917 3366 1063 3407 mors
1101 3349 1374 3419 corporis,
1403 3347 1577 3401 anima
1608 3354 1836 3398 exeunte
1868 3342 1910 3396 '.

328 3453 530 3513 Dicitur
578 3451 792 3520 spiritus
835 3447 992 3500 etiam
1042 3442 1271 3516 pecoris,
1319 3439 1545 3510 quodin
1591 3437 1915 3492 Ecclesiaste

327 3545 463 3598 libro
494 3540 800 3599 Salomonis
847 3534 1187 3606 apertissime
1229 3532 1481 3600 scriptum
1517 3537 1630 3591 est,
1665 3527 1752 3606 ubi
1795 3525 1864 3578 ait
1899 3543 1911 3578 :

329 3635 455 3700 Quis
493 3633 582 3688 scit
630 3631 835 3700 spiritus
881 3629 1102 3698 ﬁliorum
1151 3623 1408 3678 hominum
1451 3620 1494 3676 si
1533 3619 1768 3678 ascendet
1810 3617 1918 3686 ipse

326 3742 524 3782 sursum
545 3766 559 3791 ,
591 3734 634 3777 et
659 3723 866 3792 spiritus
892 3719 1086 3789 pecoris
1114 3717 1154 3774 si
1181 3713 1442 3770 descendet
1469 3712 1576 3780 ipse
1605 3709 1840 3764 deorsum
1864 3707 1917 3760 in

328 3827 512 3870 terram
541 3814 733 3886 (Eccle.
762 3828 838 3878 III,
866 3808 997 3883 21)?
1028 3808 1293 3876 Scriptum
1325 3814 1405 3858 est
1432 3802 1590 3858 etiam
1620 3801 1670 3855 in
1696 3798 1911 3863 Genesi,

328 3907 414 3960 ubi
457 3906 582 3960 dicit
629 3905 828 3958 diluvio
872 3911 1135 3956 mortuam
1167 3898 1468 3952 universam
1515 3908 1768 3959 carnem,
1807 3905 1918 3962 quoe

329 3999 539 4053 habebat
571 4000 620 4050 in
653 4014 704 4050 se
730 3996 962 4068 spiritum
990 3993 1104 4046 vita:
1135 3990 1282 4060 (Gen.
1307 4004 1397 4053 vII,
1426 3986 1542 4057 22).
1577 3985 1774 4039 Dicitur
1804 3984 1912 4051 spi-

328 4092 463 4148 ritus
489 4091 647 4146 etiam
682 4096 899 4149 ventus,
933 4102 1020 4140 res
1050 4083 1382 4154 apertissime
1412 4077 1702 4150 corporalis
1735 4096 1745 4131 :
1779 4077 1916 4130 unde

325 4184 456 4239 illud
489 4185 539 4238 in
570 4182 815 4248 Psalmis,
845 4179 1010 4251 Ignis,
1043 4175 1236 4249 grando
1258 4216 1270 4239 ,
1305 4175 1392 4226 nia:
1412 4212 1425 4235 ,
1459 4172 1644 4242 glacies
1665 4213 1678 4236 ,
1711 4169 1918 4239 spiritus

327 4275 636 4348 tempestatis
666 4272 848 4344 (Psal.
875 4286 1101 4335 CXLVIII,
1133 4268 1228 4338 8).
1277 4265 1410 4334 Quia
1455 4280 1581 4333 ergo
1626 4271 1703 4317 tot
1745 4262 1916 4316 modis

326 4367 522 4423 dicitur
559 4367 777 4436 Spiritus
800 4406 815 4430 ,
847 4365 1091 4433 spiritum
1138 4358 1332 4414 mentis
1377 4357 1558 4411 dicere
1586 4357 1751 4411 voluit
1795 4371 1917 4409 cum

325 4461 608 4530 spiritum,
637 4474 756 4530 qua:
785 4471 937 4512 mens
970 4462 1210 4508 vocatur.
1259 4450 1404 4506 Sicut
1447 4450 1523 4503 ait
1567 4449 1726 4504 etiam
1777 4447 1918 4502 idem

325 4551 621 4622 apostolus,
654 4549 718 4606 In
752 4546 1117 4618 exspoliatione
1145 4544 1371 4614 corporis
1400 4544 1566 4596 carnis
1604 4541 1821 4609 (Coloss.
1857 4557 1914 4606 ιι,

328 4643 442 4716 il).
476 4642 591 4698 NOII
620 4642 750 4696 duas
793 4641 976 4710 utique
1003 4653 1092 4692 res
1120 4635 1339 4704 intelligi
1372 4634 1564 4698 voluit,
1595 4632 1744 4702 quasi
1773 4632 1916 4688 aliud

327 4739 397 4794 sit
426 4753 572 4802 caro,
602 4737 744 4792 aliud
774 4749 968 4805 corpus
993 4731 1168 4787 carnis
1198 4747 1212 4786 :
1239 4729 1331 4784 sed
1358 4729 1479 4799 quia
1508 4742 1702 4797 corpus
1727 4727 1917 4781 multa—

328 4849 446 4888 rum
488 4846 664 4886 rerum
716 4844 909 4884 nomen
943 4836 1022 4882 est
1052 4840 1273 4896 quarum
1308 4822 1449 4878 nulla
1480 4836 1605 4876 caro
1645 4829 1727 4875 est
1758 4819 1913 4888 (nam

329 4923 496 4978 multa
538 4929 660 4974 sunt
704 4927 922 4988 excepta
969 4932 1129 4970 carne
1153 4930 1376 4984 corpora
1408 4913 1665 4978 coelestia,
1710 4919 1762 4965 et
1792 4926 1914 4964 cor-

330 5029 461 5084 pora
489 5007 808 5079 terrestria),
833 5021 1027 5078 corpus
1055 5007 1234 5060 carnis
1256 5006 1408 5072 dixit,
1435 5019 1629 5072 corpus
1656 5019 1772 5074 quae
1794 5017 1918 5057 caro

328 5115 433 5161 est.
483 5104 571 5160 Sic
617 5103 794 5176 itaque
844 5099 1086 5168 spiritum
1132 5099 1324 5151 mentis
1363 5112 1483 5150 eum
1528 5095 1771 5165 spiritum
1801 5110 1918 5164 quae

328 5213 486 5252 mens
535 5204 637 5250 est.
694 5192 831 5247 Alibi
883 5203 1094 5260 quoque
1144 5187 1378 5258 apertius
1429 5186 1586 5240 etiam
1636 5185 1917 5252 imaginem

331 5286 662 5352 nominavit,
700 5283 903 5338 scilicet
934 5282 1050 5336 aliis
1078 5279 1253 5335 verbis
1298 5279 1522 5348 idipsum
1559 5278 1870 5347 prrccipiens
1903 5295 1915 5330 :

331 5379 697 5446 Exspoliautes
725 5392 829 5442 vos,
864 5375 1050 5444 inquit,
1075 5383 1287 5426 veterem
1313 5371 1562 5424 hominem
1589 5385 1701 5422 cum
1729 5368 1918 5422 actibus

331 5475 474 5544 ejus,
506 5471 698 5523 induite
740 5484 919 5521 novum
949 5467 1230 5530 hominem,
1271 5465 1354 5535 qui
1385 5473 1653 5515 renovatur
1681 5461 1735 5513 in
1777 5461 1917 5531 agni-

333 5565 468 5616 tione
490 5561 580 5615 Dei
612 5559 887 5615 secundum
917 5558 1183 5630 imaginem
1213 5556 1320 5626 ejus
1347 5555 1432 5626 qui
1459 5554 1641 5606 creavit
1669 5569 1777 5606 eum
1807 5551 1916 5624 (Id.

391 5742 416 5814 ,ί
453 5739 589 5798 editi,
620 5737 672 5787 in
707 5735 903 5799 spiritus
940 5731 1236 5796 cogitatione.
1275 5731 1436 5791 Abest,
1475 5728 1558 5789 in,
1592 5740 1618 5776 a
1657 5727 1919 5776 manuscri-

334 5810 571 5914 puf.t-Jditi
591 5874 781 5911 rursum
797 5865 923 5922 post,
934 5854 1096 5912 anima
1111 5862 1331 5916 exeunte,
1348 5854 1606 5913 addebant,
1623 5851 1682 5902 de
1702 5863 1917 5916 corpore.

1503 365 1710 430 LIBER
1751 365 2075 440 ausurus
2115 367 2427 432 euentus.

3459 376 3598 440 ιοδι

2019 499 2096 549 III,
2127 484 2179 547 9,
2210 484 2326 557 10).
2360 486 2510 555 Quod
2541 502 2666 558 ergo
2695 488 2764 544 ibi
2799 489 2990 559 legitur
3012 532 3025 556 ,
3057 491 3251 548 induite
3282 511 3462 550 norum
3502 498 3597 550 ho-

2018 582 2197 633 minem
2221 582 2308 650 qui
2338 583 2614 635 secundant
2637 581 2799 636 Deum
2827 594 3020 637 creatus
3043 595 3118 644 est
3135 603 3153 651 ;
3196 586 3299 654 hoc
3325 589 3426 642 isto
3456 589 3590 658 loco,

2021 669 2222 724 Induite
2246 687 2426 725 novum
2456 674 2726 738 hominem,
2757 674 2845 744 qui
2871 685 3138 730 renovatur
3165 679 3439 734 secundum
3463 680 3594 734 ima-

2017 761 2183 829 ginem
2211 763 2321 832 ejus
2352 763 2436 832 qui
2474 767 2657 817 crearit
2685 783 2820 820 eum.
2868 765 2938 821 lbi
2976 777 3152 822 autem
3182 770 3287 835 ait,
3320 772 3596 825 secundum

2017 850 2178 906 Deum
2195 870 2214 918 ;
2255 852 2342 908 hic
2372 869 2520 920 vero,
2553 857 2826 910 secundum
2854 859 3122 930 imaginem
3162 862 3270 928 ejus
3295 878 3380 931 qui
3411 864 3595 916 creavit

2017 959 2148 995 eum.
2182 943 2284 997 Pro
2314 959 2377 997 eo
2404 960 2530 998 vero
2557 947 2699 1016 quod
2741 948 2808 1002 ibi
2841 951 3034 1019 posuit,
3078 951 3129 1004 in
3160 953 3359 1022 justitia
3397 964 3446 1006 et
3470 971 3592 1010 sano

2018 1035 2186 1094 ctitate
2215 1037 2432 1092 veritatis
2456 1053 2475 1101 ,'
2517 1038 2616 1092 hoc
2646 1041 2818 1110 posuit
2849 1040 2933 1096 hic
2953 1083 2968 1107 ,
2999 1043 3049 1095 in
3079 1045 3332 1114 agnitione
3366 1044 3478 1100 Dei.
3513 1045 3598 1104 Fit

2017 1141 2142 1195 ergo
2175 1127 2274 1181 ista
2306 1130 2584 1183 renovatio
2626 1130 3034 1202 reformatioque
3075 1134 3266 1188 mentis
3303 1138 3595 1192 secundum

2018 1217 2203 1286 Deum,
2231 1221 2310 1274 vel
2340 1223 2630 1276 secundum
2665 1223 2944 1292 imaginem
2978 1225 3091 1280 Dei.
3122 1227 3224 1281 Sed
3255 1228 3372 1282 ideo
3403 1229 3596 1286 dicitur

2015 1312 2288 1364 sccmutum
2316 1311 2505 1378 Deum,
2537 1330 2601 1366 ne
2643 1315 2935 1370 secundum
2967 1318 3120 1374 aliam
3151 1331 3446 1374 eteaturam
3481 1323 3587 1376 lien

2018 1411 2267 1467 putetur;
2315 1401 2433 1456 ideo
2465 1411 2641 1458 autem
2665 1447 2678 1468 ,
2709 1407 2983 1460 secundum
3013 1409 3279 1478 imaginem
3311 1410 3424 1472 Dei,
3461 1420 3516 1463 ut
3544 1411 3594 1466 iu

2017 1505 2076 1546 ea
2110 1508 2166 1546 re
2199 1494 2520 1563 intelligatur
2550 1496 2658 1549 fieri
2695 1497 2805 1550 haec
2846 1501 3153 1566 renovatio,
3186 1501 3271 1554 ubi
3305 1483 3385 1554 est
3426 1503 3596 1570 imago

2019 1584 2132 1644 Dei,
2163 1584 2213 1637 id
2243 1596 2324 1640 est
2351 1588 2402 1639 in
2433 1598 2627 1641 mente.
2658 1588 3112 1655 QIIeIIIadInodutII
3141 1593 3384 1656 dicimus,
3409 1609 3597 1650 secun-

2018 1676 2142 1730 dum
2170 1692 2365 1748 corpus
2397 1690 2685 1746 mortuum,
2716 1698 2823 1736 non
2853 1684 3141 1738 secundum
3171 1687 3412 1753 spiritum
3433 1728 3448 1748 ,
3477 1702 3596 1747 eum

2015 1769 2105 1840 qui
2138 1768 2206 1824 de
2248 1785 2472 1840 corpore
2505 1771 2670 1826 fidelis
2699 1783 2753 1827 et
2790 1774 2964 1842 justus
2995 1775 3250 1828 abscedit.
3284 1776 3419 1844 Quid
3458 1777 3598 1830 enim

2015 1861 2241 1916 dicimus
2289 1865 2581 1919 secundum
2627 1881 2820 1936 corpus
2876 1877 3165 1928 mortuum,
3221 1868 3321 1920 nisi
3371 1883 3598 1935 corpore

2015 1955 2097 2008 vel
2126 1955 2177 2008 in
2222 1971 2446 2025 corpore
2470 1998 2483 2022 ,
2521 1973 2623 2010 non
2655 1957 2829 2011 anima
2859 1958 2943 2011 vel
2989 1958 3039 2011 in
3086 1958 3262 2012 anima
3291 1959 3603 2013 mortuum?

2017 2047 2121 2102 Aut
2149 2046 2192 2099 si
2223 2045 2461 2102 dicamus
2482 2089 2495 2111 ,
2527 2046 2832 2103 Secundum
2864 2063 3058 2114 corpus
3088 2057 3168 2101 est
3200 2049 3457 2118 pulcher;
3491 2057 3599 2116 aut,

2015 2138 2319 2192 Secundum
2351 2153 2544 2208 corpus
2592 2139 2778 2203 fortis,
2825 2155 2930 2193 non
2981 2139 3270 2194 secundum
3318 2142 3597 2196 animum:

2015 2228 2139 2297 quid
2173 2239 2254 2283 cst
2291 2230 2461 2294 aliud,
2497 2246 2651 2300 quam
2676 2273 2688 2292 ,
2717 2229 2952 2299 Corpore
2974 2272 2987 2296 ,
3021 2245 3126 2284 non
3169 2234 3346 2284 animo
3386 2231 3602 2300 pulcher

2016 2332 2107 2376 aut
2138 2322 2290 2376 fortis
2320 2323 2444 2377 cst?
2492 2324 2555 2377 Et
2586 2323 3044 2377 iuIIIIIIIcrabiliter
3071 2324 3138 2380 ila
3174 2324 3454 2394 loquimur.
3485 2323 3599 2377 Non

2018 2415 2199 2483 itaque
2237 2415 2312 2468 sic
2352 2413 2711 2485 intelligamus
2732 2458 2746 2481 ,
2777 2415 3050 2470 secundum
3080 2415 3350 2486 imaginem
3379 2418 3486 2483 eius
3516 2417 3602 2486 qui

2016 2507 2200 2558 creavit
2243 2523 2390 2571 eum,
2438 2507 2587 2578 quasi
2631 2507 2734 2560 alia
2784 2508 2852 2561 sit
2895 2507 3072 2580 imago
3111 2508 3402 2564 secundum
3445 2525 3602 2577 quam

2020 2608 2327 2660 renovatur,
2362 2613 2466 2653 non
2501 2599 2611 2668 ipsa
2640 2615 2757 2668 qtne
2785 2609 3088 2653 renovatur.

2088 2692 2315 2758 CAPUT
2360 2692 2522 2747 XVII.
2553 2723 2616 2731 -—
2643 2693 2732 2748 9.5.
2763 2692 2942 2764 Imago
2973 2693 3062 2746 Dei
3089 2693 3140 2747 in
3168 2703 3328 2748 mente
3353 2693 3603 2762 quomodo

2017 2794 2296 2850 renovetur,
2324 2784 2482 2838 donec
2511 2785 2731 2856 perfecta
2757 2786 2885 2840 sitin
2907 2802 2965 2838 ea
2985 2785 3264 2840 similitudo
3295 2784 3390 2839 Dei
3413 2787 3466 2839 in
3493 2787 3606 2839 bea-

2020 2879 2247 2930 titudine.
2290 2877 2428 2933 Sane
2476 2878 2572 2932 ista
2621 2878 2895 2934 renovatio
2941 2895 3044 2932 non
3094 2864 3366 2933 momento
3407 2895 3511 2934 uno
3551 2879 3608 2934 fit

2021 2969 2189 3038 ipsius
2229 2970 2630 3030 conversionis.
2672 2972 2809 3024 sicut
2855 2980 3129 3024 momento
3172 2985 3276 3024 uno
3321 2970 3380 3024 fit
3421 2970 3507 3023 illa
3553 2971 3608 3026 in

2023 3059 2064 3114 Β
2084 3061 2296 3129 Iptismo
2325 3063 2601 3115 renovatio
2629 3061 2942 3116 remissioae
2970 3061 3206 3116 omnium
3237 3070 3607 3130 peccatorum:

2023 3167 2196 3224 neque
2246 3151 2390 3206 enim
2440 3152 2522 3206 vel
2574 3168 2735 3205 unum
2783 3153 3327 3222 quaIItuluIIIcumque
3371 3161 3610 3208 remanet

2026 3244 2167 3314 quod
2209 3261 2315 3297 non
2354 3244 2674 3298 remittatur.
2721 3243 2823 3299 Sed
2855 3245 3302 3314 quemadmodum
3344 3244 3483 3300 aliud
3528 3252 3611 3300 est

2021 3351 2208 3390 carere
2248 3335 2506 3400 febribus,
2555 3334 2700 3388 aliud
2727 3335 2794 3388 ab
2839 3335 3176 3402 infirmitate,
3208 3351 3326 3407 qua:
3370 3335 3610 3391 febribus

2022 3428 2153 3482 facta
2199 3437 2317 3492 est,
2371 3426 2736 3492 revalescere;
2788 3425 3022 3496 itemque
3066 3426 3208 3481 aliud
3259 3435 3341 3481 est
3389 3425 3606 3481 infixum

2024 3521 2186 3574 telum
2235 3519 2302 3574 de
2348 3534 2575 3590 corpore
2629 3520 2881 3586 demere,
2929 3519 3069 3574 aliud
3117 3520 3307 3575 vulnus
3351 3520 3490 3592 quod
3544 3536 3607 3575 eo

2025 3613 2218 3668 factum
2247 3622 2330 3669 est
2357 3612 2588 3667 secunda
2616 3614 2892 3668 curatione
2914 3628 3104 3668 sanare
3129 3630 3140 3665 :
3172 3614 3240 3667 ita
3269 3614 3434 3681 prima
3459 3629 3606 3667 cura-

2026 3707 2099 3761 tio
2120 3715 2200 3759 est
2225 3722 2440 3761 causam
2470 3721 2748 3762 removere
2775 3707 3066 3776 languoris,
3091 3706 3229 3776 quod
3258 3722 3352 3776 per
3373 3722 3608 3760 omnium

2026 3801 2083 3853 tit
2117 3798 2496 3870 indulgentiam
2533 3808 2913 3870 peccatorum;
2955 3799 3186 3854 secunda
3219 3799 3390 3868 ipsum
3422 3813 3610 3854 sanare

2025 3889 2362 3960 languorem,
2395 3890 2536 3959 quod
2568 3889 2625 3943 fit
2656 3889 2909 3962 paulatim
2938 3890 3267 3960 proficiendo
3306 3891 3357 3945 in
3384 3906 3608 3946 renova—

2025 3982 2171 4036 tione
2217 3981 2372 4051 hujus
2418 3982 2662 4052 imaginis
2704 4001 2717 4037 :
2762 3999 2879 4053 qua:
2928 3985 3033 4039 duo
3077 3984 3514 4040 demonstrantur
3559 3985 3611 4038 in

2027 4073 2259 4137 Psalmo,
2297 4073 2383 4126 tibi
2413 4072 2636 4143 legitur,
2671 4073 2771 4138 Qui
2805 4075 3054 4144 propitius
3083 4076 3139 4143 ﬁt
3169 4076 3400 4130 omnibus
3429 4075 3612 4146 iniqui-

2025 4165 2210 4217 tatibus
2250 4164 2388 4227 tuis;
2432 4164 2569 4234 qnod
2604 4163 2661 4217 ﬁt
2694 4164 2743 4217 in
2778 4163 3047 4233 Baptismo
3078 4183 3090 4219 :
3119 4166 3311 4222 deinde
3353 4167 3608 4236 sequitur,

2029 4256 2126 4323 Qui
2153 4265 2296 4309 sanat
2329 4273 2497 4309 omnes
2541 4255 2806 4327 languores
2835 4266 2947 4309 tuos
2979 4255 3148 4326 (Psal.
3179 4273 3282 4321 CII,
3313 4257 3380 4329 ὅ)
3409 4276 3421 4325 ;
3469 4259 3608 4330 quod

2027 4346 2083 4400 tit
2112 4346 2432 4416 quotidianis
2457 4346 2783 4411 accessibus,
2808 4364 2928 4422 cum
2960 4348 3069 4401 lIa-e
3099 4353 3269 4419 imago
3296 4359 3606 4403 rCIIOVatur.

2026 4439 2101 4493 De
2127 4455 2228 4509 qua
2261 4455 2318 4492 re
2346 4440 2631 4510 Apostolus
2661 4440 2997 4510 apertissime
3027 4441 3233 4495 locutus
3260 4453 3361 4509 est,
3394 4443 3610 4500 dicens:

2027 4531 2093 4586 Et
2140 4533 2181 4584 si
2212 4532 2429 4585 exterior
2469 4532 2620 4584 homo
2664 4543 2830 4585 noster
2869 4533 3207 4602 corrumpitur
3231 4577 3243 4598 ,
3291 4535 3379 4588 sed
3408 4537 3614 4590 interior

2023 4632 2291 4676 renovatur
2319 4622 2380 4674 de
2402 4622 2483 4676 die
2508 4622 2560 4675 in
2587 4622 2718 4675 diem
2741 4623 2807 4693 (ll
2829 4623 2942 4676 Cor.
2967 4637 3039 4689 Iv,
3067 4623 3174 4695 16).
3203 4623 3486 4678 Renovatur
3515 4642 3610 4680 au-

2027 4724 2132 4770 tem
2163 4716 2214 4768 in
2244 4715 2500 4786 agnitione
2525 4714 2621 4768 Dei
2643 4756 2658 4780 ,
2683 4716 2781 4769 llOC
2817 4726 2897 4769 est
2916 4758 2930 4782 ,
2957 4717 3009 4770 in
3040 4719 3244 4788 justitia
3275 4728 3319 4770 et
3349 4719 3614 4771 sanctitate

2025 4807 2285 4870 veritatis;
2316 4809 2455 4861 sicut
2480 4821 2600 4862 sese
2626 4807 2818 4862 habent
2846 4811 3135 4879 apostolica
3167 4811 3465 4864 testimonia
3492 4826 3611 4880 qua:

2026 4898 2186 4967 paulo
2229 4907 2352 4953 ante
2399 4900 2830 4953 commemoravi.
2879 4899 2934 4952 ln
2981 4900 3250 4972 agnitione
3294 4900 3449 4970 igitur
3497 4902 3610 4969 Dei,

2021 4989 2332 5060 justitiaque
2361 4998 2414 5042 ct
2443 4988 2723 5043 sanctitate
2753 4990 2988 5044 veritatis
3009 5031 3022 5055 ,
3056 4990 3142 5057 qui
3179 4989 3245 5044 de
3275 4988 3361 5042 die
3391 4991 3437 5042 in
3472 4990 3610 5045 diem

2028 5081 2354 5152 protieicndo
2379 5091 2697 5146 renovatur,
2731 5081 2977 5136 transfert
3004 5098 3240 5136 amorem
3270 5101 3297 5136 a
3339 5092 3610 5154 tempora-

2030 5174 2170 5228 libus
2196 5173 2260 5227 ad
2292 5183 2513 5239 aeterna,
2545 5188 2575 5226 a
2604 5173 2900 5228 visibilibus
2931 5172 2994 5226 ad
3029 5174 3398 5244 intelligibilia,
3433 5189 3460 5228 a
3492 5190 3610 5229 car-

2030 5266 2238 5319 nalibus
2287 5264 2351 5318 ad
2404 5264 2738 5332 spiritualia;
2789 5271 2948 5332 atque
2996 5265 3062 5318 ab
3113 5266 3227 5318 istis
3272 5266 3612 5337 cupiditatem

2030 5359 2245 5413 frenare
2275 5369 2430 5426 atque
2463 5356 2703 5410 minuere
2725 5397 2737 5420 ,
2773 5356 2980 5426 illisque
3011 5372 3068 5412 se
3096 5357 3354 5412 cbaritate
3397 5359 3615 5430 alligare

2030 5448 2313 5518 diligenter
2343 5447 2555 5500 insistit.
2587 5445 2813 5516 Tantum
2845 5457 3024 5502 autem
3052 5447 3204 5512 facit,
3238 5459 3490 5518 quantum
3532 5449 3614 5502 di-

2030 5540 2228 5594 vinitus
2259 5536 2555 5604 adjuvatur.
2591 5535 2684 5591 Dei
2717 5537 2910 5607 quippe
2940 5539 3202 5592 sententia
3234 5548 3314 5593 est
3344 5556 3356 5592 :
3389 5538 3513 5593 Sine
3541 5556 3618 5594 me

2031 5630 2161 5685 nihil
2202 5628 2402 5698 potestis
2433 5629 2595 5696 facere
2625 5626 2808 5700 (Joan.
2840 5645 2930 5696 xv,
2962 5629 3039 5699 5).
3088 5629 3140 5684 lu
3168 5647 3272 5702 quo
3301 5632 3538 5702 profectu
3567 5641 3620 5685 et

2031 5737 2248 5779 accessu
2299 5728 2563 5773 tenentem
2613 5721 2916 5776 Mediatoris
2967 5721 3126 5777 fidem
3180 5739 3298 5776 cum
3346 5725 3459 5777 dies
3497 5724 3618 5779 vitae

2033 5815 2188 5888 hujus
2213 5812 2434 5868 ultimus
2462 5827 2727 5885 quemque
2756 5816 3110 5890 compererit,
3142 5817 3513 5888 perducendus
3551 5816 3616 5874 ad
