4104 6440
432 1526 452 1587 i

502 396 643 455 1055

502 512 673 567 Deum
700 522 861 580 quem
897 506 1090 572 coluit,
1124 513 1180 561 et
1205 504 1273 559 ab
1314 516 1380 559 eo
1406 499 1762 573 perﬁciendus
1790 499 2084 568 excipictur

504 603 575 657 ab
598 601 817 672 Angelis
852 600 1082 665 sanctis,
1110 595 1507 666 incorruptibile
1536 610 1733 665 corpus
1762 593 1815 648 in
1845 592 1949 647 ﬁne
1986 606 2088 646 saa-

501 692 609 748 culi
650 707 757 747 non
801 690 869 745 ad
909 704 1153 759 pinnam,
1182 688 1276 743 sed
1303 686 1368 741 ad
1402 686 1623 757 gloriam
1652 694 1981 755 recepturus.
2027 683 2087 737 In

502 785 606 842 hac
626 786 822 856 quippe
849 783 1079 852 imagine
1102 790 1229 836 tunc
1259 779 1493 851 perfecta
1523 781 1628 835 erit
1648 780 1742 834 Dei
1770 776 2083 845 similitudo,

501 875 712 947 quando
735 875 827 929 Dei
856 872 1090 944 perfecta
1120 873 1224 928 erit
1253 872 1404 927 visio.
1432 873 1507 927 De
1534 886 1635 942 qua
1663 871 1794 925 dicit
1814 869 2087 939 apostolus

502 969 696 1025 Paulus
736 985 749 1021 :
791 966 1030 1023 Videmus
1073 983 1206 1020 nunc
1256 983 1345 1037 per
1392 967 1652 1036 speculum
1701 966 1755 1019 in
1800 965 2083 1035 aenigmate,

500 1070 621 1117 tunc
643 1071 809 1117 autem
834 1062 964 1132 facie
988 1060 1056 1115 ad
1082 1062 1263 1133 faciem
1289 1059 1475 1133 (lCor.
1500 1076 1615 1126 xm,
1640 1059 1752 1129 12).
1780 1057 1910 1113 Item
1936 1058 2083 1124 dicit,

502 1155 614 1210 Nos
639 1165 805 1209 autem
832 1155 1049 1209 revelata
1078 1155 1206 1225 facie
1240 1154 1452 1225 gloriam
1488 1152 1691 1205 Domini
1736 1152 2079 1221 speculantes,

500 1249 555 1301 in
595 1247 820 1302 eamdem
852 1248 1122 1318 imaginem
1159 1250 1583 1317 transformamur
1608 1248 1671 1298 de
1705 1244 1868 1315 gloria
1894 1247 1945 1297 in
1971 1244 2087 1314 glo-

476 1340 660 1409 .riam,
691 1348 929 1409 tanquam
960 1356 991 1391 a
1014 1337 1219 1391 Domini
1252 1338 1433 1406 spiritu
1463 1336 1539 1408 (ll
1563 1334 1679 1391 Cor.
1706 1351 1783 1402 ιιι,
1816 1335 1952 1406 I8):
1984 1334 2087 1390 hoc

504 1440 587 1487 est
615 1432 754 1501 quod
784 1432 839 1485 ﬁt
864 1431 931 1486 de
960 1430 1047 1485 die
1075 1430 1127 1484 iu
1158 1430 1297 1484 diem
1329 1430 1462 1484 bene
1489 1428 1903 1499 proﬁcientibus.

577 1523 801 1581 CAPUT
833 1524 1019 1579 XVIII.
1042 1555 1110 1563 —
1135 1525 1224 1579 24.
1259 1524 1521 1579 Sententia
1547 1522 1762 1577 Joannis
1798 1540 1862 1576 an
1900 1521 2089 1576 intelli-

504 1618 670 1686 genda
695 1618 757 1670 de
781 1621 953 1687 futura
978 1625 1149 1671 nostra
1186 1616 1515 1669 similitudine
1548 1632 1661 1667 cum
1693 1614 1826 1668 Filio
1850 1614 1947 1667 Dei
1975 1615 2087 1683 ipsa

505 1706 654 1758 etiam
691 1707 1069 1759 immortalitate
1090 1708 1334 1777 corporis.
1382 1706 1668 1774 Apostolus
1707 1715 1881 1759 autem
1923 1704 2087 1759 Joan—

504 1812 600 1851 nes
634 1815 645 1850 :
676 1797 1020 1863 Dilectissimi,
1049 1797 1235 1867 inquit,
1264 1812 1397 1849 nunc
1422 1796 1516 1863 ﬁlii
1542 1795 1637 1849 Dei
1666 1812 1861 1858 sumus,
1891 1804 1937 1847 et
1964 1812 2089 1855 nan-

505 1889 625 1941 dum
664 1890 937 1959 apparuit,
982 1888 1103 1957 quid
1133 1890 1319 1941 erimus
1345 1904 1363 1940 :
1391 1887 1577 1940 scimus
1621 1896 1787 1939 autem
1818 1886 1935 1953 quia
1973 1902 2089 1938 cum

506 1981 821 2049 apparuerit,
854 1979 1039 2031 similes
1076 1978 1121 2031 ei
1157 1979 1362 2042 erimus,
1390 1978 1625 2047 quoniam
1666 1976 1941 2029 videbimus
1975 1992 2089 2029 eum

505 2071 653 2125 sicuti
696 2080 769 2123 est
798 2068 1027 2139 (IJoan.
1052 2085 1127 2135 ιιι,
1157 2068 1246 2138 2).
1296 2069 1431 2121 Hinc
1474 2076 1698 2137 apparet
1737 2075 1861 2120 tunc
1892 2068 1944 2121 in
1988 2068 2089 2121 ista

505 2164 732 2235 imagine
760 2164 851 2218 Dei
879 2162 994 2217 ﬁeri
1024 2162 1138 2231 ejus
1165 2162 1374 2230 plenam
1416 2160 1843 2226 similitudinem,
1876 2160 2089 2231 quando

504 2258 619 2327 ejus
654 2258 864 2327 plenam
913 2255 1210 2326 perceperit
1238 2254 1518 2309 visionem.
1570 2253 1880 2322 Quanquam
1924 2253 2090 2323 possit

505 2346 609 2403 hoc
650 2363 678 2401 a
713 2348 916 2402 Joanne
959 2349 1201 2416 apostolo
1240 2348 1399 2401 etiam
1430 2346 1497 2401 de
1538 2346 1937 2400 immortalitate
1963 2360 2084 2400 cor-

505 2440 650 2510 poris
680 2440 876 2496 dictum
903 2441 1085 2495 videri.
1122 2441 1185 2494 Et
1216 2440 1267 2493 in
1300 2440 1399 2495 hac
1439 2440 1633 2509 quippe
1660 2439 1860 2493 similes
1888 2438 2089 2495 erimus

508 2533 617 2588 Deo
636 2575 652 2601 ,
681 2534 773 2589 sed
806 2533 1171 2589 tantummodo
1203 2533 1339 2588 Filio
1358 2576 1373 2601 ,
1403 2533 1524 2604 quia
1554 2534 1701 2587 solus
1749 2534 1803 2587 iu
1831 2533 2089 2588 Trinitate

504 2641 698 2696 corpus
724 2630 959 2697 accepit,
992 2628 1044 2681 in
1070 2642 1175 2697 quo
1203 2636 1442 2682 mortuus
1473 2626 1802 2689 resurrexit,
1834 2635 1992 2696 atque
2034 2625 2089 2681 id

505 2718 570 2773 ad
611 2735 838 2789 superna
878 2721 1135 2790 pervexit.
1176 2720 1307 2774 Nam
1346 2719 1539 2774 dicitur
1577 2720 1736 2774 etiam
1776 2721 1873 2774 ista
1916 2720 2089 2787 imago

506 2810 624 2865 Filii
655 2811 767 2876 Dei,
798 2813 849 2866 in
877 2828 980 2883 qua
1015 2814 1152 2868 sicut
1185 2812 1272 2866 ille
1317 2811 1619 2867 immortale
1644 2826 1836 2881 corpus
1864 2811 2089 2867 habebi-

505 2916 658 2969 mus,
687 2901 989 2958 conlormes
1018 2902 1139 2958 facti
1170 2904 1222 2957 in
1268 2903 1366 2958 hac
1397 2911 1578 2972 parte,
1613 2919 1717 2957 non
1747 2902 1921 2957 Patris
1950 2903 2088 2957 ima-

504 2994 643 3064 ginis
670 3003 761 3048 aut
786 2994 1013 3065 Spiritus
1040 2996 1228 3063 sancti,
1258 2995 1352 3051 sed
1384 2996 1750 3050 tantummodo
1776 2996 1932 3060 Filii,
1965 2997 2088 3066 quia

505 3086 573 3141 de
618 3086 720 3141 hoc
760 3088 873 3141 solo
918 3088 1127 3158 legitur,
1175 3099 1227 3143 et
1275 3088 1379 3144 ﬁde
1423 3089 1704 3144 sanissima
1738 3091 1753 3121 ¹
1805 3091 2084 3160 accipitur,

518 3177 733 3232 Verbum
776 3195 894 3233 caro
924 3183 1113 3249 factum
1142 3191 1213 3235 est
1240 3180 1431 3252 (Joan.
1459 3198 1502 3246 ι,
1535 3181 1601 3235 14
1624 3182 1662 3250 ).
1692 3181 1919 3250 Propter
1946 3180 2088 3252 quod

509 3270 797 3339 Apostolus
828 3288 840 3325 :
876 3271 1013 3337 Quos
1042 3281 1190 3339 ante,
1236 3273 1423 3342 inquit,
1476 3273 1722 3347 prtescivit
1749 3282 1793 3326 et
1825 3273 2089 3342 praedesti-

509 3364 645 3416 navit
673 3366 952 3433 conformes
977 3364 1088 3432 ﬁeri
1116 3365 1351 3435 imaginis
1380 3363 1507 3417 Filii
1534 3365 1646 3429 sui,
1676 3373 1729 3418 ut
1755 3365 1816 3417 sit
1846 3366 1953 3434 ipse
1980 3366 2090 3435 pri-

510 3458 788 3526 mogenitus
817 3458 868 3511 in
897 3458 1070 3511 multis
1096 3457 1334 3527 fratribus
1363 3456 1537 3529 (Rom.
1566 3475 1655 3513 vm
1675 3500 1689 3525 ,
1718 3458 1839 3531 29).
1884 3458 2090 3513 Primo-

512 3550 708 3618 genitus
729 3549 908 3619 utique
928 3567 959 3603 a
982 3551 1188 3603 mortuis
1209 3549 1502 3605 secundum
1522 3550 1767 3605 eumdem
1789 3551 2091 3621 apostolum

512 3639 730 3710 (Coloss.
760 3657 797 3705 ι,
829 3643 960 3713 18),
992 3658 1095 3713 qua
1126 3652 1298 3698 morte
1333 3643 1589 3697 seminata
1632 3652 1715 3698 est
1743 3659 1867 3697 caro
1894 3645 2010 3714 ejus
2036 3644 2091 3699 in

508 3733 864 3794 contumelia.
919 3734 1211 3789 resurrexit
1258 3734 1311 3788 iu
1358 3735 1545 3804 gloria.
1598 3735 1902 3791 Secundum
1954 3736 2094 3792 hanc

513 3825 796 3896 imaginem
820 3825 961 3891 Filii,
988 3827 1073 3881 cui
1100 3841 1194 3896 per
1220 3826 1671 3880 immortalitatem
1695 3827 2094 3884 conformamur

511 3916 566 3971 in
594 3932 838 3987 corpore,
867 3917 1025 3973 etiam
1058 3917 1186 3973 illud
1211 3918 1416 3988 agimus
1438 3917 1581 3987 quod
1616 3917 1743 3972 dicit
1781 3918 1923 3974 idem
1961 3933 2091 3989 apo-

511 4010 680 4064 stolus
700 4052 714 4077 ,
747 4008 892 4065 Sicut
922 4011 1228 4079 portavimus
1272 4010 1543 4082 imaginem
1589 4012 1804 4079 terreni,
1836 4022 2093 4082 portemus

512 4113 557 4158 et
584 4105 851 4175 imaginem
878 4109 987 4177 ejus
1012 4108 1097 4179 qui
1132 4107 1194 4160 de
1221 4107 1344 4160 cwlo
1370 4116 1443 4161 est
1473 4106 1526 4178 (Ι
1551 4104 1668 4162 Cor.
1700 4123 1792 4175 xv,
1822 4108 1891 4163 45
1909 4150 1923 4175 ,
1947 4107 2050 4178 49)
2077 4126 2090 4164 :

513 4208 570 4254 ut
595 4199 799 4254 scilicet
828 4201 914 4269 qui
946 4200 1239 4255 secundum
1270 4200 1437 4255 Adam
1466 4201 1720 4255 mortales
1748 4200 1943 4255 fuimus
1966 4243 1981 4269 ,
2010 4217 2096 4256 se-

512 4290 742 4347 cundum
771 4290 1040 4346 Christum
1075 4293 1401 4347 immortales
1435 4307 1532 4347 nos
1571 4292 1808 4361 futuros,
1843 4293 1944 4348 ﬁde
1969 4308 2095 4348 vera

515 4394 570 4442 et
598 4400 693 4457 spe
717 4392 862 4441 certa
890 4384 1152 4455 ﬁrmaque
1182 4395 1473 4441 teneamus.
1502 4384 1591 4441 Sic
1615 4386 1755 4440 enim
1782 4401 1922 4441 nunc
1951 4401 2097 4441 eam-

514 4476 635 4531 dem
661 4478 941 4548 imaginem
964 4486 1175 4547 portare
1194 4492 1498 4547 possumus,
1529 4478 1762 4534 nondum
1789 4479 1843 4533 in
1864 4479 2095 4549 visione,

516 4570 609 4625 sed
649 4570 700 4625 in
732 4571 867 4638 ﬁde;
897 4570 1132 4627 nondum
1163 4572 1216 4626 in
1256 4587 1344 4640 re,
1390 4571 1485 4627 sed
1514 4572 1565 4626 in
1593 4587 1707 4642 spe.
1741 4573 1816 4627 Dc
1855 4568 2097 4642 corporis

513 4662 712 4732 quippe
734 4663 1125 4720 resurrectione
1151 4673 1275 4719 tunc
1300 4663 1616 4735 loquebatur
1636 4664 1941 4735 Apostolus,
1973 4679 2098 4720 cum

516 4752 629 4808 haec
657 4754 875 4810 diceret.

588 4846 815 4902 CAPUT
841 4846 983 4903 XIX.
1005 4878 1077 4888 —
1098 4847 1187 4903 25.
1216 4847 1440 4903 Joannes
1471 4848 1635 4918 potius
1661 4847 2014 4918 intelligendus
2038 4846 2101 4901 de

520 4942 739 5011 perfecta
760 4952 931 4995 nostra
950 4941 1281 4995 similitudine
1300 4958 1415 4995 cum
1433 4942 1679 4995 Trinitate
1696 4941 1749 4995 in
1770 4940 1869 4993 vita
1888 4948 2099 4996 (eterna.

520 5032 784 5100 Sapientia
815 5036 1032 5105 perfecta
1059 5039 1113 5087 in
1156 5033 1479 5089 beatitudine.
1512 5035 1580 5088 At
1608 5048 1737 5087 vero
1772 5033 1861 5087 illa
1903 5033 2099 5103 imago,

517 5124 583 5179 de
611 5141 712 5195 qua
745 5125 942 5179 dictum
971 5134 1050 5181 est
1072 5168 1087 5192 ,
1130 5126 1401 5180 Faciamus
1431 5127 1684 5181 hominem
1728 5126 1795 5179 ad
1833 5126 2104 5196 imaginem

518 5225 565 5271 et
586 5217 968 5270 similitudinem
988 5226 1209 5272 nostram
1234 5218 1383 5291 (Gen.
1410 5234 1447 5285 l,
1475 5216 1598 5289 26);
1629 5218 1749 5286 quia
1773 5232 1877 5272 non
1907 5218 2103 5273 dictum

522 5320 623 5373 est,
650 5308 728 5362 Ad
758 5324 951 5375 meam,
976 5310 1079 5372 vel,
1106 5310 1183 5364 Ad
1214 5319 1356 5363 tuam
1381 5326 1397 5365 :
1434 5309 1500 5364 ad
1526 5309 1809 5380 imaginem
1833 5310 2107 5365 Trinitatis

524 5400 719 5455 factum
754 5400 1023 5457 hominem
1052 5401 1320 5456 credimus
1343 5443 1357 5465 ,
1386 5410 1440 5457 et
1481 5411 1674 5473 quanta
1713 5403 1981 5472 potuimus
2022 5402 2106 5455 in-

524 5495 875 5565 vestigatione
928 5493 1449 5564 comprehendimus.
1513 5494 1581 5549 Et
1637 5494 1758 5550 ideo
1813 5493 2106 5549 secundum

528 5587 664 5643 hanc
689 5589 865 5658 potius
889 5597 942 5642 et
978 5586 1106 5641 illud
1139 5588 1537 5657 intelligendum
1568 5597 1650 5641 est
1692 5586 1833 5656 quod
1864 5588 1937 5640 ait
1976 5602 2109 5655 apo-

528 5682 696 5737 stolus
723 5681 954 5736 Joannes
974 5722 987 5744 ,
1020 5677 1221 5734 Similes
1250 5681 1295 5733 ei
1320 5681 1528 5747 erimus,
1561 5681 1801 5749 quoniam
1831 5679 2107 5735 videbimus

527 5793 640 5832 eum
670 5776 817 5829 sicuti
854 5782 969 5829 est:
996 5776 1117 5844 quia
1154 5783 1207 5830 et
1236 5773 1303 5829 de
1332 5775 1422 5828 illo
1449 5773 1613 5838 dixit,
1650 5773 1718 5829 de
1754 5788 1860 5844 quo
1903 5773 2111 5831 dixerat

587 5892 605 5924 ι
639 5890 713 5940 sic
736 5898 835 5940 Am.
862 5894 1035 5941 etuss.
1059 5893 1115 5942 At
1134 5893 1208 5939 Er.
1232 5892 1285 5939 et
1304 5892 1438 5952 Low.
1460 5886 1777 5944 sanctissima.

1626 384 1716 442 DE
1754 379 2148 449 TRINI'I‘ATE,
2185 379 2243 438 S.
2284 381 2649 442 AUGUSTINI

3643 392 3786 449 10w

2200 497 2327 553 Filii
2350 498 2441 554 Dei
2466 518 2639 556 sumus
2667 501 2687 573 (
2704 502 2721 555 Ι
2741 501 2900 557 Joan.
2928 518 3014 573 ιιι,
3043 503 3136 577 2).
3164 505 3231 562 Et
3257 506 3627 565 immortalitas
3666 525 3788 566 car-

2196 592 2278 645 nis
2318 592 2412 646 illo
2450 593 2758 663 perﬁcietur
2785 606 3056 652 momento
3086 601 3495 656 resurrectionis
3517 645 3533 670 ,
3570 602 3637 658 de
3676 620 3789 675 quo

2195 684 2267 738 ait
2292 687 2564 755 apostolus
2598 688 2815 757 Paulus,
2839 689 2904 744 In
2928 691 3032 745 ictu
3061 693 3217 761 oculi,
3247 694 3300 747 in
3329 696 3601 750 novissima
3640 698 3783 765 tuba,

2194 788 2241 832 et
2283 783 2469 834 mortui
2510 793 2770 854 resurgent
2816 785 3137 857 incorrupti;
3185 796 3230 841 et
3274 806 3366 843 nos
3406 790 3788 847 immutabimur

2196 869 2248 940 (Ι
2273 869 2388 925 Cor.
2417 888 2510 937 xv,
2535 874 2651 945 52).
2681 875 2737 929 In
2771 876 2889 945 ipso
2918 892 3148 947 namque
3176 878 3283 932 ictu
3314 880 3451 934 oculi
3482 892 3605 936 ante
3635 882 3786 951 judi-

2194 965 2333 1019 cium
2360 977 2602 1037 resurget
2646 969 2697 1023 in
2727 971 2921 1025 virtute
2943 1012 2957 1035 ,
2986 972 3039 1024 in
3068 972 3500 1042 incorruptione,
3534 975 3584 1027 in
3613 977 3787 1045 gloria

2195 1071 2388 1127 corpus
2412 1060 2704 1125 spirituale,
2731 1062 2874 1131 quod
2897 1078 3038 1117 nunc
3058 1063 3352 1119 seminatur
3372 1066 3425 1119 in
3453 1065 3783 1137 inﬁrmitate,

2194 1159 2555 1219 corruptione,
2586 1154 2907 1207 contumelia
2936 1168 3129 1223 corpus
3156 1156 3406 1211 animale.
3449 1157 3625 1228 Imago
3652 1174 3789 1215 vero

2193 1256 2310 1311 quae
2335 1252 2619 1298 renovatur
2645 1246 2696 1299 in
2720 1246 2907 1315 spiritu
2935 1248 3128 1301 mentis
3160 1248 3210 1301 in
3240 1249 3508 1318 agnitione
3534 1251 3647 1315 Dei,
3674 1267 3785 1306 non

2194 1335 2448 1401 exterius,
2479 1336 2571 1390 sed
2604 1337 2827 1392 interius
2852 1339 2917 1392 de
2944 1339 3029 1393 die
3056 1340 3107 1393 in
3139 1340 3277 1395 diem
3297 1384 3311 1405 ,
3336 1343 3447 1411 ipsa
3476 1344 3788 1411 perﬁcietur

2193 1426 2417 1491 visione,
2449 1443 2568 1496 qu:c
2598 1437 2724 1483 tunc
2753 1430 2853 1483 erit
2882 1440 2999 1499 post
3018 1432 3278 1499 judicium
3307 1432 3442 1489 facie
3467 1436 3532 1488 ad
3562 1434 3781 1503 faciem,

2194 1532 2333 1570 nunc
2363 1527 2539 1573 autem
2570 1521 2778 1589 proﬁcit
2811 1538 2904 1591 per
2940 1525 3217 1592 speculum
3250 1527 3301 1580 in
3332 1529 3611 1597 :cnigmate
3653 1528 3782 1599 (Id.

2192 1623 2307 1672 xm,
2334 1609 2443 1680 12).
2483 1612 2706 1679 Propter
2742 1615 2891 1683 cujus
2931 1618 3311 1684 perfectionem
3350 1620 3548 1674 dictum
3589 1622 3788 1678 intelli-

2194 1701 2424 1770 gendum
2453 1713 2553 1767 est,
2580 1704 2784 1758 Similes
2811 1708 2855 1759 ei
2883 1709 3086 1774 erimus,
3111 1712 3345 1779 quoniam
3372 1713 3646 1767 videbimus
3670 1730 3787 1769 eum

2193 1794 2341 1847 sicuti
2368 1804 2457 1848 est.
2492 1796 2603 1851 Iloc
2630 1799 2771 1851 enim
2801 1799 2998 1854 donum
3027 1802 3043 1831 ί
3071 1810 3194 1856 tunc
3224 1804 3377 1857 nobis
3403 1805 3633 1872 dabitur,
3662 1822 3786 1862 cum

2194 1885 2395 1940 dictum
2437 1886 2589 1942 fuerit
2612 1931 2626 1954 ,
2669 1888 2869 1955 Venite,
2901 1890 3145 1945 benedicti
3173 1892 3343 1946 Patris
3373 1898 3502 1959 mei,
3538 1898 3789 1965 possidete

2195 1988 2429 2047 paratum
2458 1980 2593 2032 vobis
2622 1998 2830 2051 regnum
2860 1981 3069 2052 (Matth.
3105 2000 3232 2049 xxv,
3267 1986 3382 2054 54).
3413 1986 3559 2039 Tunc
3588 1990 3789 2058 quippe

2197 2074 2412 2127 tolletur
2439 2074 2651 2143 impius,
2678 2084 2735 2129 ut
2761 2092 2865 2128 non
2884 2077 3057 2130 videat
3079 2078 3377 2131 claritatem
3398 2080 3607 2134 Domini
3629 2081 3786 2151 (lsai.

2194 2180 2346 2229 xxvi,
2376 2164 2507 2234 10),
2538 2165 2749 2234 quando
2783 2166 2933 2220 ibunt
2963 2168 3164 2221 sinistri
3196 2172 3246 2222 in
3279 2171 3598 2239 supplicium
3628 2182 3790 2229 teter-

2195 2272 2355 2322 num,
2402 2257 2646 2311 euntibus
2702 2258 2901 2313 dextris
2963 2260 3015 2313 in
3063 2261 3222 2313 vitam
3269 2270 3521 2316 :cternam
3569 2263 3786 2337 (Matth.

2195 2363 2326 2412 xxv,
2356 2346 2468 2421 46).
2494 2347 2620 2402 Hcec
2642 2359 2715 2403 est
2743 2359 2930 2417 autem,
2956 2352 3093 2405 sicut
3116 2351 3431 2418 aithritas,
3458 2356 3553 2407 vita
3572 2365 3788 2422 (eterna,

2195 2450 2250 2493 ut
2276 2451 2581 2511 cognoscant
2610 2451 2655 2495 te
2676 2483 2690 2507 ,
2720 2444 2920 2511 inquit,
2951 2462 3107 2497 unum
3134 2462 3302 2499 verum
3323 2445 3485 2499 Deum
3506 2486 3520 2514 ,
3548 2458 3597 2501 et
3635 2465 3789 2521 quem

2200 2534 2379 2586 misisti
2400 2531 2577 2586 Jesum
2601 2530 2863 2588 Christum
2891 2533 3070 2604 (Joan.
3099 2553 3229 2603 xvn,
3258 2537 3337 2607 5).

2265 2624 2354 2678 ‘26.
2397 2624 2542 2679 llanc
2579 2626 3045 2695 contemplativam
3084 2628 3431 2696 sapientiam,
3466 2645 3623 2699 quam
3658 2646 3789 2701 pro-

2195 2718 2309 2787 prie
2338 2726 2463 2786 puto
2492 2717 2544 2772 in
2570 2718 2785 2773 Litteris
2815 2723 3014 2774 sanctis
3042 2736 3072 2774 a
3103 2722 3323 2776 scientia
3365 2722 3665 2779 distinctam
3698 2741 3791 2780 sa-

2194 2809 2449 2878 pientiam
2477 2810 2803 2879 nuncupari,
2834 2810 3091 2865 duntaxat
3121 2812 3351 2867 hominis
3372 2856 3386 2877 ,
3412 2830 3531 2884 quae
3572 2816 3791 2886 quidem

2193 2901 2269 2955 illi
2300 2917 2402 2954 non
2430 2911 2543 2967 est,
2576 2903 2678 2955 nisi
2710 2902 2777 2955 ab
2804 2903 2892 2955 illo
2917 2904 3065 2973 cujus
3095 2905 3493 2973 participatione
3533 2924 3660 2963 vere
3699 2925 3793 2963 sa-

2194 2992 2346 3061 piens
2396 2993 2507 3046 licri
2559 3008 2711 3047 mens
2757 2994 3029 3047 rationalis
3076 3004 3129 3049 ct
3174 2996 3543 3053 intellectualis
3590 3009 3791 3070 potest,

2195 3082 2381 3138 Cicero
2420 3085 2802 3139 commendans
2852 3086 2902 3139 in
2949 3085 3053 3139 ﬁne
3097 3087 3290 3157 dialogi
3326 3088 3633 3145 Hortensii:
3664 3092 3797 3156 Quae

2194 3175 2357 3243 nobis,
2382 3176 2570 3247 inquit,
2596 3177 2701 3231 dies
2723 3186 2991 3248 noctesque
3010 3179 3461 3247 considerantibus,
3480 3182 3794 3238 acuentibus-

2194 3285 2291 3338 que
2326 3269 2734 3338 intelligentiam,
2764 3286 2876 3339 qua:
2905 3278 2975 3323 est
3014 3271 3189 3324 mentis
3215 3272 3347 3324 acies
3367 3314 3380 3338 ,
3408 3275 3795 3345 caventibusque

2195 3378 2259 3415 ne
2286 3362 2487 3432 quando
2524 3362 2615 3415 illa
2642 3362 2903 3430 hebescat,
2932 3364 2987 3416 id
3016 3375 3120 3432 est,
3153 3366 3203 3418 in
3232 3366 3557 3437 philosophia
3582 3369 3795 3421 viventi-

2196 3455 2289 3509 bus
2316 3471 2501 3526 magna
2526 3472 2639 3524 spes
2660 3466 2752 3523 est,
2779 3466 2869 3509 aut
2894 3458 2937 3510 si
2962 3459 3055 3511 hoc
3079 3459 3214 3526 quod
3236 3459 3478 3513 sentimus
3499 3468 3544 3512 et
3564 3461 3795 3529 sapimus

2196 3548 2411 3601 mortale
2436 3557 2483 3601 et
2513 3548 2761 3601 caducum
2789 3558 2883 3615 est,
2907 3549 3193 3619 jucundum
3217 3549 3359 3604 nobis
3384 3552 3659 3621 perfunctis
3681 3568 3797 3605 mu-

2197 3638 2398 3693 neribus
2434 3638 2669 3691 humanis
2701 3654 2970 3703 occasum,
3004 3656 3162 3708 neque
3201 3641 3459 3693 molestam
3496 3642 3793 3695 exstinctio-

2198 3746 2310 3781 nem
2332 3771 2346 3795 ,
2386 3738 2432 3782 et
2470 3730 2615 3796 quasi
2652 3730 2864 3798 quietem
2904 3730 3018 3783 vitae
3061 3730 3169 3799 fore
3193 3746 3213 3785 :
3238 3740 3324 3784 aut
3366 3732 3444 3799 si,
3476 3742 3528 3785 ut
3574 3733 3796 3801 antiquis

2198 3823 2513 3893 philosOphis
2539 3823 2711 3892 hisque
2735 3824 2968 3877 maximis
2995 3823 3237 3894 longeque
3261 3824 3554 3879 clarissimis
3578 3826 3791 3894 placuit,

2198 3924 2408 3968 a’ternos
2438 3915 2632 3967 animos
2661 3930 2721 3966 ac
2752 3914 2946 3967 divinos
2978 3914 3215 3967 habemus
3236 3956 3250 3980 ,
3292 3916 3363 3968 sic
3403 3915 3797 3970 existimandum

2199 4018 2292 4073 est,
2316 4024 2413 4078 quo
2437 4009 2595 4078 magis
2626 4009 2679 4061 hi
2708 4008 2895 4076 fuerint
2922 4025 3117 4077 semper
3144 4010 3196 4061 in
3222 4025 3311 4061 suo
3338 4025 3509 4075 cursu,
3538 4010 3592 4061 id
3616 4018 3709 4073 est,
3741 4010 3798 4063 in

2199 4102 2395 4155 ratione
2423 4111 2468 4155 et
2495 4100 2827 4171 investigandi
2856 4101 3161 4170 cupiditate,
3190 4110 3235 4153 et
3274 4117 3371 4171 quo
3412 4102 3577 4155 minus
3613 4117 3667 4155 se
3694 4102 3797 4154 ad-

2200 4194 2486 4245 miscuerint
2522 4202 2669 4261 atque
2695 4194 3033 4261 implicuerint
3074 4194 3335 4246 hominum
3375 4194 3505 4247 vitiis
3533 4202 3577 4245 et
3603 4194 3797 4246 errori-

2201 4284 2320 4352 bus,
2351 4284 2444 4336 hoc
2484 4284 2563 4337 his
2604 4286 2881 4355 faciliorem
2908 4301 3169 4338 ascensum
3198 4296 3245 4338 et
3272 4285 3480 4337 reditum
3519 4285 3570 4336 in
3608 4284 3800 4338 caalum

2202 4382 2330 4449 fore.
2362 4376 2562 4431 Deinde
2599 4376 2801 4431 addens
2834 4376 2967 4431 hanc
2996 4377 3163 4446 ipsam
3194 4378 3481 4431 clausulam
3504 4418 3516 4439 ,
3547 4385 3803 4444 repeten-

2201 4468 2376 4541 doque
2420 4484 2722 4523 sermonem
2769 4469 3000 4523 ﬁniens’
3038 4488 3051 4523 :
3095 4468 3447 4540 Quapmpter,
3494 4469 3697 4539 inquit,
3742 4478 3802 4523 ut

2202 4560 2477 4633 aliquando
2508 4563 2799 4617 terminetur
2826 4563 3015 4627 oratio,
3045 4563 3087 4614 si
3117 4571 3205 4614 aut
3233 4562 3483 4631 exstingui
3527 4561 3803 4630 tranquille

2204 4656 2453 4721 volumus,
2488 4672 2600 4709 cum
2626 4656 2679 4708 in
2709 4655 2787 4709 his
2813 4655 3003 4708 artibus
3026 4655 3296 4708 vixerimus
3316 4695 3332 4721 ,
3360 4663 3448 4706 aut
3472 4655 3517 4707 si
3542 4671 3605 4707 ea:
3628 4654 3722 4705 hac
3746 4655 3802 4707 in

2205 4751 2358 4804 aliam
2386 4750 2523 4802 haud
2548 4751 2700 4820 paulo
2726 4750 2981 4803 meliorem
3004 4749 3210 4801 domum
3238 4750 3347 4803 sine
3370 4764 3513 4801 mora
3542 4748 3803 4815 demigra-

2206 4860 2278 4907 re,
2301 4845 2353 4896 in
2379 4844 2456 4896 his
2482 4844 2661 4897 studiis
2687 4843 2828 4897 nobis
2854 4844 3015 4897 onmis
3042 4859 3195 4911 opera
3226 4852 3271 4895 ct
3298 4860 3418 4895 cura
3444 4842 3679 4912 ponenda
3701 4852 3796 4896 est.

2208 4940 2306 4996 Hic
2333 4941 2497 4993 miror
2525 4939 2792 4993 hominem
2826 4938 2954 4992 tanti
2987 4938 3181 5008 ingenii
3205 4980 3219 5004 ,
3248 4935 3542 5007 perfunctis
3571 4938 3806 4990 muneri-

2208 5035 2308 5090 bus
2337 5033 2617 5097 humanis,
2652 5031 2955 5086 hominibus
2999 5031 3052 5085 in
3101 5030 3434 5100 philosophia
3481 5029 3806 5093 viventibus,

2211 5143 2328 5198 qua:
2356 5126 2805 5195 contemplatione
2834 5124 3072 5179 veritatis
3101 5124 3285 5179 beatos
3324 5123 3480 5189 facit,
3510 5122 3813 5192 jucundum

2214 5220 2524 5291 promittere
2550 5234 2819 5283 occasum,
2847 5221 2890 5271 si
2921 5219 3021 5272 hoc
3044 5218 3182 5287 quod
3213 5218 3471 5272 sentimus
3497 5226 3550 5270 et
3570 5216 3811 5283 sapimus

2214 5315 2436 5369 mortale
2465 5324 2515 5367 et
2541 5313 2795 5367 caducum
2824 5320 2905 5365 est
2932 5329 2943 5364 :
2972 5311 3123 5381 quasi
3151 5311 3252 5365 hoc
3275 5309 3533 5363 moriatur
3563 5318 3617 5361 et
3644 5308 3811 5360 inter-

2216 5409 2356 5463 cidat
2384 5407 2523 5477 quod
2556 5422 2657 5460 nou
2687 5406 3056 5476 diligebamus,
3084 5404 3167 5457 vel
3199 5404 3371 5473 potius
3395 5401 3535 5471 quod
3557 5400 3812 5453 atrociter

2216 5501 2521 5565 oderamus,
2554 5508 2611 5553 ut
2636 5498 2901 5569 jucundus
2927 5497 3081 5551 nobis
3107 5496 3175 5551 sit
3198 5496 3311 5565 ejus
3340 5510 3582 5548 occasus.
3606 5491 3812 5547 Verum

2218 5594 2320 5647 hoc
2340 5610 2443 5646 non
2467 5592 2724 5645 didicerat
2745 5607 2775 5644 a
2799 5589 3151 5659 philosophis,
3174 5602 3307 5658 quos
3332 5586 3538 5656 magnis
3565 5584 3812 5639 laudibus

2219 5686 2503 5758 pricdicat;
2537 5684 2631 5739 sed
2653 5700 2719 5738 ex
2749 5683 2834 5736 illa
2862 5696 2997 5736 nova
3025 5679 3310 5735 Academia
3333 5721 3347 5745 ,
3373 5677 3462 5733 ubi
3489 5677 3539 5734 ei
3565 5675 3808 5735 dubitare

2283 5822 2300 5853 ¹
2337 5817 2552 5868 Nonnulli
2573 5824 2701 5875 Mss,
2727 5815 2913 5865 bonum.

2286 5885 2307 5917 ι
2338 5890 2466 5945 uss,
2482 5872 2754 5944 repetendo,
2778 5888 3135 5942 sermonemque
3146 5872 3336 5938 ﬁniens.
