4104 6502
300 429 443 489 1057

303 543 464 600 etiam
495 539 562 595 de
585 537 744 594 rebus
771 536 1216 594 manifestissimis
1243 534 1463 608 placuit,
1496 540 1594 596 ista
1619 541 1882 596 sententia

305 631 600 690 redolebat.
627 631 668 684 Α
696 629 1028 700 phil050phis
1055 639 1252 696 autem,
1279 629 1415 685 sicut
1444 631 1558 702 ipse
1579 632 1882 700 conﬁtetur,

306 725 540 780 maximis
570 723 810 796 longeque
835 724 1142 790 clarissimis,
1173 729 1403 780 teternos
1427 725 1633 781 animos
1658 741 1776 782 esse
1801 741 1888 780 ac-

305 825 539 887 ceperat.
563 815 774 872 Etcrni
800 815 995 886 quippe
1019 816 1178 870 animi
1205 830 1308 870 non
1335 816 1768 873 inconvenienter
1789 817 1890 872 hac

307 909 679 966 exhortatione
705 908 1024 976 excitantur,
1057 916 1114 962 ut
1141 907 1194 962 in
1225 923 1322 964 suo
1350 923 1510 964 cursu
1537 909 1888 978 reperiantur,

308 1015 428 1056 cum
454 999 661 1056 venerit
684 1000 806 1054 vitzze
830 998 985 1070 hujus
1014 1007 1344 1066 extremum,
1387 998 1438 1054 id
1465 1007 1579 1065 est,
1614 999 1664 1052 in
1691 999 1894 1054 ratione

310 1105 363 1152 et
391 1093 742 1166 investigandi
779 1093 1104 1164 cupiditate,
1144 1091 1425 1162 minusque
1465 1107 1525 1148 se
1567 1091 1896 1147 admisceant

1469 424 1676 482 LIBER
1711 423 2011 494 QUINTUS
2049 421 2365 480 DECIMUS.

3431 427 3568 482 1053

1990 546 2147 609 atque
2177 536 2450 606 implicent
2493 534 2768 590 hominum
2811 534 2952 592 vitiis
2982 543 3035 591 et
3060 538 3360 604 erroribus,
3401 551 3459 596 ut
3497 548 3576 596 eis

1991 629 2196 685 facilior
2238 629 2308 683 sit
2349 642 2622 700 regressus
2667 627 2734 682 ad
2779 627 2967 684 Deum.
3011 628 3112 686 Sed
3145 631 3244 686 iste
3268 647 3454 688 cursus
3483 634 3574 704 qui

1994 721 2334 777 constituitur
2361 720 2414 774 in
2455 735 2636 775 amore
2674 727 2834 790 atque
2877 720 3277 792 investigatione
3313 725 3576 792 veritatis,

1996 831 2104 870 non
2130 815 2328 870 sufﬁcit
2351 815 2582 884 miseris,
2608 816 2660 872 id
2687 825 2787 883 est,
2816 817 3062 874 omnibus
3089 833 3208 876 cum
3235 819 3334 875 ista
3357 820 3469 877 sola
3498 836 3584 876 ra-

2001 910 2146 964 tione
2173 909 2485 966 mortalibus
2515 910 2629 966 sine
2661 909 2764 966 ﬁde
2789 911 3092 968 Mediatoris
3119 931 3134 968 :
3163 913 3304 984 quod
3343 914 3398 970 in
3435 915 3586 970 libris

2000 989 2364 1072 superioribus
2387 1002 2544 1074 hujus
2567 1005 2767 1074 operis,
2797 1006 3026 1062 maxime
3055 1006 3108 1062 in
3135 1016 3328 1078 quarto
3351 1017 3406 1066 et
3431 1010 3588 1066 tertio

2002 1091 2230 1160 decimo,
2263 1103 2520 1164 quantum
2549 1095 2717 1166 potui,
2749 1095 3118 1154 demonstrare
3145 1099 3349 1155 curavi.

882 1324 1357 1435 LIBER
1442 1323 2139 1452 QUINTUS
2220 1323 2969 1436 DECIMUS.

265 1508 278 1542 ξ
377 1517 626 1586 Principio,
651 1510 1066 1586 quidin'singulis
1081 1508 1964 1586 quattuordecimsupeirim-ibuslibris
1992 1509 2174 1586 dictum
2195 1509 2306 1586 sit,
2319 1509 2521 1586 exponit
2541 1510 2762 1584 breviter
2793 1522 2850 1560 ac
2877 1513 3171 1586 summatim,
3210 1514 3594 1586 eoque_demurn

313 1571 1018 1648 pervenisse'disputationém
1032 1571 1195 1648 docet,
1221 1572 1627 1648 nutritum-siquae
1650 1578 1785 1648 locus
1799 1579 1894 1648 est,
1909 1571 2008 1648 jam
2029 1572 2217 1648 iniipsis
2235 1572 2387 1648 rebus
2409 1573 2624 1648 aeternis,
2648 1572 3028 1648 incorporalibus
3047 1582 3098 1648 et
3121 1571 3518 1648 immutiiliilihus,
3543 1578 3596 1626 in

315 1634 516 1704 quarum
543 1634 758 1702 perl'eeia
780 1634 1190 1704 contemplatione
1212 1635 1350 1704 nobis
1372 1635 1514 1704 beata
1539 1634 1634 1704 vita
1659 1634 1970 1704 promittitur,
1995 1634 2280 1704 inquiratur.
2305 1639 2431 1704 Hane
2454 1646 2572 1684 vero
2591 1635 2871 1704 Trinitatem
2894 1636 3106 1686 ostendit
3126 1637 3207 1687 hic
3229 1637 3378 1687 videri
3403 1651 3432 1686 a
3455 1634 3598 1688 nobis

313 1695 653 1770 tanquamper
673 1695 1003 1770 speculignet
1025 1698 1074 1770 in
1099 1698 1390 1770 ωιιὶςιιιθιεξ³
1413 1695 1529 1770 dum
1551 1695 2140 1770 videturperjmaginern
2157 1696 2248 1768 _l)ei
2263 1731 2276 1754 ,
2301 1695 2430 1768 quod
2453 1709 2542 1744 nos
2557 1708 2752 1768 sumus,
2777 1697 2916 1770 ιιι-ἱρὴ
2945 1697 3258 1747 similitudine
3297 1699 3502 1748 obscura
3541 1705 3596 1749 et

315 1764 374 1812 ad
399 1757 784 1825 perspiciendum
804 1757 1012 1825 diﬁicili._
1027 1760 1098 1808 sic
1124 1766 1176 1808 et
1198 1757 1262 1806 ex
1285 1757 1436 1825 verbo
1459 1757 1645 1825 mentis
1661 1763 1837 1825 nostrae
1861 1757 2006 1806 verbi
2022 1757 2170 1806 divini
2182 1757 2594 1825 generationem,
2609 1757 2798 1825 nonnisi
2821 1757 3096 1825 difﬁculter,
3135 1766 3333 1822 propter
3351 1773 3465 1825 eam
3487 1773 3598 1824 quae

317 1818 1570 1900 illiéi‘.“i’l‘lmllle,X‘i’k‘193_i339‘1‘i§§‘?ﬁllsf’ria"§§
1597 1818 1854 1900 Ξ¹Ῐ⁵Ρ³¹³Ξὲ³⁵
1887 1831 2032 1892 fluam
2064 1820 2274 1900 "1mm
2288 1832 2310 1900 ἲ.
2341 1824 2394 1900 εξ
2434 1831 2500 1869 ex
2529 1818 2792 1870 ἀηθοιίουθ
2811 1832 2921 1884 quae
2955 1831 2985 1870 a
3023 1818 3269 1872 voluhtaie
3304 1818 3600 1886 adiungitur,

317 1887 519 1950 Spiritus
550 1878 702 1936 sancti
725 1886 1092 1948 processionem
1112 1881 1286 1944 conjici
1306 1889 1573 1960 utcumque
1595 1886 1647 1930 et
1669 1878 2070 1943 explitniri'posse
2091 1880 2407 1932 demonstrat.

1718 2009 2192 2066 W

394 2138 620 2196 CAPUT
657 2135 944 2195 PRIMUM.
978 2163 1050 2176 —-
1073 2135 1129 2191 1.
1164 2134 1341 2202 Supra
1367 2139 1582 2187 mentem
1609 2129 1769 2189 Deus.
1800 2129 1912 2184 Vo-

325 2234 498 2291 lentes
522 2233 576 2288 in
602 2232 759 2288 rebus
779 2246 898 2302 quae
920 2229 1074 2285 facta:
1099 2236 1225 2284 sunt
1247 2227 1312 2282 ad
1333 2224 1762 2298 cognoscendum
1788 2237 1915 2277 eum

327 2343 356 2382 a
383 2343 490 2397 quo
515 2326 666 2380 factae
691 2331 836 2391 sunt,
860 2337 1112 2379 exercere
1139 2321 1416 2385 lectorem,
1441 2318 1549 2390 jam
1578 2315 1915 2387 pervenimus

328 2418 394 2474 ad
422 2417 538 2488 ejus
565 2417 847 2486 imaginem
869 2457 883 2480 ,
908 2413 1047 2485 quod
1075 2420 1158 2468 est
1185 2412 1377 2478 homo,
1409 2410 1462 2464 in
1491 2423 1556 2465 eo
1583 2423 1688 2479 quo
1711 2405 1918 2462 caeteris

329 2508 649 2564 animalibus
678 2505 966 2572 antecellit,
1007 2504 1060 2560 id
1089 2511 1172 2560 est
1197 2503 1406 2558 ratione
1435 2501 1518 2556 vel
1549 2499 1916 2570 intelligentia,

329 2609 385 2656 et
409 2597 662 2670 quidquid
688 2597 830 2652 aliud
869 2597 936 2652 de
963 2596 1138 2651 anima
1167 2592 1416 2649 rationali
1453 2592 1536 2647 vel
1575 2588 1920 2646 intellectuali

330 2691 436 2747 dici
481 2699 684 2762 potest,
732 2688 874 2760 quod
920 2688 1183 2758 pertineat
1227 2685 1294 2740 ad
1332 2701 1450 2740 eam
1481 2699 1595 2739 rem
1623 2699 1742 2753 quze
1766 2694 1921 2736 mens

329 2792 554 2840 vocatur
589 2783 678 2839 vel
715 2783 945 2836 animus.
987 2779 1104 2846 Quo
1143 2777 1360 2832 nomine
1402 2775 1642 2830 nonnulli
1680 2782 1923 2830 auctores

332 2875 530 2946 linguae
561 2875 759 2941 latinae,
791 2873 845 2928 id
870 2871 1012 2942 quod
1039 2871 1254 2926 excellit
1281 2869 1335 2923 in
1361 2868 1597 2932 homine,
1627 2874 1681 2922 et
1709 2881 1814 2920 non
1841 2873 1924 2920 est

335 2970 392 3026 in
417 2985 632 3040 pecore,
661 2969 728 3023 ab
753 2969 929 3024 anima
955 2981 1072 3037 quae
1101 2965 1240 3020 inest
1265 2971 1317 3018 et
1343 2962 1543 3032 pecori,
1574 2975 1671 3015 suo
1692 2958 1922 3030 quodam

335 3061 586 3132 loquendi
607 3075 756 3116 more
776 3059 1126 3130 distinguunt.
1149 3055 1318 3126 Supra
1341 3054 1478 3108 hanc
1497 3067 1626 3123 ergo
1653 3059 1922 3116 naturam,

334 3154 382 3209 si
413 3154 699 3224 quaerimus
725 3151 919 3222 aliquid
941 3193 953 3216 ,
983 3159 1038 3204 et
1070 3163 1255 3204 verum
1293 3147 1582 3217 qumrimus
1601 3187 1616 3212 ,
1652 3145 1794 3200 Deus
1820 3150 1922 3210 est,

336 3253 528 3301 natura
555 3245 758 3300 scilicet
795 3259 898 3297 non
929 3249 1136 3308 creata,
1170 3238 1264 3294 sed
1303 3239 1552 3294 creatrix.
1587 3237 1716 3304 Quae
1745 3243 1926 3292 utrum

338 3340 409 3395 sit
433 3331 814 3404 Trinitasfnon
843 3336 1014 3391 solum
1041 3333 1404 3398 credentibus,
1429 3331 1620 3386 divinae
1643 3328 1930 3398 Scriptum

339 3431 692 3495 auctoritate;
735 3411 918 3482 verum
959 3427 1118 3482 etiam
1155 3423 1602 3494 intelligentibus,
1635 3421 1844 3490 aliqua,
1886 3418 1932 3474 si

341 3537 659 3596 possumus,
708 3522 915 3576 ratione
955 3521 1064 3589 jam
1103 3518 1472 3572 demonstrare
1509 3515 1786 3568 debemus.
1828 3512 1932 3566 Cur

341 3603 540 3684 autem,
569 3617 625 3672 Si
649 3630 932 3686 possumus
950 3613 1198 3676 dixerim,
1218 3626 1304 3665 res
1326 3611 1438 3680 ipsa
1467 3623 1590 3664 cum
1618 3605 1788 3678 quaeri
1814 3604 1926 3659 dis-

341 3709 578 3780 putando
602 3707 845 3775 cmperit,
875 3704 1066 3759 melius
1097 3701 1368 3756 indicabit.

415 3798 638 3855 CAPUT
677 3798 740 3854 II.
783 3827 854 3837 —
894 3797 948 3850 2.
997 3794 1134 3848 Deus
1183 3788 1700 3862 incomprehensibilis
1741 3803 1934 3859 semper

344 3893 664 3964 quazrendus.
714 3889 974 3943 Trinitatis
1020 3887 1228 3957 uestigia
1268 3901 1370 3938 non
1396 3884 1584 3954 frustra
1632 3881 1842 3952 quaesita
1883 3879 1938 3932 in

345 3997 600 4042 creatura.
628 3984 768 4038 Deus
793 3983 988 4052 quippe
1015 3981 1129 4050 ipse
1155 3993 1312 4048 quem
1338 3977 1628 4046 qumrimus
1647 3972 1935 4043 adiuvabit,

347 4089 406 4133 ut
436 4091 615 4148 spero,
645 4091 714 4129 ne
752 4075 820 4128 sit
849 4071 1210 4126 infructuosus
1242 4069 1390 4122 labor
1417 4075 1628 4130 noster,
1657 4074 1710 4118 et
1741 4063 1939 4117 intelli-

347 4185 536 4242 gamus
563 4165 1010 4239 quemadmodum
1055 4163 1252 4218 dictum
1295 4161 1365 4216 sit
1402 4161 1456 4214 in
1495 4158 1710 4213 Psalmo
1747 4171 1938 4210 sacro:

349 4262 573 4317 Laetetur
597 4276 684 4314 cor
707 4257 1034 4326 qum-entiam
1063 4253 1335 4307 Dominum
1361 4268 1380 4305 :
1409 4250 1616 4322 quierite
1641 4246 1938 4312 Dominum,

352 4362 400 4408 et
423 4349 797 4422 confirmamini
815 4363 835 4412 ;
857 4347 1065 4418 quwrite
1088 4346 1270 4417 facient
1293 4345 1398 4414 ejus
1421 4359 1615 4412 semper
1636 4339 1805 4410 (Psal.
1830 4353 1937 4404 CIV,

353 4447 410 4512 5,
433 4447 514 4517 4).
539 4443 760 4497 Videtur
779 4441 945 4504 enim,
969 4437 1111 4508 quod
1137 4453 1348 4506 semper
1369 4435 1644 4506 quaeritur,
1673 4447 1944 4502 nunquam

353 4537 582 4595 inveniri
612 4555 625 4592 :
651 4545 706 4591 et
729 4533 998 4606 quomodo
1031 4531 1140 4602 jam
1177 4529 1474 4596 laetabitur,
1521 4537 1575 4583 et
1619 4541 1726 4580 non
1769 4525 1946 4594 potius

355 4631 758 4690 contristabitur
787 4643 881 4684 cor
909 4626 1258 4697 quaerentium
1281 4665 1296 4690 ,
1328 4623 1372 4676 si
1408 4636 1513 4676 non
1556 4619 1822 4689 potuerint
1863 4618 1946 4672 in-

357 4728 542 4784 venire
564 4723 707 4796 quod
733 4719 1016 4793 qumrunt?
1043 4718 1158 4773 Non
1190 4716 1330 4771 enim
1358 4715 1450 4776 ait,
1493 4713 1715 4767 Laztetur
1738 4729 1826 4766 cor
1863 4711 1946 4765 in—

357 4815 684 4874 venientium
707 4831 722 4879 ;
750 4812 864 4878 sed,
887 4809 1217 4881 quwrentium
1239 4805 1532 4860 Dominum.
1555 4804 1620 4858 Et
1645 4811 1822 4857 tamen
1845 4802 1951 4856 Do-

357 4913 562 4966 minum
591 4908 764 4963 Deum
801 4902 1026 4959 inveniri
1059 4915 1213 4970 posse
1242 4899 1367 4953 dum
1397 4897 1688 4967 quaeritur,
1723 4903 1954 4950 testatur

358 5003 524 5060 Isaias
549 4999 828 5072 propheta,
851 4995 977 5050 dum
1001 4994 1130 5049 dicit
1153 5011 1166 5045 :
1195 4992 1416 5059 Quaerite
1438 4991 1738 5056 Dominum,
1762 4997 1807 5042 et
1833 5005 1953 5044 mea:

358 5105 418 5150 ut
459 5092 776 5156 inveneritis,
805 5089 1034 5142 inuocate
1069 5101 1180 5138 eum
1206 5101 1224 5137 :
1252 5094 1296 5137 et
1325 5100 1442 5136 cum
1471 5081 1953 5152 appropinquauerit

359 5191 519 5254 vobis,
548 5185 862 5255 derelinquat
886 5179 1071 5250 impius
1101 5177 1205 5230 vias
1234 5191 1382 5240 suas,
1415 5184 1461 5228 et
1487 5176 1561 5228 uir
1589 5176 1788 5246 iniquus
1813 5175 1952 5245 cogi-

361 5288 578 5341 tationes
600 5299 716 5338 suas
742 5279 892 5350 (lsai.
919 5291 1005 5342 ιν,
1032 5273 1086 5340 6,
1111 5269 1187 5344 7).
1215 5269 1270 5326 Si
1296 5285 1424 5339 ergo
1450 5270 1704 5340 quaesitus
1731 5269 1955 5322 inveniri

360 5386 578 5451 potest,
610 5391 707 5430 cur
733 5371 933 5427 dictum
959 5375 1068 5433 est,
1101 5363 1322 5430 Quanite
1363 5361 1545 5434 [aciem
1573 5362 1682 5430 ejus
1720 5357 1957 5428 semper?

363 5475 448 5528 An
473 5481 528 5528 et
556 5469 803 5524 inventus
840 5463 979 5519 forte
1016 5455 1334 5530 quaerendus
1362 5453 1484 5511 est?
1525 5453 1613 5509 Sic
1651 5453 1793 5508 enim
1835 5459 1960 5506 sunt

363 5557 925 5634 incomprehensibilia
965 5548 1284 5624 requirenda
1307 5589 1323 5617 ,
1352 5562 1421 5602 ne
1447 5561 1506 5602 se
1532 5544 1802 5601 existimet
1827 5542 1960 5598 nihil

367 5659 659 5723 invenisse,
686 5653 781 5726 qui
808 5664 966 5722 quam
995 5647 1064 5703 sit
1087 5639 1626 5713 incomprehensibile
1649 5637 1792 5710 quod
1815 5651 1962 5708 quie-

366 5753 553 5819 rebat,
582 5747 816 5821 potuerit
841 5741 1101 5799 invenire.
1129 5737 1236 5795 Cur
1265 5751 1394 5806 ergo
1423 5733 1501 5790 sic
1526 5733 1750 5806 quaerit,
1792 5731 1836 5788 si
1877 5731 1960 5785 in-

369 5837 856 5914 comprehensibile
878 5827 1283 5904 comprehendit
1305 5842 1426 5884 esse
1451 5826 1592 5898 quod
1619 5825 1831 5898 quaerit,
1860 5822 1960 5878 nisi

375 5938 502 6012 quia
529 5933 846 5994 cessandum
875 5943 983 5988 non
1002 5932 1088 5986 est
1105 5963 1122 5994 ,
1153 5921 1408 5995 quamdiu
1433 5921 1490 5979 in
1517 5921 1632 5993 ipsa
1657 5919 1962 5990 incompre-

2019 2129 2359 2188 hensibilium
2389 2147 2568 2190 rerum
2599 2135 2939 2206 inquisitione
2975 2135 3282 2207 proﬁcitur,
3323 2147 3379 2195 et
3414 2139 3605 2196 melior

2019 2227 2318 2297 meliorque
2345 2227 2406 2282 ﬁt
2429 2243 2674 2299 quaerens
2698 2239 2804 2283 tam
2831 2244 3080 2300 magnum
3107 2230 3304 2286 bonum
3324 2273 3341 2298 ,
3380 2233 3520 2303 quod
3551 2241 3607 2289 et

2021 2318 2400 2394 inveniendum
2453 2323 2741 2392 quaeritur,
2793 2329 2848 2378 et
2901 2323 3245 2393 quaerendum
3301 2325 3606 2381 invenitur?

2019 2411 2154 2469 Nam
2181 2423 2236 2470 et
2260 2415 2516 2486 quaeritur
2553 2423 2611 2470 ut
2644 2416 2946 2471 inveniatur
2971 2415 3207 2485 dulcius,
3252 2426 3307 2472 et
3343 2419 3609 2474 invenitur

2023 2513 2084 2562 ut
2124 2514 2392 2576 quaeratur
2437 2506 2664 2563 avidius.
2709 2507 3010 2564 Secundum
3057 2508 3159 2564 hoc
3201 2509 3368 2579 accipi
3411 2519 3606 2580 potest,

2025 2597 2166 2669 quod
2197 2597 2395 2654 dictum
2423 2607 2504 2654 est
2530 2599 2582 2653 in
2610 2599 2748 2654 libro
2769 2599 3145 2654 Eeclesiastieo
3185 2599 3364 2655 dicere
3400 2601 3612 2670 sapien-

2027 2689 2158 2744 tiam
2185 2708 2198 2744 :
2227 2690 2329 2758 Qui
2347 2707 2428 2745 me
2445 2691 2770 2756 manducaui,
2801 2691 2970 2745 adhuc
2995 2691 3248 2757 esuriant;
3269 2701 3316 2747 et
3337 2693 3423 2764 qui
3443 2692 3614 2747 bibunt

2027 2796 2140 2847 me,
2173 2781 2340 2835 adhuc
2367 2783 2536 2836 sitient
2580 2781 2766 2854 (Eccli.
2796 2799 2950 2848 xxrv,
2977 2781 3090 2852 29).
3123 2783 3438 2838 Manducant
3471 2784 3613 2838 enim

2029 2883 2084 2930 et
2109 2876 2314 2942 bibunt,
2342 2878 2464 2946 quia
2489 2876 2797 2940 inveniunt;
2825 2883 2880 2930 et
2901 2876 3021 2945 quia
3052 2877 3292 2931 esuriunt
3317 2877 3380 2930 ac
3407 2876 3614 2942 sitiunt,

2030 2965 2206 3021 adhuc
2247 2975 2512 3037 quaerunt.
2554 2967 2714 3022 Fides
2759 2967 2984 3037 quierit,
3031 2967 3332 3022 intellectus
3373 2967 3614 3022 invenit:

2031 3066 2250 3128 propter
2279 3058 2420 3128 quod
2452 3059 2527 3112 ait
2554 3058 2810 3128 propheta
2831 3099 2846 3124 ,
2877 3056 2995 3112 Nisi
3023 3058 3361 3124 credideritis,
3404 3075 3504 3112 non
3533 3059 3616 3112 in-

2033 3150 2266 3221 telligetis
2291 3148 2442 3220 (Isai.
2465 3165 2558 3216 vn,
2587 3151 2669 3220 9).
2699 3150 2766 3204 Et
2787 3164 2974 3204 rursus
2993 3148 3292 3204 intellectus
3312 3163 3432 3203 eum
3459 3163 3618 3218 quem

2034 3242 2236 3298 invenit
2261 3243 2436 3299 adhuc
2463 3243 2692 3314 quaerit:
2721 3242 2860 3298 Deus
2883 3242 3028 3297 enim
3065 3243 3282 3312 respexit
3308 3257 3461 3313 super
3488 3239 3624 3310 ﬁlios

2036 3336 2296 3389 hominum
2316 3375 2332 3401 ,
2361 3335 2497 3390 sicut
2526 3335 2580 3389 in
2609 3334 2820 3390 Psalmo
2844 3349 2997 3389 sacro
3019 3333 3260 3400 canitur,
3287 3343 3344 3387 ut
3370 3333 3556 3387 videret
3581 3331 3626 3386 si

2037 3436 2108 3481 est
2133 3427 2442 3498 intelligens,
2471 3437 2559 3481 aut
2583 3427 2837 3494 requirens
2863 3426 3028 3480 Deum
3067 3424 3238 3496 (Psal.
3263 3441 3388 3492 xm,
3419 3426 3500 3494 2).
3542 3423 3624 3480 Ad

2037 3519 2141 3572 hoc
2182 3534 2309 3589 ergo
2346 3518 2505 3574 debet
2545 3520 2708 3574 homo
2753 3533 2869 3572 esse
2907 3517 3242 3588 intelligens,
3289 3525 3348 3572 ut
3389 3516 3628 3588 requirat

2037 3610 2230 3666 Deum.
3389 3597 3404 3604 ”

2112 3705 2167 3758 ’5.
2209 3703 2350 3758 Satis
2377 3703 2554 3774 itaque
2576 3702 2830 3758 remorati
2855 3702 3114 3758 fuerimus
3135 3704 3152 3735 ⁸
3177 3703 3229 3757 in
3257 3702 3321 3758 iis
3346 3717 3466 3772 qua:
3487 3703 3628 3758 Deus

2041 3797 2198 3863 iecit,
2227 3805 2286 3851 ut
2313 3811 2412 3866 per
2441 3811 2504 3850 ea
2533 3805 2946 3865 cognosceretur
2971 3795 3084 3865 ipse
3117 3793 3208 3865 qui
3245 3794 3369 3850 fecit
3397 3811 3409 3849 :
3436 3792 3628 3849 Invisi-

2042 3891 2164 3945 bilia
2185 3891 2317 3946 enim
2340 3891 2466 3958 eius,
2489 3906 2522 3943 a
2540 3898 2770 3944 creatura
2787 3889 2984 3955 mundi,
3011 3905 3100 3958 per
3123 3905 3181 3943 ea
3205 3904 3316 3960 qua:
3337 3891 3470 3960 facta
3489 3895 3626 3954 sunt,

2043 3983 2296 4037 intellecta
2323 3982 2704 4052 conspiciuntur
2732 3980 2907 4053 (Rom.
2933 3995 2971 4044 ι,
2998 3979 3114 4052 20).
3147 3979 3300 4036 Unde
3339 3989 3632 4050 arguuntur

2043 4078 2098 4132 in
2130 4077 2269 4132 libro
2297 4075 2614 4146 Sapientiae,
2643 4075 2732 4145 qui
2759 4074 2823 4128 de
2849 4075 2914 4128 iis
2940 4090 3054 4145 qua:
3077 4074 3311 4128 uidentur
3337 4074 3496 4140 bona,
3531 4091 3633 4128 non

2047 4177 2318 4241 potuerunt
2343 4170 2474 4222 scire
2501 4183 2618 4220 eum
2643 4167 2728 4237 qui
2753 4174 2853 4230 est,
2884 4181 3040 4236 neque
3067 4151 3300 4235 operibus
3325 4166 3635 4220 attendentes

2047 4269 2354 4332 agnoverunt
2383 4259 2665 4329 artiﬁcem;
2693 4257 2782 4311 sed
2809 4265 2897 4309 aut
2923 4258 3089 4328 ignem
3107 4299 3120 4322 ,
3148 4265 3238 4311 aut
3263 4257 3517 4327 spiritum,
3546 4267 3636 4311 aut

2047 4355 2255 4408 citatum
2297 4369 2494 4420 aerem,
2537 4361 2624 4405 aut
2667 4366 2848 4422 gyrum
2888 4349 3181 4415 stellarum,
3223 4358 3312 4402 aut
3350 4349 3636 4403 violentiam

2050 4463 2325 4517 aquarum,
2360 4453 2446 4496 aut
2475 4441 2746 4496 luminaria
2787 4439 2900 4494 caeli
2919 4481 2933 4504 ,
2965 4449 3180 4493 rectores
3217 4439 3349 4492 orbis
3387 4447 3637 4493 terrarum

2051 4539 2171 4594 deos
2197 4543 2495 4608 putaverunt
2521 4551 2540 4589 :
2564 4549 2778 4604 quorum
2802 4531 3003 4601 quidem
3027 4531 3072 4585 si
3095 4533 3258 4600 specie
3279 4529 3511 4584 delectati
3533 4529 3639 4584 hac
3673 4521 3684 4586 ἶ

2051 4631 2171 4685 deos
2195 4637 2515 4700 putauerunt,
2543 4627 2704 4680 sciant
2728 4635 2916 4692 quanto
2941 4622 3243 4676 Dominator
3267 4637 3440 4677 eorum
3463 4620 3640 4674 melior

2053 4733 2145 4779 est.
2181 4695 2381 4793 Speciei
2407 4721 2539 4774 enim
2566 4727 2831 4791 generator
2855 4733 2914 4771 ea
2937 4717 3138 4770 creauit.
3178 4715 3280 4769 Aut
3317 4715 3362 4769 si
3399 4715 3632 4768 uirtutem

2054 4827 2102 4873 et
2146 4817 2490 4889 operationem
2533 4831 2707 4869 eorum
2743 4812 2912 4866 mirati
2957 4819 3101 4877 sunt,
3131 4809 3412 4880 intelligant
3457 4808 3521 4861 ab
3563 4806 3641 4860 his

2055 4919 2244 4980 quanto
2291 4909 2378 4980 qui
2421 4907 2528 4962 haec
2571 4905 2826 4960 constituit
2873 4903 3056 4974 fortior
3096 4909 3187 4955 est.
3229 4901 3272 4954 A
3298 4897 3644 4970 magnitudine

2057 5004 2189 5058 enim
2217 5001 2401 5072 speciei
2429 5009 2473 5056 et
2502 5010 2748 5054 creatura:
2785 4994 3184 5067 cognoscibiliter
3225 5000 3420 5062 poterat
3462 4991 3645 5044 horum

2059 5095 2268 5153 Creator
2291 5095 2450 5150 uideri
2477 5093 2632 5167 (Sap.
2659 5107 2774 5158 xm,
2804 5089 2938 5159 1-5).
2968 5087 3092 5141 Haec
3117 5085 3184 5139 de
3207 5083 3342 5138 libro
3361 5081 3646 5152 Sapientia:

2061 5201 2344 5262 propterea
2372 5188 2557 5259 posui,
2585 5201 2654 5241 ne
2683 5199 2769 5239 me
2799 5182 3037 5236 ﬁdelium
3062 5178 3326 5250 quispiam
3366 5175 3560 5230 frustra
3593 5181 3648 5228 et

2061 5285 2291 5340 inaniter
2319 5280 2588 5336 existimet
2627 5277 2680 5331 in
2714 5281 2956 5330 creatura
2983 5273 3132 5342 prius
3163 5284 3257 5338 per
3283 5267 3537 5339 quasdam
3564 5265 3648 5321 sui

2063 5382 2272 5454 generis
2309 5379 2576 5434 trinitates
2601 5371 2834 5444 quodam
2862 5367 3024 5424 modo
3052 5365 3310 5438 gradatim
3331 5405 3348 5432 ,
3378 5362 3551 5418 donec
3579 5358 3648 5415 ad

2064 5481 2297 5531 mentem
2325 5468 2554 5525 hominis
2596 5462 2926 5536 pervenirem
2950 5501 2967 5528 ,
2995 5458 3252 5530 quaesisse
3282 5454 3474 5510 indicia
3503 5463 3650 5507 sum-

2065 5583 2169 5624 mae
2193 5566 2338 5622 illius
2358 5559 2652 5624 Trinitatis,
2679 5571 2840 5628 quam
2863 5552 3150 5626 quaerimus
3173 5563 3296 5606 cum
3317 5549 3485 5604 Deum
3505 5555 3652 5615 quae-

2065 5663 2254 5720 rimus.

2136 5752 2363 5814 CAPUT
2393 5749 2482 5806 lli.
2502 5777 2576 5790 ——
2595 5747 2648 5803 4.
2681 5744 2920 5802 Omnium
2939 5740 3258 5814 superiorum
3283 5735 3523 5792 librorum
3541 5729 3653 5786 bre-

2133 5919 2152 5952 ι
2186 5923 2254 5968 Ita
2265 5921 2376 5966 uss.
2399 5910 2520 5964 editi
2539 5920 2680 5971 vero,
2694 5901 2998 5958 rememorati
3011 5899 3206 5966 fuimus.
