4076 6450
435 437 573 501 1059

437 558 668 611 τῖανίητη.
701 553 806 610 Sed
834 550 1081 624 quoniam
1110 544 1408 603 disserendi
1446 551 1501 599 et
1528 540 1874 598 ratiocinandi
1917 554 2012 593 ue-

437 652 660 705 cessitas
704 661 802 718 per
839 641 1238 716 quatuordecim
1283 640 1447 694 libros
1490 637 1656 691 multa
1706 650 1801 690 nos
1843 631 2021 687 dicere

437 744 715 812 Compulit,
745 756 860 811 quae
888 746 1075 794 cuncta
1102 735 1258 791 simul
1286 734 1525 803 aspicere
1553 745 1656 784 non
1679 729 1937 791 valemus,
1967 730 2025 778 ut

439 836 504 889 ad
534 835 584 889 id
616 832 753 903 quod
785 827 1185 899 apprehendere
1215 827 1460 880 volumus
1480 866 1495 891 ,
1539 837 1601 877 ea
1636 821 1794 876 celeri
1825 818 2022 888 cogita-

441 926 583 981 tione
613 925 937 988 referamus;
972 920 1159 975 faciam
1201 928 1454 990 quantum
1486 916 1710 970 Domino
1740 912 2024 982 adjuvante

442 1028 691 1088 potuero,
719 1023 775 1070 ut
799 1013 1054 1085 quidquid
1085 1013 1136 1066 in
1169 1011 1388 1082 singulis
1427 1007 1786 1065 voluminibus
1825 1005 1888 1058 ad
1926 1019 2024 1058 co-

439 1109 730 1182 gnitionem
761 1105 1118 1177 disputatione
1146 1105 1404 1176 perduxi,
1437 1111 1640 1158 remota
1670 1099 2026 1170 disputatione

441 1201 674 1255 breviter
697 1215 1006 1269 congeram,
1034 1209 1088 1254 et
1115 1208 1363 1267 tanquam
1394 1196 1494 1252 sub
1523 1210 1630 1249 uno
1656 1192 1848 1248 mentis
1874 1205 2029 1260 aspe-

440 1302 562 1360 ctu,
595 1309 701 1348 non
739 1291 1184 1362 quemadmodum
1213 1307 1306 1346 res
1339 1303 1562 1360 quaeque
1605 1285 1906 1358 persuasit,
1933 1282 2032 1337 sed

442 1385 554 1455 ipsa
584 1401 702 1454 qua:
732 1399 985 1454 persuasa
1025 1391 1148 1436 sunt
1184 1373 1377 1452 ponam
1409 1397 1420 1433 :
1451 1395 1518 1433 ne
1545 1386 1652 1432 tam
1684 1378 1839 1446 longe
1865 1375 1970 1429 sint
1998 1387 2026 1426 a

443 1479 866 1549 przeccdentibus
900 1476 1309 1546 consequentia,
1356 1482 1414 1528 ut
1455 1471 1774 1526 oblivionem
1827 1480 2028 1537 praece-

441 1573 680 1628 dentium
712 1570 871 1626 faciat
901 1570 1160 1639 inspectio
1181 1566 1654 1636 consequentium;
1688 1571 1776 1616 aut
1805 1570 1950 1616 certe
1983 1559 2030 1613 si

444 1664 650 1731 fecerit,
681 1664 785 1719 cito
815 1665 979 1736 possit
1005 1661 1144 1733 quod
1171 1660 1427 1715 exciderit
1456 1656 1737 1727 relegendo
1767 1651 2026 1724 recolligi.

513 1757 566 1811 5.
602 1757 655 1809 In
688 1757 858 1824 primo
888 1754 1022 1807 libro
1051 1752 1341 1806 secundum
1375 1750 1678 1819 Scripturas
1709 1761 1888 1802 sacras
1916 1743 2032 1797 uni-

445 1857 524 1900 tas
569 1856 624 1899 et
664 1845 937 1915 aequalitas
978 1858 1200 1897 summae
1240 1842 1378 1896 illius
1409 1830 1682 1894 Trinitatis
1710 1835 2026 1892 ostenditur.

446 1937 500 1991 In
530 1937 764 1992 secundo
794 1945 850 1991 et
878 1937 1033 1990 tertio
1073 1945 1126 1988 et
1165 1943 1388 2004 quarto,
1430 1931 1617 1986 eadem
1649 1947 1662 1984 :
1696 1929 1786 1984 sed
1817 1929 1884 1982 de
1911 1927 2031 1983 Filii

445 2028 698 2083 missione
726 2038 778 2082 et
806 2027 1032 2096 Spiritus
1063 2027 1228 2079 sancti
1258 2024 1541 2094 diligenter
1569 2022 1792 2091 quaestio
1821 2028 2030 2090 pertra—

444 2129 583 2175 ctata
610 2129 717 2175 tres
739 2120 906 2174 libros
932 2118 1092 2183 fecit;
1121 2118 1650 2183 demonstratumque
1672 2122 1754 2168 est
1780 2127 1884 2166 non
1909 2111 2032 2165 ideo

444 2213 702 2268 minorem
730 2212 971 2266 mittente
1000 2211 1090 2281 qui
1121 2211 1312 2264 missus
1338 2217 1421 2263 est
1441 2251 1454 2272 ,
1484 2209 1604 2279 quia
1639 2205 1726 2261 ille
1752 2205 1914 2269 misit,
1945 2204 2033 2260 hic

445 2305 639 2361 missus
686 2316 800 2368 est,
846 2318 968 2358 cum
1016 2303 1246 2357 Trinitas
1292 2317 1408 2371 quae
1456 2315 1552 2371 per
1589 2298 1765 2354 omnia
1813 2297 2032 2368 aequalis

445 2406 562 2462 est,
593 2397 788 2466 pariter
813 2410 1022 2465 quoque
1050 2395 1101 2448 in
1132 2409 1228 2449 sua
1269 2399 1455 2446 natura
1491 2390 1836 2445 immutabilis
1863 2398 1918 2443 et
1948 2389 2028 2441 in-

446 2490 667 2544 visibilis
706 2497 758 2543 et
795 2489 990 2558 ubique
1028 2501 1262 2557 praesens
1302 2483 1721 2554 inseparabiliter
1759 2491 2029 2551 operetur.

449 2581 504 2637 In
530 2583 747 2652 quinto,
782 2589 997 2651 propter
1019 2595 1114 2635 eos
1139 2579 1328 2649 quibus
1356 2577 1476 2632 ideo
1507 2577 1714 2630 videtur
1753 2591 1858 2628 non
1883 2589 2030 2628 eam-

447 2673 570 2729 dem
595 2674 768 2729 Patris
791 2682 844 2728 ct
867 2673 982 2727 Filii
1011 2687 1131 2727 esse
1159 2670 1528 2735 substantiam,
1560 2668 1678 2738 quia
1707 2681 1866 2721 omne
1893 2664 2031 2734 quod

446 2765 514 2822 de
543 2767 648 2820 Deo
674 2765 888 2832 dicitur,
917 2763 1204 2818 secundum
1235 2761 1585 2816 substantiam
1615 2758 1716 2813 dici
1750 2763 1950 2827 putant,
1979 2762 2034 2809 et

448 2870 725 2931 propterea
755 2860 970 2929 gignere
995 2865 1049 2912 et
1071 2858 1242 2928 gigni,
1280 2856 1361 2911 vel
1389 2856 1620 2926 genitum
1652 2867 1771 2910 esse
1800 2859 1854 2907 et
1883 2852 2032 2921 inge-

450 2953 642 3017 nitum,
673 2953 920 3021 quoniam
951 2950 1158 3004 diversa
1186 2958 1328 3016 sunt,
1358 2947 1682 3003 contendunt
1712 2944 2036 3000 substantias

449 3059 570 3101 esse
599 3044 870 3107 diversas,
899 3044 1297 3098 demonstratur
1324 3056 1428 3096 non
1461 3055 1618 3095 omne
1657 3039 1798 3109 quod
1827 3039 1892 3092 de
1921 3037 2033 3092 Deo

450 3138 642 3192 dicitur
683 3138 973 3192 secundum
1011 3137 1358 3192 substantiam
1391 3135 1528 3199 dici,
1563 3136 1699 3190 sicut
1743 3132 2032 3188 secundum

451 3229 799 3283 substantiam
830 3228 1022 3283 dicitur
1051 3229 1218 3283 bonus
1247 3237 1300 3282 et
1324 3242 1563 3297 magnus,
1590 3235 1645 3280 et
1670 3226 1710 3278 si
1741 3224 1864 3294 quid
1892 3223 2032 3277 aliud

451 3320 518 3374 ad
549 3336 606 3374 se
633 3320 855 3386 dicitur;
886 3319 978 3375 sed
1021 3320 1122 3374 dici
1163 3320 1320 3373 etiam
1353 3318 1608 3382 relative,
1642 3315 1691 3370 id
1723 3323 1803 3369 est
1831 3328 1937 3367 non
1966 3312 2038 3367 ad‘

453 3428 510 3468 se
530 3454 544 3480 ,
579 3414 672 3468 sed
699 3414 762 3468 ad
790 3413 985 3484 aliquid
1015 3412 1155 3484 quod
1194 3413 1304 3481 ipse
1343 3425 1450 3465 non
1480 3420 1594 3474 est;
1628 3413 1763 3462 sicut
1789 3408 1944 3462 Pater
1967 3405 2033 3460 ad

454 3506 644 3561 Filium
676 3507 902 3571 dicitur,
934 3507 1019 3562 vel
1051 3505 1303 3560 Dominus
1340 3505 1405 3558 ad
1447 3513 1743 3558 creaturam
1783 3500 1880 3555 sibi
1917 3507 2030 3553 ser”—

452 3599 684 3653 vientem
702 3617 711 3649 :
731 3599 818 3653 ubi
840 3599 882 3652 si
905 3598 1029 3667 quid
1054 3599 1293 3663 relative,
1311 3596 1359 3648 id
1374 3606 1452 3650 est
1466 3595 1529 3649 ad
1545 3594 1736 3664 aliquid
1760 3593 1897 3664 quod
1923 3594 2034 3662 ipse

451 3703 556 3742 non
583 3697 682 3752 est,
712 3690 869 3743 etiam
897 3703 958 3743 ex
989 3697 1225 3755 tempore
1251 3687 1460 3751 dicitur,
1489 3687 1642 3740 sicuti
1668 3695 1768 3753 est,
1798 3684 2030 3751 Domine,

451 3779 702 3851 refugium
730 3784 892 3852 factus
921 3797 972 3834 es
1013 3781 1155 3833 nobis
1203 3777 1373 3851 (Psal.
1405 3793 1636 3842 Lxxxtx,
1682 3775 1772 3849 1),
1815 3777 1944 3830 nihil
1984 3776 2032 3830 ei

451 3871 695 3926 accidere
724 3887 830 3940 quo
858 3879 1093 3924 mutetur
1113 3913 1127 3935 ,
1156 3871 1246 3924 sed
1277 3869 1494 3923 omnino
1536 3869 1704 3938 ipsum
1752 3869 1803 3922 in
1847 3878 2033 3922 natura

453 3963 535 4016 vel
577 3963 806 4017 essmnia
847 3977 940 4015 sua
983 3961 1364 4016 immutabilem
1405 3975 1734 4030 permanere.
1775 3961 1827 4014 ln
1857 3971 2029 4025 sexto,

453 4054 718 4124 quomodo
746 4054 915 4108 dictus
941 4055 1010 4107 sit
1033 4050 1273 4108 Christus
1295 4068 1386 4107 ore
1413 4054 1721 4123 apostolico,
1753 4053 1843 4108 Dei
1867 4054 2034 4108 virtus

454 4156 507 4202 et
537 4147 626 4201 Dei
658 4147 912 4215 sapientia
946 4145 984 4218 (I
1015 4145 1131 4201 Cor.
1162 4163 1198 4210 I,
1231 4145 1320 4216 24)
1341 4187 1354 4210 ,
1386 4147 1462 4202 sic
1487 4147 1802 4216 disputatur,
1834 4157 1890 4200 ut
1927 4145 2031 4200 dif-

453 4238 652 4294 feratur
677 4238 862 4293 cadem
890 4239 1110 4308 qumstio
1136 4239 1434 4306 diligentius
1463 4239 1789 4292 retractanda
1817 4256 1830 4292 :
1859 4247 2032 4292 ulrmn

453 4346 484 4386 a
513 4348 617 4402 quo
647 4341 728 4386 est
763 4333 971 4402 genitus
999 4331 1240 4386 Christus
1259 4369 1274 4397 ,
1317 4347 1422 4385 non
1463 4333 1530 4385 sit
1571 4333 1683 4402 ipse
1711 4333 1966 4402 sapientia
1991 4333 2030 4400 ί,

455 4425 546 4480 sed
574 4435 774 4480 tantum
808 4425 1078 4494 sapientia:
1109 4440 1219 4479 sua:
1249 4433 1416 4494 pater,
1447 4440 1512 4478 an
1543 4426 1798 4495 sapientia
1826 4426 2034 4495 sapien-

455 4520 581 4574 tiam
612 4521 870 4590 genuerit.
901 4520 1004 4574 Sed
1035 4519 1305 4588 quodlibet
1351 4519 1540 4574 horum
1583 4528 1754 4584 esset,
1790 4521 1949 4574 etiam
1981 4519 2034 4574 in

455 4611 559 4668 hoc
601 4613 734 4667 libro
762 4617 1002 4681 apparuit
1029 4613 1302 4667 Trinitatis
1329 4614 1634 4684 mqualitas,
1675 4622 1729 4668 et
1756 4629 1859 4667 non
1894 4613 2035 4668 Deus

454 4705 644 4776 triplex
667 4748 680 4771 ,
714 4705 808 4760 sed
835 4705 1065 4760 Trinitas
1094 4723 1106 4759 :
1135 4721 1234 4761 nec
1260 4706 1409 4776 quasi
1440 4705 1637 4775 aliquid
1670 4705 1886 4776 duplum
1916 4721 2034 4761 esse

455 4798 664 4854 Patrem
694 4807 749 4854 et
772 4799 964 4854 Filium
989 4784 1329 4868 ad'simplum
1357 4798 1608 4867 Spiritum
1640 4808 1912 4862 sanctum;
1943 4799 2034 4853 ubi

455 4908 555 4948 nec
582 4893 682 4946 tria
711 4893 824 4962 plus
855 4892 1052 4962 aliquid
1083 4893 1203 4945 sunt
1230 4906 1387 4962 quam
1416 4905 1576 4944 unum
1609 4890 1814 4944 horum.
1846 4890 2036 4959 Dispu-

454 4991 619 5039 tatum
651 4991 732 5038 est
759 4983 916 5037 etiam
947 4983 1212 5052 quomodo
1241 4983 1408 5052 possit
1433 4981 1650 5051 intelligi
1678 4982 1816 5050 quod
1845 4982 1918 5034 ait
1943 4981 2034 5035 Hi-

454 5077 617 5131 larius
640 5076 918 5145 episcopus
939 5077 960 5107 '
987 5095 998 5130 :
1023 5073 1307 5128 zEternims
1327 5074 1377 5126 in
1402 5072 1571 5134 Patre,
1601 5074 1787 5142 species
1811 5074 1863 5126 in
1888 5071 2031 5125 Ima-

451 5171 582 5240 giae,
619 5186 738 5223 usus
763 5169 816 5221 in
842 5166 1070 5221 Munere.
1108 5167 1158 5220 In
1189 5166 1434 5236 septimo,
1467 5165 1687 5234 quaestio
1717 5179 1835 5234 qua:
1873 5165 2033 5219 dilata

455 5261 645 5326 fuerat,
677 5260 986 5327 explicatur,
1017 5259 1085 5312 ita
1110 5265 1170 5312 ut
1195 5259 1334 5312 Deus
1362 5257 1450 5326 qui
1481 5256 1659 5327 genuit
1685 5255 1896 5318 Filium,
1929 5272 2032 5310 non

457 5353 624 5406 solum
658 5351 726 5405 sit
755 5350 912 5405 Pater
947 5350 1155 5403 virtutis
1183 5358 1237 5404 et
1265 5348 1536 5418 sapientia:
1566 5364 1674 5402 sua:
1694 5390 1709 5414 ,
1742 5347 1833 5402 sed
1871 5349 2032 5402 etiam

453 5443 568 5512 ipse
597 5443 762 5496 virtus
800 5451 958 5510 atque
994 5441 1285 5511 sapientia;
1331 5440 1409 5496 sic
1446 5448 1501 5495 et
1525 5440 1749 5510 Spiritus
1776 5450 2030 5495 sanctus:

453 5553 554 5595 nec
584 5548 759 5593 tamen
787 5537 942 5593 simul
969 5545 1075 5590 tres
1098 5535 1204 5590 sint
1229 5519 1450 5591 virtutes
1476 5542 1567 5589 aut
1597 5545 1704 5590 tres
1732 5534 2028 5604 sapientia},

451 5633 544 5690 sed
569 5648 671 5688 una
693 5632 860 5686 virtus
881 5640 934 5685 et
953 5646 1054 5685 una
1081 5630 1357 5699 sapientia,
1386 5628 1520 5682 sicut
1544 5644 1675 5682 unus
1696 5627 1834 5683 Deus
1856 5635 1908 5682 et
1929 5643 2032 5682 una

449 5725 701 5784 essentia.
727 5723 929 5780 Deinde
951 5721 1228 5792 quaesitum
1255 5730 1358 5789 est,
1382 5720 1647 5791 quomodo
1667 5719 1911 5776 dicantur
1931 5735 2030 5776 una

517 5864 533 5894 ί
569 5861 760 5918 quidam
782 5859 955 5918 codex,
977 5857 1145 5921 eadem
1168 5870 1259 5906 non
1278 5856 1337 5908 sit
1352 5855 1452 5919 ipse

516 5926 536 5956 ³
564 5921 668 5972 Sola
690 5922 837 5972 (alitio
852 5917 982 5980 bov.,
1005 5917 1251 5982 episcmms
1272 5917 1478 5968 sanctus.

1559 427 1645 484 DE
1681 409 2074 489 TRINITATE,
2114 417 2171 477 s.
2212 407 2581 484 AUGUSTINI

3565 432 3709 492 1060

2126 538 2371 604 essentia,
2407 551 2513 596 tres
2543 557 2802 618 personae,
2830 543 2913 600 vel
2940 559 2971 600 a
2995 547 3310 617 quibusdam
3335 553 3353 586 ⁸
3380 554 3583 614 Graecis
3605 577 3711 616 una

2125 632 2374 699 essentia,
2405 643 2511 688 tres
2539 637 2846 693 substantiae
2873 657 2887 693 :
2913 647 2970 695 et
2991 642 3262 701 inventum
3287 657 3370 704 est
3393 652 3714 712 elocutionis

2129 724 2444 780 necessitate
2468 725 2594 796 dici,
2627 739 2682 782 ut
2709 729 2886 800 aliquo
2911 748 3016 788 uno
3040 737 3254 794 nomine
3280 745 3710 818 enuntiarentur,

2129 835 2248 875 cum
2277 824 2532 892 quaeritur
2557 825 2681 896 quid
2713 835 2820 884 tres
2846 829 2951 885 sint
2967 873 2981 895 ,
3009 848 3144 902 quos
3172 843 3278 892 tres
3303 853 3426 897 esse
3450 844 3715 901 veraciter

2129 912 2476 981 confitemur,
2517 917 2727 974 Patrem
2761 921 2999 991 scilicet,
3027 935 3079 979 et
3104 925 3296 983 Filium
3317 973 3330 995 ,
3364 941 3417 988 et
3456 934 3714 1004 Spiritum

2130 1017 2393 1096 sanctum.
2427 1010 2480 1064 In
2511 1021 2731 1080 octavo,
2758 1015 2963 1072 ratione
2991 1019 3151 1075 etiam
3181 1022 3383 1080 reddita
3409 1026 3711 1100 intelligen-

2132 1098 2272 1155 tibus
2314 1102 2514 1158 clarum
2559 1114 2671 1172 est,
2705 1105 2756 1161 in
2786 1107 3082 1166 substantia
3110 1115 3348 1170 veritatis
3390 1135 3494 1172 non
3539 1098 3716 1178 solum

2132 1193 2341 1248 Patrem
2370 1195 2506 1250 Filio
2533 1212 2638 1252 non
2661 1214 2780 1254 esse
2804 1202 3082 1270 majorem,
3105 1205 3196 1260 sed
3224 1223 3325 1264 nec
3345 1210 3532 1266 ambos
3557 1213 3715 1270 simul

2133 1286 2330 1356 aliquid
2354 1287 2523 1358 majus
2543 1303 2664 1345 esse
2684 1307 2840 1362 quam
2867 1281 3037 1350 solum
3060 1296 3312 1366 Spiritum
3339 1313 3604 1373 sanctum,
3626 1317 3718 1362 aut

2133 1377 2399 1446 quoslibet
2423 1381 2554 1434 duos
2583 1381 2635 1434 in
2665 1382 2849 1438 eadem
2874 1384 3130 1443 Trinitate
3158 1392 3330 1460 majus
3358 1410 3476 1450 esse
3515 1398 3717 1470 aliquid

2133 1484 2290 1539 quam
2320 1487 2502 1538 unum,
2533 1481 2623 1527 aut
2651 1487 2837 1530 omnes
2862 1478 3016 1532 simul
3048 1489 3152 1535 tres
3177 1469 3345 1554 majus
3371 1486 3572 1558 aliquid
3598 1469 3719 1547 esse

2134 1575 2292 1629 qttam
2322 1562 2573 1648 singulos.
2621 1565 2820 1621 Deinde
2857 1584 2951 1637 per
2978 1573 3249 1628 veritatem
3292 1593 3408 1646 qua:
3449 1579 3720 1639 intellecta

2133 1653 2483 1722 conspicitur,
2514 1664 2567 1712 et
2595 1670 2691 1727 per
2725 1658 2920 1716 bonum
2960 1678 3225 1722 summum
3254 1684 3284 1724 a
3312 1686 3418 1740 quo
3445 1683 3531 1728 est
3558 1690 3720 1733 omne

2135 1743 2360 1811 bonum,
2398 1757 2452 1802 et
2497 1765 2590 1817 per
2623 1750 2880 1834 justitiam
2913 1768 3129 1826 propter
3156 1776 3313 1829 quam
3343 1764 3579 1834 diligitur
3606 1771 3721 1825 ani-

2136 1850 2253 1889 mus
2278 1837 2452 1903 justus
2481 1841 2548 1893 ab
2573 1833 2750 1933 θιιίιῴ
2779 1845 2936 1899 etiam
2969 1849 3200 1905 nondum
3236 1847 3379 1922 justo
3398 1897 3412 1921 ,
3443 1833 3502 1912 ut
3531 1870 3720 1916 natura

2135 1941 2242 1980 non
2268 1929 2440 1982 solum
2471 1929 2840 2002 incorporalis,
2874 1953 3051 1992 verum
3083 1942 3239 1997 etiam
3272 1945 3720 2006 incommutabilis

2135 2016 2276 2086 quod
2299 2029 2380 2072 est
2403 2019 2558 2083 Deus,
2585 2035 2837 2089 quantum
2863 2028 2976 2081 fieri
3006 2039 3196 2099 potest,
3223 2034 3604 2108 intelligeretur
3626 2043 3720 2097 ad-

2135 2111 2314 2163 monui
2345 2127 2356 2164 :
2386 2122 2438 2165 et
2470 2130 2562 2181 per
2587 2115 2901 2173 charitatetn
2927 2162 2940 2184 ,
2969 2138 3086 2192 qua:
3117 2126 3168 2179 in
3197 2105 3481 2199 Scripturis
3519 2138 3722 2193 sanctis

2137 2199 2276 2256 Deus
2305 2204 2442 2258 dicta
2471 2215 2550 2260 est
2581 2205 2634 2274 (Ι
2657 2206 2814 2263 Joan.
2846 2227 2917 2279 tv,
2951 2215 3035 2285 16)
3056 2258 3071 2280 ,
3107 2233 3198 2286 per
3239 2235 3395 2290 quam
3439 2228 3603 2295 coepit
3630 2238 3721 2284 ut-

2133 2307 2363 2366 cumque
2391 2298 2548 2352 etiam
2581 2299 2810 2358 Trinitas
2841 2304 3252 2378 intelligentibus
3279 2329 3549 2385 apparere,
3578 2322 3726 2378 sicut

2135 2399 2260 2445 sunt
2287 2407 2499 2460 atnans,
2528 2404 2575 2448 et
2605 2396 2742 2464 quod
2781 2408 2990 2454 amatur
3009 2443 3024 2467 ,
3054 2415 3108 2457 et
3143 2421 3313 2462 amor.
3358 2409 3411 2466 In
3439 2427 3580 2470 nono
3602 2457 3616 2480 ,
3649 2417 3720 2471 ad

2137 2482 2417 2554 imaginem
2454 2485 2574 2552 Dei,
2621 2489 2760 2558 quod
2801 2501 2882 2546 est
2926 2495 3084 2549 homo
3129 2501 3418 2558 secundum
3460 2519 3719 2576 mentem,

2135 2577 2378 2646 pervenit
2407 2578 2695 2649 disputatio
2724 2601 2735 2636 :
2767 2595 2820 2639 et
2848 2585 2900 2640 in
2928 2605 2990 2643 ea
3016 2593 3254 2660 quaedam
3284 2597 3489 2654 trinitas
3515 2601 3722 2658 inveni-

2139 2673 2242 2729 tur,
2272 2667 2319 2721 id
2346 2679 2449 2736 est,
2480 2686 2650 2738 mens,
2677 2682 2729 2728 et
2756 2677 2938 2731 notitia
2965 2696 3062 2746 qua
3092 2698 3150 2735 se
3173 2686 3334 2751 novit,
3361 2697 3416 2743 et
3437 2706 3590 2746 amor
3613 2711 3725 2764 quo

2137 2771 2195 2812 se
2221 2762 2566 2832 notitiamque
2591 2781 2738 2819 suam
2766 2769 2968 2840 diligit;
2996 2783 3047 2828 et
3075 2774 3186 2830 haec
3213 2779 3308 2832 tria
3333 2785 3555 2852 :equalia
3583 2762 3726 2842 inter

2137 2865 2214 2918 se,
2246 2863 2298 2906 et
2325 2857 2478 2908 unius
2507 2859 2856 2915 ostenduntur
2881 2879 2998 2918 esse
3018 2871 3283 2924 essentne.
3309 2871 3363 2926 In
3389 2875 3597 2931 decimo
3619 2880 3728 2936 hoc

2139 2943 2276 3039 idem
2309 2947 2612 3018 diligentius
2641 2952 2989 3027 subtiliusque
3016 2966 3294 3017 tractatum
3323 2975 3443 3034 est,
3470 2980 3628 3039 atque
3652 2973 3724 3026 ad

2137 3036 2188 3090 id
2223 3039 2552 3107 perductmn,
2586 3053 2641 3098 ut
2670 3045 2995 3104 inveniretur
3031 3053 3078 3106 in
3108 3067 3284 3109 tuente
3307 3036 3605 3117 evidentior
3629 3067 3728 3118 tri-

2138 3129 2276 3183 nitas
2303 3131 2448 3200 ejus,
2480 3133 2532 3187 in
2572 3139 2825 3191 memoria
2863 3141 3060 3196 scilicet
3092 3153 3144 3198 et
3175 3145 3514 3220 intelligentia
3544 3166 3595 3208 et
3623 3171 3724 3209 νο·-

2137 3220 2356 3276 luntate.
2393 3224 2496 3278 Sed
2525 3228 2772 3295 quoniam
2819 3241 2871 3284 et
2919 3232 3021 3290 hoc
3061 3250 3387 3308 compertum
3424 3253 3539 3313 est,
3578 3249 3724 3317 quod

2137 3327 2286 3367 mens
2321 3332 2586 3386 nunquam
2625 3335 2743 3375 esse
2776 3322 2844 3376 ita
2873 3328 3130 3394 potuerit,
3164 3339 3221 3383 ut
3262 3348 3366 3387 non
3409 3337 3488 3390 sui
3529 3342 3725 3394 memi-

2137 3406 2301 3462 nisset
2321 3449 2335 3475 ,
2367 3425 2471 3464 non
2501 3426 2557 3466 se
2585 3413 2937 3486 intelligeret,
2967 3429 3021 3474 et
3048 3422 3311 3494 diligeret,
3345 3432 3582 3498 quamvis
3613 3451 3722 3490 non

2138 3512 2349 3570 semper
2377 3519 2433 3556 se
2459 3505 2708 3574 Cogitaret
2733 3550 2748 3574 ,
2776 3525 2894 3564 cum
2937 3524 3113 3569 autem
3152 3521 3437 3591 cogitaret,
3472 3541 3574 3579 non
3605 3543 3664 3582 se
3689 3545 3722 3582 a

2137 3596 2499 3686 corporalibus
2549 3599 2705 3653 rebus
2754 3603 2941 3659 eadem
2990 3609 3308 3678 cogitatione
3357 3616 3721 3686 discerneret;

2138 3681 2295 3736 dilata
2327 3695 2407 3739 est
2434 3686 2501 3741 de
2533 3688 2788 3745 Trinitate
2808 3735 2821 3757 ,
2852 3695 3004 3765 cujus
3041 3699 3153 3755 hzvc
3192 3703 3362 3773 imago
3386 3717 3462 3761 est
3484 3750 3498 3773 ,
3533 3681 3724 3780 dispu;

2138 3777 2266 3831 talio
2286 3821 2299 3844 ,
2330 3789 2384 3833 ut
2421 3781 2470 3834 in
2511 3783 2637 3851 ipsis
2665 3787 2822 3839 etiam
2854 3792 3216 3859 corporalibus
3243 3796 3369 3852 visis
3394 3777 3726 3858 inveniretur

2138 3871 2365 3938 trinitas,
2389 3883 2442 3927 et
2463 3874 2760 3932 distinctius
2788 3879 2838 3933 in
2865 3896 2924 3936 ca
2953 3881 3168 3939 lectoris
3192 3901 3528 3946 exerceretur
3549 3895 3727 3950 inten-

2137 3963 2228 4015 tio.
2262 3962 2317 4016 ln
2347 3965 2624 4022 undecimo
2651 3975 2778 4040 ergo
2803 3972 3002 4028 electus
3025 3985 3108 4030 est
3134 3993 3321 4033 sensus
3346 3981 3640 4052 oculorum,
3669 3987 3724 4041 in

2137 4070 2243 4124 quo
2274 4055 2323 4109 id
2352 4059 2492 4127 quod
2519 4059 2788 4116 inventum
2815 4077 2978 4134 esset,
3005 4069 3161 4123 etiam
3192 4073 3240 4126 in
3263 4076 3467 4130 caeteris
3493 4090 3730 4147 quatuor

2138 4151 2382 4205 sensibus
2420 4155 2658 4222 corporis
2698 4165 2749 4210 et
2779 4174 2881 4211 non
2915 4161 3110 4216 dictqu
3143 4177 3321 4233 posset
3347 4172 3554 4238 agnasci
3589 4190 3602 4224 :
3633 4186 3715 4227 at-

2139 4253 2241 4308 que
2279 4242 2350 4294 ita
2387 4245 2666 4299 exterioris
2697 4247 2923 4304 luuninis
2956 4253 3192 4322 trinitas,
3226 4259 3395 4327 primo
3422 4261 3469 4312 in
3500 4261 3562 4313 iis
3590 4279 3721 4330 qua:

2138 4344 2426 4387 cernuntur
2453 4339 2805 4404 extrinsecus,
2832 4360 2895 4396 ex
2924 4359 3147 4416 ωψσε-θ
3178 4351 3377 4405 scilicet
3402 4353 3537 4422 quod
3565 4355 3728 4410 vide-

2141 4432 2244 4491 tur,
2279 4437 2330 4479 et
2356 4426 2524 4483 forma
2557 4448 2673 4500 quae
2708 4433 2828 4487 inde
2861 4435 2910 4490 in
2941 4438 3052 4493 acie
3081 4444 3348 4497 cernentis
3378 4445 3723 4516 imprimitur,

2138 4527 2191 4570 et
2216 4525 2497 4583 utrumque
2526 4523 2820 4591 Copulantis
2861 4527 3153 4584 intentione
3197 4533 3513 4601 voluntatis,
3554 4553 3727 4606 appa-

2139 4610 2261 4663 ruit.
2293 4608 2395 4663 Sed
2419 4611 2531 4667 h;ec
2558 4616 2653 4669 tria
2677 4634 2780 4670 non
2809 4619 2946 4674 inter
2965 4636 3022 4676 se
3043 4625 3280 4694 aequalia,
3308 4643 3405 4682 nec
3425 4630 3578 4684 unius
3601 4649 3729 4689 esse

2139 4701 2445 4758 substantiae
2475 4707 2796 4764 claruerunt.
2843 4713 3042 4769 Deinde
3080 4718 3132 4770 in
3166 4717 3280 4787 ipso
3307 4722 3520 4788 animo,
3552 4724 3621 4779 ab
3661 4727 3728 4781 iis

2139 4807 2256 4861 qua:
2300 4794 2630 4851 extrinsecus
2672 4815 2826 4854 sensa
2866 4813 2989 4857 sunt
3016 4807 3155 4860 velut
3180 4809 3473 4866 introducta
3507 4813 3728 4871 inventa

2140 4891 2221 4936 est
2249 4883 2413 4936 altera
2457 4887 2662 4942 trinitas
2685 4931 2697 4953 ,
2750 4892 2834 4944 ubi
2879 4906 3195 4962 apparerent
3223 4899 3408 4954 eadem
3440 4903 3536 4956 tria
3567 4906 3728 4962 unius

2139 4989 2257 5030 esse
2287 4976 2612 5047 substantiae,
2648 4982 2948 5053 imaginatio
2977 4992 3214 5058 corporis
3238 5009 3357 5062 qua:
3384 4995 3432 5048 in
3461 5003 3728 5054 memoria

2139 5075 2252 5134 est,
2282 5078 2333 5121 et
2363 5069 2482 5123 inde
2508 5070 2811 5128 informatio
2839 5093 2958 5131 cum
2989 5080 3053 5133 ad
3084 5097 3200 5135 eam
3232 5089 3558 5142 convertitur
3581 5093 3730 5151 acies

2138 5159 2415 5228 cogitantis
2436 5202 2450 5225 ,
2477 5171 2530 5216 et
2558 5174 2840 5236 utrumque
2867 5170 3194 5240 conjtmgcns
3223 5177 3445 5231 intentio
3476 5180 3728 5235 volunta~

2140 5249 2225 5303 tis.
2253 5250 2355 5305 Sed
2383 5254 2502 5307 ideo
2529 5254 2626 5308 ista
2657 5257 2863 5312 trinitas
2895 5259 2961 5314 ad
2992 5265 3307 5320 exteriorem
3338 5269 3604 5326 hominem
3635 5290 3726 5328 re-

2140 5350 2285 5435 perta
2314 5351 2395 5397 est
2428 5347 2715 5414 pertinere,
2743 5350 2862 5420 quia
2892 5351 2957 5404 de
2983 5357 3298 5424 corporibus
3327 5359 3467 5416 illata
3496 5374 3576 5418 est
3603 5381 3732 5435 qua:

2141 5434 2442 5490 sentiuntur
2458 5439 2806 5494 extrinsecus.
2828 5441 2880 5495 In
2905 5443 3218 5502 duodecimo
3239 5450 3587 5508 discernenda
3609 5434 3731 5513 visa

2139 5535 2220 5580 est
2240 5527 2493 5596 sapientia
2519 5531 2586 5584 ab
2607 5533 2848 5600 scientia,
2872 5546 2925 5589 et
2953 5536 3003 5590 in
3032 5554 3092 5592 ea
3120 5557 3237 5610 qua:
3265 5546 3476 5614 proprie
3501 5548 3731 5605 scientia

2139 5628 2503 5692 nuncupatur,
2535 5625 2654 5694 quia
2688 5626 2905 5682 inferior
2935 5640 3047 5696 est,
3077 5634 3222 5701 prius
3247 5636 3486 5704 quaedam
3518 5638 3600 5693 sui
3636 5656 3734 5711 ge-

2139 5713 2284 5767 neris
2309 5715 2518 5770 trinitas
2541 5717 2853 5786 inquirenda
2880 5739 2893 5776 :
2918 5738 3034 5792 quae
3061 5724 3183 5780 licet
3205 5726 3271 5781 ad
3297 5727 3604 5785 interiorem
3629 5732 3735 5788 ho-

2139 5805 2336 5860 minem
2367 5807 2475 5876 jam
2519 5809 2811 5878 pertineat,
2844 5815 3080 5871 nondum
3109 5828 3284 5876 tamen
3313 5820 3486 5893 imago
3512 5823 3609 5879 Dei
3641 5827 3733 5882 vel

2208 5923 2225 5954 ι
2260 5929 2312 5971 ιιι
2332 5928 2457 5982 Mss,
2483 5920 2571 5984 vel,
2593 5927 2643 5972 ut
2662 5899 3009 5986 αηαὶιίιὼάἇηι.
