4076 6452
273 407 405 466 1061

267 518 582 594 appellanda
610 518 676 573 sit
700 515 788 573 vel.
808 513 1058 588 putanda.
1083 513 1151 569 Et
1172 511 1274 569 hoc
1297 514 1470 586 agitur
1495 515 1547 568 in
1575 513 1730 568 tertio
1751 511 1848 568 de-

267 617 407 672 cimo
435 613 570 668 libro
609 627 703 683 per
730 608 1246 664 commendationem
1277 607 1396 661 ﬁdei
1434 605 1756 662 eliristiante.
1793 603 1848 660 In

265 717 456 780 quarto
486 705 693 760 decimo
722 711 898 756 autem
934 700 1002 756 de
1035 699 1292 768 sapientia
1325 698 1566 752 ‘hominis
1603 712 1728 752 vera
1750 737 1763 762 ,
1799 695 1850 750 id

265 811 364 868 est,
397 799 490 854 Dei
515 813 734 854 munere
759 797 810 850 in
839 796 952 864 ejus
980 794 1143 864 ipsius
1167 795 1182 826 ί
1209 792 1302 848 Dei
1329 791 1730 863 participatione
1755 789 1851 844 do-

265 903 406 956 nata,
440 909 558 964 quae
585 891 652 946 ab
681 889 899 944 scientia
928 889 1171 944 distincta
1203 895 1302 952 est,
1334 887 1632 956 disputatur
1662 902 1675 937 :
1703 895 1757 938 et
1785 899 1850 938 eo

264 987 508 1060 pervenit
548 984 870 1054 diSputatio,
903 990 958 1035 ut
1002 979 1208 1034 trinitas
1251 987 1504 1048 appareat
1543 977 1594 1031 in
1625 975 1850 1046 imagine

267 1081 382 1144 Dei,
411 1076 550 1148 quod
582 1083 666 1132 est
695 1075 851 1128 homo
875 1071 1166 1127 secundum
1194 1077 1450 1136 mentem,
1479 1085 1594 1136 quae
1621 1081 1848 1124 renova-

267 1185 351 1230 tur
397 1172 450 1226 in
498 1169 768 1242 agnitione
809 1166 904 1220 Dei
951 1162 1240 1220 secundum
1289 1162 1574 1232 imaginem
1618 1159 1731 1230 ejus
1760 1157 1850 1228 qui

265 1253 464 1322 creavit
493 1263 760 1318 hominem
792 1259 1006 1332 (Coloss.
1039 1273 1124 1324 ιιι,
1157 1255 1245 1328 10)
1286 1256 1352 1310 ad
1389 1255 1672 1324 imaginem
1699 1267 1850 1307 suam

271 1360 420 1432 (Gen.
451 1375 502 1426 ι,
531 1358 626 1428 27)
647 1397 662 1424 ,
691 1365 744 1412 et
779 1355 856 1410 sic
893 1353 1120 1424 percipit
1154 1349 1464 1421 sapientiam
1501 1347 1588 1402 ubi
1613 1354 1850 1402 contem-

267 1453 428 1526 platio
456 1459 538 1507 est
567 1459 912 1504 aeternorum.

332 1543 559 1600 CAPUT
585 1541 676 1596 IV.
702 1571 776 1582 -—
800 1541 852 1594 6.
897 1537 1033 1604 Quid
1069 1538 1298 1590 universa
1326 1543 1508 1589 natura
1535 1549 1625 1586 nos
1654 1533 1716 1586 de
1741 1529 1850 1584 Deo

266 1639 462 1692 doceat.
501 1636 616 1692 Jam
647 1650 774 1704 ergo
805 1633 858 1686 in
899 1631 1028 1702 ipsis
1057 1629 1216 1684 rebus
1257 1627 1472 1682 aeternis
1493 1667 1510 1693 ,
1543 1626 1849 1694 incorpora-

265 1730 402 1785 libus
434 1737 488 1782 et
531 1722 1047 1780 inetnnmutabilibus
1069 1762 1083 1786 ,
1118 1719 1170 1774 in
1198 1733 1420 1788 quarum
1467 1715 1694 1785 perfecta
1724 1729 1852 1768 con-

265 1820 608 1892 templatione
660 1817 814 1872 nobis
863 1815 1014 1870 beata
1039 1853 1056 1878 ,
1086 1827 1204 1882 quae
1243 1808 1454 1864 nonnisi
1491 1817 1690 1861 aeterna
1729 1813 1847 1872 est,

265 1915 368 1970 vita
385 1911 729 1984 promittitur,
751 1907 1065 1962 Trinitatem
1091 1917 1208 1973 qua:
1233 1901 1370 1956 Deus
1395 1907 1480 1955 est
1499 1898 1848 1968 inquiramus.

263 2007 446 2076 Neque
469 2005 610 2060 enim
639 2002 940 2058 divinormn
973 1998 1254 2052 Librorum
1282 1990 1648 2049 tantummodo
1669 1999 1852 2046 aucto-

264 2101 394 2155 ritas
421 2113 539 2154 esse
567 2097 732 2152 Deum
781 2092 1073 2162 praedicat,
1114 2088 1207 2142 sed
1253 2085 1426 2140 otnnis
1466 2098 1585 2154 quae
1624 2096 1724 2136 nos
1747 2081 1852 2134 cir-

264 2199 532 2260 cumstat,
563 2189 632 2244 ad
659 2203 818 2258 quam
858 2199 955 2240 nos
1001 2182 1162 2236 etiam
1202 2178 1574 2250 pertinemus,
1607 2175 1852 2228 universa

263 2285 376 2356 ipsa
405 2299 586 2339 rerum
609 2291 796 2334 natura
825 2275 1135 2346 proclamat,
1165 2271 1360 2324 habere
1386 2282 1443 2322 se
1473 2263 1850 2336 pra'stantissi-

265 2393 412 2432 mum
449 2373 794 2430 Conditorem
821 2409 835 2430 ,
881 2367 970 2435 qui
1015 2364 1166 2418 nobis
1211 2369 1444 2416 mentem
1488 2359 1854 2425 rationemque

261 2466 560 2524 naturalem
586 2462 762 2522 dedit,
794 2475 894 2529 qua
927 2455 1160 2510 viventia
1191 2468 1296 2508 non
1327 2449 1623 2506 viventibus
1645 2491 1659 2516 ,
1692 2463 1852 2502 sensu

263 2560 487 2632 praedita
527 2573 632 2612 non
677 2551 1072 2614 sentientibus,
1118 2547 1466 2618 intelligentia
1506 2561 1610 2600 non
1655 2544 1852 2598 intelli-

261 2653 544 2726 gentibus,
593 2645 906 2704 immortalia
951 2641 1296 2704 mortalibus,
1337 2637 1717 2709 impotentibus
1759 2652 1856 2706 po-

265 2747 450 2811 tentia,
469 2741 678 2811 injustis
692 2739 854 2810 justa,
879 2736 1116 2806 speciosa
1139 2731 1488 2798 deformibus,
1514 2729 1647 2784 bona
1673 2729 1850 2794 malis,

264 2833 688 2904 incorruptibilia
727 2828 1158 2899 corruptibilibns
1184 2868 1198 2892 ,
1229 2823 1578 2878 immutabilia
1621 2823 1852 2878 mutabi-

264 2931 426 2996 libus,
449 2926 732 2982 invisibilia
756 2923 1070 2985 visibilibus,
1097 2917 1446 2988 incorporalia
1463 2917 1848 2986 corporalibus,

265 3023 420 3080 beata
451 3019 660 3074 miseris
689 3013 1014 3086 prtelerenda
1041 3011 1331 3066 videamus.
1365 3009 1442 3062 Ac
1473 3025 1564 3076 per
1593 3009 1696 3063 hoc
1721 3023 1854 3078 quo-

264 3117 408 3172 niam
437 3113 598 3168 rebus
635 3109 830 3164 creatis
872 3105 1180 3162 Creatorem
1212 3103 1330 3156 sine
1357 3101 1688 3157 dubitatione
1717 3117 1854 3170 pra-t-

265 3209 532 3280 ponimus,
559 3211 770 3274 oportet
794 3211 854 3256 ut
879 3215 1000 3256 eum
1032 3207 1085 3252 et
1113 3211 1322 3252 summe
1349 3196 1548 3259 vivere,
1581 3203 1634 3250 et
1661 3204 1850 3249 cuncta

265 3301 466 3356 sentire
489 3307 644 3366 atque
671 3295 994 3363 intelligere;
1023 3299 1078 3346 et
1107 3289 1240 3344 mori
1267 3330 1282 3353 ,
1309 3288 1599 3357 corrumpi,
1631 3287 1854 3340 mutari-

265 3409 368 3464 que
393 3407 497 3445 non
521 3405 675 3460 posse
697 3404 710 3453 ;
745 3402 844 3440 nec
865 3400 1056 3454 corpus
1077 3398 1216 3446 esse,
1239 3381 1332 3436 sed
1354 3381 1594 3450 spiritum
1615 3379 1852 3434 omnium

266 3482 690 3556 potentissimum
712 3523 726 3546 ,
752 3477 1105 3548 justissimum
1133 3517 1148 3541 ,
1189 3475 1642 3546 speciosissimum
1667 3513 1682 3540 ,
1711 3473 1852 3542 opti-

265 3593 434 3638 mum,
465 3573 828 3630 beatissimum
861 3569 1140 3622 fateamur.

334 3665 562 3723 CAPUT
601 3664 664 3718 ν.
692 3693 763 3704 -—-
805 3663 856 3718 7.
889 3662 1052 3726 Quam
1071 3657 1270 3730 difﬁcile
1297 3657 1640 3712 demonstrare
1660 3655 1854 3710 ratione

265 3759 488 3814 naturali
518 3755 833 3810 Trinitatem.
861 3751 964 3808 Sed
999 3752 1111 3806 haec
1137 3749 1313 3804 onmia
1345 3764 1463 3818 quae
1484 3748 1615 3814 dixi,
1637 3756 1684 3802 et
1710 3763 1855 3815 qua:-

264 3863 494 3920 cmnque
547 3849 646 3902 alia
687 3845 850 3900 simili
897 3858 1047 3898 more
1095 3842 1374 3896 locutionis
1425 3841 1667 3894 humanae
1696 3839 1854 3908 digne

265 3943 334 3999 de
366 3941 606 3998 Deodiei
631 3939 878 3995 videntur
898 3979 912 4004 ,
941 3945 996 3992 et
1042 3935 1302 3989 universae
1341 3933 1586 3987 Trinitati
1626 3948 1745 4002 quze
1772 3941 1858 3988 est

263 4053 404 4093 unus
435 4039 574 4090 Deus
597 4075 613 4104 ,
641 4043 694 4090 et
735 4031 978 4102 personis
1021 4029 1244 4099 singulis
1287 4028 1337 4082 in
1379 4027 1564 4082 eadem
1595 4025 1854 4081 'l‘rinitate

262 4128 606 4184 conveniunt.
639 4125 770 4192 Quis
794 4124 935 4179 enim
965 4122 1048 4175 vel
1078 4135 1236 4174 unum
1265 4120 1451 4182 Deum,
1475 4117 1616 4188 quod
1638 4127 1720 4172 est
1741 4117 1854 4186 ipsa

261 4219 520 4284 Trinitas,
541 4219 622 4272 vel
641 4217 872 4276 Patrem,
890 4215 969 4268 vel
987 4211 1288 4277 Filiuin,vel
1304 4211 1556 4280 Spiritum
1575 4217 1816 4263 sanctum
1837 4226 1850 4274 ;

260 4312 458 4368 audeat
481 4311 680 4376 dicere,
705 4318 794 4364 aut
819 4323 923 4362 non
951 4308 1233 4370 viventem,
1262 4315 1351 4359 aut
1379 4305 1508 4358 nihil
1534 4304 1854 4360 sentientem

259 4407 350 4462 vel
373 4406 775 4475 intelligentem,
801 4413 890 4456 aut
915 4403 966 4456 in
994 4417 1054 4456 ea
1082 4411 1267 4454 natura
1295 4415 1398 4469 qua
1423 4397 1562 4452 inter
1581 4413 1637 4450 se
1657 4397 1854 4467 prmdL

257 4507 453 4555 cantur
473 4497 726 4566 arquales,
746 4508 1063 4566 quemquam
1093 4507 1212 4546 esse
1233 4507 1417 4546 eorum
1445 4491 1721 4544 mortalem
1744 4490 1856 4543 sive

257 4590 678 4660 corruptibilem,
711 4587 822 4642 sive
872 4585 1175 4640 mutabilem
1201 4626 1215 4650 ,
1244 4583 1355 4638 sive
1383 4597 1696 4651 corporeum
1720 4599 1738 4648 ;
1765 4591 1856 4638 aut

257 4684 546 4753 quisquam
573 4680 646 4734 ibi
677 4687 834 4750 neget
859 4678 1089 4746 aliquem
1131 4675 1588 4745 potentissimum,
1619 4674 1853 4743 justissi-

257 4791 408 4831 mnm
435 4818 448 4840 ,
491 4773 940 4845 speciosissimum
971 4811 984 4836 ,
1016 4769 1274 4840 optimum
1303 4811 1316 4832 ,
1365 4768 1762 4822 beatissimum?
1798 4767 1854 4823 Si

255 4883 392 4939 ergo
423 4869 534 4922 haec
561 4877 720 4936 atque
747 4863 1050 4936 hujusmodi
1079 4863 1276 4926 omnia,
1302 4871 1356 4916 et
1385 4863 1497 4932 ipsa
1525 4861 1776 4926 Trinitas,
1801 4871 1858 4918 et

257 4965 320 5016 in
349 4978 410 5018 ea
443 4961 632 5031 singuli
661 4960 766 5014 diei
805 4967 1056 5027 possunt;
1089 4958 1174 5012 ubi
1206 4966 1297 5010 aut
1325 4956 1592 5026 quomodo
1623 4955 1856 5010 Trinitas

254 5056 576 5126 apparebit?
619 5051 938 5122 Redigamus
982 5051 1160 5120 itaque
1205 5051 1349 5119 prius
1389 5049 1503 5104 haec
1535 5051 1754 5118 plurima
1787 5049 1854 5104 ad

201 5175 204 5178 -
255 5149 494 5216 aliquam
535 5147 875 5216 paucitatem.
919 5141 1052 5209 Quae
1078 5143 1180 5196 vita
1223 5143 1364 5195 enim
1395 5140 1588 5195 dicitur
1619 5143 1668 5195 in
1703 5143 1849 5206 Deo,

255 5241 378 5306 ipsa
408 5245 491 5291 est
517 5237 746 5292 essentia
778 5235 892 5303 ejus
931 5244 1088 5302 atque
1130 5243 1336 5286 natura.
1366 5231 1480 5286 Non
1513 5233 1686 5302 itaque
1717 5234 1854 5288 Dens

255 5331 394 5384 vivit
422 5331 522 5384 nisi
547 5331 654 5384 vita
681 5328 821 5400 quod
853 5329 966 5398 ipse
995 5327 1094 5382 sibi
1125 5335 1226 5382 est.
1255 5325 1380 5380 [late
1407 5337 1582 5380 autem
1613 5327 1714 5380 vita
1747 5342 1851 5382 non

257 5421 390 5478 talis
413 5433 494 5478 est
521 5423 693 5492 qualis
718 5422 858 5476 inest
881 5421 1078 5485 arbori,
1111 5419 1196 5473 ubi
1227 5417 1400 5472 nullus
1425 5427 1508 5472 est
1529 5418 1847 5484 intellectus,

255 5513 446 5571 nullus
471 5522 555 5571 est
575 5527 782 5568 sensus.
813 5512 918 5567 Nec
944 5512 1064 5566 talis
1085 5511 1254 5582 qualis
1287 5511 1422 5564 inest
1449 5511 1624 5578 pecori
1657 5527 1668 5562 :
1697 5511 1856 5565 habet

253 5608 534 5666 enim-vita
556 5621 762 5676 pecoris
780 5619 994 5660 sensum
1025 5603 1529 5674 quinquepartitum,
1578 5602 1670 5657 sed
1695 5603 1852 5657 intel-

255 5699 466 5757 lectum
489 5697 651 5755 habet
673 5698 874 5754 nullum
899 5715 912 5751 :
937 5705 990 5751 at
1015 5697 1104 5752 illa
1129 5697 1234 5750 vita
1259 5711 1378 5766 quae
1405 5695 1545 5750 Deus
1571 5704 1670 5762 est,
1694 5697 1855 5751 sentit

347 5835 364 5865 ι
389 5835 460 5884 sic
480 5841 586 5904 Mss.
609 5843 662 5885 At
695 5839 770 5904 β’.
791 5839 844 5884 et
865 5839 996 5904 ιιονἸ
1013 5829 1067 5881 id
1082 5837 1158 5902 est
1173 5829 1258 5902 ἀε-
1279 5843 1476 5904 munere
1493 5827 1597 5894 ejus
1613 5843 1664 5882 tn
1683 5843 1850 5896 ipsius,

275 5903 378 5950 ctc.
395 5906 516 5960 Am.,
533 5894 742 5951 ideatdc
759 5906 957 5948 mare
972 5894 1028 5946 in
1045 5894 1334 5952 ciuem
1353 5901 1452 5945 etc.

1463 389 1665 456 LIBER
1702 383 1997 466 QUINTUS
2033 389 2347 460 DECIMUS.

3397 397 3541 470 {062

1955 543 2114 606 atque
2177 537 2420 608 intelligit
2504 539 2718 606 omnia;
2791 549 2847 598 et
2925 541 3088 600 sentit
3153 552 3332 602 mente
3358 587 3374 614 ,
3433 567 3536 604 non

1954 643 2213 697 corpore,
2256 631 2378 700 quia
2429 633 2644 702 spiritus
2687 641 2770 688 est
2821 635 2962 690 Deus
3014 635 3207 708 (Joan.
3263 655 3350 703 iv,
3405 641 3536 712 24).

1953 719 2069 774 Non
2125 730 2302 776 autem
2361 723 2500 780 sicut
2551 726 2794 780 animalia
2851 744 2970 796 qua:
3021 729 3216 785 habent
3269 747 3490 801 corpora
3519 775 3534 798 ,

1954 829 2049 884 per
2090 831 2284 885 corpus
2327 819 2490 872 sentit
2531 819 2700 886 Deus;
2747 837 2854 875 non
2891 822 3032 876 enim
3074 839 3136 878 ex
3183 826 3356 880 anima
3405 842 3540 880 con~

1955 914 2059 960 stat
2100 919 2151 961 et
2195 923 2418 978 corpore
2465 927 2480 962 :
2523 926 2588 984 ac
2639 927 2732 981 per
2777 910 2878 966 hoc
2929 914 3154 982 simplex
3211 916 3300 970 illa
3351 928 3535 972 natura

1955 1001 2091 1052 sicut
2111 1001 2368 1070 intelligit
2391 1003 2552 1058 sentit
2574 1045 2588 1070 ,
2618 1004 2754 1060 sicut
2795 1005 2954 1060 sentit
2981 1005 3254 1077 intelligit;
3291 1007 3534 1078 idemque

1955 1105 2142 1144 sensus
2169 1093 2260 1162 qui
2301 1093 2600 1148 intellectus
2645 1103 2728 1149 est
2768 1095 2860 1150 illi.
2891 1095 3000 1151 Nec
3043 1097 3112 1152 ita
3157 1107 3211 1152 ut
3251 1099 3536 1168 aliquando

1954 1197 2072 1237 esse
2098 1183 2318 1238 desistat
2361 1195 2452 1240 aut
2489 1188 2714 1255 eruperit
2740 1203 2754 1241 :
2788 1187 3102 1244 immortalis
3131 1199 3213 1245 est
3237 1191 3400 1244 enim.
3427 1191 3536 1246 Nec

1955 1275 2148 1332 frustra
2169 1277 2238 1334 de
2266 1279 2354 1334 illo
2378 1279 2574 1333 dictum
2605 1290 2686 1334 est
2711 1281 2850 1349 quod
2877 1283 3020 1336 solus
3045 1281 3238 1336 habent
3261 1283 3535 1338 immorta-

1957 1368 2158 1422 litatem
2185 1369 2204 1439 (
2232 1371 2247 1424 l
2277 1369 2469 1425 Tim.“
2493 1411 2510 1436 ,
2541 1371 2642 1442 16)
2675 1387 2690 1424 :
2724 1389 2844 1426 nam
2877 1373 3240 1428 immortalitas
3269 1375 3382 1444 ejus
3411 1391 3534 1430 vere

1955 1461 2326 1518 immortalitas
2349 1473 2464 1530 est,
2497 1465 2550 1518 in
2585 1466 2737 1535 cujus
2781 1475 2966 1522 natura
3005 1469 3145 1522 nulla
3183 1476 3268 1524 est
3293 1483 3534 1522 commu-

1957 1555 2104 1610 tatio.
2125 1556 2238 1625 Ipsa
2261 1565 2342 1612 est
2357 1559 2512 1611 etiam
2533 1574 2654 1612 vera
2673 1561 2946 1616 aeternitas
2969 1577 3071 1630 qua
3093 1569 3176 1618 est
3191 1563 3534 1619 immutabilis

1955 1647 2116 1712 Dens,
2143 1647 2257 1702 sine
2289 1649 2458 1716 initio,
2488 1665 2602 1704 sme
2633 1652 2772 1714 (itte;
2805 1661 3190 1722 consequenter
3214 1663 3268 1708 et
3296 1655 3532 1710 incorru-

1954 1739 2172 1808 ptibilis.
2204 1738 2318 1796 Una
2348 1756 2476 1812 ergo
2501 1742 2792 1812 eademque
2823 1757 2908 1798 res
2935 1743 3126 1798 dicitur
3149 1785 3164 1808 ,
3192 1745 3304 1800 sive
3329 1746 3535 1802 dicatur

1954 1837 2184 1886 aeternus
2213 1833 2353 1886 Deus
2377 1873 2390 1898 ,
2421 1833 2534 1888 sive
2563 1833 2876 1889 immortalis
2897 1876 2912 1899 ,
2945 1835 3058 1890 sive
3085 1836 3494 1906 incorruptibilis
3515 1879 3532 1904 ,

1955 1923 2066 1978 sive
2087 1924 2429 1980 immutabilis
2457 1943 2468 1978 :
2497 1927 2724 1996 itemque
2745 1942 2866 1980 cum
2898 1925 3110 1993 dicitur,
3136 1927 3320 1982 vivens
3338 1969 3352 1994 ,
3375 1936 3430 1984 et
3453 1929 3537 1982 in-

1957 2017 2216 2087 telligens,
2248 2018 2386 2086 quod
2416 2027 2496 2072 est
2527 2019 2708 2088 utique
2743 2017 2954 2087 sapiens
2973 2060 2988 2084 ,
3021 2019 3122 2074 hoc
3151 2019 3290 2074 idem
3321 2020 3535 2076 dicitur.

1955 2105 2068 2162 Non
2109 2107 2248 2160 enim
2301 2108 2536 2177 percepit
2575 2109 2887 2177 sapientiam
2931 2125 3034 2179 qua
3077 2119 3220 2166 esset
3257 2111 3466 2180 sapiens
3493 2113 3534 2178 ⁸,

1955 2198 2048 2254 sed
2081 2199 2192 2268 ipse
2221 2199 2476 2268 sapientia
2514 2209 2618 2254 est.
2647 2199 2713 2254 Et
2754 2199 2866 2254 haec
2893 2201 3018 2264 vita,
3051 2199 3344 2271 eademque
3369 2201 3540 2256 virtus

1955 2293 2074 2346 sive
2101 2293 2330 2361 potentia
2356 2335 2370 2358 ,
2401 2292 2694 2363 eademque
2720 2294 2925 2362 species
2945 2335 2958 2358 ,
2991 2309 3092 2363 qua
3125 2304 3312 2364 potens
3337 2338 3350 2361 ,
3379 2305 3538 2364 atque

1956 2385 2230 2454 speciosus
2255 2385 2470 2440 dicitur.
2503 2385 2638 2453 Quid
2677 2386 2820 2442 enim
2865 2387 3130 2456 potentius
3169 2395 3222 2441 et
3247 2387 3538 2456 speciosius

1955 2475 2232 2544 sapientia,
2261 2492 2380 2546 qtue
2407 2476 2617 2546 attingit
2649 2493 2680 2531 a
2707 2477 2809 2530 ﬁne
2835 2491 3000 2546 usque
3035 2476 3102 2531 ad
3130 2477 3286 2532 tinem
3308 2477 3533 2544 fortiter,

1955 2577 2011 2622 et
2054 2567 2288 2636 disponit
2327 2567 2506 2621 omnia
2545 2567 2778 2623 suaviter
2816 2567 2980 2637 (Sap.
3015 2583 3137 2634 vm,
3181 2566 3278 2639 l)?
3325 2569 3540 2626 Bonitas

1957 2659 2114 2714 etiam
2143 2669 2300 2728 atque
2325 2660 2526 2729 justitia
2551 2702 2566 2726 ,
2593 2660 2844 2730 numquid
2875 2661 3014 2715 inter
3039 2675 3098 2716 se
3123 2661 3174 2714 in
3205 2669 3394 2715 natura
3421 2661 3539 2728 Dei,

1955 2751 2094 2806 sicut
2131 2750 2182 2804 in
2211 2751 2326 2820 ejus
2355 2752 2606 2820 eperibns
2629 2752 2860 2818 distant,
2889 2760 3136 2821 tanquam
3166 2751 3285 2806 dure
3313 2751 3540 2808 diversae

1956 2841 2062 2895 sint
2101 2842 2382 2912 qualitates
2409 2841 2532 2908 Dei;
2566 2859 2667 2896 una
2693 2883 2708 2908 ,
2744 2843 2980 2908 bonitas;
3010 2843 3134 2912 alia,
3159 2843 3397 2914 justitia?
3421 2843 3536 2898 Non

1956 2935 2140 3004 utique
2169 2951 2181 2987 :
2212 2934 2306 2989 sed
2341 2952 2458 3004 qua:
2481 2935 2682 3004 justitia
2703 2977 2716 3002 ,
2751 2937 2860 3006 ipsa
2887 2937 3124 3001 bonitas;
3167 2947 3220 2992 et
3245 2953 3362 3007 quae
3385 2937 3540 2992 boni-

1957 3037 2056 3092 tas,
2077 3029 2188 3098 ipsa
2211 3029 2501 3084 beatitudo.
2527 3029 2871 3099 lncorporalis
2892 3039 3069 3084 autem
3091 3030 3170 3085 vel
3199 3033 3540 3100 incorporeus

1956 3121 2078 3176 ideo
2105 3121 2296 3176 dicitur
2321 3122 2478 3188 Deus,
2511 3131 2568 3176 ut
2593 3123 2812 3192 spiritus
2836 3123 3083 3178 credatur
3105 3123 3188 3178 vel
3215 3124 3539 3196 intelligatur

1956 3227 2095 3278 esse,
2129 3230 2232 3268 non
2266 3229 2478 3284 corpus.

2027 3305 2080 3360 8.
2113 3306 2340 3360 Proinde
2365 3307 2406 3360 si
2436 3307 2696 3372 dicamus,
2723 3306 2994 3374 Hilernus,
3020 3309 3542 3372 immortalis,.incor-

1955 3397 2239 3465 ruplibilis,
2271 3397 2646 3462 immutabilis,
2671 3399 2818 3452 vivus
2838 3441 2853 3464 ,
2887 3400 3129 3468 sapiens,
3165 3411 3352 3469 potens
3372 3441 3384 3464 ,
3413 3417 3538 3471 spe-

1956 3487 2153 3552 ciosus,
2171 3489 2364 3558 jUaltlS,
2387 3489 2576 3554 bonus,
2599 3490 2805 3552 beatus,
2830 3489 3076 3558 spiritus;
3099 3491 3283 3546 horum
3302 3493 3539 3546 ninnium

1957 3579 2302 3634 novissimum
2345 3581 2486 3650 quod
2531 3582 2683 3650 posui
2732 3581 2880 3650 quasi
2927 3583 3292 3637 tantummodo
3333 3583 3540 3638 videtur

1956 3675 2256 3744 signiﬁcare
2281 3674 2652 3740 substantiam,
2678 3684 2868 3728 caetera
2897 3691 3020 3729 vero
3047 3675 3204 3744 hujus
3233 3675 3541 3730 substantia:

1957 3767 2278 3839 qualitates:
2310 3767 2404 3822 sed
2443 3782 2548 3822 non
2591 3767 2660 3820 ita
2687 3775 2768 3822 est
2809 3767 2863 3820 in
2889 3767 2979 3821 illa
3011 3767 3260 3822 ineﬂ‘abili
3287 3769 3540 3838 simplici-

1957 3875 2062 3930 que
2085 3871 2292 3914 natura.
2321 3860 2582 3930 Quidquid
2616 3863 2756 3916 enim
2803 3861 3092 3916 secundum
3131 3863 3410 3933 qualitates
3435 3865 3542 3920 illic

1959 3951 2064 4006 dici
2089 3951 2316 4018 videtur,
2342 3951 2632 4006 secundum
2659 3953 3006 4006 substantiam
3033 3953 3114 4008 vel
3143 3955 3427 4009 essentiam
3458 3963 3542 4010 est

1959 4044 2378 4114 intelligendum.
2414 4044 2566 4099 Absit
2595 4046 2738 4100 enim
2763 4055 2817 4100 ut
2849 4046 3064 4116 spiritus
3093 4048 3384 4104 secundum
3411 4049 3542 4104 sub-

1959 4137 2208 4194 Stantiam
2249 4135 2454 4192 dicatur
2483 4137 2654 4203 Deus,
2685 4145 2740 4191 et
2781 4139 2954 4193 bonus
2992 4139 3282 4194 secundum
3313 4141 3542 4210 qualita-

1960 4237 2067 4284 tem
2093 4245 2108 4282 :
2132 4229 2226 4284 sed
2251 4239 2532 4298 utrumque
2550 4227 2842 4283 secundum
2861 4229 3224 4284 substantiam.
3257 4230 3344 4287 Sic
3362 4233 3541 4287 οηιιιίίι

1959 4333 2151 4378 cetera
2177 4338 2294 4394 quae
2337 4323 2904 4387 contn'iemoravimus,
2938 4324 3075 4378 unde
3101 4325 3150 4378 in
3181 4327 3542 4394 superioribus

1961 4413 2110 4468 libris
2155 4413 2318 4467 multa
2357 4413 2466 4482 jam
2507 4412 2758 4468 diximus.
2803 4414 2879 4468 De
2921 4423 3144 4484 quatuor
3175 4417 3331 4486 igitur
3359 4418 3543 4487 primis

1959 4522 2079 4576 quae
2107 4505 2268 4562 modo
2295 4521 2325 4558 a
2355 4506 2510 4560 nobis
2553 4517 2860 4560 enumerata
2889 4517 3046 4576 atque
3069 4508 3270 4577 digesta
3301 4519 3424 4564 sunt
3449 4551 3462 4576 ,
3490 4510 3542 4566 id
3583 4513 3595 4532 '

1959 4609 2062 4666 est,
2080 4608 2330 4662 :eternus,
2360 4598 2694 4665 innnortalis,
2719 4597 3156 4669 incorruptibilis,
3177 4601 3540 4669 immutabilis,

1961 4707 2122 4746 unum
2152 4690 2346 4760 aliquid
2377 4690 2672 4760 eligamus;
2717 4691 2840 4761 quia
2878 4708 3036 4746 unum
3081 4703 3306 4762 quatuor
3343 4693 3443 4747 ista
3473 4695 3538 4747 si-

1959 4789 2208 4858 gniﬁcant
2228 4829 2243 4852 ,
2272 4788 2410 4842 sicut
2440 4787 2548 4856 jam
2574 4787 2798 4841 disserui
2825 4803 2839 4852 ;
2871 4802 2939 4840 ne
2967 4802 3060 4857 per
3087 4789 3246 4840 multa
3277 4787 3537 4843 distenda-

1959 4888 2046 4934 tur
2073 4879 2297 4932 intentio
2319 4920 2336 4944 ,
2363 4887 2416 4933 et
2445 4878 2574 4933 illud
2615 4880 2787 4948 potius
2816 4879 2955 4948 quod
2989 4880 3212 4948 positum
3243 4889 3324 4934 est
3353 4882 3499 4948 prius
3523 4923 3539 4948 ,

1960 4971 2013 5026 id
2034 4981 2136 5038 est,
2159 4982 2412 5026 aeternus.
2443 4972 2553 5026 Hoc
2581 4973 2830 5028 faciamus
2855 4981 2908 5026 et
2933 4971 3002 5025 de
3027 4981 3251 5041 quatuor
3271 4973 3540 5041 secundis,

1959 5079 2078 5132 qua:
2107 5071 2248 5128 sunt,
2277 5065 2448 5130 vivus,
2479 5064 2714 5134 sapiens,
2745 5073 2932 5132 potens
2955 5101 2970 5126 ,
2999 5063 3288 5130 speciosus.
3317 5064 3384 5118 Et
3409 5081 3542 5134 quo-

1961 5155 2103 5210 niam
2133 5155 2232 5208 vita
2261 5156 2658 5225 qualiscumque
2686 5155 2820 5208 inest
2846 5161 2900 5208 et
2940 5153 3138 5222 pecori,
3169 5155 3252 5209 cui
3281 5155 3538 5224 sapientia

1962 5263 2068 5302 non
2099 5247 2268 5312 inest;
2300 5247 2406 5302 duo
2435 5263 2560 5302 vero
2591 5247 2690 5298 ista
2711 5285 2724 5306 ,
2751 5244 3006 5313 sapientia
3039 5246 3236 5298 scilicet
3264 5255 3422 5316 atque
3446 5263 3544 5318 po-

1961 5341 2146 5404 tentia,
2167 5341 2234 5394 ita
2253 5349 2378 5395 sunt
2403 5340 2541 5394 inter
2555 5355 2611 5392 se
2631 5339 2682 5392 in
2711 5338 2923 5392 homine
2935 5349 3256 5409 comparata,
3277 5349 3332 5395 ut
3354 5351 3548 5399 sancta

1961 5432 2234 5504 Scriptura
2261 5434 2478 5498 diceret,
2509 5431 2692 5486 Melior
2713 5442 2780 5486 est
2803 5433 3004 5503 sapiens
3027 5449 3176 5504 quam
3203 5434 3349 5503 fortis
3401 5438 3420 5506 (
3447 5435 3536 5492 Ia'.

1959 5528 2177 5598 v1,l);
2210 5526 2450 5595 speciosa
2495 5539 2653 5595 porro
2699 5523 2860 5579 etiam
2908 5540 3130 5593 corpora
3175 5526 3278 5582 dici
3321 5529 3534 5582 solent:

1959 5631 2124 5674 unum
2145 5633 2210 5672 ex
2231 5615 2316 5670 his
2334 5623 2563 5686 quatuor
2583 5616 2603 5646 ¹
2625 5613 2764 5686 quod
2785 5615 3272 5686 eligitnus,sapiens
3291 5619 3538 5687 eligatur:

2024 5777 2059 5838 ι-
2075 5773 2149 5820 sic
2187 5776 2294 5838 uss.
2321 5776 2378 5818 At
2401 5768 2534 5838 editi,
2559 5777 2658 5818 Non
2679 5767 2805 5819 enim
2841 5766 3042 5833 percipit
3064 5769 3342 5834 sapientiam
3365 5773 3458 5834 qua

1960 5833 2082 5896 (vel,
2103 5845 2200 5896 qua
2221 5831 2302 5894 sit)
2325 5830 2532 5896 sapiens.

2026 5897 2047 5928 ¹
2071 5893 2207 5957 Loco,
2224 5893 2449 5958 quatuor,
2469 5893 2593 5945 forte
2617 5893 2900 5958 legendum,
2921 5893 3204 5960 aquaam.
