4076 6442
534 348 678 406 1065

530 459 773 537 quamvis
795 456 912 515 haec
935 461 1165 530 quatuor
1188 455 1241 510 in
1270 453 1384 509 Deo
1401 463 1509 507 non
1538 450 1820 521 inaequalia
1849 452 1865 483 ι
1893 450 2121 506 dicenda

531 557 672 620 sint;
704 554 919 609 nomina
950 552 1094 606 enim
1124 557 1349 618 quatuor
1373 586 1389 614 ,
1422 561 1508 601 res
1547 552 1724 601 autem
1768 560 1872 600 una
1912 552 2013 599 est.
2046 544 2122 599 De

533 646 703 703 tertiis
731 660 861 700 vero
889 642 1088 698 ultimis
1117 646 1366 710 quatuor,
1399 636 1641 708 quamvis
1670 636 1721 690 in
1750 635 1860 691 Deo
1886 634 2027 689 idem
2054 634 2125 689 sit

529 741 727 811 justum
771 751 888 792 esse
927 732 1069 803 quod
1112 733 1310 787 bonum
1336 771 1349 797 ,
1393 729 1536 800 quod
1581 728 1794 783 beatum
1819 769 1833 792 ,
1873 726 2122 797 idemque

529 832 774 901 spiritum
801 842 920 883 esse
947 823 1089 896 quod
1115 823 1315 894 justum
1341 830 1397 877 et
1422 822 1618 877 bonum
1644 828 1701 875 et
1724 819 1937 875 beatum
1965 832 2119 874 esse:

531 932 709 978 tamen
750 921 873 991 quia
916 920 968 973 in
1014 916 1319 972 hominibus
1366 922 1543 986 potest
1589 928 1708 970 esse
1754 912 1971 984 spiritus
2013 927 2123 967 non

530 1015 733 1078 beatus,
766 1021 941 1083 potest
969 1020 1022 1067 et
1040 1011 1217 1081 justus
1243 1019 1296 1065 et
1320 1010 1494 1064 bonus
1522 1007 1759 1062 nondum
1788 1006 2009 1071 beatus;
2032 1006 2123 1076 qui

528 1121 657 1162 vero
698 1105 885 1160 beatus
924 1112 1041 1171 est,
1074 1100 1317 1173 profecto
1355 1109 1411 1156 et
1449 1100 1627 1170 justus
1655 1106 1709 1153 et
1734 1098 1904 1153 bonus
1933 1105 1987 1152 et
2014 1097 2122 1166 spi-

530 1197 665 1252 ritus
690 1205 771 1251 est
823 1214 835 1249 :
882 1194 984 1249 hoc
1015 1194 1192 1264 potius
1220 1192 1480 1263 eligamus
1508 1189 1651 1261 quod
1680 1204 1781 1244 nec
1807 1189 1862 1243 in
1894 1187 2123 1242 homini-

530 1289 629 1346 bus
655 1303 775 1343 esse
799 1287 917 1342 sine
944 1286 1049 1341 illis
1076 1286 1244 1341 tribus
1275 1292 1468 1355 potest,
1497 1282 1639 1353 quod
1665 1289 1748 1337 est
1771 1281 1978 1336 beatus.
2068 1304 2071 1307 -

602 1379 827 1436 CAPUT
851 1378 942 1434 Vl.
966 1408 1039 1420 —-
1066 1378 1118 1433 9.
1163 1376 1426 1445 Quomodo
1463 1375 1516 1428 in
1543 1375 1655 1445 ipsa
1679 1374 1999 1444 simplicitate
2029 1370 2125 1426 Dei

527 1476 591 1530 sit
618 1474 862 1528 Trinitas.
894 1472 976 1526 An
1013 1481 1058 1527 et
1100 1470 1349 1541 quomodo
1387 1485 1449 1523 ex
1493 1467 1782 1522 monstratis
1822 1466 2125 1521 trinitatibus

530 1559 811 1621 in’hominc
836 1567 1133 1621 ostendatur
1158 1562 1382 1617 Trinitas
1404 1561 1561 1615 Deus.
1599 1559 1736 1615 Num
1765 1560 1923 1631 igitur
1950 1560 1971 1590 ³
2000 1574 2123 1613 cum

530 1661 781 1728 dicimus,
806 1658 1082 1720 Hilernus,
1108 1656 1342 1727 sapiens,
1365 1656 1570 1717 beatus,
1602 1653 1716 1709 haec
1740 1652 1839 1707 tria
1865 1660 1989 1705 sunt
2008 1650 2126 1704 Tri-

532 1753 690 1817 nitas,
720 1767 837 1822 qum
868 1750 1168 1821 appellatur
1198 1747 1380 1802 Deus?
1404 1745 1715 1816 Redigimus
1743 1744 1763 1775 ³
1793 1742 2005 1814 quidem
2036 1742 2123 1796 illa

534 1842 815 1897 duodecim
847 1841 901 1896 in
944 1841 1101 1896 istam
1143 1840 1465 1910 paucitatem
1506 1838 1663 1892 trium
1705 1855 1717 1891 :
1750 1836 1841 1891 sed
1870 1851 1935 1891 eo
1965 1833 2125 1889 modo

532 1931 754 1988 forsitan
780 1947 1059 2003 possumus
1075 1940 1130 1987 et
1152 1933 1265 1986 hazc
1289 1931 1385 1986 tria
1409 1931 1461 1985 in
1482 1944 1646 1984 unum
1672 1928 1886 1999 aliquod
1911 1928 2121 2013 borum.

532 2026 664 2082 Nam
695 2026 740 2082 si
770 2042 871 2081 una
900 2025 1193 2096 eademque
1222 2039 1310 2080 res
1358 2024 1411 2078 in
1462 2023 1556 2078 Dei
1585 2032 1771 2077 natura
1803 2029 1977 2092 potest
2004 2036 2125 2077 esse

533 2120 791 2189 sapientia
820 2126 875 2174 et
917 2119 1150 2188 potentia
1176 2159 1190 2183 ,
1232 2124 1325 2172 aut
1351 2116 1458 2171 vita
1487 2124 1541 2171 et
1577 2115 1865 2185 sapientia;
1897 2130 1992 2169 cur
2018 2128 2125 2168 non

533 2225 637 2263 una
659 2208 954 2279 eademque
980 2224 1070 2264 res
1097 2223 1219 2264 esse
1250 2208 1417 2278 possit
1447 2207 1500 2261 in
1529 2207 1621 2261 Dei
1649 2214 1834 2260 natura
1855 2205 2125 2260 aeternitas

532 2311 586 2356 et
611 2300 868 2371 sapientia
892 2342 907 2367 ,
935 2309 1026 2355 aut
1055 2298 1325 2355 beatitudo
1354 2307 1409 2355 et
1450 2298 1749 2368 sapientia?
1797 2299 1874 2353 Ac
1901 2313 1998 2369 per
2025 2296 2127 2352 hoc

535 2392 673 2447 sicut
698 2392 828 2446 nihil
856 2392 1111 2448 intererat
1140 2400 1317 2446 utrum
1348 2391 1435 2445 illa
1464 2390 1767 2455 duodecim,
1797 2404 1863 2443 an
1900 2389 1995 2444 ista
2026 2388 2124 2443 tria

533 2485 872 2551 diceremus,
915 2485 1127 2556 quando
1170 2486 1259 2540 illa
1311 2485 1476 2540 multa
1517 2485 1570 2539 in
1621 2485 1777 2541 istam
1822 2483 2125 2554 redegimus

540 2578 860 2647 paucitatem
882 2594 897 2643 ;
923 2577 992 2631 ita
1013 2577 1143 2631 nihil
1174 2578 1395 2632 interest
1416 2586 1592 2632 utrum
1615 2578 1713 2632 tria
1740 2578 1839 2631 ista
1861 2577 2121 2643 dicamus,

535 2685 603 2724 an
630 2669 759 2725 illud
788 2686 948 2724 unum
978 2670 1028 2724 in
1065 2671 1215 2740 cujus
1245 2671 1663 2741 singularitatem
1692 2670 1797 2725 duo
1824 2678 2015 2725 caetera
2049 2670 2125 2724 si-

534 2765 729 2819 militer
749 2764 917 2834 redigi
940 2779 1095 2834 posse
1116 2766 1525 2821 monstravimus
1543 2764 1586 2819 ‘.
1604 2764 1733 2833 Quis
1748 2765 1925 2834 itaque
1940 2764 2124 2835 dispu-

534 2857 677 2912 tandi
707 2856 895 2911 modus
918 2897 935 2922 ,
967 2872 1211 2927 quamam
1251 2856 1463 2911 tandem
1491 2857 1570 2911 vis
1598 2857 1925 2927 intelligendi
1965 2865 2125 2926 atque

533 2948 767 3019 potentia
792 2990 807 3014 ,
837 2963 954 3018 quae
982 2947 1235 3003 vivacitas
1276 2948 1497 3003 rationis
1518 2990 1534 3015 ,
1563 2965 1682 3019 quae
1719 2950 1859 3003 acies
1918 2950 2123 3019 cogita-

534 3041 692 3094 tionis
718 3040 995 3097 ostendet.
1031 3048 1087 3094 ut
1115 3040 1215 3093 alia
1241 3040 1351 3109 jam
1385 3050 1620 3106 taceam,
1654 3041 1756 3095 hoc
1786 3058 1949 3096 unum
1980 3042 2123 3112 quod

534 3130 792 3198 sapientia
821 3130 1014 3183 dicitur
1040 3129 1181 3183 Deus
1203 3171 1217 3193 ,
1245 3130 1511 3199 quomodo
1542 3132 1611 3185 sit
1636 3130 1910 3185 Trinitas?
1941 3131 2125 3202 Neque

534 3221 677 3276 enim
718 3221 854 3274 sicut
903 3234 1000 3273 nos
1045 3219 1111 3274 de
1161 3220 1252 3273 illo
1304 3221 1622 3290 percipimus
1671 3224 2022 3291 sapientiam,
2053 3225 2123 3278 ita

536 3310 678 3364 Deus
702 3309 770 3365 de
797 3311 973 3380 aliquo
1004 3328 1015 3364 :
1046 3310 1142 3365 sed
1172 3326 1265 3367 sua
1295 3320 1378 3366 est
1403 3313 1515 3383 ipse
1544 3314 1833 3383 sapientia;
1864 3315 1987 3385 quia
2016 3330 2123 3371 non

535 3410 618 3456 est
645 3402 788 3456 aliud
820 3403 1074 3471 sapientia
1126 3402 1244 3472 ejus
1267 3444 1279 3466 ,
1310 3404 1453 3457 aliud
1496 3407 1722 3460 essentia
1748 3449 1761 3471 ,
1791 3407 1873 3461 cui
1916 3409 2017 3462 hoc
2044 3417 2125 3463 est

535 3509 654 3549 esse
692 3494 835 3564 quod
880 3496 1173 3564 sapientem
1222 3511 1361 3551 esse.
1396 3496 1599 3551 Dicitur
1636 3498 1844 3567 quidem
1884 3502 1934 3553 in
1976 3500 2122 3555 Scri-

535 3587 706 3656 pturis
734 3588 931 3641 sanctis
973 3588 1214 3643 Christus
1264 3588 1359 3643 Dei
1404 3589 1574 3645 virtus
1598 3633 1610 3654 ,
1640 3599 1695 3645 et
1739 3592 1831 3646 Dei
1864 3578 2124 3663 sapientia

538 3678 597 3751 (Ι.
623 3678 739 3735 Cor.
774 3696 830 3746 ι,
874 3680 984 3751 24)
1031 3699 1043 3734 :
1084 3681 1177 3735 sed
1226 3682 1673 3751 quemadmodum
1720 3686 1789 3739 sit
1822 3685 2123 3757 intelligen-

536 3769 685 3835 dum,
718 3787 786 3826 ne
813 3772 1027 3827 Patrem
1053 3772 1221 3827 Filius
1251 3774 1494 3828 videatur
1522 3774 1697 3831 facere
1722 3777 2038 3846 sapientem,
2070 3781 2123 3835 in

536 3863 674 3919 libro
699 3865 925 3934 septimo
956 3865 1280 3936 disputatum
1322 3876 1403 3921 est
1444 3866 1609 3937 (Cap.
1645 3870 1812 3939 1-3);
1843 3880 1897 3925 et
1921 3872 1987 3925 ad
2026 3872 2126 3928 hoc

537 3957 673 4010 ratio
698 3957 960 4026 pervenit,
982 3966 1041 4011 ut
1067 3957 1144 4012 sic
1172 3960 1241 4013 sit
1264 3959 1431 4015 Filius
1461 3960 1721 4030 sapientia
1749 3962 1814 4018 de
1842 3964 2121 4033 sapientia,

537 4048 982 4116 quemadmodum
1012 4049 1190 4103 lumen
1221 4050 1287 4105 de
1334 4052 1563 4119 lumine,
1594 4053 1731 4108 Deus
1761 4054 1827 4108 de
1860 4056 1986 4110 Deo.
2017 4055 2127 4112 Nec

539 4138 680 4193 aliud
722 4141 989 4209 potuimus
1028 4141 1270 4198 invenire
1314 4142 1570 4213 Spiritum
1618 4155 1897 4216 sanctum,
1941 4150 2041 4203 nisi
2073 4158 2128 4204 et

540 4228 712 4299 ipsum
737 4246 857 4286 esse
885 4232 1220 4301 sapientiam,
1252 4242 1305 4287 et
1332 4235 1490 4288 simul
1518 4250 1703 4291 omnes
1730 4254 1889 4293 unam
1916 4242 2130 4310 sapien-

541 4324 690 4390 tiam,
720 4326 857 4380 sicut
885 4343 1045 4382 unum
1082 4328 1269 4395 Deum,
1301 4345 1459 4384 unam
1488 4332 1797 4387 essentiam.
1828 4335 1974 4390 Hanc
1999 4352 2125 4407 ergo

540 4421 853 4489 sapientiam
880 4422 1019 4492 quod
1048 4430 1131 4478 est
1158 4424 1316 4490 Deus,
1347 4425 1614 4494 quomodo
1642 4427 1983 4499 intelligimus
2007 4445 2125 4485 esse

540 4509 887 4567 Trinitatem?
916 4512 1030 4567 Non
1070 4514 1212 4582 dixi,
1241 4515 1518 4580 Quomodo
1547 4519 1852 4575 credimus?
1878 4538 1996 4575 nam
2026 4522 2127 4578 hoc

538 4600 678 4659 inter
700 4602 883 4659 ﬁdeles
907 4621 1012 4659 non
1032 4605 1191 4661 debet
1212 4606 1408 4662 habere
1434 4611 1780 4679 quaestionem
1809 4630 1827 4666 :
1852 4613 1947 4667 sed
1965 4614 2009 4667 si
2026 4614 2126 4668 ali-

539 4710 645 4764 quo
684 4695 843 4751 modo
886 4713 980 4767 per
1009 4698 1409 4770 intelligentiam
1455 4718 1736 4772 possumus
1765 4706 1945 4762 videre
1985 4708 2125 4778 quod

540 4786 829 4854 credimus,
858 4789 977 4859 quis
1005 4790 1102 4844 iste
1130 4791 1231 4845 erit
1261 4792 1489 4847 modus?

612 4880 699 4934 it).
741 4880 797 4935 Si
825 4881 966 4935 enirn
996 4882 1294 4937 recolamus
1339 4883 1429 4938 ubi
1473 4872 1661 4941 nostro
1697 4888 1984 4944 intellectui
2012 4906 2125 4947 coe-

541 4972 679 5041 perit
704 4972 755 5026 in
786 4972 865 5029 bis
896 4973 1043 5029 libris
1068 4974 1301 5029 Trinitas
1329 4991 1605 5045 apparere,
1630 4988 1848 5035 octavus
1873 4985 2124 5039 occurrit.

542 5062 616 5119 lbi
649 5064 863 5135 quippe,
890 5076 949 5120 ut
978 5068 1245 5136 potuimus
1269 5109 1284 5135 ,
1316 5068 1636 5138 disputando
1662 5074 1869 5142 erigere
1894 5078 2127 5132 tentavi-

543 5171 660 5211 mus
692 5158 889 5211 mentis
915 5157 1266 5214 intentionem
1301 5160 1365 5213 ad
1399 5160 1790 5231 intelligendam
1821 5166 1963 5220 illam
1994 5184 2128 5236 prte-

543 5249 921 5302 stantissimam
952 5249 1446 5321 immutabilemque
1484 5262 1747 5320 naturam,
1782 5258 1921 5326 quod
1945 5269 2127 5315 nostra

546 5353 699 5393 mens
726 5354 830 5394 non
860 5350 963 5396 est.
1004 5343 1173 5410 Quam
1204 5356 1379 5398 tamen
1425 5348 1501 5400 sic
1546 5347 1917 5418 intuebamur,
1948 5361 2004 5407 ut
2029 5370 2128 5410 nec

547 5429 702 5503 longe
730 5447 758 5486 a
788 5434 940 5490 nobis
966 5446 1128 5502 esset,
1155 5446 1211 5492 et
1234 5450 1395 5509 supra
1427 5453 1523 5493 nos
1551 5449 1710 5506 esset,
1742 5458 1846 5498 non
1873 5444 2012 5513 loco,
2036 5445 2130 5502 sed

609 5624 631 5701 ξ
660 5623 830 5701 plures
850 5632 979 5701 Mss...
1004 5640 1098 5677 non
1116 5627 1344 5701 aquatio.
1368 5629 1567 5701 Melius,
1589 5635 1632 5683 si
1662 5639 1824 5688 tamen
1847 5647 1992 5698 supra
2025 5650 2130 5701 pro,

544 5685 672 5755 quod
693 5685 928 5750 eligimus,
949 5685 1211 5755 legendum
1227 5685 1606 5755 sit,a2qualibus.

609 5752 629 5818 ξ
664 5756 729 5799 Ita
750 5756 855 5799 Mss.
873 5758 936 5818 ⁸Αι
954 5752 1089 5810 editi,
1108 5763 1234 5801 nunc
1258 5752 1422 5818 igitur.

608 5812 629 5884 ξ
660 5818 735 5884 ξς.
755 5812 903 5884 Lugd.
930 5820 1047 5861 Ven.
1074 5819 1126 5861 et
1148 5812 1589 5884 Lov.,'redcgimus.
1651 5825 1707 5869 Μ.

607 5870 631 5903 δ
662 5870 976 5936 maestus,
990 5870 1369 5929 nwnwratmnm.

1679 335 1771 394 DE
1800 333 2196 405 TRINITATE,
2237 331 2295 391 S.
2335 331 2704 391 AUGUSTINI

3681 336 3828 394 ιοθι

2231 448 2346 519 ipsa
2374 448 2456 503 sui
2478 444 2769 503 venerabili
2794 442 3133 515 mirabilique
3151 447 3479 516 praestantia,
3505 448 3579 505 ita
3603 458 3663 505 ut
3683 453 3829 523 apud

2230 555 2331 596 nos
2352 555 2471 596 esse
2492 554 2590 595 suo
2612 539 2862 611 praesenti
2887 538 3087 594 lumine
3116 539 3403 595 videretur.
3436 540 3495 597 ln
3516 558 3621 614 qua
3645 553 3829 600 tamen

2230 632 2386 687 nobis
2422 630 2594 686 adhuc
2641 630 2784 685 nulla
2833 630 3062 684 Trinitas
3103 631 3425 699 apparebat,
3457 634 3577 703 quia
3620 651 3729 690 non
3759 636 3829 691 ad

2230 738 2350 779 eam
2379 722 2719 794 quzerendam
2752 721 2805 776 in
2832 720 3037 792 fulgore
3065 721 3158 776 illo
3189 721 3395 778 ﬁrmam
3425 725 3623 780 mentis
3653 726 3827 782 aciem

2230 816 2542 871 tenebamus
2569 814 2586 846 ¹
2620 832 2633 867 :
2670 821 2873 868 tantum
2923 813 3046 883 quia
3093 830 3198 868 non
3242 822 3357 869 erat
3401 816 3575 885 aliqua
3616 817 3827 886 moles,

2230 907 2320 961 ubi
2355 906 2500 962 credi
2544 913 2818 975 oporteret
2852 904 3268 974 magnitudinem
3295 904 3521 961 duorum
3551 907 3636 963 vel
3666 908 3829 962 trium

2230 996 2348 1066 plus
2384 1013 2505 1053 esse
2541 1012 2700 1067 quam
2745 996 2932 1058 unius.
2966 996 3316 1051 cernebamus
3355 1005 3668 1069 utcumque.
3719 999 3831 1055 Sed

2230 1087 2318 1142 ubi
2349 1097 2567 1143 ventum
2606 1096 2691 1142 est
2728 1087 2795 1141 ad
2825 1086 3139 1141 cbaritatem
3164 1128 3179 1155 ,
3212 1103 3329 1158 quae
3371 1088 3421 1141 in
3462 1098 3647 1144 sancta
3678 1090 3831 1145 Scri-

2229 1189 2381 1250 ptura
2414 1182 2551 1235 Deus
2577 1179 2716 1235 dicta
2742 1188 2825 1235 est
2862 1178 2919 1249 (I
2968 1178 3125 1233 Joan.
3159 1196 3211 1235 iv
3231 1222 3245 1244 ,
3278 1180 3404 1252 16),
3434 1182 3597 1237 eluxit
3633 1183 3829 1252 paulu-

2229 1270 2337 1324 lum
2362 1271 2613 1335 Trinitas,
2638 1270 2690 1324 id
2712 1278 2812 1335 est,
2842 1285 3048 1337 amans,
3075 1279 3130 1326 et
3154 1273 3296 1341 quod
3320 1283 3549 1338 amatur,
3576 1285 3629 1328 et
3652 1291 3826 1330 amor.

2230 1359 2335 1416 Sed
2354 1362 2476 1430 quia
2495 1360 2581 1415 lux
2601 1360 2689 1414 illa
2712 1360 2998 1415 ineﬂ‘abilis
3022 1371 3261 1416 nostrum
3284 1365 3665 1420 reverberabat
3680 1366 3831 1421 obtu-

2231 1460 2343 1507 tum
2364 1492 2380 1519 ,
2403 1462 2457 1507 et
2485 1452 2537 1507 ei
2562 1452 2797 1507 nondum
2827 1468 2986 1524 posse
3014 1455 3369 1524 obtemperari
3409 1468 3607 1511 nostra:
3631 1461 3831 1515 mentis

2229 1543 2459 1615 quodam
2472 1543 2626 1599 modo
2639 1545 3049 1599 convincebatur
3062 1546 3429 1612 inﬁrmitas,ad
3447 1549 3613 1619 ipsius
3628 1560 3828 1605 nostra:

2228 1636 2442 1701 mentis,
2465 1636 2755 1690 secundum
2782 1653 2941 1707 quam
2966 1637 3136 1693 factus
3160 1648 3241 1693 est
3270 1638 3429 1693 homo
3449 1642 3513 1694 ad
3538 1642 3827 1717 imaginem

2228 1726 2326 1782 Dei
2351 1724 2501 1799 (Gen.
2526 1743 2564 1794 ι,
2591 1726 2707 1800 27),
2727 1728 2871 1783 velut
2889 1727 3283 1783 familiariorem
3307 1732 3822 1802 considerationem,

2230 1820 2533 1875 reﬁciendae
2564 1821 2855 1875 laborantis
2886 1822 3195 1877 intentionis
3214 1838 3392 1889 causa,
3426 1825 3564 1879 inter
3588 1835 3824 1895 coeptum

2230 1910 2652 1981 dispositumque
2682 1910 2987 1966 reﬂeximus
3019 1929 3034 1967 :
3063 1921 3117 1967 et
3146 1913 3268 1968 inde
3298 1914 3350 1967 in
3388 1926 3655 1980 creatura,
3684 1916 3826 1986 quod

2230 2018 2329 2058 nos
2371 2018 2573 2069 sumus,
2602 2012 2659 2058 ut
2706 2003 2989 2060 invisibilia
3016 2005 3131 2071 Dei,
3154 2022 3251 2078 per
3279 2021 3341 2061 ea
3374 2023 3492 2078 quae
3518 2007 3655 2062 facta
3677 2019 3823 2078 sunt,

2230 2097 2539 2166 conspicere
2584 2097 2849 2153 intellecta
2894 2113 3171 2167 possemus
3203 2097 3381 2168 (Rom.
3414 2116 3452 2164 ι,
3483 2099 3599 2170 20),
3632 2102 3830 2157 immo-

2230 2189 2331 2243 rati
2384 2204 2573 2245 sumus
2608 2206 2638 2244 a
2670 2206 2812 2245 nono
2855 2206 3022 2261 usque
3070 2190 3136 2245 ad
3166 2202 3416 2261 quartum
3461 2193 3730 2248 decimum
3758 2194 3825 2249 li-

2229 2278 2405 2333 brum.
2438 2280 2504 2333 Et
2531 2295 2656 2335 ecce
2678 2280 2787 2350 jam
2819 2290 3072 2352 quantum
3102 2297 3322 2337 necesse
3348 2282 3535 2350 fuerat,
3560 2294 3655 2339 aut
3683 2278 3828 2341 forte

2231 2370 2351 2440 plus
2382 2360 2539 2441 quam
2590 2387 2810 2427 necesse
2862 2372 3053 2438 fuerat,
3079 2376 3367 2430 exercitata
3395 2375 3446 2430 in
3476 2375 3827 2435 inferioribus

2236 2461 2608 2532 intelligentia,
2639 2463 2705 2518 ad
2738 2480 2997 2519 summam
3031 2465 3348 2522 Trinitatem
3383 2484 3501 2538 qua:
3531 2469 3671 2524 Deus
3713 2478 3820 2539 est,

2229 2557 2659 2627 conspiciendam
2707 2573 2806 2613 nos
2855 2560 3062 2629 erigere
3108 2560 3377 2628 volumus,
3430 2577 3532 2617 nec.
3556 2563 3821 2618 valemus.

2230 2647 2366 2703 Num
2412 2649 2555 2703 enim
2580 2650 2718 2704 sicut
2755 2651 3083 2705 certissimas
3118 2652 3359 2707 videmus
3390 2653 3677 2720 trinitates,
3704 2654 3825 2710 sive

2229 2755 2347 2810 quae
2375 2741 2668 2795 forinsecus
2704 2741 2773 2797 de
2800 2742 2961 2797 rebus
2984 2745 3352 2814 corporalibus
3383 2745 3535 2810 ﬁunt,
3564 2747 3676 2800 sive
3697 2762 3821 2801 cum

2230 2847 2291 2887 ea
2324 2833 2434 2904 ipsa
2462 2850 2581 2903 qua:
2611 2833 2906 2890 forinsecus
2956 2852 3113 2891 sensa
3162 2846 3285 2891 sunt
3340 2839 3683 2909 cogitantur;
3710 2840 3825 2895 sive

2230 2940 2350 2980 cum
2407 2926 2490 2979 illa
2521 2942 2639 2996 qua:
2685 2927 2929 2982 oriuntur
2963 2928 3017 2981 in
3060 2928 3239 2982 animo
3268 2970 3282 2993 ,
3328 2945 3429 2985 nec
3455 2932 3725 2999 pertinent
3754 2930 3822 2986 ad

2230 3020 2471 3088 corporis
2501 3034 2690 3073 sensus
2719 3060 2732 3082 ,
2783 3020 2919 3075 sicut
2946 3021 3097 3087 fides,
3139 3022 3273 3077 sicut
3302 3024 3527 3078 virtutes
3550 3040 3671 3094 qua:
3697 3032 3825 3080 sunt

2224 3118 2373 3175 artes
2411 3110 2628 3180 agenda:
2658 3110 2779 3165 vitta
2811 3154 2825 3179 ,
2856 3112 3132 3167 manifesta
3168 3114 3376 3169 ratione
3426 3124 3718 3169 cernuntur
3767 3124 3823 3171 et

2229 3201 2449 3255 scientia
2480 3202 2852 3267 continentur;
2886 3204 2998 3258 sive
3048 3219 3170 3259 cum
3201 3221 3351 3259 mens
3381 3207 3493 3275 ipsa
3534 3223 3638 3276 qua
3666 3206 3819 3261 novi-

2228 3304 2347 3344 mus
2375 3292 2630 3361 quidquid
2663 3308 2823 3347 nosse
2853 3307 2951 3348 nos
3001 3296 3260 3350 veraciter
3302 3295 3554 3363 dicimus,
3588 3297 3687 3351 sibi
3725 3313 3822 3352 co-

2230 3383 2372 3453 gnita
2398 3391 2500 3449 cst,
2532 3383 2616 3438 vel
2642 3398 2702 3438 se
2725 3384 2957 3454 cogitat,
2991 3384 3103 3439 sive
3152 3400 3271 3439 cum
3307 3386 3506 3456 aliquid
3533 3388 3675 3457 quod
3707 3388 3821 3457 ipsa

2230 3486 2483 3542 nonest,
2517 3487 2778 3531 aeternum
2826 3486 2983 3547 atque
3033 3478 3466 3534 incommutabile
3513 3482 3819 3549 conspicit:

2229 3582 2357 3621 num
2408 3582 2533 3637 ergo
2581 3567 2721 3621 sicut
2755 3569 2805 3621 in
2838 3567 2920 3621 bis
2946 3569 3195 3623 omnibus
3224 3570 3555 3625 certissimas
3581 3570 3823 3625 videmus

2231 3657 2511 3722 trinitates,
2545 3658 2665 3727 quia
2706 3660 2760 3712 in
2792 3660 2942 3713 nobis
2975 3661 3105 3714 fiunt
3133 3661 3216 3715 vel
3246 3661 3298 3715 in
3336 3661 3492 3716 nobis
3520 3672 3668 3727 sunt,
3700 3678 3821 3717 cum

2231 3748 2333 3803 ista
2360 3749 2736 3815 meminimus,
2768 3752 3054 3819 aspicimus
3080 3793 3094 3818 ,
3144 3752 3411 3819 volumus,
3467 3753 3540 3807 ita
3571 3754 3817 3809 videmus

2230 3842 2389 3895 etiam
2438 3841 2754 3895 Trinitatem
2815 3844 3019 3911 Deum,
3076 3844 3198 3914 quia
3237 3854 3291 3900 et
3321 3846 3427 3900 illic
3475 3846 3823 3917 intelligendo

2231 3935 2593 4004 conspicimus
2624 3944 2870 4006 tanquam
2910 3936 3212 4004 dicentem,
3252 3947 3305 3993 et
3331 3940 3552 3994 verbum
3587 3941 3725 4011 ejus,
3771 3940 3823 3995 id

2231 4035 2331 4092 est,
2362 4027 2573 4081 Patrem
2604 4036 2660 4083 et
2690 4028 2904 4096 Filium,
2936 4038 3096 4100 atque
3139 4031 3261 4086 inde
3290 4034 3667 4101 procedentem
3698 4032 3825 4087 cha-

2232 4122 2440 4176 ritatem
2473 4122 2683 4191 utrique
2722 4137 3058 4179 communem
3081 4166 3096 4192 ,
3152 4125 3357 4179 scilicet
3400 4124 3657 4195 Spiritum
3689 4140 3823 4180 san-

2232 4214 2421 4268 ctum?
2464 4216 2546 4268 An
2579 4214 2839 4269 trinitates
2870 4215 2997 4269 istas
3042 4215 3106 4269 ad
3151 4230 3340 4271 sensus
3381 4226 3591 4271 nostros
3621 4218 3705 4270 vel
3752 4216 3823 4270 ad

2230 4305 2463 4359 animum
2498 4306 2827 4374 pertinentes
2857 4306 3097 4360 videmus
3118 4308 3296 4377 potius
3322 4322 3471 4376 quam
3498 4306 3775 4361 credimus
3802 4347 3820 4374 ,

2234 4396 2401 4451 Deum
2438 4412 2565 4452 vero
2613 4412 2733 4454 esse
2784 4397 3097 4453 Trinitatem
3142 4399 3409 4453 credimus
3439 4398 3610 4469 potius
3659 4414 3820 4467 quam

2232 4488 2517 4544 videmus?
2545 4490 2696 4558 Quod
2746 4491 2792 4545 si
2830 4491 2898 4545 ita
2946 4501 3062 4559 est,
3118 4491 3355 4561 profecto
3395 4501 3487 4547 aut
3537 4492 3827 4547 invisibilia

2230 4580 2368 4651 ejus,
2402 4596 2495 4651 per
2522 4597 2583 4636 ea
2606 4598 2723 4652 qum
2782 4581 2918 4637 facta
2946 4592 3103 4648 sunt,
3136 4584 3279 4637 nulla
3308 4585 3579 4639 intellecta
3610 4586 3828 4654 conspi-

2231 4674 2440 4740 cimus;
2488 4687 2577 4729 aut
2616 4674 2662 4730 si
2690 4675 2795 4729 ulla
2818 4676 3204 4745 conspicimus;
3237 4678 3414 4731 nonin
3440 4677 3518 4730 eis
3559 4676 3830 4747 conspici-

2231 4782 2349 4821 mus
2379 4766 2692 4821 Trinitatem
2720 4807 2736 4834 ,
2790 4776 2843 4822 et
2863 4777 2946 4822 est
2975 4767 3083 4821 illic
3108 4767 3251 4838 quod
3278 4768 3680 4838 conspiciamus
3701 4810 3715 4834 ,
3748 4775 3829 4822 est

2232 4856 2371 4927 quod
2414 4858 2572 4911 etiam
2624 4872 2730 4912 non
2801 4868 3147 4929 conspectum
3220 4858 3438 4913 credere
3511 4858 3826 4914 debeamus.

2233 4946 2557 5017 Conspicere
2611 4956 2789 5003 autem
2821 4963 2919 5003 nos
2947 4949 3277 5005 immutabile
3300 4950 3522 5016 bonum,
3553 4951 3701 5019 quod
3731 4964 3829 5003 nos

2234 5054 2341 5092 non
2393 5053 2618 5104 sumus,
2691 5037 2827 5095 liber
2882 5049 3101 5095 octavus
3177 5041 3442 5106 ostendit;
3498 5048 3553 5094 et
3606 5050 3832 5110 quartus

2235 5129 2504 5195 decimus,
2552 5146 2671 5185 cum
2702 5129 2769 5186 de
2813 5133 3070 5202 sapientia
3100 5148 3219 5203 qua:
3250 5132 3453 5187 homini
3490 5147 3557 5187 ex
3611 5131 3726 5187 Deo
3748 5139 3837 5187 est.

2240 5222 2601 5293 loqueremur,
2659 5224 2952 5279 admonuit.
3008 5225 3114 5281 Cur
3169 5228 3347 5297 itaque
3382 5226 3456 5281 ibi
3500 5242 3610 5281 non
3661 5241 3835 5296 agno-

2235 5314 2437 5371 scimus
2487 5315 2958 5373 Trinitatem?An
3003 5318 3119 5374 haec
3180 5319 3439 5391 sapientia
3495 5335 3618 5390 quae
3690 5320 3840 5375 Deus

2186 5438 2195 5441 -
2236 5406 2455 5473 dicitur,
2509 5425 2614 5462 non
2666 5425 2725 5464 se
2772 5410 3057 5481 intelligit,
3086 5426 3194 5466 non
3223 5426 3285 5467 se
3334 5410 3707 5481 diligit?Quis
3730 5410 3838 5465 hoc

2238 5496 2475 5552 dixerit?
2512 5500 2619 5553 Aut
2637 5501 2755 5570 quis
2780 5509 2864 5556 est
2891 5502 2980 5572 qui
3006 5516 3110 5556 non
3138 5502 3335 5569 videat,
3369 5502 3456 5557 ubi
3485 5502 3630 5556 nulla
3653 5502 3839 5557 scien-

2239 5586 2313 5641 tia
2358 5598 2459 5654 est,
2493 5590 2639 5645 nullo
2672 5590 2829 5645 modo
2872 5607 2991 5647 esse
3039 5591 3400 5662 sapientiam?
3430 5593 3538 5647 Aut
3565 5607 3697 5646 vero
3728 5608 3837 5661 pu-

2240 5680 2461 5736 tandum
2487 5691 2597 5748 est,
2630 5684 2942 5753 sapientiam
2973 5701 3091 5755 qua:
3144 5686 3284 5741 Deus
3335 5692 3439 5753 est,
3470 5684 3612 5739 scire
3639 5683 3744 5737 alia
3777 5691 3839 5739 et

2176 5788 2188 5799 '
2241 5774 2451 5829 nescire
2507 5790 2565 5830 se
2616 5775 2803 5846 ipsam,
2852 5777 2933 5832 vel
2957 5777 3178 5849 diligere
3231 5778 3336 5834 alia
3387 5791 3489 5834 nec
3516 5776 3742 5848 diligere
3773 5788 3841 5831 se

2306 5887 2324 5920 ⁸
2356 5887 2545 5952 Aliquot
2564 5894 2692 5952 Mss,
2708 5888 3035 5941 tendebamus.
