4076 6524
284 516 423 577 ωδε

284 630 499 705 ipsam?
521 629 654 699 Qua:
678 632 724 687 si
743 629 847 687 dici
876 630 989 687 sive
1007 630 1157 688 credi
1175 629 1393 688 stultum
1421 637 1478 688 et
1502 631 1723 704 impium
1745 639 1863 697 est;

284 736 409 779 ecce
432 737 563 794 ergo
588 722 845 789 Trinitas,
876 724 1136 795 sapientia
1165 725 1412 794 scilicet,
1445 732 1501 781 et
1521 726 1710 780 notitia
1739 723 1818 780 sui
1846 764 1863 792 ,

282 823 337 870 et
361 813 581 870 dilectio
605 814 709 870 sui.
736 814 825 870 Sic
848 814 991 871 enim
1019 824 1074 871 et
1110 816 1167 871 in
1196 816 1411 873 homine
1436 817 1737 873 invenimus
1768 814 1865 871 tri-

282 907 523 971 nitatem,
547 904 603 961 id
630 913 735 973 est,
757 915 1015 976 mentem,
1044 916 1099 964 et
1125 909 1368 965 notitiam
1394 924 1498 981 qua
1523 924 1583 966 se
1605 909 1785 977 novit,
1812 917 1868 966 et

282 998 623 1056 dilectionem
654 1015 758 1070 qua
798 1015 859 1057 se
887 1002 1078 1073 diligit.

349 1089 579 1146 CAPUT
607 1089 720 1147 VII.
742 1122 814 1134 —-
838 1093 930 1148 il.
959 1091 1119 1148 Haud
1152 1093 1306 1167 facile
1334 1110 1480 1165 posse
1516 1111 1580 1151 ea:
1604 1095 1750 1151 dictis
1779 1097 1869 1150 tri-

279 1179 523 1238 nitatibus
548 1182 855 1255 deprehendi
893 1183 1197 1241 Trinitatem
1241 1186 1425 1242 Deum.
1470 1186 1577 1244 Sed
1619 1188 1735 1244 haec
1766 1187 1865 1243 tria

281 1277 353 1333 ita
384 1284 510 1332 sunt
534 1276 587 1331 in
616 1276 859 1344 homine,
887 1286 947 1332 ut
971 1293 1076 1334 non
1104 1280 1217 1349 ipsa
1241 1280 1350 1335 sint
1377 1280 1558 1336 homo.
1592 1281 1764 1336 llomo
1784 1289 1867 1337 est

279 1369 446 1437 enim,
498 1369 637 1425 sicut
687 1380 898 1427 veteres
949 1371 1304 1441 deﬁnierunt,
1358 1374 1557 1430 animal
1608 1374 1869 1431 rationale

281 1460 530 1517 mortale.
560 1459 651 1515 Illa
678 1475 809 1533 ergo
830 1463 1098 1518 excellunt
1117 1464 1170 1518 in
1197 1462 1434 1533 homine,
1467 1481 1573 1521 non
1605 1466 1719 1537 ipsa
1740 1476 1864 1522 sunt

281 1552 464 1609 homo.
496 1553 565 1609 Et
586 1568 691 1609 una
715 1569 964 1626 persona,
992 1555 1045 1611 id
1065 1565 1149 1612 est
1177 1558 1415 1629 singulus
1438 1559 1663 1630 quisque
1686 1561 1865 1625 homo,

282 1642 443 1699 habet
460 1643 551 1699 illa
573 1645 673 1701 tria
692 1644 748 1700 in
766 1653 947 1702 mente
964 1647 1006 1701 ¹.
1028 1645 1180 1716 Quod
1203 1647 1249 1702 si
1269 1648 1432 1703 etiam
1458 1650 1536 1705 sic
1555 1649 1870 1706 deﬁniamus

281 1734 575 1801 hominem,
596 1743 657 1791 ut
676 1735 935 1804 dicamus,
960 1736 1134 1793 Homo
1159 1746 1243 1794 est
1266 1738 1565 1795 substantia
1590 1741 1865 1797 rationalis

281 1835 535 1883 constans
562 1842 633 1883 ex
658 1828 834 1883 anima
881 1837 937 1884 et
957 1844 1222 1907 corpore;
1250 1846 1358 1887 non
1401 1840 1484 1887 est
1508 1832 1726 1887 dubium
1773 1833 1871 1888 ho-

280 1919 480 1974 minem
524 1918 724 1975 habere
754 1921 989 1976 animam
1012 1936 1131 1993 quae
1156 1938 1264 1979 non
1292 1932 1377 1981 est
1410 1940 1608 1997 corpus
1629 1967 1643 1994 ,
1672 1927 1870 1983 habere

282 2026 480 2083 corpus
503 2012 648 2083 quod
674 2027 781 2068 non
804 2023 888 2070 est
913 2015 1110 2071 anima.
1140 2017 1220 2073 Ac
1245 2032 1344 2089 per
1377 2016 1482 2074 hoc
1509 2018 1600 2074 illa
1628 2020 1729 2075 tria
1763 2036 1870 2076 non

282 2103 444 2159 homo
468 2112 613 2174 sunt,
650 2104 746 2162 sed
788 2105 1021 2163 hominis
1063 2117 1209 2177 sunt,
1253 2109 1339 2165 vel
1387 2110 1441 2165 in
1471 2110 1687 2168 homine
1724 2122 1870 2168 sunt.

286 2195 535 2253 Detraclo
561 2198 721 2253 etiam
744 2212 986 2269 corpore,
1014 2199 1059 2255 si
1089 2201 1200 2256 sola
1244 2202 1422 2257 anima
1446 2204 1728 2273 cogitetur,
1774 2205 1874 2258 alin

284 2286 411 2355 quid
436 2288 553 2358 ejus
588 2296 673 2344 est
700 2303 872 2357 mens,
903 2297 1156 2360 tanquam
1181 2299 1342 2361 caput
1368 2291 1506 2362 ejus,
1529 2294 1615 2348 vel
1651 2295 1835 2349 oculus
1854 2337 1870 2361 ,

283 2380 370 2435 vel
402 2381 602 2437 facies:
631 2380 724 2437 sed
753 2396 860 2436 non
906 2381 1023 2438 haec
1046 2391 1106 2438 ut
1145 2397 1371 2453 corpora
1416 2385 1695 2455 cogitanda
1724 2396 1870 2441 sunt.

281 2471 401 2527 Non
449 2474 606 2542 igitur
633 2473 829 2541 anima,
860 2475 953 2531 sed
984 2476 1128 2547 quod
1167 2478 1379 2533 excellit
1407 2478 1461 2533 in
1502 2479 1680 2535 anima
1723 2496 1876 2537 mens

279 2573 523 2619 vocatur.
547 2564 814 2636 Numquid
840 2576 1017 2624 autem
1044 2583 1328 2638 possumus
1350 2569 1533 2627 dicere
1561 2571 1873 2629 Trinitatem

282 2656 365 2711 sic
394 2670 514 2712 esse
541 2656 594 2711 in
622 2656 754 2723 Deo,
776 2667 837 2714 ut
862 2658 1063 2730 aliquid
1088 2661 1183 2717 Dei
1216 2662 1314 2732 sit,
1338 2678 1437 2719 nec
1466 2664 1581 2733 ipsa
1606 2666 1675 2720 sit
1694 2665 1876 2720 Deus?

283 2747 622 2819 Quapropter
640 2749 878 2820 singulos
897 2752 1120 2823 quisque
1140 2751 1323 2823 homo,
1346 2755 1435 2825 qui
1457 2772 1562 2811 non
1579 2756 1875 2812 secundum

287 2840 469 2894 omnia
492 2855 610 2910 qua:
637 2841 703 2896 ad
730 2850 973 2900 naturam
1000 2846 1270 2917 pertinent
1289 2847 1427 2917 ejus,
1460 2848 1555 2905 sed
1581 2850 1873 2906 secundum

286 2932 459 2987 solam
482 2940 714 2989 mentem
737 2934 911 3005 imago
938 2936 1031 2992 Dei
1054 2938 1271 3006 dicitur,
1295 2955 1398 2995 una
1428 2955 1656 3012 persona
1694 2951 1794 3009 est,
1822 2953 1879 2999 et

288 3021 466 3093 imago
485 3032 569 3079 est
593 3023 868 3082 Trinitatis
886 3028 940 3082 in
960 3038 1161 3086 mente.
1188 3031 1422 3088 Trinitas
1448 3048 1577 3089 vero
1605 3034 1694 3089 illa
1724 3035 1876 3105 cujus

289 3115 469 3188 imago
497 3127 579 3174 est
598 3160 615 3188 ,
645 3116 774 3173 nihil
805 3120 946 3176 aliud
990 3130 1073 3178 est
1098 3130 1207 3178 tota
1236 3139 1394 3194 quam
1416 3125 1559 3181 Deus
1587 3167 1602 3192 ,
1633 3126 1763 3181 nihil
1793 3136 1878 3183 est

288 3207 435 3263 aliud
458 3216 566 3266 tota
589 3226 751 3282 quam
772 3212 1027 3271 Trinitas.
1055 3214 1165 3271 Nec
1185 3216 1386 3287 aliquid
1406 3217 1475 3273 ad
1502 3226 1747 3275 naturam
1778 3220 1874 3276 Dei

289 3300 541 3369 pertinet,
571 3303 711 3373 quod
748 3304 816 3359 ad
845 3304 987 3361 illam
1010 3321 1114 3361 non
1142 3308 1406 3378 pertineat
1430 3309 1743 3366 Trinitatem
1776 3329 1789 3364 :
1823 3319 1877 3367 et

292 3400 403 3447 tres
432 3408 675 3463 persona:
700 3403 827 3452 sunt
854 3397 1009 3454 unius
1038 3401 1306 3469 essentiae,
1338 3417 1447 3459 non
1474 3404 1611 3459 sicut
1636 3404 1875 3477 singulus

289 3483 515 3556 quisque
541 3486 701 3543 homo
723 3504 828 3543 una
848 3506 1096 3561 persona.

364 3576 451 3631 12.
482 3577 722 3650 itemque
749 3579 802 3634 in
833 3580 935 3637 hoc
962 3598 1153 3654 magna
1174 3583 1423 3640 distantia
1446 3594 1547 3653 est,
1588 3586 1731 3657 quod
1756 3587 1870 3645 sive

291 3678 527 3727 mentem
556 3669 799 3728 dicamus
848 3674 902 3728 in
948 3673 1166 3731 homine
1188 3717 1205 3743 ,
1236 3676 1459 3748 ejusque
1486 3678 1724 3734 notitiam
1757 3722 1774 3751 ,
1821 3690 1876 3763 et

289 3762 661 3833 dilectionem,
694 3766 807 3821 sive
836 3768 1150 3823 memoriam
1177 3811 1193 3837 ,
1222 3769 1652 3841 intelligentiam,
1684 3762 1875 3829 volun-

287 3862 452 3910 tatem
478 3898 496 3924 ,
522 3856 655 3911 nihil
684 3858 885 3913 mentis
908 3860 1248 3916 meminimus
1279 3862 1379 3917 nisi
1399 3878 1495 3933 per
1522 3866 1871 3935 memoriam,

288 3959 391 4002 nec
414 3947 759 4019 intelligimus
784 3949 886 4004 nisi
923 3965 1021 4020 per
1046 3950 1468 4021 intelligentiam,
1500 3968 1599 4009 nec
1628 3969 1869 4011 amamus

287 4038 392 4094 nisi
419 4054 517 4109 per
541 4040 890 4097 voluntatem.
920 4043 989 4096 At
1012 4056 1140 4097 vero
1164 4042 1217 4097 in
1248 4042 1334 4097 illa
1362 4042 1623 4099 Trinitate
1641 4045 1758 4115 quis
1776 4062 1872 4101 au-

287 4128 414 4184 deat
438 4129 621 4186 dicere
642 4131 887 4199 Patrem,
916 4147 1014 4188 nec
1063 4149 1122 4187 se
1152 4133 1347 4202 ipsum,
1377 4149 1478 4189 nec
1501 4133 1692 4189 Filium
1717 4178 1733 4203 ,
1774 4152 1876 4193 nec

289 4220 547 4289 Spiritum
574 4234 819 4279 sanctum
851 4224 1148 4296 intelligere
1174 4225 1275 4280 nisi
1301 4240 1397 4295 per
1435 4225 1648 4292 Filium,
1678 4227 1762 4281 vel
1786 4228 1873 4283 di-

288 4310 455 4382 ligere
484 4314 585 4368 nisi
616 4330 712 4383 per
735 4313 991 4385 Spiritum
1031 4325 1295 4382 sanctum,
1329 4332 1424 4387 per
1449 4331 1509 4374 se
1552 4326 1728 4374 autem
1756 4335 1871 4375 me-

286 4405 508 4460 minisse
534 4406 902 4463 tantummodo
921 4409 1004 4463 vel
1026 4410 1106 4463 sui
1128 4410 1213 4464 vel
1241 4408 1358 4464 Filii
1379 4410 1461 4465 vel
1488 4411 1719 4482 Spiritus
1744 4429 1871 4469 san-

285 4497 393 4561 cti;
424 4498 726 4569 eodemque
755 4500 915 4555 modo
942 4500 1133 4555 Filium
1167 4517 1265 4558 nec
1307 4502 1390 4559 sui
1416 4519 1516 4559 nec
1544 4505 1719 4561 Patris
1757 4523 1870 4563 me—

287 4588 510 4643 minisse
537 4589 636 4644 nisi
666 4605 763 4660 per
783 4591 1016 4657 Patrem,
1049 4606 1149 4647 nec
1179 4591 1399 4663 diligere
1445 4594 1550 4650 nisi
1579 4612 1675 4665 per
1703 4597 1872 4666 Spiri-

288 4687 399 4734 tum
431 4692 706 4749 sanctum,
737 4698 835 4753 per
862 4699 923 4740 se
963 4694 1141 4739 autem
1185 4701 1292 4739 non
1345 4687 1447 4741 nisi
1490 4688 1789 4759 intelligere
1816 4701 1870 4746 et

285 4771 498 4827 Patrem
534 4781 588 4829 et
611 4788 669 4829 se
696 4776 869 4845 ipsum
890 4783 944 4831 et
967 4774 1222 4847 Spiritum
1250 4785 1491 4832 sanctum
1512 4795 1526 4844 ;
1548 4780 1792 4836 similiter
1816 4792 1873 4838 et

284 4864 544 4933 Spiritum
575 4874 816 4923 sanctum
846 4882 942 4938 per
961 4868 1173 4925 Patrem
1200 4871 1509 4928 meminisse
1538 4880 1593 4929 et
1617 4873 1790 4930 Patris
1817 4884 1872 4932 et

282 4953 403 5009 Filii
428 4964 485 5011 et
512 4957 593 5011 sui
620 4998 637 5025 ,
668 4965 724 5012 et
764 4974 864 5027 per
889 4958 1083 5014 Filium
1116 4960 1416 5033 intelligere
1465 4974 1520 5019 et
1570 4964 1784 5021 Patrem
1816 4976 1872 5023 et

282 5045 478 5099 Filium
508 5056 563 5101 et
589 5061 647 5101 se
674 5047 870 5117 ipsum,
893 5064 993 5119 per
1018 5065 1078 5107 se
1108 5062 1286 5107 autem
1315 5069 1420 5109 non
1442 5055 1543 5110 nisi
1574 5056 1796 5128 diligere
1815 5069 1869 5116 et

280 5150 338 5190 se
372 5144 428 5191 et
455 5138 669 5194 Patrem
704 5147 759 5193 et
779 5138 972 5194 Filium
1002 5158 1015 5194 :
1050 5148 1301 5213 tanquam
1323 5147 1582 5202 memoria
1615 5149 1683 5203 sit
1708 5150 1866 5207 Pater

278 5237 331 5282 et
359 5244 454 5283 sua
481 5239 537 5285 et
571 5231 694 5286 Filii
726 5240 782 5287 et
814 5232 1045 5302 Spiritus
1073 5235 1275 5300 sancti,
1307 5234 1479 5291 Filius
1504 5248 1680 5295 autem
1710 5242 1867 5297 intel-

279 5318 497 5390 ligentia
540 5329 595 5377 et
638 5337 733 5378 sua
780 5331 835 5378 et
875 5322 1046 5380 Patris
1070 5334 1125 5380 et
1148 5324 1378 5395 Spiritus
1406 5331 1597 5398 sancti,
1638 5330 1867 5400 Spiritus

280 5426 411 5467 vero
438 5422 653 5469 sanctus
696 5414 930 5471 charitas
956 5424 1012 5473 et
1058 5430 1153 5472 sua
1182 5425 1237 5473 et
1264 5416 1436 5473 Patris
1464 5428 1519 5476 et
1543 5420 1703 5477 Filii?
1730 5423 1863 5492 Quis

279 5502 395 5559 haec
420 5505 474 5559 in
506 5504 597 5561 illa
620 5504 878 5563 Trinitate
906 5508 1113 5580 opinari
1136 5508 1219 5563 vel
1249 5508 1518 5568 afﬁrmare
1538 5518 1866 5584 praesumat?

276 5593 331 5651 Si
360 5596 506 5651 enim
528 5598 677 5653 solus
718 5598 792 5656 ibi
812 5599 978 5657 Filius
1007 5601 1253 5673 intelligit
1280 5603 1326 5672 ²,
1348 5611 1403 5658 et
1426 5603 1527 5659 sibi
1555 5614 1609 5661 et
1632 5606 1776 5663 Patri
1812 5618 1866 5666 et

278 5686 506 5758 Spiritui
538 5700 723 5748 sancto
745 5732 762 5759 ,
815 5691 884 5747 ad
912 5693 1055 5749 illam
1098 5694 1302 5752 reditur
1325 5696 1709 5756 absurditatem
1734 5742 1749 5769 ,
1802 5711 1863 5759 ut

338 5818 357 5852 ¹
393 5824 447 5869 tn
464 5826 571 5870 Mss.
590 5821 794 5881 additur,
817 5821 891 5873 uel
912 5828 1133 5875 mentem.

274 5882 366 6001 us;
394 5884 478 5932 Hie
522 5883 639 5933 editi
660 5884 874 5946 addunt,
913 5891 966 5936 ut
998 5886 1312 5951 iruellt'gcntia
1346 5889 1443 5954 sit;
1486 5891 1615 5957 quod
1652 5894 1794 5949 abest
1830 5908 1861 5950 Ι

556 6029 785 6093 SANCT.
830 6032 1109 6093 Λυσιας-ι’.
1158 6033 1320 6100 VIII.

1487 512 1690 572 LIBER
1727 509 2022 581 QUINTUS
2063 506 2378 569 DECIMUS.

3414 516 3552 582 4066

1974 627 2129 685 Pater
2157 645 2262 684 non
2294 629 2364 684 sit
2393 630 2605 699 sapiens
2633 629 2700 685 de
2725 644 2783 687 se
2824 629 2962 703 ipso,
2996 632 3093 690 sed
3136 634 3204 692 de
3230 635 3402 705 Filio;
3451 654 3553 698 nec

1974 721 2233 792 sapientia
2262 721 2584 793 sapientiam
2637 723 2901 795 genuerit,
2935 726 3031 782 sed
3060 743 3123 784 ea
3153 730 3413 801 sapientia
3445 731 3553 787 Pa-

1974 820 2058 868 ter
2084 812 2295 868 dicatur
2323 814 2535 884 sapiens
2564 830 2681 871 esse
2710 832 2868 888 quam
2902 819 3105 890 genuit.
3138 820 3242 877 Ubi
3269 822 3413 878 enim
3445 838 3553 879 non

1973 911 2056 959 est
2092 903 2442 975 intelligentia
2464 945 2482 974 ,
2519 921 2619 963 nec
2649 910 2907 980 sapientia
2949 920 3127 981 potest
3153 928 3273 970 esse
3304 932 3318 968 :
3353 930 3417 970 ac
3457 930 3555 985 per

1976 997 2076 1051 hoc
2123 996 2167 1050 si
2203 997 2363 1052 Pater
2392 1012 2498 1054 non
2546 999 2793 1073 intelligit
2817 1002 2934 1073 ipse
2961 1004 3101 1073 sibi,
3130 1006 3225 1061 sed
3270 1006 3437 1062 Filius
3468 1008 3557 1062 in-

1973 1085 2164 1157 telligit
2214 1086 2388 1155 Patri,
2444 1088 2683 1158 profecto
2734 1090 2902 1147 Filius
2970 1094 3183 1152 Patrem
3266 1099 3562 1169 sapientem

1973 1176 2121 1233 facit.
2187 1178 2255 1233 Et
2292 1180 2336 1233 si
2375 1179 2476 1235 hoc
2522 1190 2605 1236 est
2634 1182 2743 1237 Deo
2778 1197 2900 1240 esse
2940 1186 3083 1256 quod
3122 1203 3311 1259 sapere
3342 1232 3359 1258 ,
3410 1200 3465 1246 et
3491 1207 3557 1248 ea

1974 1267 2053 1322 illi
2076 1270 2309 1323 essentia
2347 1280 2425 1325 est
2473 1287 2591 1341 qum
2633 1273 2913 1343 sapientia,
2946 1292 3051 1332 non
3103 1276 3271 1336 Filius
3300 1297 3329 1336 a
3370 1282 3563 1351 Patre,

1977 1360 2121 1430 quod
2160 1375 2346 1415 verum
2403 1370 2519 1429 est;
2571 1364 2665 1419 sed
2712 1379 2744 1419 a
2790 1367 2924 1423 Filio
2973 1370 3147 1439 potius
3202 1371 3362 1429 habet
3408 1374 3565 1431 Pater

1974 1451 2300 1520 essentiam,
2365 1453 2505 1523 quod
2587 1456 3025 1514 absurdissimum
3104 1472 3262 1534 atque
3340 1465 3566 1520 falsissi-

1973 1557 2122 1597 mum
2153 1553 2255 1598 est.
2306 1544 2453 1599 Hanc
2503 1545 2881 1605 absnrditatem
2936 1567 3035 1609 nos
3063 1553 3117 1609 in
3167 1556 3304 1611 libro
3334 1558 3563 1628 septimo

1973 1635 2291 1691 discussisse
2323 1677 2339 1704 ,
2393 1638 2708 1705 convicisse,
2764 1642 3022 1711 abjecisse
3086 1647 3438 1704 certissimum
3484 1658 3567 1706 est

1975 1723 2163 1796 (Capp.
2207 1742 2245 1792 ι,
2274 1725 2353 1797 5).
2416 1726 2509 1782 Est
2552 1743 2681 1799 ergo
2710 1730 2851 1787 Deus
2892 1732 3051 1789 Pater
3092 1737 3326 1806 sapiens,
3360 1755 3422 1795 ea
3453 1756 3562 1810 qua

1974 1816 2092 1888 ipse
2115 1832 2211 1873 sua
2236 1827 2318 1874 est
2360 1819 2617 1889 sapientia
2642 1862 2658 1889 ,
2690 1831 2745 1877 et
2771 1821 2936 1878 Filius
2987 1826 3247 1895 sapientia
3276 1829 3449 1885 Patris
3487 1830 3557 1885 de

1975 1908 2238 1979 sapientia
2270 1910 2410 1982 quod
2441 1922 2525 1968 est
2551 1913 2709 1969 Pater
2730 1956 2746 1983 ,
2778 1916 2845 1971 de
2884 1933 2991 1987 quo
3017 1920 3227 1989 genitus
3271 1932 3353 1977 est
3377 1923 3565 1979 Filius.

1976 1999 2239 2068 Quocirca
2263 2013 2661 2073 consequenter
2681 2015 2763 2061 est
2787 2016 2841 2062 et
2867 2008 3171 2080 intelligens
3196 2013 3354 2068 Pater
3375 2031 3435 2070 ea
3462 2032 3568 2087 qua

1979 2090 2094 2161 ipse
2135 2106 2229 2146 sua
2256 2101 2341 2147 est
2378 2094 2760 2165 intelligentia;
2793 2114 2966 2169 neque
2991 2104 3134 2157 enim
3161 2115 3306 2159 esset
3343 2109 3561 2176 sapiens

1976 2184 2067 2253 qui
2094 2199 2202 2240 non
2233 2194 2376 2241 esset
2424 2186 2727 2258 intelligens
2758 2208 2771 2244 :
2806 2191 2969 2247 Filius
3002 2203 3177 2250 autem
3210 2197 3563 2269 intelligentia

1976 2273 2149 2329 Patris
2167 2275 2235 2331 de
2258 2277 2601 2349 intelligentia
2629 2282 2842 2351 genitus
2867 2286 3008 2354 quod
3033 2298 3115 2343 est
3139 2288 3316 2345 Pater.
3363 2292 3475 2348 Hoc
3507 2303 3565 2349 et

1978 2362 2045 2421 de
2063 2367 2321 2421 memoria
2343 2383 2448 2423 non
2470 2370 2907 2429 inconvenienter
2927 2375 3028 2431 dici
3060 2388 3253 2447 potest.
3279 2381 3563 2448 Quomodo

1978 2464 2065 2511 est
2084 2457 2226 2512 enim
2252 2458 2466 2528 sapiens
2503 2461 2592 2531 qui
2622 2462 2756 2517 nihil
2783 2467 3043 2531 meminit,
3072 2470 3155 2525 vel
3183 2472 3262 2527 sui
3316 2489 3421 2528 non
3452 2491 3568 2531 me-

1979 2546 2180 2603 minit?
2210 2549 2439 2606 Proinde
2464 2593 2478 2618 ,
2509 2553 2632 2623 quia
2672 2556 2932 2625 sapientia
2963 2559 3119 2616 Pater
3141 2603 3158 2629 ,
3192 2565 3448 2634 sapientia
3477 2566 3569 2623 Fi-

1981 2640 2107 2709 lius,
2140 2642 2278 2697 sicut
2306 2643 2387 2699 sui
2416 2646 2662 2700 meminit
2688 2649 2703 2678 ί
2736 2649 2912 2717 Pater,
2944 2651 3013 2705 ita
3036 2660 3091 2707 et
3112 2652 3317 2711 Fillus:
3348 2665 3404 2713 et
3431 2659 3572 2716 sicut

1978 2733 2060 2789 sui
2086 2742 2141 2789 et
2166 2732 2289 2789 Filii
2344 2737 2588 2792 meminit
2616 2738 2794 2808 Pater,
2839 2744 3217 2801 memorianon
3256 2747 3411 2817 Filii,
3470 2749 3557 2812 sed

1984 2839 2079 2880 sua
2104 2841 2119 2892 ;
2171 2824 2244 2880 ita
2269 2826 2350 2880 sui
2379 2835 2433 2882 ct
2460 2827 2632 2883 Patris
2657 2832 2900 2888 meminit
2930 2833 3116 2906 Filius,
3147 2842 3404 2896 memoria
3454 2857 3564 2901 non

1979 2913 2173 2983 Patris,
2201 2916 2295 2970 sed
2326 2932 2442 2972 sua.
2477 2918 2703 2976 Dilectio
2726 2938 2936 2994 quoque
2961 2926 3053 2981 ubi
3106 2930 3250 2987 nulla
3294 2941 3397 3000 est,
3445 2936 3568 3005 quis

1978 3005 2141 3061 ullam
2167 3006 2441 3064 dicatesse
2467 3011 2778 3080 sapientiam
2795 3015 2913 3071 ?Ex
2938 3032 3044 3088 quo
3068 3021 3332 3093 colligitur
3357 3025 3426 3080 ita
3444 3041 3567 3083 esse

1979 3095 2191 3153 Patrem
2217 3098 2554 3157 dilectionem
2577 3117 2745 3179 suam,
2770 3114 2829 3161 ut
2855 3107 3257 3181 intelligentiam
3282 3124 3337 3171 et
3362 3132 3569 3174 memo-

1977 3189 2116 3245 riam
2138 3205 2311 3246 suam.
2341 3191 2485 3249 Ecce
2505 3210 2634 3267 ergo
2671 3198 2769 3253 tria
2795 3198 2908 3268 illa,
2936 3200 2991 3256 id
3018 3212 3121 3273 est,
3167 3209 3451 3277 memoria,
3479 3211 3568 3266 in-

1978 3278 2272 3352 telligentia
2295 3323 2311 3349 ,
2342 3283 2558 3341 dilectio
2598 3289 2712 3343 sive
2733 3291 2984 3347 voluntas
3031 3293 3086 3349 in
3131 3296 3222 3352 illa
3272 3314 3480 3355 summa
3511 3313 3569 3360 et

1978 3369 2294 3428 immutabili
2312 3377 2546 3432 essentia
2566 3379 2707 3449 quod
2730 3391 2814 3436 est
2836 3383 2995 3449 Deus,
3013 3400 3121 3440 non
3144 3386 3304 3445 Pater
3322 3400 3377 3446 et
3400 3392 3568 3452 Filius

1979 3471 2038 3520 et
2059 3462 2289 3535 Spiritus
2314 3477 2532 3525 sanctus
2553 3479 2697 3537 sunt,
2723 3473 2820 3529 sed
2845 3474 3005 3531 Pater
3032 3477 3198 3534 solus.
3228 3480 3299 3536 Et
3324 3484 3448 3553 quia
3477 3484 3568 3541 Fi-

1981 3554 2085 3610 lius
2108 3572 2321 3627 quoque
2348 3560 2608 3629 sapientia
2657 3570 2741 3617 est
2778 3564 2956 3633 genita
2981 3566 3050 3622 de
3075 3570 3335 3639 sapientia
3362 3615 3376 3640 ,
3426 3575 3566 3632 sicut

1978 3659 2079 3701 nec
2098 3646 2258 3702 Pater
2284 3647 2332 3703 ei
2350 3688 2366 3715 ,
2418 3663 2518 3704 nec
2543 3650 2771 3721 Spiritus
2800 3664 3018 3711 sanctus
3045 3658 3095 3713 ei
3143 3659 3391 3732 intelligit
3416 3706 3432 3733 ,
3462 3667 3565 3727 sed

1977 3736 2094 3808 ipse
2121 3737 2259 3804 sibi;
2290 3739 2361 3793 ita
2391 3754 2489 3796 nec
2512 3740 2672 3797 Pater
2698 3743 2746 3797 ei
2772 3745 3034 3816 meminit,
3056 3763 3158 3804 nec
3184 3750 3414 3821 Spiritus
3434 3771 3565 3812 san-

1977 3835 2095 3884 ctus
2120 3828 2173 3884 ei
2207 3829 2426 3901 diligit,
2478 3832 2574 3889 sed
2602 3834 2718 3905 ipse
2745 3835 2889 3890 sibi:
2922 3853 3019 3893 sua
3064 3842 3207 3897 enim
3237 3854 3320 3899 est
3347 3856 3402 3902 et
3447 3849 3564 3919 ipse

1978 3921 2259 3990 memoria,
2309 3938 2406 3978 sua
2435 3923 2812 3995 intelligentia,
2864 3943 2960 3985 sua
2981 3930 3226 4001 dilectio;
3260 3938 3354 3992 sed
3382 3939 3455 3994 ita
3502 3958 3565 3998 se

1978 4011 2203 4079 habere,
2233 4013 2301 4069 de
2327 4014 2485 4071 Patre
2515 4017 2589 4071 illi
2620 4027 2724 4086 est,
2770 4019 2839 4075 de
2877 4037 2984 4092 quo
3011 4034 3167 4082 natus
3193 4038 3295 4085 est.
3330 4031 3565 4102 Spiritus

1978 4105 2139 4160 etiam
2163 4114 2379 4161 sanctus
2403 4108 2525 4178 quia
2547 4110 2807 4180 sapientia
2834 4123 2917 4169 est
2942 4118 3237 4185 procedens
3261 4121 3330 4178 de
3353 4128 3568 4194 sapien~

1979 4198 2074 4263 tia,
2104 4212 2212 4253 non
2246 4197 2457 4256 Patrem
2484 4201 2646 4258 habet
2672 4207 3010 4274 memoriam,
3039 4219 3095 4266 et
3119 4211 3313 4273 Filium
3360 4217 3564 4275 intelli-

1976 4290 2209 4360 gentiam
2238 4332 2254 4358 ,
2286 4299 2342 4346 et
2384 4307 2444 4347 se
2477 4292 2850 4364 dilectionem;
2881 4313 3056 4370 neque
3097 4304 3242 4360 enim
3299 4308 3561 4379 sapientia

1978 4389 2141 4447 esset,
2173 4380 2218 4434 si
2246 4381 2384 4437 alius
2402 4382 2452 4437 ei
2471 4384 2805 4441 meminisset
2826 4428 2843 4455 ,
2867 4388 3024 4460 eique
3048 4392 3184 4448 alius
3207 4397 3556 4470 intelligeret,

1974 4483 2042 4525 ac
2070 4471 2435 4527 tantummodo
2459 4473 2559 4529 sibi
2610 4474 2724 4545 ipse
2781 4476 3061 4549 diligeret:
3093 4484 3188 4541 sed
3240 4487 3354 4558 ipse
3399 4489 3564 4548 habet

1978 4559 2097 4615 haec
2138 4560 2238 4615 tria
2264 4602 2280 4628 ,
2310 4571 2367 4617 et
2393 4576 2459 4618 ea
2483 4563 2561 4619 sic
2590 4564 2771 4633 habet,
2801 4576 2859 4623 ut
2898 4569 3014 4627 haec
3037 4574 3151 4644 ipsa
3180 4577 3295 4647 ipse
3332 4584 3421 4637 sit.
3455 4582 3562 4640 Ve-

1976 4659 2279 4708 rumtamen
2310 4662 2368 4709 ut
2396 4654 2473 4710 ita
2503 4656 2594 4723 sit,
2618 4658 2740 4714 inde
2761 4660 2837 4716 illi
2867 4671 2950 4718 est
2980 4667 3123 4723 unde
3148 4674 3407 4740 procedit.

2048 4744 2138 4799 i5.
2164 4744 2295 4812 Quis
2332 4760 2460 4817 ergo
2504 4748 2778 4806 hominum
2826 4763 3004 4823 potest
3034 4758 3192 4815 istam
3239 4766 3556 4835 sapientiam

1976 4850 2079 4907 qua
2109 4837 2257 4890 novit
2291 4836 2432 4893 Deus
2472 4841 2651 4895 omnia
2676 4883 2692 4909 ,
2743 4842 2817 4899 ita
2845 4853 3029 4904 utnec
3055 4865 3117 4906 ea
3149 4866 3269 4922 qua:
3301 4854 3553 4915 dicuntur

1981 4925 2279 4997 praeterita,
2309 4926 2381 4982 ibi
2408 4936 2748 5001 praetereant,
2769 4950 2871 4991 nec
2899 4952 2962 4993 ea
2990 4954 3111 5009 quae
3140 4941 3391 5001 dicuntur
3414 4948 3558 5005 futu-

1975 5033 2056 5085 ra,
2082 5020 2235 5090 quasi
2254 5019 2432 5075 desint
2469 5034 2848 5094 exspectentur
2867 5036 2925 5083 ut
2943 5030 3177 5100 veniant,
3220 5035 3315 5091 sed
3338 5046 3392 5094 et
3412 5055 3555 5110 prze-
3631 5092 3638 5107 ι

1974 5111 2129 5166 terita
2152 5118 2208 5165 et
2236 5110 2413 5167 futura
2438 5127 2561 5169 cum
2584 5118 2939 5186 praesentibus
2962 5120 3070 5175 sint
3108 5134 3297 5180 cuncta
3331 5143 3558 5199 praesen-

1974 5203 2077 5271 tia;
2106 5222 2206 5264 nec
2226 5209 2435 5281 singula
2477 5212 2797 5283 cogitentur,
2824 5222 2881 5270 et
2906 5214 2977 5270 ab
3006 5216 3124 5276 aliis
3162 5220 3231 5277 ad
3278 5225 3381 5280 alia
3410 5229 3549 5300 cogi-

1973 5299 2137 5356 tando
2157 5309 2474 5369 transeatur,
2503 5303 2598 5359 sed
2638 5304 2691 5359 in
2726 5319 2832 5361 uno
2855 5316 3149 5379 conspectu
3172 5312 3331 5370 simul
3354 5299 3551 5386 prazsto

1972 5387 2082 5444 sint
2108 5389 2358 5449 universa
2384 5410 2399 5449 :
2428 5394 2569 5463 quis,
2596 5393 2810 5465 inquam
2832 5436 2850 5463 ,
2888 5397 3166 5459 hominum
3194 5409 3556 5478 comprehen-

1972 5477 2052 5535 dit
2078 5481 2233 5537 istam
2263 5483 2576 5554 sapientiam
2594 5524 2612 5550 ,
2641 5485 2990 5559 eamdemque
3018 5477 3374 5565 prudentiam,
3402 5516 3553 5557 eam-

1972 5572 2200 5644 demque
2228 5576 2536 5644 scientiam;
2583 5580 3011 5651 quandoquidem
3051 5599 3081 5640 a
3111 5588 3265 5645 nobis
3309 5606 3410 5647 nec
3449 5608 3553 5649 no-

1972 5673 2083 5721 stra
2108 5667 2582 5739 comprehenditur
2609 5671 2668 5728 ιτ
2698 5672 2777 5728 Ea
2821 5674 3019 5748 quippe
3042 5692 3163 5750 quae
3188 5682 3274 5739 vel
3300 5683 3549 5742 sensibus

2034 5840 2051 5907 ξ
2084 5842 2161 5907 sic
2191 5846 2302 5907 uss.
2337 5849 2391 5894 at
2424 5843 2574 5907 editi,
2612 5845 2706 5899 sibi

1967 5902 2053 6018 tu;
2086 5903 2234 5965 Editi,
2277 5902 2761 5968 comprehendtmtw'.
2804 5902 2970 5964 Melius
3012 5919 3118 5966 Mss.
3188 5918 3574 6001 mordenda.

2706 6054 3275 6143 (Tremo-quoue.)
