4104 6470
481 488 660 576 ,ιφηι

530 609 750 673 locutio,
797 599 941 658 aliud
982 596 1159 652 visio:
1191 593 1332 646 intus
1374 591 1553 639 autem
1600 592 1721 633 cum
1774 571 2066 642 cogitamus
2090 605 2106 631 ,

532 658 817 769 utrumque
838 706 1003 750 unum
1017 694 1119 743 est.
1140 684 1289 740 Sicut
1306 675 1510 733 auditio
1522 680 1577 727 ει
1595 669 1730 724 visio
1751 666 1856 720 duo
1872 658 2112 733 quaedam

536 805 663 854 sunt
687 796 825 849 inter
854 776 912 843 εε
936 780 1185 840 distantia
1212 778 1265 831 in
1295 772 1539 829 sensibus
1559 759 1822 833 corporis,
1852 757 1908 810 in
1938 752 2116 807 animo

539 899 718 946 autem
744 898 851 939 non
876 885 958 934 est
981 872 1123 931 aliud
1145 880 1303 941 atque
1324 862 1465 920 aliud
1508 859 1691 915 videre
1716 863 1770 909 et
1796 849 1985 906 audire
2017 862 2030 897 :
2059 857 2121 897 ac

543 995 642 1054 per
664 978 766 1031 hoc
789 987 910 1027 cum
951 967 1148 1023 locutio
1196 961 1326 1015 foris
1355 972 1462 1013 non
1498 951 1761 1011 videatur,
1808 941 1903 998 sed
1947 937 2123 1009 potius

548 1031 632 1054 τ,-

548 1072 815 1135 audiatur,
842 1062 1137 1120 locutiones
1166 1066 1344 1112 tamen
1372 1048 1653 1106 interiores
1673 1085 1689 1111 ,
1717 1045 1821 1096 hoc
1842 1044 1949 1101 est,
1978 1031 2123 1101 cogi-

550 1163 780 1221 tationes
818 1158 959 1213 visas
1000 1152 1132 1208 dixit
1155 1164 1186 1203 a
1215 1145 1443 1202 Domino
1472 1146 1713 1195 sanctum
1758 1126 2127 1197 Evangelium,

552 1270 663 1311 non
693 1251 898 1307 auditas
932 1266 945 1302 :
972 1245 1239 1307 Dixerunt,
1264 1237 1453 1308 inquit,
1481 1234 1614 1287 intra
1641 1245 1722 1293 se,
1757 1223 1855 1279 Hic
1892 1218 2129 1288 blasphe-

552 1359 700 1413 mat;
728 1343 924 1401 deinde
963 1335 1255 1408 subjunxit,
1294 1331 1361 1385 Et
1389 1344 1500 1383 eum
1540 1324 1742 1379 vidisset
1768 1318 1919 1372 Jesus
1939 1311 2137 1382 cogita-

558 1442 717 1494 tiones
740 1452 929 1492 eorum.
954 1405 1099 1485 Vidit
1117 1442 1246 1495 ergo
1273 1438 1391 1494 qua:
1416 1420 1684 1474 dixerunt.
1714 1410 1860 1467 Vidit
1883 1405 2025 1462 enim
2051 1416 2142 1457 co-

562 1530 815 1602 gitatione
867 1540 962 1578 sua
1000 1516 1348 1591 cogitationes
1384 1524 1594 1575 eorum,
1650 1517 1782 1575 quas
1830 1498 1904 1554 illi
1939 1495 2038 1552 soli
2086 1506 2145 1547 se

566 1621 823 1693 putabant
845 1615 1045 1669 videre.

643 1716 731 1772 19.
773 1709 1020 1780 Quisquis
1050 1705 1210 1775 igitur
1231 1705 1410 1772 potest
1436 1691 1729 1760 intelligere
1755 1683 1999 1746 verbum,
2039 1690 2148 1730 non

572 1808 745 1864 solum
766 1810 1053 1875 antequam
1076 1802 1249 1857 sonet,
1279 1802 1463 1844 verum
1491 1783 1650 1838 etiam
1681 1787 1962 1845 antequam
1988 1782 2150 1824 sono-

574 1914 691 1955 rum
722 1896 835 1965 ejus
866 1890 1121 1959 imagines
1150 1881 1467 1952 cogitatione
1511 1873 1789 1928 volvantur
1820 1884 1833 1919 :
1865 1864 1967 1918 hoc
2011 1858 2152 1914 enim

575 2000 659 2048 est
682 1949 820 2060 qubd
840 1985 903 2039 ad
933 1949 1130 2037 ndllam
1163 1949 1389 2046 pertinet
1434 1970 1691 2036 linguam,
1731 1971 1911 2014 earum
1956 1949 2158 2006 scilicet

577 2050 715 2155 quae.
745 2082 936 2149 lingua:
991 2072 1325 2143 appellantur
1378 2061 1615 2133 gentium
1646 2097 1659 2121 ,
1710 2064 1933 2123 quarum
1976 2050 2159 2099 nostra

576 2142 742 2232 latina
771 2142 853 2227 est
882 2186 895 2222 :
928 2164 1189 2238 quisquis,
1242 2160 1478 2227 inquam,
1508 2151 1613 2205 hoc
1641 2143 1934 2212 intelligere
1960 2142 2157 2206 potest,

574 2273 684 2345 jam
702 2275 878 2341 potest
899 2226 1082 2319 videre
1101 2226 1199 2329 per
1227 2226 1329 2309 hoc
1351 2244 1623 2321 Speculum
1653 2249 1812 2309 atque
1838 2236 1892 2290 in
1913 2232 2015 2286 hoc
2035 2226 2165 2282 aeni-

1420 2342 1429 2345 ‘
1496 2338 1545 2345 “‘
1626 2334 1660 2345 “
1858 2327 1907 2345 1A
1958 2336 2056 2345 -ηλ
2081 2318 2130 2345 A:

580 2318 1191 2436 ξιιῖξιζξιῖέιυτιωνεὶιή
1226 2346 1365 2402 illius
1383 2318 1810 2396 similitudinem,
1847 2327 1915 2382 de
1950 2336 2060 2394 quo
2079 2318 2165 2374 di-

584 2418 728 2514 ;tum
755 2418 889 2517 est;
912 2449 979 2504 In
1009 2442 1257 2517 principio
1293 2445 1398 2493 erat
1438 2430 1672 2494 Verbum,
1713 2433 1758 2479 et
1806 2418 2025 2475 Verbum
2060 2420 2167 2468 erat

585 2509 726 2622 apud
745 2509 929 2611 Deum,
957 2509 1293 2596 etIDeusterat
1321 2526 1538 2584 Verbum
1565 2522 1743 2592 (Joan.
1773 2532 1811 2583 1,
1836 2514 1913 2585 1).
1941 2509 2170 2565 Necesse

587 2600 719 2622 "r""
745 2600 755 2603 '
917 2600 927 2611 ι

587 2652 674 2700 εει
700 2642 842 2699 enim
864 2652 986 2692 cum
1018 2644 1202 2687 verum
1247 2622 1534 2693 loquimur,
1576 2614 1630 2669 id
1654 2618 1756 2677 est,
1805 2603 1946 2677 quod
1973 2600 2171 2657 scimus

588 2736 876 2807 loquimur,
914 2746 980 2784 ex
1024 2727 1137 2795 ipsa
1163 2717 1385 2776 scientia
1415 2725 1573 2783 quam
1604 2701 1860 2762 memoria
1907 2706 2169 2755 tenemus,

592 2783 876 2807 ’νΊ“⁴·’·“““““’1
929 2783 936 2784 ί
1046 2783 1059 2795 ι

592 2836 843 2885 nascatur
870 2820 1093 2877 verbum
1124 2810 1268 2884 quod
1299 2801 1563 2879 ejusmodi
1611 2798 1683 2852 sit
1729 2791 1968 2855 omnino,
1999 2783 2177 2854 eujus-

595 2922 742 2979 modi
771 2928 852 2974 est
879 2915 965 2970 illa
991 2879 1209 2967 scicntia
1231 2904 1297 2959 de
1315 2914 1418 2971 qua
1441 2895 1696 2952 nascitur.
1717 2888 1963 2943 Formata
1983 2879 2177 2950 quippe

596 3010 847 3084 cogitatio
872 3007 939 3060 ab
980 3019 1042 3059 ea
1090 3015 1150 3056 re
1172 3010 1329 3067 quam
1356 2991 1574 3051 scimus,
1595 2982 1816 3039 verbum
1856 2984 1939 3031 εει
1962 2968 2103 3042 quod
2124 2968 2179 3022 in

598 3063 762 3162 co:de
795 3100 1024 3155 dicimus
1056 3109 1068 3145 :
1102 3087 1245 3161 quod
1273 3099 1371 3139 nec
1396 3092 1630 3153 grzrcum
1660 3081 1761 3137 est,
1806 3082 1905 3124 nec
1934 3063 2176 3125 latinum,

602 3213 705 3254 nec
732 3196 922 3262 linguae
951 3182 1172 3254 alicujus
1212 3175 1465 3238 alterius;
1501 3169 1598 3225 sed
1627 3181 1747 3221 cum
1774 3161 1823 3216 id
1851 3171 1986 3228 opus
2009 3162 2093 3209 est
2128 3152 2182 3206 in

1776 3254 1787 3262 .
1818 3252 1830 3262 .
2005 3246 2037 3262 ..
2056 3260 2076 3262 _
2099 3241 2180 3262 Α,

605 3302 793 3347 eorum
808 3241 1029 3353 aquibus
1079 3273 1344 3344 loquimur
1393 3262 1631 3335 perferre
1680 3252 1944 3316 notitiam,
1973 3241 2185 3315 aliquod

607 3384 817 3452 signum
855 3344 974 3446 .quo
1027 3367 1353 3439 signiﬁcetur
1396 3354 1706 3412 assumitur.
1758 3346 1828 3401 Et
1874 3344 2187 3413 plerumque

610 3430 794 3539 sdanus,
829 3430 1111 3537 aliquando
1138 3460 1297 3515 etiam
1322 3460 1500 3515 nutus,
1530 3446 1623 3501 ille
1650 3440 1886 3502 auribus,
1914 3435 2003 3491 ille
2022 3430 2190 3487 oculis

612 3565 915 3627 exhibetur,
955 3566 1014 3612 ut
1062 3569 1157 3624 per
1202 3550 1353 3617 signa
1404 3535 1701 3609 corporalia
1739 3532 1903 3587 etiam
1952 3521 2192 3593 corporis

618 3657 862 3715 sensibus
904 3648 1125 3705 verbum
1179 3638 1319 3710 quod
1368 3639 1547 3688 mente
1588 3626 1822 3698 gerimus
1874 3619 2191 3674 innotescat.

617 3752 752 3807 Nam
778 3756 834 3802 et
858 3746 1080 3799 innuere
1105 3704 1231 3806 quid
1260 3737 1362 3793 est,
1386 3724 1489 3780 nisi
1527 3718 1759 3791 quodam
1786 3711 1946 3768 modo
1974 3704 2196 3763 visibili-

619 3854 701 3899 tcr
730 3836 953 3896 dicere?
983 3824 1078 3888 Est
1100 3800 1152 3884 in
1180 3821 1468 3893 Scripturis
1496 3813 1695 3871 sanctis
1732 3807 1890 3877 hujus
1919 3800 2197 3858 sententia:

618 3931 1011 3994 testimonium;
1058 3938 1181 3979 nam
1212 3921 1265 3974 in
1303 3910 1587 3983 Evangelio
1622 3902 1911 3962 secundum
1941 3897 2199 3951 Joannem

622 4030 694 4083 ita
723 4027 914 4094 legitur
940 4039 954 4074 :
984 4020 1162 4079 Amen,
1185 4027 1332 4066 amen
1358 4008 1472 4061 dico
1492 4002 1647 4066 vobis,
1676 3997 1795 4069 quia
1821 4007 1950 4047 unus
1970 4005 2031 4042 ex
2065 3984 2203 4039 vobis

625 4079 806 4173 inde?
808 4132 906 4169 me.
939 4109 1257 4179 Aspiciebant
1285 4118 1401 4171 ergo
1429 4098 1495 4151 ad
1520 4095 1728 4149 invicem
1758 4084 2026 4156 discipuli,
2054 4079 2207 4133 hirsi-

634 4170 795 4265 tantes
817 4206 878 4257 de
906 4170 1233 4272 quo'diceret.
1262 4170 1391 4245 Erat
1419 4202 1536 4258 ergo
1575 4199 1704 4237 unus
1731 4196 1793 4234 ea:
1813 4172 2072 4245 discipulis
2098 4170 2206 4239 ejus

633 4300 925 4358 recumbens
963 4296 1017 4347 in
1055 4291 1169 4346 sinu
1195 4287 1340 4345 Jesu,
1385 4296 1530 4352 quem
1563 4273 1798 4346 diligebat
1832 4269 1981 4323 Jesus
2005 4282 2024 4320 :
2046 4261 2209 4318 innuit

634 4412 752 4465 ergo
788 4391 903 4445 huic
940 4387 1118 4441 Simon
1167 4380 1372 4444 Petrus,
1404 4381 1451 4427 et
1479 4370 1597 4424 dicit
1645 4366 1706 4430 ei,
1739 4362 1866 4427 Quis
1906 4366 1979 4411 est
2021 4354 2083 4409 de
2110 4368 2209 4423 quo

781 4481 892 4553 (Id.
916 4492 1029 4542 χιιι,
1057 4470 1286 4541 21-24γί
1318 4468 1452 4520 Ecce
1482 4455 1753 4515 innuendo
1774 4452 1926 4515 dixit,
1956 4446 2095 4519 quod
2119 4460 2209 4500 so-

637 4534 816 4630 nando
843 4534 1027 4625 dicere
1050 4579 1155 4619 non
1177 4534 1421 4615 audebat.
1451 4550 1557 4606 Sed
1587 4550 1701 4602 hate
1726 4553 1885 4614 atque
1909 4534 2215 4610 hujusmodi

636 4669 789 4739 signa
824 4658 1118 4731 corporalia
1140 4655 1253 4711 sive
1273 4648 1488 4704 auribtts
1522 4644 1637 4699 sive
1665 4638 1836 4694 oculis
1865 4629 2217 4706 praesentibus

641 4761 836 4832 quibus
883 4751 1153 4823 loquimur
1202 4743 1511 4801 exhibemus
1545 4755 1558 4788 :
1592 4736 1818 4789 inventa:
1876 4735 1999 4783 sunt
2040 4731 2217 4777 autem

641 4815 855 4917 littera,
888 4815 982 4916 per
1012 4856 1143 4912 quas
1169 4847 1443 4908 possemus
1481 4838 1534 4883 et
1561 4842 1681 4881 cum
1711 4820 2017 4877 absentibus
2047 4815 2218 4871 collo-

838 4939 933 4996 sed
964 4938 1061 4991 ista
1091 4934 1239 5003 signa
1264 4936 1389 4984 sunt
1414 4937 1625 4986 vocum,
1658 4933 1775 4973 cum
1811 4915 1940 4985 ipsrc
1967 4924 2128 4966 voces
2168 4908 2223 4962 in

646 5048 895 5094 sermone
955 5036 1138 5084 nostro
1181 5035 1365 5077 carum
1412 5031 1541 5088 quas
1587 5011 1879 5082 cogitamus
1929 5006 2076 5074 signa
2118 5000 2225 5056 sint

646 4947 735 5017 qui
776 4961 791 4997 :

645 5142 823 5184 rerum
834 5165 846 5179 .

718 5211 945 5273 CAPUT
986 5208 1081 5265 XI.
1108 5234 1181 5246 --
1209 5202 1299 5258 20.
1335 5196 1482 5253 Verbi
1523 5193 1677 5248 divini
1725 5188 2002 5245 similitudo
2039 5184 2229 5251 qualis-

650 5324 860 5379 cumque
878 5307 932 5360 in
956 5302 1103 5357 verbo
1127 5305 1298 5353 nostra
1324 5309 1426 5347 non
1449 5288 1691 5346 exteriore
1716 5300 1776 5338 ac
1795 5280 2039 5345 sensibm,
2066 5278 2154 5333 sed
2175 5277 2229 5329 in

653 5373 891 5456 interiore
918 5410 977 5449 ac
998 5390 1201 5447 mentali
1222 5382 1512 5459 quaerenda.
1537 5373 1913 5433 Dissimilitudo
1936 5386 2085 5441 quam
2112 5383 2226 5421 ma-

657 5493 796 5548 trima
836 5492 966 5545 inter
1015 5484 1218 5540 verbum
1259 5496 1319 5533 ac
1365 5475 1623 5532 scientiam
1651 5476 1875 5523 nostram
1918 5472 1964 5518 et
2018 5461 2231 5515 Verbum

654 5584 1012 5651 scientiamque
1057 5576 1302 5630 divinam.
1356 5565 1588 5624 Proinde
1634 5560 1855 5617 verbum
1911 5553 2053 5627 quod
2102 5551 2231 5607 loris

660 5684 834 5742 sonat,
861 5674 1067 5743 signum
1096 5678 1178 5726 est
1203 5665 1352 5723 verbi
1393 5660 1534 5733 quod
1568 5658 1710 5713 intus
1736 5655 1898 5719 lucet,
1933 5648 2019 5705 cui
2068 5644 2235 5716 magis

658 5739 1102 5833 verbi—competit
1170 5772 1384 5815 nomen.
1434 5752 1568 5808 Nam
1610 5747 1740 5804 illud
1789 5743 1931 5817 quod
1969 5739 2237 5813 profertur

660 5858 838 5914 carnis
866 5870 979 5920 ore,
1002 5867 1106 5907 vox
1130 5848 1279 5905 verbi
1322 5852 1405 5901 est
1432 5861 1445 5897 :
1472 5841 1797 5909 verbumque
1821 5844 1876 5891 ει
1904 5835 2074 5903 ipsum
2103 5828 2235 5884 dici-

662 5959 767 6017 tur,
796 5956 1014 6020 propter
1034 5941 1164 5999 illud
1200 5956 1231 5996 a
1251 5953 1355 6011 quo
1382 5943 1440 5992 ut
1464 5934 1593 5991 foris
1613 5939 1891 6002 appareret
1910 5932 2239 5995 assumptum

1619 456 1711 512 DE
1726 476 1729 479 η
1747 437 2141 510 TRINITATE,
2169 433 2228 491 S.
2269 426 2630 487 AUGUSTINI

2224 563 2325 611 est.
2368 553 2441 608 lta
2468 553 2609 608 enim
2655 548 2871 605 verbum
2921 551 3163 601 nostrum
3216 553 3318 595 vox
3368 535 3599 609 quodam
3642 535 3813 589 modo

2222 646 2462 717 corporis
2489 646 2566 710 tit,
2594 639 2912 698 assumendo
2937 652 3053 693 eam
3085 636 3137 692 in
3159 649 3263 705 qua
3288 630 3662 689 manifestetur
3687 644 3817 684 sen-

3658 404 3827 464 1οης

2228 740 2375 795 sibus
2397 736 2700 799 hominum;
2729 734 2867 789 sicut
2893 731 3126 786 Verbum
3164 727 3260 783 Dei
3307 740 3433 781 caro
3478 723 3679 778 factum
3704 728 3814 789 est,

2231 829 2553 886 assumendo
2578 842 2694 883 eam
2722 828 2773 881 in
2798 840 2901 896 qua
2928 832 2982 880 et
3025 823 3201 893 ipsum
3225 816 3659 874 manifestaretur
3688 827 3819 869 sen-

2233 923 2380 980 sibus
2406 920 2700 976 hominum.
2753 918 2819 972 Et
2860 916 2997 971 sicut
3036 913 3259 969 verbum
3299 916 3543 965 nostrum
3586 905 3647 961 ﬁt
3690 919 3820 970 vox,

2235 1033 2334 1073 nec
2360 1024 2592 1072 mutatur
2612 1016 2666 1069 in
2690 1025 2911 1078 vocem;
2962 1009 3034 1064 ita
3063 1006 3295 1063 Verbum
3322 1004 3416 1059 Dei
3445 1016 3572 1058 caro
3604 998 3824 1072 quidem

2236 1110 2431 1165 factum
2457 1116 2558 1174 est,
2591 1106 2684 1162 sed
2710 1104 2849 1161 absit
2890 1110 2949 1158 ut
2983 1106 3280 1156 mutaretur
3306 1097 3359 1152 iu
3384 1108 3619 1151 carnem.
3658 1092 3827 1146 Assu-

2240 1200 2435 1256 mendo
2462 1199 2658 1270 quippe
2687 1197 2852 1263 illam,
2896 1209 3002 1249 non
3028 1193 3081 1248 in
3105 1206 3224 1248 eam
3250 1205 3310 1245 se
3356 1183 3747 1250 consumendo,
3773 1191 3829 1237 et

2243 1292 2347 1348 hoc
2375 1299 2617 1347 nostrum
2648 1305 2746 1345 vox
2770 1287 2849 1355 ﬁt,
2879 1295 2935 1341 et
2980 1284 3109 1340 illud
3149 1298 3273 1338 caro
3325 1280 3523 1335 factum
3557 1285 3661 1333 εει.
3690 1275 3833 1343 Qua-

2249 1394 2463 1457 propter
2488 1383 2810 1454 quicumquc
2837 1379 2984 1449 cupit
3006 1377 3075 1433 ad
3112 1376 3554 1447 qualemcumque
3579 1368 3832 1425 similitu-

2248 1478 2428 1534 dinem
2472 1474 2635 1531 Verbi
2686 1473 2799 1540 Dei,
2847 1470 3089 1542 quamvis
3128 1483 3225 1539 per
3280 1465 3446 1521 multa
3494 1460 3834 1524 dissimilem,

2251 1570 2553 1643 pervenire,
2582 1584 2687 1624 non
2710 1568 2977 1623 intueatur
2994 1564 3216 1620 verbum
3246 1568 3492 1616 nostrum
3516 1556 3662 1629 quod
3683 1565 3840 1611 sonat

2256 1665 2312 1719 in
2340 1663 2578 1729 auribus,
2634 1676 2734 1717 nec
2776 1657 2987 1730 quando
3024 1670 3156 1711 voce
3183 1652 3470 1725 profertur,
3501 1664 3602 1705 nec
3626 1648 3842 1720 quando

2258 1758 2469 1813 silentio
2496 1755 2779 1826 cogitatur.
2801 1752 3051 1809 Omnium
3080 1763 3312 1819 namque
3335 1744 3640 1802 sonantium
3679 1741 3842 1797 verba

2260 1853 2558 1921 linguarum
2582 1849 2743 1902 etiam
2774 1848 2828 1900 in
2867 1843 3081 1899 silentio
3133 1839 3459 1911 cogitantur,
3502 1843 3559 1891 et
3604 1833 3844 1889 carmina

2262 1948 2642 2015 percurruntur
2665 1939 2863 2004 animo,
2895 1944 3102 1992 tacente
3126 1947 3221 1989 ore
3240 1929 3484 2000 corporis
3509 1946 3522 1983 :
3547 1942 3647 1983 nec
3670 1925 3847 1983 solum

2263 2035 2471 2091 numeri
2500 2030 2845 2104 syllabarum;
2866 2041 3052 2083 verum
3078 2024 3240 2079 etiam
3262 2021 3406 2077 modi
3435 2018 3848 2083 cantilenarum,

2264 2143 2385 2183 cum
2407 2125 2513 2181 sint
2538 2122 2866 2193 corporales,
2891 2127 2945 2175 et
2972 2118 3038 2173 ad
3060 2133 3183 2173 eum
3204 2156 3219 2182 ,
3245 2115 3336 2187 qui
3365 2122 3582 2169 vocatur
3608 2109 3849 2178 auditus,

2267 2233 2483 2276 sensum
2506 2214 2744 2285 corporis
2759 2211 3103 2283 pertinentes,
3121 2224 3218 2281 per
3235 2208 3568 2277 incorporeas
3587 2201 3855 2275 quasdam

2270 2314 2527 2385 imagines
2553 2325 2677 2366 suas
2705 2316 2900 2379 praesto
2926 2315 3050 2362 sunt
3073 2302 3447 2376 cogitantibus,
3466 2308 3519 2355 et
3532 2298 3689 2354 tacite
3711 2311 3857 2352 cun-

2271 2416 2356 2462 eta
2382 2408 2481 2460 ista
2506 2402 2864 2459 volventibus.
2891 2398 2997 2454 Sed
3027 2393 3350 2452 transeunda
3390 2400 3514 2448 sunt
3537 2391 3667 2455 hate,
3699 2397 3763 2444 ut
3789 2387 3861 2443 ad

2274 2498 2404 2554 illud
2434 2495 2771 2567 perveniatur
2794 2491 3026 2547 hominis
3054 2489 3299 2555 verbum,
3327 2502 3424 2558 per
3442 2485 3593 2555 cujus
3612 2483 3857 2554 qualem-

2275 2604 2503 2660 cumque
2550 2585 2949 2643 similitudinem
2996 2582 3133 2639 sicut
3184 2582 3237 2635 in
3286 2578 3571 2650 aenigmate
3616 2575 3863 2632 videatur

2277 2691 2563 2751 utcumque
2589 2679 2686 2735 Dei
2702 2678 2937 2734 Verbum
2966 2694 2982 2732 :
3010 2690 3115 2731 non
3137 2672 3265 2730 illud
3292 2670 3435 2743 quod
3456 2670 3653 2726 factum
3688 2676 3774 2723 εει
3796 2665 3860 2720 ad

2280 2776 2425 2833 illum
2453 2773 2538 2829 vel
2589 2773 2737 2827 illum
2789 2769 3121 2840 prophetam,
3173 2774 3230 2821 et
3262 2764 3332 2820 de
3374 2778 3482 2834 quo
3529 2761 3731 2817 dictum
3760 2766 3864 2826 est,

2291 2865 2509 2921 Verbum
2556 2873 2724 2919 autem
2752 2861 2849 2917 Dei
2888 2861 3136 2915 crescebat
3177 2868 3224 2912 et
3249 2852 3721 2926 multiplicabatur(
3750 2852 3864 2905 Act.

2284 2977 2361 3029 v1,
2383 2957 2491 3032 7);
2524 2967 2579 3014 et
2606 2957 2674 3012 de
2713 2972 2818 3027 quo
2842 2956 3035 3011 iterum
3072 2953 3271 3008 dictum
3320 2957 3424 3017 εει,
3468 2948 3636 3019 Igitur
3654 2946 3785 3016 ﬁdes
3807 2960 3870 2999 es

2286 3054 2481 3119 auditu,
2514 3052 2719 3105 auditus
2739 3058 2901 3105 autem
2928 3064 3017 3120 per
3043 3047 3243 3101 verbum
3259 3042 3446 3099 Christi
3471 3040 3647 3112 (Rom.
3672 3054 3735 3106 x,
3755 3036 3868 3108 i7);

2287 3156 2343 3202 ει
2370 3145 2581 3211 iterum,
2614 3142 2742 3199 Cum
2755 3140 3069 3210 accepissetis
3094 3154 3125 3191 a
3138 3136 3278 3192 nobis
3296 3134 3497 3190 uerbum
3516 3132 3722 3186 auditus
3749 3128 3869 3196 Dei,
3896 3121 3901 3126 ’

2288 3238 2549 3308 accepistis
2571 3252 2673 3290 non
2698 3245 2751 3288 ut
2776 3234 2978 3288 verbum
3021 3230 3300 3295 hominum,
3350 3227 3439 3281 sed
3475 3224 3622 3280 sicuti
3663 3231 3739 3277 est
3762 3235 3875 3275 vere

2291 3332 2494 3387 uerbum
2518 3330 2615 3384 Dei
2643 3330 2685 3398 (Ι
2716 3329 2890 3382 Thess.
2921 3322 3123 3397 11,13).
3161 3321 3230 3378 Et
3249 3317 3654 3377 innumerabilia
3682 3313 3874 3370 simili-

2294 3434 2377 3481 ter
2402 3425 2454 3478 in
2483 3421 2773 3492 Scripturis
2797 3420 3043 3474 dicuntur
3070 3415 3137 3471 de
3160 3415 3256 3470 Dei
3283 3411 3466 3480 verbo,
3493 3410 3632 3481 quod
3655 3410 3710 3463 in
3731 3406 3877 3462 sonis

2295 3516 2581 3572 multarum
2612 3512 3046 3579 diversarumque
3063 3508 3361 3577 linguarum
3388 3518 3485 3575 per
3507 3499 3669 3557 corda
3696 3506 3752 3554 et
3784 3510 3878 3552 ora

2298 3607 2679 3664 disseminatur
2721 3604 2972 3658 humana.
3004 3600 3128 3655 Ideo
3152 3607 3330 3654 autem
3358 3595 3577 3651 verbum
3620 3591 3716 3647 Dei
3744 3589 3880 3645 dici-

2298 3710 2408 3767 tur,
2435 3700 2558 3771 quia
2582 3697 2823 3753 doctrina
2851 3693 3030 3750 divina
3054 3690 3300 3758 traditur,
3340 3702 3446 3743 non
3476 3685 3730 3740 humana.
3776 3679 3882 3736 Sed

2302 3792 2430 3847 illud
2452 3790 2685 3847 Verbum
2704 3788 2797 3843 Dei
2827 3785 3114 3857 quaerimus
3136 3780 3594 3853 qualitercumque
3623 3790 3719 3845 per
3748 3772 3886 3827 hanc

2304 3884 2704 3940 similitudinem
2730 3894 2869 3933 nunc
2892 3876 3094 3942 videre,
3137 3874 3205 3929 dc
3242 3889 3346 3943 quo
3383 3870 3587 3925 dictum
3613 3877 3717 3932 est,
3747 3864 3888 3919 Deus

2306 3986 2415 4034 erat
2451 3976 2705 4041 Verbum;
2751 3974 2818 4028 dc
2856 3987 2960 4042 quo
3003 3970 3204 4025 dictum
3234 3975 3336 4034 est,
3388 3964 3573 4018 Omnia
3602 3976 3690 4033 per
3720 3960 3891 4029 ipsum

2312 4075 2445 4145 facta
2469 4077 2616 4133 sunt;
2641 4067 2709 4122 de
2729 4081 2834 4137 quo
2862 4064 3058 4120 dictum
3084 4069 3185 4127 est,
3222 4058 3438 4115 Verbum
3455 4072 3571 4110 caro
3599 4058 3793 4125 factum
3820 4055 3898 4104 est

2314 4143 2489 4234 (Joan.
2513 4178 2550 4227 1,
2580 4161 2634 4226 l,
2667 4160 2721 4224 '5,
2766 4157 2891 4226 M);
2926 4156 2993 4211 de
3020 4169 3125 4224 quo
3153 4152 3354 4208 dictum
3380 4158 3487 4215 est,
3524 4146 3661 4199 Fons
3689 4143 3901 4215 sapien-

2314 4233 2397 4309 tia:
2427 4252 2641 4307 Verbum
2661 4247 2757 4304 Dei
2784 4250 2837 4302 in
2865 4246 3069 4301 excelsis
3091 4242 3279 4315 (Eccli.
3307 4258 3345 4309 1,
3364 4240 3440 4310 5).
3465 4233 3906 4293 Perveniendum

2316 4354 2401 4403 εει
2440 4360 2566 4415 ergo
2591 4342 2657 4397 ad
2687 4341 2817 4396 illud
2860 4339 3079 4395 verbum
3110 4334 3357 4399 hominis,
3386 4330 3453 4385 ad
3477 4328 3700 4384 verbum
3728 4324 3909 4379 ratio-

2319 4440 2452 4495 nalis
2475 4435 2778 4500 animantis,
2808 4433 2873 4487 ad
2903 4431 3125 4486 verbum
3154 4442 3261 4482 non
3292 4425 3359 4481 de
3396 4423 3507 4477 Deo
3546 4428 3710 4485 natae,
3745 4416 3847 4472 sed
3874 4430 3905 4469 a

2321 4534 2432 4589 Deo
2481 4532 2631 4586 facta:
2675 4527 2919 4598 imaginis
2955 4524 3072 4588 Dei,
3105 4519 3245 4592 quod
3276 4531 3448 4587 neque
3474 4512 3790 4584 prolativum
3820 4517 3909 4563 est

2322 4628 2375 4682 in
2406 4638 2557 4689 sono,
2589 4636 2762 4689 neque
2789 4617 3125 4686 cogitativum
3157 4613 3211 4666 in
3240 4606 3584 4665 similitudine
3604 4598 3907 4671 soni,quod

2324 4716 2545 4785 alicujus
2570 4715 2763 4782 linguae
2792 4725 2911 4765 esse
2936 4718 3157 4762 necesse
3182 4702 3269 4766 sit,
3294 4699 3389 4755 sed
3415 4696 3559 4768 quod
3579 4694 3754 4750 omnia
3782 4689 3907 4761 qui-

2324 4811 2423 4865 bus
2444 4782 2767 4877 signiﬁcatur
2796 4801 2944 4872 signa
2988 4794 3254 4868 praecedit,
3282 4799 3335 4847 et
3362 4789 3597 4861 gignitur
3619 4786 3688 4841 de
3729 4782 3907 4838 scien-

2327 4900 2399 4953 tia
2428 4913 2546 4967 quze
2575 4902 2754 4949 manet
2778 4893 2831 4947 in
2859 4889 3058 4954 animo,
3076 4882 3284 4957 quando
3304 4880 3497 4936 eadem
3521 4875 3743 4933 scientia
3766 4874 3908 4927 intus

2327 4993 2538 5056 dicitur,
2580 4986 2734 5043 sicuti
2763 4992 2861 5041 est.
2894 4979 3174 5036 Simillima
3201 4981 3285 5030 est
3312 4971 3453 5027 enim
3479 4968 3615 5025 visio
3637 4964 3912 5036 cogitatio-

2330 5087 2432 5151 nis,
2465 5080 2653 5136 visioni
2684 5075 2941 5133 scientiae.
2967 5071 3100 5127 Nam
3129 5064 3341 5139 quando
3364 5078 3460 5134 per
3482 5074 3673 5116 sonum
3692 5056 3911 5119 dicitur,

2332 5175 2422 5233 vel
2449 5189 2545 5245 per
2580 5168 2795 5241 aliquod
2833 5162 3110 5234 corporale
3141 5159 3372 5229 signum,
3399 5168 3505 5209 non
3535 5149 3735 5206 dieitur
3759 5144 3913 5200 sicuti

2333 5277 2448 5333 est,
2498 5264 2593 5320 sed
2639 5262 2776 5316 sicut
2820 5262 2997 5327 potest
3047 5250 3216 5308 videri
3267 5245 3507 5302 audirive
3554 5256 3654 5313 per
3697 5250 3916 5307 corpus.

2334 5328 2560 5432 Quando
2588 5369 2717 5427 ergo
2741 5351 2885 5424 quod
2932 5349 2985 5404 in
3028 5344 3216 5400 notitia
3243 5347 3346 5406 εει,
3378 5338 3483 5392 hoc
3510 5342 3593 5391 est
3641 5332 3693 5387 in
3732 5328 3917 5392 verbo,

2338 5470 2460 5513 tunc
2480 5462 2563 5511 est
2585 5465 2771 5507 verum
2795 5444 3037 5506 verbum,
3070 5450 3124 5495 ct
3140 5435 3358 5501 veritas,
3385 5430 3555 5502 qualis
3579 5430 3923 5495 exspectatur

2339 5551 2406 5605 ab
2435 5546 2671 5611 homine,
2700 5549 2761 5597 ut
2785 5536 2928 5611 quod
2952 5542 3036 5591 cst
3073 5532 3125 5586 in
3156 5531 3257 5585 ista
3280 5568 3296 5595 ,
3342 5525 3447 5579 hoc
3482 5522 3551 5576 sit
3590 5526 3647 5574 ει
3696 5516 3751 5569 in
3792 5512 3918 5576 illo;

2339 5642 2478 5716 quod
2506 5656 2612 5695 non
2637 5644 2718 5693 est
2758 5634 2812 5689 in
2856 5632 2980 5695 ista,
3008 5640 3117 5681 non
3142 5623 3212 5679 sit
3238 5627 3293 5676 ct
3316 5619 3369 5674 in
3398 5616 3490 5672 illo
3520 5632 3534 5669 :
3564 5611 3651 5667 hic
3677 5602 3923 5678 agnosci-

3118 5712 3166 5716 “
3253 5712 3263 5716 -
3411 5707 3520 5716 --ι
3571 5703 3625 5716 η·
3702 5696 3899 5716 πη».

2342 5696 2448 5804 iur,
2481 5733 2593 5798 Est,
2620 5735 2727 5791 est;
2758 5722 2900 5789 Non,
2932 5735 3033 5773 non
3059 5717 3078 5787 (
3108 5712 3296 5769 Matth.
3329 5724 3386 5777 v,
3411 5708 3479 5765 57
3506 5707 3548 5777 ).
3570 5703 3663 5759 Sic
3690 5696 3922 5762 accedit,

2344 5787 2594 5901 quantum
2636 5787 2842 5893 potest,
2887 5787 3007 5870 ista.
3034 5806 3326 5867 similitudo
3365 5798 3613 5871 imaginis
3658 5794 3816 5850 facta;
3860 5787 3927 5845 ad

2519 5881 2921 5973 similitudinem
2960 5899 3208 5974 imaginis
3235 5906 3403 5964 natat,
3444 5907 3548 5965 qua
3574 5889 3719 5946 Deus
3758 5881 3929 5943 Fili!!!
