4072 6452
258 448 397 507 1ὐ75

253 564 398 624 Patri
441 575 536 632 per
576 559 752 614 omnia
801 551 1219 611 substantialiter
1261 548 1449 606 similis
1491 545 1827 617 prmdicatur.

257 649 741 713 Animadvertenda
796 657 878 703 est
936 648 990 701 in
1043 646 1146 700 hoc
1192 643 1472 712 aenigmate
1520 638 1677 693 etiam
1734 635 1833 688 ista

261 747 418 805 Verbi
449 745 544 801 Dei
574 740 885 806 similitudo,
909 739 1050 810 quod
1077 732 1214 794 sicut
1240 736 1308 791 de
1327 735 1418 790 illo
1438 731 1615 787 Verbo
1637 728 1834 783 dictum

258 849 360 907 est,
393 837 577 892 Omnia
601 851 691 906 per
733 833 901 905 ipsum
925 837 1063 904 facta
1099 837 1236 895 sunt,
1281 827 1370 884 ubi
1405 827 1544 882 Deus
1587 838 1681 893 per
1721 819 1838 876 uni-

259 934 495 1015 genitum
527 930 762 985 Verbum
801 941 956 983 suum
989 923 1306 996 praedicatur
1336 920 1584 975 universa
1611 915 1833 979 fecisse;

263 1024 334 1078 ita
361 1007 595 1077 lto—minis
615 1034 777 1089 opera
804 1018 949 1072 nulla
973 1023 1114 1082 sunt,
1145 1029 1262 1084 qua:
1286 1027 1390 1066 non
1417 1009 1564 1080 prius
1592 1007 1840 1062 dicantur

263 1115 315 1170 in
342 1113 508 1169 corde
549 1111 731 1166 :unde
774 1109 1030 1179 scriptum
1065 1114 1180 1172 est,
1223 1103 1437 1158 Initium
1472 1099 1634 1154 omnis
1675 1096 1840 1168 operis

261 1207 462 1264 verbum
491 1201 676 1278 (Eccli.
702 1217 906 1268 xxxvu,
930 1197 1167 1270 90).Sed
1195 1196 1354 1253 etiam
1379 1193 1466 1248 hic
1493 1207 1616 1247 cum
1655 1203 1839 1244 verum

263 1299 489 1355 verbum
517 1303 633 1360 est,
686 1303 812 1350 tunc
857 1299 940 1348 est
977 1290 1184 1346 initium
1229 1286 1354 1342 boni
1406 1283 1601 1355 operis.
1643 1280 1842 1337 Verum

263 1399 442 1447 autem
481 1388 703 1445 verbum
746 1394 850 1454 est,
877 1400 998 1441 cum
1039 1384 1109 1439 de
1153 1381 1372 1438 scientia
1413 1379 1552 1435 bene
1588 1373 1843 1446 operandi

263 1483 514 1554 gignitur,
569 1491 627 1537 ut
661 1479 824 1536 etiam
865 1477 938 1533 ibi
961 1485 1221 1541 servetur,
1249 1473 1361 1540 Est,
1385 1481 1491 1538 est;
1519 1469 1640 1525 Non
1659 1512 1675 1538 ,
1705 1482 1843 1522 non:

269 1583 325 1630 ut
350 1575 396 1630 si
423 1581 509 1629 est
536 1574 590 1628 in
629 1587 694 1628 ea
738 1569 960 1626 scientia
987 1583 1089 1638 qua
1120 1565 1407 1622 vivendum
1449 1571 1553 1629 est,
1581 1561 1650 1617 sit
1697 1568 1753 1615 et
1789 1559 1843 1613 in

266 1669 433 1726 verbo
462 1683 559 1738 per
597 1665 742 1736 quod
778 1663 1104 1735 operaudum
1133 1667 1249 1726 est;
1279 1660 1325 1716 si
1367 1673 1496 1726 non,
1529 1671 1636 1712 non
1662 1673 1677 1710 :
1708 1654 1844 1709 alio-

268 1759 398 1830 quin
447 1755 784 1812 mendacium
811 1754 915 1810 erit
947 1751 1171 1808 verbum
1201 1751 1329 1815 tale,
1376 1764 1480 1802 non
1521 1746 1750 1810 veritas;
1794 1751 1847 1798 et

269 1850 393 1907 inde
420 1857 718 1920 peccatum,
745 1861 850 1901 non
880 1861 1016 1916 opus
1035 1852 1262 1900 rectum.
1288 1841 1384 1897 Est
1420 1845 1476 1895 et
1500 1837 1614 1893 haec
1649 1837 1702 1891 in
1745 1835 1846 1890 ista

269 1941 618 1998 similitudine
641 1938 792 1995 verbi
819 1937 985 1994 nostri
1029 1932 1325 1992 similitudo
1351 1929 1512 1986 Verbi
1567 1928 1681 1994 Dei,
1725 1926 1846 1996 quia

271 2043 446 2108 potest
469 2049 590 2091 esse
616 2032 838 2088 verbum
864 2038 1104 2086 nostrum
1124 2027 1266 2098 quod
1294 2040 1400 2080 non
1431 2030 1846 2094 sequaturopus;

270 2142 404 2199 opus
431 2134 608 2182 autem
637 2139 757 2181 esse
780 2137 888 2179 non
915 2129 1109 2193 potest,
1151 2118 1253 2174 nisi
1287 2114 1552 2188 praecedat
1577 2110 1796 2167 verbum
1830 2125 1844 2161 :

271 2221 410 2277 sicut
438 2218 672 2274 Verbum
689 2216 785 2271 Dei
813 2215 985 2286 potuit
1003 2226 1124 2269 esse
1139 2209 1285 2265 nulla
1307 2207 1568 2263 existente
1582 2208 1846 2264 creatura;

269 2319 514 2369 creatura
540 2323 671 2364 vero
694 2307 840 2362 nulla
867 2319 989 2360 esse
1042 2308 1241 2372 posset,
1270 2299 1372 2354 nisi
1417 2311 1514 2367 per
1548 2294 1720 2364 ipsum
1755 2306 1851 2361 per

269 2403 413 2475 quod
431 2403 569 2457 facta
597 2407 722 2455 sunt
750 2398 948 2453 omnia.
978 2396 1207 2465 Ideoque
1229 2409 1336 2448 non
1367 2391 1506 2446 Deus
1526 2389 1704 2452 Pater,
1743 2400 1851 2441 non

267 2493 504 2564 Spiritus
528 2497 764 2556 sanctus,
792 2503 896 2544 non
937 2489 1048 2557 ipsa
1080 2486 1329 2551 Trinitas,
1359 2483 1452 2538 sed
1477 2482 1624 2537 solus
1664 2479 1848 2544 Filius,

271 2582 415 2656 quod
465 2591 548 2638 est
577 2581 807 2639 Verbum
857 2578 982 2646 Dei,
1033 2591 1162 2632 caro
1213 2575 1408 2631 factum
1451 2581 1567 2637 est;
1609 2570 1853 2642 quamvis

273 2675 533 2732 Trinitate
575 2672 800 2728 faciente
831 2689 845 2726 :
871 2679 929 2728 ut
955 2676 1213 2740 sequente
1237 2675 1394 2736 atque
1422 2665 1661 2720 imitante
1688 2662 1853 2718 verbo

273 2777 459 2826 nostro
482 2766 599 2834 ejus
622 2765 944 2835 exemplum,
966 2770 1112 2818 recte
1134 2761 1452 2824 viveremus,
1476 2757 1577 2813 hoc
1599 2766 1700 2823 est,
1730 2755 1854 2810 nul-

275 2862 386 2917 lum
415 2859 670 2915 habentes
707 2857 761 2913 in
788 2856 931 2912 verbi
956 2855 1124 2911 nostri
1164 2854 1248 2910 vel
1292 2851 1744 2920 contemplatione
1767 2848 1854 2904 vel

275 2953 587 3024 operatione
630 2948 984 3006 mendacium.
1025 2947 1218 3004 Verum
1262 2947 1378 3001 haec
1407 2943 1564 3014 hujus
1609 2941 1854 3012 imaginis

277 3053 360 3102 est
381 3043 700 3116 quandoque
733 3042 911 3098 futura
935 3040 1210 3112 perfectio.
1239 3039 1322 3094 Ad
1355 3038 1494 3093 hanc
1517 3050 1854 3106 consequen-

277 3139 399 3195 dam
423 3153 522 3194 nos
547 3137 724 3193 erudit
763 3136 1015 3207 magister
1043 3136 1214 3190 bonus
1245 3133 1348 3188 ﬁde
1377 3131 1663 3187 christiana
1688 3131 1858 3200 pieta-

278 3234 450 3304 tisque
495 3231 760 3296 doctrina,
806 3237 866 3286 ut
891 3228 1112 3284 revelata
1158 3227 1288 3297 facie
1325 3241 1357 3280 a
1404 3225 1561 3296 Legis
1594 3223 1857 3280 velamine

278 3327 420 3400 quod
450 3335 533 3383 est
552 3325 738 3381 umbra
766 3325 1089 3390 futurorum,
1110 3323 1325 3393 gloriam
1350 3319 1558 3374 Domini
1581 3319 1856 3390 speculan-

279 3427 370 3487 tes,
403 3419 497 3489 per
515 3417 786 3488 speculum
813 3416 1015 3471 scilicet
1035 3417 1320 3480 intuentes,
1342 3413 1396 3466 in
1426 3411 1651 3466 eamdem
1671 3411 1856 3480 imagi-

281 3529 392 3569 nem
423 3511 858 3567 transformamur
883 3509 946 3562 de
973 3508 1137 3579 gloria
1175 3507 1230 3559 in
1263 3505 1478 3577 gloriam
1499 3546 1514 3572 ,
1547 3514 1784 3574 tanquam
1827 3519 1860 3556 a

281 3603 486 3658 Domini
505 3601 786 3673 Spiritum
811 3601 929 3655 Cor.
959 3615 1036 3667 ιιι,
1069 3598 1158 3670 18)
1175 3640 1190 3666 ,
1218 3597 1508 3653 secundum
1527 3597 1856 3666 superiorem

281 3695 346 3753 de
377 3696 460 3752 his
487 3695 666 3751 verbis
690 3694 1124 3765 disputationem.

348 3789 440 3845 21.
480 3788 613 3844 Cum
655 3803 783 3859 ergo
827 3789 924 3843 hac
954 3787 1412 3842 transformatione
1453 3785 1522 3841 ad
1566 3785 1858 3856 perfectum

282 3881 443 3938 fuerit
466 3881 584 3937 haec
613 3881 790 3953 imago
809 3889 1084 3948 renovata,
1114 3879 1318 3935 similes
1345 3880 1456 3934 Deo
1481 3879 1700 3947 erimus,
1728 3894 1861 3949 quo-

283 3974 426 4031 niam
458 3975 754 4031 videbimus
797 3990 941 4040 eum,
974 3990 1078 4029 non
1105 3989 1200 4043 per
1243 3975 1538 4044 speculum,
1584 3973 1680 4030 sed
1707 3975 1862 4029 sicuti

291 4076 372 4123 est
398 4066 574 4141 (Joan.
609 4083 686 4132 ιιι,
711 4067 771 4138 2)
798 4083 812 4120 :
844 4067 984 4138 quod
1013 4066 1142 4123 dicit
1183 4068 1454 4137 apostolus
1478 4068 1701 4137 Paulus,
1735 4069 1864 4139 facie

285 4157 351 4211 ad
374 4158 555 4228 faciem
586 4156 630 4232 (1
651 4157 770 4212 Cor.
796 4174 906 4225 xui,
935 4156 1046 4230 12).
1073 4157 1224 4212 Νυιιε
1254 4173 1380 4213 vero
1408 4158 1462 4212 in
1491 4157 1594 4212 hoc
1620 4159 1858 4227 speculo,

290 4250 342 4305 in
371 4249 476 4306 hoc
518 4249 819 4321 aenigmate,
869 4250 922 4305 in
951 4251 1053 4304 hac
1095 4249 1468 4320 qualicumque
1497 4249 1860 4317 similitudine,

285 4347 480 4412 quanta
509 4340 578 4395 sit
603 4339 760 4395 etiam
782 4339 1181 4406 dissimilitudo,
1215 4339 1333 4410 quis
1354 4347 1532 4410 potest
1555 4339 1865 4410 explicare?

282 4433 553 4502 Attingam
575 4440 751 4487 tamen
770 4431 968 4501 aliqua,
998 4440 1056 4486 ut
1079 4433 1251 4499 valeo,
1281 4431 1475 4502 quibus
1506 4431 1561 4486 id
1586 4432 1752 4502 possit
1773 4430 1867 4486 ad-

282 4524 440 4581 verti.
491 4557 530 4582 κ

355 4615 582 4672 CAPUT
619 4613 738 4670 XII.
763 4614 1149 4669 --Academica
1192 4614 1531 4685 phitosophia.
1549 4615 1728 4670 Primo
1751 4615 1867 4685 ipsa

285 4706 530 4771 scientia,
561 4705 631 4762 de
656 4721 758 4777 qua
785 4705 1047 4761 veraciter
1093 4704 1342 4776 cogitatio
1361 4713 1542 4760 nostra
1585 4703 1863 4772 formatur,

287 4797 501 4868 quando
529 4813 647 4867 qua:
672 4797 870 4854 scimus
899 4795 1182 4866 loquimur,
1215 4794 1386 4866 qualis
1415 4803 1507 4850 aut
1539 4803 1733 4867 quanta
1768 4811 1870 4867 po-

289 4895 388 4943 test
433 4887 635 4942 homini
673 4885 970 4958 provenire,
1013 4884 1306 4955 quamlibet
1347 4885 1670 4954 peritissimo
1710 4897 1871 4956 atque

287 4977 630 5035 doctissimo?
659 4979 903 5048 Exceptis
928 4976 1068 5033 enim
1098 4992 1216 5048 quae
1243 4979 1296 5032 in
1321 4977 1558 5033 animum
1585 4978 1802 5034 veniunt
1838 4993 1872 5032 a

289 5071 534 5126 sensibus
574 5067 851 5136 corporis,
894 5067 946 5120 in
987 5067 1178 5137 quibus
1207 5075 1314 5120 tam
1359 5068 1524 5121 multa
1561 5069 1714 5122 aliter
1747 5077 1874 5122 sunt

289 5176 447 5232 quam
495 5160 761 5226 videntur,
805 5168 864 5214 ut
917 5173 1103 5214 eorum
1145 5158 1604 5213 verisimilitudine
1650 5160 1872 5213 nimium

295 5253 643 5322 constipatus,
669 5266 830 5306 sanus
851 5249 951 5304 sibi
977 5263 1095 5304 esse
1111 5247 1351 5303 videatur
1372 5247 1463 5318 qui
1483 5248 1711 5315 insanit;
1735 5248 1874 5304 unde

290 5341 608 5398 Academica
633 5339 968 5413 philosophia
994 5339 1072 5396 sic
1091 5337 1330 5404 invaluit,
1347 5347 1405 5393 ut
1423 5338 1489 5394 de
1508 5339 1755 5395 omnibus
1778 5338 1876 5394 du-

275 5435 466 5491 bitans
508 5434 678 5490 multo
721 5433 968 5490 miserius
1009 5431 1262 5486 insaniret
1293 5447 1306 5484 :
1336 5429 1420 5484 his
1465 5445 1593 5501 ergo
1640 5432 1876 5501 exceptis

293 5543 411 5597 quae
431 5542 461 5581 a
479 5522 720 5596 corporis
745 5526 991 5582 sensibus
1006 5524 1061 5578 in
1090 5523 1324 5579 animum
1352 5523 1592 5590 veniunt,
1621 5533 1874 5592 quantum

293 5636 471 5675 rerum
521 5629 760 5674 remanet
802 5617 944 5688 quod
992 5617 1063 5670 ita
1097 5615 1345 5680 sciamus,
1389 5615 1525 5669 sicut
1565 5629 1662 5669 nos
1701 5615 1908 5669 vivere‘

293 5713 532 5768 scimus?
577 5711 629 5765 in
673 5725 778 5782 quo
820 5724 1036 5780 prorsus
1083 5723 1188 5761 non
1227 5706 1548 5772 metuimus,
1595 5719 1664 5760 ne
1701 5706 1876 5776 aliqua

293 5802 754 5860 verisimilitudine
793 5801 929 5858 forte
971 5799 1244 5866 fallamur,
1275 5797 1524 5871 quoniam
1563 5805 1767 5852 certum
1795 5806 1879 5855 est

1420 429 1622 486 LIBER
1659 421 1954 495 QUINTUS
1994 422 2305 481 DECIMUS.

3379 432 3519 489 1074

1940 541 2280 613 Ιιειιιιί,(ιιιεε
2306 541 2626 612 objiciuntur
2650 544 2999 610 extrinsecus,
3017 553 3075 599 ut
3100 544 3154 600 in
3178 558 3243 600 eo
3263 545 3341 600 sic
3362 546 3514 603 falla-

1942 640 2028 687 tur
2043 634 2248 701 oculus,
2275 636 2720 705 quemadmodum
2737 637 2938 692 fallitur
2960 653 3083 693 cum
3106 638 3160 693 in
3181 653 3318 708 aqua
3337 654 3519 696 remus

1940 725 2150 782 videtur
2170 726 2442 794 infractus,
2461 734 2516 783 et
2534 727 2904 799 navigantibus
2921 735 3095 783 turres
3110 729 3334 795 moveri,
3352 737 3406 784 et
3421 729 3526 786 alia

1942 825 2188 873 sexcenta
2215 835 2333 893 quae
2351 819 2506 874 aliter
2531 826 2654 874 sunt
2671 835 2829 890 quam
2846 819 3126 887 videntur;
3158 821 3280 892 quia
3307 836 3410 878 nec
3429 836 3528 892 per

1943 908 2151 964 oculum
2173 909 2349 965 carnis
2367 910 2469 966 hoc
2483 911 2738 966 cernitur.
2764 910 2950 966 lntima
2968 912 3188 967 scientia
3203 920 3286 968 est
3308 928 3411 984 qua
3429 926 3528 968 nos

1944 999 2122 1054 vivere
2151 1001 2369 1069 scimus,
2395 1000 2487 1056 ubi
2519 1015 2586 1056 ne
2610 999 2740 1056 illud
2767 1001 2982 1071 quidem
2998 1002 3349 1058 Academicus
3374 1002 3526 1058 dice-

1943 1106 2003 1146 re
2029 1099 2202 1162 potest
2233 1109 2246 1145 :
2276 1091 2526 1148 Fortasse
2564 1090 2788 1159 dormis,
2825 1101 2881 1147 et
2922 1093 3118 1160 nescis,
3147 1100 3200 1148 et
3237 1093 3292 1147 in
3321 1092 3528 1148 somnis

1945 1183 2244 1238 vides.Visa
2261 1184 2458 1254 quippe
2483 1183 2862 1240 somniantium
2879 1184 3144 1240 simillima
3165 1199 3285 1240 esse
3303 1184 3432 1239 visis
3451 1183 3530 1238 vi-

1943 1275 2218 1346 gilantium
2234 1275 2354 1344 quis
2370 1275 2614 1345 ignorat?
2641 1274 2746 1331 Sed
2759 1276 2849 1347 qui
2879 1284 3057 1346 certus
3080 1284 3164 1332 est
3191 1275 3258 1332 de
3273 1276 3395 1330 vita:
3419 1290 3531 1331 suae

1946 1368 2196 1432 scientia,
2227 1383 2332 1423 non
2356 1367 2408 1422 in
2429 1381 2492 1424 ea
2518 1367 2666 1437 dicit,
2698 1367 2823 1425 Scio
2851 1385 2939 1425 me
2973 1369 3222 1441 vigilare;
3265 1369 3380 1434 sed,
3409 1367 3532 1424 Scio

1947 1475 2035 1516 me
2057 1461 2233 1516 vivere
2258 1460 2404 1517 :sive
2440 1475 2568 1532 ergo
2589 1461 2839 1528 dormiat,
2861 1461 2974 1518 sive
3015 1462 3215 1534 vigilet,
3245 1462 3393 1517 vivit.
3424 1460 3533 1518 Nec

1949 1552 2000 1606 in
2017 1567 2079 1606 ea
2108 1552 2328 1607 scientia
2349 1567 2447 1624 per
2474 1552 2679 1607 somnia
2716 1551 2824 1608 falli
2846 1561 3050 1623 potest;
3076 1554 3198 1624 quia
3226 1553 3534 1609 etdormire

1949 1652 2003 1700 et
2029 1644 2082 1698 in
2102 1645 2303 1698 somnis
2323 1644 2521 1710 videre,
2545 1643 2772 1699 viventis
2797 1651 2899 1700 est.
2919 1643 3028 1700 Nec
3049 1643 3176 1699 illud
3193 1652 3368 1714 potest
3392 1645 3534 1699 Aca-

1949 1734 2187 1790 demicus
2207 1735 2462 1790 adversus
2488 1736 2644 1792 istam
2680 1735 2955 1790 scientiam
2991 1735 3192 1796 dicere,
3233 1735 3391 1790 Furis
3429 1733 3535 1789 for.

1949 1826 2109 1882 tassis
2145 1833 2202 1881 et
2253 1825 2464 1891 nescis;
2510 1827 2635 1897 quia
2662 1841 2912 1881 sanorum
2946 1825 3076 1881 visis
3102 1825 3370 1880 simillima
3411 1832 3538 1889 sunt

1949 1920 2110 1975 etiam
2149 1919 2262 1974 visa
2291 1918 2622 1976 furentium:
2654 1919 2749 1975 sed
2791 1919 2880 1990 qui
2920 1918 3047 1974 furit
3079 1919 3226 1974 vivit.
3268 1918 3377 1975 Nec
3409 1933 3537 1974 conc

1953 2018 2032 2065 tra
2071 2010 2417 2066 Academicos
2473 2010 2622 2078 dicit,
2661 2009 2784 2065 Scio
2840 2026 2925 2066 me
2963 2025 3070 2066 non
3128 2009 3353 2076 furere;
3416 2009 3536 2076 sed,

1952 2102 2076 2158 Scio
2120 2117 2206 2158 me
2246 2103 2447 2159 vivere.
2501 2102 2782 2172 Nunquam
2829 2117 2957 2174 ergo
3014 2101 3124 2156 falli
3180 2117 3280 2158 nec
3323 2102 3536 2158 mentiri

1955 2203 2150 2264 potest,
2178 2194 2268 2264 qui
2293 2210 2352 2248 se
2374 2195 2553 2250 vivere
2589 2193 2955 2250 dixeritscire.
2980 2194 3122 2249 Mille
3166 2194 3345 2264 itaque
3381 2191 3537 2247 falla-

1953 2283 2095 2339 cium
2138 2284 2373 2340 visorum
2412 2300 2608 2356 genera
2639 2285 2956 2356 objiciantur
3011 2287 3058 2340 ei
3093 2286 3184 2356 qui
3217 2285 3364 2350 dicit,
3413 2284 3536 2339 Scio

1953 2391 2042 2432 me
2066 2376 2274 2442 vivere;
2305 2377 2434 2431 nihil
2460 2377 2652 2433 horum
2683 2376 2909 2445 tin‘iebit,
2937 2377 3149 2448 quando
3187 2386 3244 2432 et
3267 2377 3356 2448 qui
3395 2375 3502 2430 falli
3522 2402 3540 2415 -

1956 2475 2041 2522 tur
2086 2467 2234 2521 vivit.
2278 2467 2384 2522 Sed
2419 2468 2465 2522 si
2513 2469 2635 2522 talia
2677 2469 2788 2523 sola
2825 2469 3095 2538 pertinent
3143 2467 3209 2522 ad
3251 2467 3536 2521 humanam

1955 2560 2252 2627 scientiam,
2297 2576 2560 2630 perpauca
2597 2569 2759 2627 sunt;
2807 2561 2908 2616 nisi
2951 2560 3072 2631 quia
3114 2561 3168 2614 in
3216 2573 3537 2630 unoquoque

1955 2668 2152 2724 genere
2207 2653 2275 2707 ita
2307 2651 2742 2722 multiplicantur,
2771 2662 2830 2708 ut
2856 2666 2964 2707 non
2987 2652 3159 2708 solum
3206 2663 3378 2721 pauca
3425 2664 3529 2703 non

1956 2743 2082 2811 sint,
2121 2759 2309 2798 verum
2334 2745 2493 2799 etiam
2519 2745 2854 2814 reperiantur
2896 2758 2992 2814 per
3037 2742 3303 2798 infinitum
3349 2755 3540 2796 nume-

1959 2851 2079 2891 rum
2108 2835 2343 2891 tendere.
2374 2835 2473 2904 Qui
2500 2837 2642 2890 enim
2685 2835 2835 2902 dicit,
2865 2836 2990 2891 Scio
3013 2851 3100 2891 me
3126 2837 3326 2902 vivere,
3371 2849 3538 2889 unum

1957 2928 2158 2999 aliquid
2188 2931 2325 2984 scire
2349 2944 2407 2984 se
2434 2928 2598 2985 dicit:
2632 2929 2856 2999 proinde
2881 2930 2926 2985 si
2953 2928 3111 2995 dicat,
3135 2928 3257 2985 Scio
3284 2942 3373 2983 me
3399 2926 3543 2982 scire

1958 3040 2046 3080 me
2089 3023 2307 3090 vivere;
2336 3022 2444 3078 duo
2471 3034 2596 3078 sunt
2613 3023 2764 3094 jam;
2798 3023 2899 3078 hoc
2935 3037 3064 3078 vero
3107 3021 3250 3093 quod
3290 3021 3391 3076 scit
3428 3019 3545 3075 haec

1958 3116 2086 3185 duo,
2119 3117 2330 3172 tertium
2357 3117 2494 3171 scire
2517 3123 2644 3172 est:
2693 3116 2770 3171 sic
2811 3123 2986 3187 potest
3033 3113 3231 3170 addere
3283 3121 3339 3169 et
3379 3126 3543 3182 quar-

1962 3219 2092 3275 tum,
2121 3217 2175 3265 et
2202 3209 2464 3279 quintum,
2510 3217 2562 3264 et
2600 3207 3075 3273 innumerabilia,si
3126 3205 3371 3261 sufficiat.
3436 3203 3544 3260 Sed

1959 3301 2083 3374 quia
2138 3301 2576 3361 innumerabilem
2620 3315 2901 3356 numerum
2960 3300 3043 3355 vel
3086 3297 3545 3369 comprehendere

1960 3392 2163 3463 singula
2218 3391 2481 3457 addendo,
2536 3391 2623 3446 vel
2694 3391 2870 3446 dicere
2913 3389 3371 3444 innumerabiliter
3435 3402 3544 3443 nou

1961 3455 2160 3556 potest,
2191 3481 2293 3537 hoc
2323 3455 2494 3551 ipsum
2520 3481 2822 3536 certissime
2861 3478 3268 3550 comprehendit
3305 3492 3370 3532 ac
3395 3477 3544 3543 dicit,
3575 3455 3588 3470 ’

1962 3585 2019 3632 ει
2039 3590 2224 3631 verum
2250 3575 2352 3629 hoc
2370 3588 2510 3640 esse,
2541 3584 2597 3629 et
2621 3586 2728 3628 tam
2759 3571 3165 3639 innumerabile,
3189 3581 3247 3626 ut
3267 3585 3394 3627 vere
3429 3570 3547 3641 ejus

1964 3665 2236 3722 infinitum
2262 3681 2542 3722 numerum
2568 3679 2675 3720 non
2701 3665 2871 3735 possit
2899 3661 3358 3733 comprehendere
3383 3677 3446 3716 ac
3463 3661 3543 3716 di«

1964 3774 2108 3816 cere.
2139 3759 2252 3814 lloc
2278 3767 2334 3814 et
2356 3759 2408 3812 in
2422 3758 2694 3813 voluntate
2709 3765 2850 3812 certa
2865 3754 3109 3810 similiter
3121 3753 3324 3809 adverti
3346 3759 3541 3822 potest.

1964 3849 2095 3919 Quis
2129 3859 2213 3906 est
2265 3850 2408 3905 enim
2462 3849 2545 3904 cui
2590 3864 2693 3903 non
2743 3847 3078 3918 impudenter
3125 3844 3544 3915 respondeatur,

1966 3945 2128 4001 Forte
2155 3944 2379 4010 falleris,
2408 3942 2624 4007 dicenti,
2657 3940 2792 3996 Volo
2812 3941 2999 3995 beatus
3025 3952 3144 3994 esse
3165 3938 3189 3991 ?
3211 3937 3278 3992 Et
3297 3937 3344 3992 si
3371 3935 3547 4002 dicat,

1967 4038 2091 4095 Scio
2116 4053 2201 4093 me
2228 4037 2329 4091 hoc
2353 4036 2507 4101 velle,
2535 4043 2589 4090 et
2615 4034 2714 4089 hoc
2738 4049 2822 4089 me
2847 4033 2985 4088 scire
3011 4032 3152 4098 scio;
3176 4030 3286 4102 jam
3312 4029 3395 4085 his
3415 4029 3552 4084 duo-

1966 4129 2066 4185 bus
2085 4137 2140 4184 et
2168 4128 2380 4182 tertium
2410 4133 2587 4196 potest
2616 4124 2834 4191 addere,
2859 4122 2999 4194 quod
3023 4121 3136 4178 haec
3164 4121 3271 4177 duo
3303 4119 3469 4186 sciat;
3495 4127 3553 4175 et

1967 4230 2232 4294 quartum,
2265 4219 2404 4290 quod
2433 4218 2547 4273 haec
2574 4217 2678 4273 duo
2704 4217 2842 4271 scire
2871 4230 2929 4271 se
2953 4215 3106 4281 sciat,
3135 4221 3190 4270 et
3209 4212 3455 4268 similiter
3494 4212 3549 4266 in

1969 4315 2230 4370 infinitum
2257 4327 2534 4368 numerum
2562 4324 2806 4382 pergere.
2849 4308 2975 4363 Item
3012 4308 3054 4361 si
3085 4306 3346 4377 quispiam
3386 4304 3549 4369 dicat,

1970 4409 2164 4464 Errare
2210 4407 2371 4470 nolo;
2406 4419 2582 4459 nonne
2629 4404 2741 4458 sive
2779 4410 2923 4458 erret
2959 4401 3068 4456 sive
3094 4414 3199 4453 non
3245 4407 3408 4464 erret,
3462 4411 3554 4452 er-

1968 4498 2091 4556 rare
2142 4508 2315 4554 tamen
2368 4512 2488 4552 eum
2553 4495 2692 4550 nolle
2734 4509 2918 4550 verum
2991 4491 3126 4548 erit?
3169 4490 3296 4558 Quis
3335 4498 3419 4545 est
3463 4488 3555 4559 qui

1972 4593 2095 4649 huic
2133 4607 2239 4647 non
2281 4589 2734 4661 impudentissime
2791 4588 2952 4655 dicat,
3011 4586 3255 4642 Forsitan
3316 4583 3556 4640 falleris?

1974 4701 2094 4742 cum
2127 4686 2362 4756 profecto
2380 4683 2699 4753 ubicumque
2725 4680 2956 4748 fallatur,
2983 4681 3092 4736 falli
3119 4695 3178 4736 se
3207 4689 3383 4734 tamen
3413 4676 3557 4731 nolle

1975 4795 2079 4835 non
2107 4778 2327 4833 fallitur.
2361 4777 2427 4832 Et
2452 4777 2496 4831 si
2524 4775 2628 4830 hoc
2666 4775 2805 4830 scire
2847 4789 2907 4830 se
2929 4773 3090 4842 dicat,
3132 4771 3278 4827 addit
3298 4777 3554 4842 quantum

1975 4872 2086 4926 vult
2110 4885 2290 4926 rerum
2321 4883 2600 4925 numerum
2623 4869 2978 4939 cognitarum,
3009 4875 3060 4921 et
3111 4858 3391 4919 numerum
3435 4875 3558 4918 esse

1977 4963 2222 5035 perSpicit
2244 4961 2528 5017 inﬁnitum.
2543 4960 2641 5029 Qui
2665 4961 2805 5015 enim
2832 4959 2980 5024 dicit,
2997 4955 3132 5011 Nolo
3151 4970 3238 5010 me
3254 4953 3364 5008 falli
3380 4962 3434 5009 et
3455 4953 3560 5009 hoc

1977 5071 2063 5112 me
2091 5056 2231 5111 nolle
2257 5055 2388 5123 scio,
2412 5064 2465 5110 et
2499 5053 2604 5109 hoc
2643 5068 2728 5107 me
2769 5051 2906 5106 scire
2948 5048 3092 5113 scio;
3124 5047 3236 5118 jam
3280 5054 3335 5101 et
3370 5045 3415 5100 si
3449 5059 3562 5102 non

1979 5146 2258 5202 commoda
2287 5146 2606 5209 elocutione,
2636 5149 2810 5214 potest
2835 5140 2960 5195 hinc
2989 5139 3252 5194 infinitum
3275 5152 3560 5192 numerum
3634 5153 3639 5187 :

1978 5239 2260 5296 ostendere
2293 5256 2305 5292 :
2336 5247 2390 5293 et
2418 5238 2521 5291 alia
2549 5234 2905 5304 reperiuntur,
2933 5247 3052 5303 quae
3076 5231 3336 5286 adversus
3351 5229 3562 5286 Acade-

1979 5333 2146 5387 micos
2170 5331 2397 5396 valeant,
2427 5328 2512 5398 qui
2540 5325 2668 5380 nihil
2697 5325 2764 5378 ab
2815 5325 3030 5379 homine
3071 5322 3196 5378 sciri
3233 5337 3392 5393 posse
3427 5335 3563 5377 cono

1981 5422 2222 5478 tendunt.
2255 5419 2359 5475 Sed
2389 5416 2578 5472 modus
2607 5414 2939 5470 adhibendus
2966 5423 3066 5482 est,
3109 5413 3404 5484 praesertim
3439 5412 3564 5483 quia
3625 5407 3633 5476 ,ἶ

1981 5515 2036 5570 in
2065 5528 2226 5585 opere
2255 5513 2356 5566 isto
2386 5525 2488 5564 non
2519 5507 2623 5562 hoc
2647 5505 3149 5577 suscepimus.Sunt
3173 5504 3430 5561 iudelibri
3454 5511 3565 5559 tres

1983 5605 2171 5671 nostri,
2229 5601 2398 5670 primo
2470 5609 2670 5654 nostrae
2737 5598 3100 5652 conversionis
3152 5607 3390 5668 tempore
3433 5609 3566 5649 con-
3632 5608 3635 5612 ·

1985 5694 2186 5767 scripti,
2219 5707 2351 5762 quos
2391 5692 2481 5761 qui
2507 5690 2736 5761 potuerit
2773 5697 2828 5744 et
2868 5689 3094 5745 voluerit
3141 5690 3320 5760 legere
3369 5687 3566 5742 lectos-

1986 5803 2090 5860 que
2109 5783 2448 5851 intellexerit,
2476 5782 2607 5837 nihil
2632 5797 2753 5838 eum
2785 5779 3020 5852 profecto
3048 5796 3165 5852 quae
3190 5779 3257 5836 ab
3282 5778 3360 5835 eis
3377 5782 3567 5836 contra

297 5901 458 5956 etiam
480 5914 598 5956 eum
621 5899 707 5970 qui
734 5897 931 5953 fallitur
953 5895 1164 5963 vivere;
1193 5909 1292 5951 nec
1315 5893 1370 5950 in
1397 5893 1476 5950 eis
1498 5890 1628 5948 visis
1656 5890 1759 5949 hoc
1783 5891 1878 5948 ha-
1936 5925 2024 5979 ην
2053 5900 2071 5932 ι
2104 5903 2172 5949 tta
2188 5902 2295 5946 Mss.
2319 5901 2376 5947 At
2399 5894 2535 5958 editi,
2551 5891 2657 5947 lucc
2676 5889 2927 5944 habentur.
2953 5887 3084 5944 Male.
