4072 6436
267 419 400 478 1077

265 541 320 592 ει
343 533 394 588 in
417 528 540 600 τίμα
557 531 674 592 est;
699 521 842 596 quod
865 527 1052 578 autem
1075 519 1132 576 in
1155 533 1218 576 ea
1243 531 1352 573 non
1373 521 1492 582 est,
1519 527 1620 568 nec
1639 511 1692 566 in
1717 508 1837 578 ipso

265 635 362 684 est.
391 623 458 680 Et
493 621 685 678 fuistin
707 617 908 674 habere
935 613 1132 685 aliquid
1161 611 1264 668 hoc
1305 609 1538 666 Verbum
1565 614 1838 674 nunquam

259 722 436 788 potest
457 730 472 766 :
495 711 628 782 quia
655 706 1056 764 itumutabiliter
1085 704 1163 760 sic
1195 717 1258 758 se
1283 701 1463 768 habet,
1493 707 1553 752 ut
1577 711 1638 752 se
1677 692 1838 748 habet

259 785 338 876 de.
365 820 471 876 quo
499 811 604 860 est.
635 801 760 856 Non
797 799 940 858 enim
977 807 1134 868 potest
1163 795 1330 850 Filius
1353 811 1388 848 α
1413 809 1468 846 se
1501 791 1662 860 {eam
1687 785 1838 876 quid-

255 875 433 967 quam,
461 895 559 950 nisi
577 892 714 964 quod
737 891 916 946 viderit
939 887 1145 942 Patrem
1165 887 1426 957 facientem
1451 880 1624 952 (Joan.
1643 895 1698 945 v.,
1725 875 1837 948 i9).

263 990 514 1046 Potenter
537 985 640 1042 hoc
667 999 771 1040 non
793 989 972 1054 potest
989 1020 1004 1046 ,
1037 995 1136 1036 nec
1165 987 1254 1034 est
1277 976 1556 1031 infirmitas
1581 974 1679 1028 ista
1701 1012 1716 1038 ,
1745 969 1840 1026 sed

265 1080 508 1145 ﬁrmitas.
537 1092 642 1148 qua
665 1077 799 1130 talsa
827 1088 948 1130 esse
967 1085 1082 1128 non
1105 1076 1286 1140 potest
1309 1068 1524 1122 veritas.
1545 1063 1706 1120 Novit
1729 1063 1839 1116 ita-

259 1187 368 1244 que
389 1171 567 1228 onia
597 1169 736 1224 Deus
777 1167 932 1222 Pater
955 1165 1010 1220 in
1045 1179 1108 1218 se
1133 1162 1272 1232 ipso,
1295 1160 1440 1216 novit
1461 1158 1515 1214 in
1543 1155 1714 1212 Filio:
1747 1151 1842 1208 sed

263 1264 318 1320 in
343 1277 403 1318 se
439 1263 556 1332 ipso
599 1269 848 1329 tanquam
877 1271 936 1312 se
969 1255 1162 1326 ipsum.
1195 1253 1248 1306 in
1273 1252 1409 1308 Filio
1435 1257 1684 1320 tanquam
1714 1247 1844 1300 Ver—

257 1356 390 1412 bum
415 1367 572 1416 suum
591 1391 608 1420 ,
635 1349 778 1420 quod
811 1357 893 1404 est
917 1347 984 1403 de
1007 1346 1094 1402 bis
1113 1344 1366 1402 .omnibus
1395 1357 1514 1414 qua:
1539 1347 1662 1395 sunt
1699 1339 1756 1392 in
1785 1351 1844 1392 se

259 1445 402 1516 ipso.
443 1442 630 1500 Omnia
661 1441 909 1496 similiter
945 1437 1095 1494 novit
1121 1443 1174 1492 et
1217 1433 1384 1488 Filius
1407 1474 1424 1500 ,
1457 1433 1510 1486 in
1533 1445 1592 1486 se
1617 1428 1840 1494 scilicet,

269 1545 520 1606 tanquam
547 1547 608 1588 ea
637 1545 758 1600 qua:
789 1538 914 1584 nata
941 1533 1064 1584 sunt
1097 1527 1166 1582 de
1189 1525 1256 1580 iis
1285 1539 1402 1594 qua:
1429 1523 1591 1578 Pater
1617 1519 1764 1574 novit
1793 1518 1844 1572 in

263 1643 326 1685 se
345 1629 472 1700 ipso
503 1646 514 1681 :
549 1627 604 1681 in
631 1624 788 1680 Patre
809 1631 1024 1686 autem,
1053 1629 1386 1691 tanquam-ea
1407 1616 1478 1670 de
1507 1614 1695 1685 quibus
1723 1619 1846 1666 nata

265 1727 412 1786 sunt,
445 1734 562 1789 qua:
612 1717 728 1788 ipse
762 1715 928 1770 Filius
955 1713 1108 1770 novit
1143 1712 1198 1766 in
1233 1725 1292 1766 se
1321 1711 1455 1780 ipso.
1493 1707 1679 1764 Sciunt
1721 1717 1848 1774 ergo

269 1812 496 1868 invicem
535 1811 691 1866 Pater
715 1817 767 1864 et
809 1807 973 1862 Filius
1003 1824 1014 1859 :
1041 1805 1140 1862 sed
1175 1803 1266 1860 ille
1295 1801 1559 1874 gignendo
1583 1839 1598 1868 ,
1627 1798 1728 1854 iste
1755 1811 1851 1852 na-

265 1905 488 1960 scendo.
519 1902 588 1961 Et
609 1901 788 1958 omnia
809 1914 930 1970 qua:
955 1905 1080 1954 sunt
1105 1897 1162 1952 in
1191 1909 1374 1952 eorum
1397 1892 1646 1956 scientia,
1671 1890 1724 1944 in
1753 1903 1848 1944 eo-

271 2011 387 2050 rum
415 1993 690 2064 sapientia,
717 1992 772 2046 in
797 2005 978 2046 eorum
1005 1987 1259 2056 essentia,
1283 1986 1646 2056 unusquisque
1663 1995 1850 2038 eorum

267 2085 430 2140 simul
463 2085 631 2152 videt;
659 2099 766 2138 non
787 2081 1146 2154 particulatim
1185 2086 1304 2154 aut_
1327 2075 1634 2148 singillatim
1657 2115 1670 2140 ,
1704 2073 1852 2128 velut

269 2179 566 2236 alternante
593 2149 877 2246 compecto
899 2174 1023 2230 hinc
1039 2175 1188 2239 illuc,
1217 2149 1412 2226 etinde
1439 2170 1563 2236 huc,
1589 2175 1642 2222 et
1666 2179 1852 2222 rursus

269 2267 396 2322 inde
407 2268 488 2322 vel
517 2267 638 2322 inde
660 2267 712 2319 in
733 2265 876 2320 aliud
897 2272 1054 2334 atque
1077 2262 1240 2327 aliud,
1265 2270 1322 2314 ιιι
1341 2261 1514 2329 aliqua
1537 2257 1719 2332 videre
1739 2271 1852 2310 non

265 2361 444 2430 possit
465 2359 566 2414 nisi
589 2373 697 2412 non
719 2356 903 2414 videns
928 2355 1029 2408 alia
1061 2371 1074 2408 :
1103 2353 1220 2420 sed,
1249 2359 1312 2406 ut
1333 2350 1470 2420 dixi,
1497 2347 1652 2402 simul
1675 2345 1852 2402 omnia

269 2451 438 2518 videt,
457 2464 682 2518 quorum
707 2447 913 2502 nullum
933 2453 1016 2500 est
1039 2443 1179 2514 quod
1206 2458 1310 2497 non
1335 2455 1546 2509 semper
1573 2436 1744 2492 videt.

341 2541 437 2597 24.
469 2541 700 2598 Verbum
729 2547 906 2594 autem
943 2545 1183 2592 nostrum
1217 2534 1348 2590 illud
1385 2532 1528 2603 quod
1554 2546 1660 2586 non
1692 2530 1850 2586 habet

269 2649 466 2690 sonum
509 2647 682 2703 neque
709 2630 1086 2701 cogitationem
1117 2628 1256 2693 soni,
1283 2625 1378 2682 sed
1408 2625 1526 2694 ejus
1549 2624 1626 2678 rei
1649 2623 1666 2654 ί
1691 2637 1852 2693 quam

278 2723 512 2778 videndo
557 2723 700 2778 intus
735 2721 993 2786 dicimus,
1032 2727 1086 2774 et
1119 2718 1240 2772 ideo
1277 2716 1469 2770 nullius
1508 2714 1702 2784 linguas
1733 2720 1848 2778 est;

277 2823 442 2885 atque
467 2813 592 2870 inde
619 2822 903 2882 utcumque
921 2809 1096 2866 simile
1125 2815 1207 2864 est
1233 2808 1284 2862 in
1313 2811 1414 2862 hoc
1451 2805 1732 2876 aenigmate
1775 2801 1855 2858 illi

279 2907 462 2962 Verbo
483 2906 598 2972 Dei,
623 2904 766 2976 quod
792 2905 950 2958 etiam
995 2902 1134 2956 Deus
1157 2907 1259 2962 est,
1285 2898 1534 2970 quoniam
1561 2897 1638 2950 sic
1665 2902 1720 2950 et
1743 2892 1850 2950 .boc

273 2998 346 3054 de
373 3007 554 3054 nostra
585 2997 838 3062 nascitur,
868 2990 1312 3064 quemadmodum
1341 2997 1396 3046 et
1425 2987 1554 3042 illud
1580 2986 1646 3040 de
1678 2983 1854 3042 scien-

277 3089 347 3144 tia
399 3089 577 3144 Patris
623 3097 806 3144 natum
847 3094 971 3142 est:
1015 3091 1257 3138 nostrum
1303 3095 1430 3154 ergo
1457 3079 1562 3134 tale
1605 3078 1850 3144 verbum,

275 3179 420 3250 quod
461 3179 762 3234 invenimus
800 3191 918 3232 esse
955 3183 1241 3244 utcumque
1263 3172 1336 3226 illi
1371 3171 1574 3238 simile,
1599 3177 1855 3240 quantum

273 3273 344 3328 sit
363 3271 529 3328 etiam
553 3261 974 3328 dissimilesicut
993 3283 1023 3322 a
1052 3266 1205 3322 nobis
1235 3264 1342 3320 dici
1357 3262 1614 3334 potuerit,
1639 3276 1750 3318 non
1777 3260 1856 3330 pi-

271 3373 398 3434 geat
421 3364 640 3418 intueri.

343 3454 571 3512 CAPUT
602 3452 720 3510 XV.
747 3483 822 3494 —
843 3453 1046 3520 Quanta
1073 3451 1135 3506 sit
1155 3449 1519 3520 dissimilitudo
1539 3448 1672 3504 verbi
1695 3447 1858 3502 nostri

275 3554 321 3598 et
359 3543 509 3598 Verbi
538 3543 712 3597 divini.
745 3541 959 3596 Verbum
987 3549 1212 3595 nostrum
1253 3539 1604 3608 sempiternum
1631 3553 1736 3592 esse
1769 3543 1858 3590 aut

276 3635 376 3688 dici
427 3650 528 3690 non
575 3643 754 3702 potest.
803 3630 1068 3701 Numquid
1097 3629 1316 3700 verbum
1365 3639 1603 3684 nostrum
1652 3627 1716 3680 de
1747 3628 1858 3682 sola

275 3727 500 3782 scientia
533 3734 712 3780 nostra
739 3723 1011 3778 nascitur?
1049 3721 1231 3776 Nonne
1259 3719 1424 3774 multa
1449 3718 1674 3774 dicimus
1698 3717 1858 3772 etiam

276 3833 396 3888 qua:
423 3815 728 3871 nescimus?
781 3814 889 3870 Nec
913 3812 1214 3868 dubitantes
1237 3825 1299 3866 ea
1326 3809 1570 3876 dicimus,
1601 3808 1694 3864 sed
1733 3823 1856 3862 vera

277 3921 399 3964 esse
427 3908 746 3974 arbitrantes
775 3923 788 3958 :
820 3919 936 3976 qua:
977 3903 1110 3958 forte
1139 3903 1182 3956 si
1209 3917 1334 3957 vera
1359 3909 1500 3966 sunt,
1527 3900 1580 3954 in
1619 3899 1748 3968 ipsis
1776 3913 1860 3954 re-

283 3999 383 4054 bus
423 3998 491 4054 de
520 3999 707 4068 quibus
737 3997 1168 4067 loquimur,'non
1207 3994 1261 4048 in
1292 3991 1455 4047 verbo
1501 3997 1684 4046 nostro
1732 4005 1856 4044 vera

279 4097 440 4156 sunt;
486 4089 606 4160 quia
641 4087 859 4143 verbum
885 4101 1071 4142 verum
1102 4099 1206 4140 non
1249 4091 1353 4150 est,
1397 4081 1498 4136 nisi
1539 4081 1680 4152 quod
1710 4080 1777 4135 de
1803 4096 1860 4136 re

281 4199 403 4254 quae
451 4183 636 4246 scitur,
680 4181 928 4252 gignitur.
984 4177 1193 4232 Falsum
1248 4183 1329 4230 est
1376 4189 1503 4244 ergo
1551 4173 1654 4228 isto
1702 4172 1860 4226 modo

281 4273 504 4329 verbum
533 4282 796 4338 nostrum,
829 4285 934 4326 non
971 4284 1090 4323 cum
1119 4265 1423 4332 mentimur,
1453 4263 1544 4318 sed
1569 4279 1686 4317 cum
1723 4261 1860 4316 falli-

283 4382 426 4420 mur.
454 4363 583 4420 Cum
611 4371 788 4418 autem
817 4361 1137 4426 dubitamus,
1163 4358 1398 4414 nondum
1427 4367 1508 4410 est
1537 4356 1755 4410 verbum
1794 4353 1861 4409 de

283 4475 342 4515 re
369 4457 438 4513 de
467 4473 568 4528 qua
597 4457 916 4522 dubitamus,
935 4451 1028 4508 sed
1059 4452 1125 4506 de
1148 4452 1258 4522 ipsa
1283 4449 1612 4504 dubitatione
1642 4445 1860 4500 verbum

282 4559 387 4606 est.
421 4549 671 4618 Quamvis
696 4547 836 4602 enim
866 4560 969 4600 non
999 4544 1306 4600 noverimus
1331 4557 1397 4595 an
1427 4557 1608 4596 verum
1633 4539 1700 4593 sit
1721 4537 1863 4594 unde

284 4645 610 4710 dubitamus,
633 4653 808 4696 tamen
836 4639 1078 4694 dubitare
1107 4651 1204 4690 nos
1235 4635 1477 4689 novimus
1505 4651 1516 4685 :
1550 4647 1612 4686 ac
1636 4635 1736 4700 per
1763 4631 1865 4686 hoc

283 4751 406 4792 cum
429 4735 529 4789 hoc
557 4733 802 4797 dicimus,
831 4745 1015 4785 verum
1042 4727 1264 4784 verbum
1290 4733 1406 4790 est;
1447 4724 1696 4794 quoniam
1723 4721 1865 4792 quod

285 4827 537 4884 novimus
576 4825 822 4880 dicimus.
852 4819 1010 4890 Quid,
1053 4819 1191 4892 quod
1227 4820 1386 4874 etiam
1432 4815 1646 4871 mentiri
1681 4830 1866 4886 possu-

286 4917 444 4974 mus?
484 4915 634 4984 Quod
661 4931 778 4970 cum
809 4913 1050 4980 facimus,
1081 4913 1260 4981 utique
1297 4909 1532 4964 volentes
1559 4919 1613 4963 et
1639 4907 1864 4961 scientes

287 5008 478 5064 falsum
523 5006 745 5059 verbum
797 5005 1097 5056 habemus:
1139 5003 1226 5056 ubi
1287 5015 1464 5056 verum
1512 4999 1732 5053 verbum
1785 5005 1866 5052 est

287 5099 500 5156 mentiri
529 5111 659 5160 nos;
692 5095 793 5150 lcoc
821 5095 960 5149 enim
994 5093 1211 5148 scimus.
1243 5089 1309 5145 Et
1339 5105 1456 5145 cum
1488 5091 1742 5144 mentitos
1767 5104 1867 5144 nos

288 5207 408 5246 esse
436 5189 770 5254 confitemur,
791 5199 976 5239 verum
1016 5183 1240 5238 dicimus
1269 5199 1282 5235 :
1313 5179 1454 5252 quod
1498 5181 1694 5236 scimus
1723 5175 1866 5235 enim

288 5283 546 5348 dicimus;
580 5281 776 5334 scimus
801 5291 1031 5346 namque
1069 5290 1166 5330 nos
1187 5288 1307 5330 esse
1331 5273 1602 5328 mentitos.
1633 5271 1866 5328 Verbum

297 5381 476 5428 autem
503 5369 630 5426 illud
651 5369 790 5440 quod
819 5377 901 5423 est
923 5368 1061 5423 Deus
1085 5374 1138 5422 et
1161 5363 1428 5436 potentius
1457 5371 1538 5418 est
1560 5363 1734 5428 nobis,
1765 5363 1865 5418 Ιιοε

299 5479 404 5519 non
457 5469 650 5534 potest.
681 5459 800 5515 Non
850 5459 990 5513 enim
1027 5465 1186 5514 potest
1231 5459 1395 5528 facere
1441 5455 1736 5526 quidquam,
1768 5456 1868 5510 nisi

297 5555 430 5624 quod
452 5553 630 5608 viderit
667 5549 875 5605 Patrem
913 5549 1177 5621 facientem
1207 5564 1226 5602 :
1256 5555 1311 5604 et
1353 5563 1458 5602 non
1489 5562 1520 5600 a
1557 5561 1615 5602 se
1645 5549 1757 5616 ipso
1787 5547 1867 5601 10-

300 5647 496 5716 quitur,
527 5643 618 5700 sed
649 5659 676 5698 a
707 5639 861 5698 Patre
901 5641 976 5695 illi
1007 5649 1089 5696 est
1117 5655 1275 5696 omne
1301 5635 1438 5710 quod
1467 5638 1718 5708 loquitur,
1744 5653 1865 5694 cum

359 5801 376 5832 ι
411 5802 509 5870 Ηὶε
535 5809 638 5850 MSS.
679 5798 893 5870 addunt,
923 5798 1048 5862 quod
1067 5795 1212 5870 intus
1237 5795 1388 5870 tacet,
1425 5797 1512 5870 cui
1551 5798 1702 5870 magis
1737 5781 1868 5870 uerbi

291 5861 512 5926 comem
529 5875 716 5913 nomen.
739 5859 982 5922 sumptum
1007 5867 1080 5910 est
1097 5871 1158 5908 ex
1183 5859 1317 5909 initio
1334 5861 1501 5922 capitis
1521 5859 1778 5910 undecimi.

1459 395 1660 456 LIBER
1695 387 1990 461 QUINTUS
2027 386 2340 446 DECIMUS.

3379 379 3521 446 1078

1943 507 2120 576 ipsum
2167 507 2326 562 Pater
2353 505 2508 564 unice
2557 501 2791 578 loquitur
2818 519 2832 560 :
2859 509 2916 562 et
2949 515 3140 576 magna
3189 499 3330 558 illius
3351 500 3522 558 Verbi

1945 599 2177 670 potentia
2227 589 2330 664 εει,
2379 613 2504 670 non_
2533 612 2692 668 posse
2734 595 2982 663 mentiri;
3028 595 3149 668 quia
3191 609 3300 650 non
3349 601 3526 664 potest

1945 706 2064 748 esse
2113 691 2220 746 illic
2263 690 2360 744 Est
2387 699 2436 768 et
2477 707 2578 744 non
2626 687 2707 762 (ll
2745 689 2862 744 Cor.
2892 704 2927 755 1,
2962 687 3080 757 19),
3127 685 3222 742 sed
3250 681 3366 753 Est,
3415 693 3526 748 est;

1947 784 2090 850 Non,
2119 801 2240 838 non.
2277 784 2348 840 At
2372 783 2513 838 enim
2553 798 2653 839 nec
2679 782 2900 838 verbum
2929 779 3218 836 dicendum
3243 787 3347 846 est,
3381 771 3526 847 quod

1946 891 2126 932 verum
2171 890 2282 930 non
2311 883 2412 930 est.
2443 875 2498 930 Si
2533 875 2665 940 ita‘,
2691 873 2862 928 libens
2906 871 3188 926 assentior.
3221 865 3378 936 Quid,
3399 883 3526 934 cum

1946 987 2130 1027 verum
2159 979 2244 1026 est
2292 970 2514 1026 verbum
2544 977 2806 1032 nostrum,
2849 975 2902 1022 et
2946 965 3066 1020 ideo
3109 971 3257 1020 recte
3304 961 3528 1016 verbum

1946 1070 2184 1128 vocatur,
2216 1061 2471 1131 numquid
2509 1060 2648 1117 sicut
2689 1058 2792 1114 dici
2823 1065 3000 1128 potest
3043 1055 3128 1110 vel
3175 1053 3309 1109 visio
3339 1051 3408 1108 de
3449 1051 3528 1106 vi-

1949 1157 2118 1220 sione,
2148 1155 2231 1208 vel
2250 1141 2478 1209 scientia
2507 1151 2572 1208 de
2597 1149 2838 1216 scientia,
2869 1149 2937 1204 ita
2965 1147 3067 1202 dici
3097 1153 3268 1217 potest
3295 1141 3529 1200 essentia

1948 1249 2014 1304 de
2043 1247 2302 1312 essentia,
2331 1245 2469 1300 sicut
2507 1241 2638 1296 illud
2677 1241 2771 1296 Dei
2803 1239 3040 1318 Verbum
3079 1237 3308 1292 maxime
3337 1233 3529 1304 dicitur

1947 1341 2284 1410 maximeque
2321 1334 2604 1392 dicendum
2632 1333 2748 1390 est?
2792 1331 2928 1402 Quid
2973 1330 3085 1385 ita?
3134 1328 3254 1400 quia
3287 1342 3395 1382 non
3426 1325 3528 1382 hoc

1949 1441 2034 1490 est
2073 1432 2228 1488 nobis
2251 1445 2392 1494 esse,
2423 1427 2565 1500 quod
2603 1435 2686 1482 est
2727 1441 2904 1480 nosse.
2938 1423 3102 1478 Multa
3144 1421 3336 1494 quippe
3378 1419 3527 1475 novi-

1951 1539 2068 1580 mus
2094 1539 2210 1594 quae
2233 1537 2336 1592 per
2359 1519 2672 1576 memoriam
2697 1516 2928 1588 quodam
2959 1515 3120 1572 modo
3143 1513 3345 1580 vivunt,
3373 1505 3448 1567 ita
3475 1501 3530 1589 et

1951 1615 2217 1674 oblivione
2241 1612 2470 1684 quodam
2510 1607 2669 1666 modo
2695 1587 2994 1662 moriuntur
3024 1624 3038 1661 :
3068 1613 3226 1676 atque
3253 1603 3376 1660 ideo
3404 1587 3528 1658 cum

1953 1706 2040 1762 illa
2061 1705 2172 1776 jam
2201 1719 2308 1760 non
2336 1691 2444 1760 sint
2469 1702 2523 1758 in
2545 1699 2731 1756 notitia
2753 1707 2956 1766 nostra,
2976 1685 3075 1752 nos
3101 1705 3278 1750 tamen
3306 1707 3525 1760 sumus;

1953 1805 2006 1854 et
2033 1811 2151 1852 cum
2181 1795 2406 1851 scientia
2445 1801 2628 1850 nostra
2653 1792 2834 1848 animo
2859 1787 3008 1860 lapsa
3050 1787 3268 1858 perierit
3296 1803 3324 1840 a
3353 1783 3531 1852 nobis,

1951 1907 2054 1948 nos
2075 1901 2250 1948 tamen
2281 1891 2528 1946 vivimus.
3255 1878 3260 1882 ’

2023 1985 2114 2040 25.
2153 1983 2246 2040 Illa
2271 1985 2432 2038 etiam
2455 1996 2571 2050 quae
2595 1981 2664 2034 ita
2702 1979 2960 2044 sciuntur,
2990 1983 3050 2029 ut
3091 1986 3362 2044 nunquam
3389 1965 3532 2024 exci-

1957 2076 2084 2132 dere
2113 2075 2337 2144 possint,
2369 2072 2619 2142 quoniam
2659 2066 2946 2140 prmscntia
2975 2073 3118 2132 sunt,
3149 2071 3204 2118 et
3251 2061 3320 2116 ad
3366 2061 3533 2130 ipsius

1951 2165 2116 2222 animi
2143 2173 2384 2220 naturam
2415 2162 2699 2232 pertinent,
2723 2166 2780 2212 ut
2805 2166 2886 2212 est
2915 2153 3046 2212 illud
3071 2153 3212 2225 quod
3233 2167 3331 2206 nos
3353 2151 3533 2206 vivere

1953 2260 2152 2316 scimus
2185 2258 2384 2331 (manet
2415 2256 2556 2310 enim
2589 2253 2690 2308 hoc
2715 2249 2968 2322 quamdiu
2994 2241 3202 2302 animus
3229 2250 3438 2310 manet,
3479 2251 3536 2298 et

1955 2353 2078 2422 quia
2119 2365 2329 2420 semper
2359 2356 2538 2404 manet
2562 2347 2791 2410 animus,
2818 2351 2872 2400 et
2909 2341 3008 2396 hoc
3037 2353 3250 2410 semper
3287 2333 3490 2408 manet)
3517 2352 3532 2388 :

1956 2442 2010 2498 id
2041 2457 2168 2512 ergo
2195 2449 2248 2497 et
2270 2442 2312 2496 si
2338 2455 2441 2510 qua
2468 2431 2808 2508 reperiuntur
2834 2433 3046 2499 similia,
3067 2431 3121 2486 in
3142 2429 3334 2502 quibus
3359 2429 3535 2498 imago

1956 2535 2052 2590 Dei
2103 2533 2280 2605 potius
2309 2527 2560 2586 intuenda
2606 2535 2706 2595 est,
2757 2525 2964 2582 etiamsi
3011 2536 3224 2592 semper
3273 2522 3532 2586 sciuntur,

1939 2637 2136 2684 tamen
2177 2623 2304 2697 quia
2343 2635 2453 2678 non
2481 2631 2693 2692 semper
2723 2619 2886 2674 etiam
2919 2615 3245 2686 cogitantur,
3268 2609 3536 2683 quomodo

1957 2720 2024 2776 de
2061 2719 2148 2774 bis
2187 2717 2396 2772 dicatur
2437 2713 2660 2772 verbum
2705 2711 3114 2781 sempiternum,
3141 2721 3268 2776 cum
3316 2703 3537 2759 verbum

1957 2820 2202 2866 nostrum
2237 2817 2420 2863 nostra
2443 2805 2764 2876 cogitatione
2791 2802 3018 2868 dicatur,
3049 2797 3292 2856 invenire
3319 2794 3538 2852 difﬁcile

1955 2909 2060 2958 est.
2087 2899 2480 2970 Sempiternum
2507 2904 2590 2952 est
2617 2895 2762 2950 enim
2807 2893 2988 2948 animo
3027 2891 3226 2956 vivere,
3255 2887 3537 2958 sempiter-

1959 3007 2085 3048 num
2113 3001 2198 3046 est
2239 2991 2381 3046 scire
2417 2989 2558 3060 quod
2603 2988 2774 3044 vivit:
2805 3000 2904 3042 nec
2942 2993 3118 3040 tamen
3149 2981 3536 3054 sempiternum

1957 3093 2041 3142 est
2075 3084 2310 3156 cogitare
2335 3084 2498 3138 vitam
2525 3096 2694 3146 suam,
2728 3081 2814 3135 vel
2833 3077 3074 3150 cogitare
3103 3075 3382 3132 scientiam
3411 3073 3538 3129 vita:

1955 3175 2375 3246 summatm
2417 3189 2541 3230 cum
2587 3171 2730 3228 aliud
2767 3179 2926 3241 atque
2967 3167 3114 3226 aliud
3143 3167 3388 3239 coeperit,
3435 3165 3540 3222 hoc

1957 3269 2166 3326 desinet
2189 3269 2442 3338 cogitare,
2467 3265 2709 3338 quamvis
2741 3279 2854 3319 non
2889 3263 3098 3320 desth
3133 3261 3295 3316 scire.
3327 3259 3405 3314 Ex
3431 3273 3540 3329 quo

1957 3361 2036 3428 ﬁt,
2069 3370 2128 3418 ut
2157 3361 2202 3414 si
2247 3367 2420 3430 potest
2455 3373 2577 3414 esse
2605 3358 2657 3412 in
2683 3357 2862 3414 animo
2887 3355 3062 3426 aliqua
3089 3353 3310 3408 scientia
3338 3350 3538 3420 sempi-

1957 3463 2135 3522 terna,
2165 3463 2224 3510 et
2245 3452 2566 3522 sempiterna
2593 3464 2716 3506 esse
2741 3464 2846 3503 non
2893 3455 3067 3518 potest
3095 3445 3336 3516 ejusdem
3365 3443 3538 3500 scien-

1963 3545 2048 3600 tiae
2088 3543 2362 3613 cogitatio,
2409 3550 2462 3597 et
2490 3541 2710 3596 verbum
2758 3513 2941 3594 verum
2997 3513 3238 3592 nostrum
3290 3534 3538 3590 intimum
3597 3513 3606 3526 \

1963 3635 2062 3690 nisi
2091 3641 2270 3688 nostra
2297 3631 2618 3702 cogitatione
2643 3643 2749 3684 non
2779 3628 2992 3694 dicitur,
3019 3625 3164 3682 solus
3208 3626 3349 3680 Deus
3378 3623 3537 3678 intel-

1959 3725 2152 3796 ligatur
2179 3724 2378 3778 habere
2406 3722 2639 3776 Verbum
2669 3719 3053 3789 sempiternum
3083 3717 3288 3788 sibique
3315 3723 3540 3772 coaeter-

1963 3833 2112 3872 num.
2157 3815 2266 3871 Nisi
2303 3814 2440 3870 forte
2484 3811 2766 3868 dicendum
2793 3818 2894 3874 est,
2920 3810 3086 3878 ipsam
3133 3807 3540 3880 possibilitatem

1961 3908 2317 3978 cogitationis,
2349 3906 2599 3976 quoniam
2639 3903 2694 3960 id
2739 3903 2882 3974 quod
2909 3902 3096 3968 scitur,
3123 3902 3280 3958 etiam
3326 3901 3543 3972 quando

1961 4018 2071 4058 non
2109 4001 2386 4070 cogitatur,
2429 4005 2604 4067 potest
2643 4004 2820 4054 tamen
2859 3995 3122 4050 veraciter
3147 3993 3389 4064 cogitari,
3417 4007 3541 4048 ver-

1963 4091 2092 4146 bunt
2119 4105 2238 4146 esse
2261 4098 2364 4144 tam
2385 4095 2719 4158 perpetuum,
2733 4100 2892 4156 quam
2913 4084 3138 4142 scientia
3161 4084 3270 4154 ipsa
3284 4091 3540 4154 perpetua

1966 4192 2066 4238 est.
2095 4181 2200 4238 Sed
2231 4179 2500 4250 quomodo
2531 4185 2614 4234 est
2639 4177 2882 4244 verbum,
2909 4175 3054 4246 quod
3091 4174 3328 4246 nondum
3367 4175 3424 4230 in
3446 4189 3541 4229 co-

1959 4275 2236 4346 gitationis
2275 4274 2481 4328 visione
2523 4270 2806 4326 formatum
2850 4269 2974 4326 est?
3020 4267 3296 4338 Quomodo
3325 4267 3429 4324 erit
3465 4267 3543 4332 si-

1963 4368 2094 4422 mile
2121 4365 2358 4422 scientim
2379 4363 2448 4418 de
2475 4376 2579 4432 qua
2605 4361 2860 4428 nascitur,
2891 4359 2938 4416 si
2971 4359 3086 4430 ejus
3107 4373 3216 4414 non
3255 4357 3415 4414 habet
3439 4356 3543 4410 for-

1965 4474 2129 4522 mam,
2159 4464 2215 4514 et
2241 4456 2364 4512 ideo
2399 4455 2513 4526 jam
2539 4461 2759 4508 vocatur
2795 4453 3014 4508 verbum
3057 4450 3180 4520 quia
3227 4456 3404 4520 potest
3447 4446 3552 4500 ita-4

1961 4549 2128 4604 bere?
2169 4547 2297 4601 Tale
2325 4553 2409 4600 est
2427 4543 2570 4600 enim
2591 4558 2655 4597 ac
2675 4544 2720 4598 si
2735 4543 2962 4608 dicatur,
2981 4541 3102 4596 ideo
3115 4540 3225 4610 jam
3247 4536 3542 4594 vocandum

1969 4655 2090 4698 esse
2119 4639 2336 4694 verbum
2363 4637 2484 4708 quia
2529 4641 2707 4708 potest
2731 4649 2848 4690 esse
2887 4633 3129 4688 verbum.
3177 4630 3282 4688 Sed
3312 4629 3436 4699 quid
3461 4637 3544 4683 est

1969 4731 2110 4802 quod
2155 4737 2328 4799 potest
2371 4743 2491 4786 esse
2525 4727 2768 4794 verbum,
2796 4733 2850 4782 et
2893 4724 3016 4780 ideo
3053 4724 3165 4796 jam
3206 4722 3420 4792 dignum
3464 4727 3546 4775 est

1969 4822 2119 4878 verbi
2169 4819 2430 4876 nomine?
2473 4818 2610 4886 Quid
2659 4825 2770 4886 est,
2821 4818 3066 4888 inquam,
3113 4814 3215 4868 boc
3267 4809 3545 4868 formabile

1969 4912 2313 4982 nondumque
2353 4909 2659 4976 formatum,
2689 4907 2792 4962 nisi
2817 4906 3065 4978 quiddam
3105 4903 3298 4958 mentis
3325 4910 3542 4972 nostrae,

1965 5005 2112 5076 quod
2139 5005 2240 5060 bac
2265 5013 2424 5074 atque
2463 5001 2563 5058 hac
2589 4999 2804 5056 volubili
2841 4995 3066 5068 quadam
3111 4994 3345 5049 motione
3379 4993 3546 5064 jacta-

1971 5111 2110 5164 mus,
2141 5110 2260 5150 cum
2306 5109 2338 5148 a
2385 5093 2538 5150 nobis
2569 5105 2708 5148 nunc
2753 5089 2885 5153 hoc,
2912 5100 3053 5139 nunc
3102 5084 3253 5151 illud,
3283 5083 3418 5138 sicut
3469 5084 3546 5136 in-

1971 5198 2189 5246 ventum
2227 5187 2385 5243 fuerit
2418 5185 2503 5240 vel
2544 5179 2859 5244 occurrerit,
2891 5175 3192 5247 cogitatur?
3243 5173 3310 5228 Et
3339 5183 3462 5228 tunc
3489 5173 3548 5230 fit

1971 5293 2157 5335 verum
2184 5278 2428 5344 verbum,
2460 5271 2670 5343 quando
2715 5267 2844 5324 illud
2874 5265 3016 5337 quod
3059 5279 3158 5320 nos
3204 5261 3310 5332 dixi
3331 5263 3548 5319 volubili

1974 5371 2208 5426 motione
2233 5368 2452 5436 jactare,
2477 5361 2543 5417 ad
2573 5361 2624 5414 id
2650 5358 2790 5430 quod
2818 5357 3013 5413 scimus
3051 5354 3348 5426 pervenit’,
3389 5362 3548 5424 atque

1973 5463 2096 5520 inde
2141 5461 2420 5521 formatur,
2448 5453 2562 5525 ejus
2616 5447 2976 5506 omnimodam
3019 5443 3417 5502 similitudinem
3455 5459 3548 5500 ca-

1965 5555 2160 5626 piens;
2194 5559 2250 5605 ut
2274 5545 2540 5618 quomodo
2583 5558 2669 5600 res
2694 5557 2917 5614 qumque
2945 5541 3128 5606 scitur,
3163 5539 3240 5595 sic
3269 5539 3427 5596 etiam
3458 5553 3548 5593 co-

1961 5709 1966 5712 l
2029 5733 2046 5762 1
2081 5731 2151 5778 sic
2171 5727 2316 5775 editio
2339 5731 2417 5771 PP.
2439 5719 2684 5771 Beuedict.
2710 5719 3032 5780 Antuerpiana
3050 5729 3160 5780 cum
3181 5710 3424 5780 nonnullis
3445 5709 3547 5761 edi-

1975 5798 2062 5852 tis;
2082 5774 2200 5839 ἐιῖίέι
2219 5786 2366 5848 priori
2392 5785 2605 5852 editione
2630 5774 2936 5852 Benedictiria
2962 5779 3160 5852 legitur,
3177 5777 3237 5852 sit
3259 5774 3345 5825 ita.
3411 5782 3466 5824 Μ.

2039 5836 2062 5887 ί
2089 5836 2232 5912 illiti;
2259 5845 2538 5912 pervenerit.
2565 5843 2845 5894 Concinnius
2871 5849 2996 5902 Mss,
