4072 6430
511 418 651 478 1079

514 536 733 607 gitetur,
762 533 817 589 id
838 542 937 599 εει,
972 532 1087 588 sine
1110 543 1262 594 voce,
1289 528 1406 583 sine
1434 522 1579 580 vocis
1606 521 1947 593 cogitatione,
1976 534 2096 590 quae

508 628 755 701 profecto
791 626 1015 695 alicujus
1044 624 1236 695 linguae
1263 629 1367 687 est,
1411 618 1522 674 sic‘
1566 616 1622 671 in
1662 614 1825 671 corde
1866 613 2093 668 dicatur.

508 720 593 776 Ac
626 734 723 789 per
755 718 859 773 hoc
886 717 1044 772 etiam
1072 716 1119 770 si
1140 711 1515 779 concedamus,
1545 726 1614 765 ne
1637 709 1705 764 de
1731 703 2095 763 controversia

510 811 756 868 vocabuli
784 810 1031 866 laborare
1053 807 1351 874 videamur,
1366 805 1478 876 jam
1504 799 1801 858 vocandum
1829 814 1950 856 esse
1975 812 2095 853 ver-

510 904 643 960 bum
684 902 935 975 quiddam
979 900 1108 957 illud
1150 898 1344 956 mentis
1390 904 1587 953 nostra:
1629 892 1771 965 quod
1807 891 1875 947 de
1914 897 2095 945 nostra

509 995 735 1053 scientia
764 994 982 1049 formari
1026 1000 1221 1063 potest,
1253 990 1415 1046 etiam
1459 988 1769 1057 priusquam
1810 983 2094 1038 formatum

508 1086 601 1151 sit,
632 1087 753 1157 quia
794 1085 926 1156 jam,
957 1093 1014 1140 ut
1052 1084 1125 1138 ita
1153 1082 1348 1147 dicam,
1378 1077 1655 1135 formabile
1680 1082 1801 1142 est;
1833 1073 1953 1144 quis
1988 1086 2096 1127 non

508 1176 710 1243 videat,
738 1183 935 1247 quanta
962 1174 1048 1230 hic
1074 1174 1143 1228 sit
1166 1168 1541 1228 dissimilitudo
1568 1168 1635 1223 ab
1660 1166 1752 1221 illo
1779 1165 1873 1219 Dei
1896 1162 2093 1227 Verbo,

509 1268 654 1341 quod
678 1268 731 1324 in
758 1266 929 1323 forma
959 1266 1052 1321 Dei
1077 1266 1154 1321 sic
1179 1274 1281 1329 est,
1309 1272 1366 1319 ut
1390 1278 1497 1319 non
1523 1270 1681 1317 antea
1707 1258 1867 1314 fuerit
1900 1254 2096 1310 forma-

506 1361 617 1417 bile
642 1352 952 1432 priusquam
978 1359 1288 1426 formatum,
1331 1372 1431 1413 nec
1468 1352 1755 1425 aliquando
1783 1365 1903 1407 esse
1926 1348 2099 1420 possit

506 1451 760 1521 informe,
785 1453 879 1507 sed
913 1452 983 1508 sit
1003 1452 1173 1508 forma
1202 1450 1429 1520 simplex
1458 1455 1514 1503 et
1536 1444 1850 1516 simpliciter
1876 1440 2096 1513 aequalis

508 1545 563 1601 ei
586 1546 656 1602 de
676 1562 782 1618 quo
804 1554 906 1610 est,
938 1553 993 1601 et
1016 1546 1104 1601 cui
1138 1543 1455 1600 mirabiliter
1482 1547 1749 1596 coaeterna
1779 1544 1880 1593 est.

580 1640 806 1697 CAPUT
842 1637 984 1695 XVI.
1024 1668 1096 1679 ——
1142 1636 1360 1691 Verbum
1406 1643 1656 1699 nostrum,
1685 1630 1839 1684 etiam
1875 1642 1990 1681 cum
2026 1625 2096 1680 si-

509 1733 655 1787 miles
684 1731 794 1788 Deo
814 1734 1023 1798 erimus,
1048 1746 1306 1801 nunquam
1332 1727 1495 1781 Verbo
1523 1725 1692 1780 divino
1707 1718 2091 1793 coarquandum.

509 1823 847 1894 Quapropter
875 1823 946 1877 ila
973 1822 1170 1877 dicitur
1208 1819 1339 1876 illud
1371 1818 1465 1873 Dei
1491 1814 1749 1882 Verbum,
1777 1820 1837 1867 ut
1865 1810 1958 1868 Dei
1998 1823 2093 1864 co-

507 1915 693 1986 gitatio
741 1930 849 1970 non
884 1914 1115 1982 dicatur,
1148 1927 1218 1968 ne
1255 1909 1457 1982 aliquid
1500 1922 1621 1964 esse
1666 1904 1817 1976 quasi
1862 1899 2096 1956 volubile

506 2007 762 2063 credatur
788 2007 841 2061 in
874 2007 1003 2073 Deo,
1046 2004 1188 2075 quod
1226 2016 1369 2058 nunc
1414 1999 1661 2070 accipiat,
1703 2009 1845 2051 nunc
1873 1992 2096 2061 recipiat

503 2100 752 2166 formam,
784 2106 843 2154 ut
865 2100 1086 2155 verbum
1117 2099 1205 2164 sit,
1248 2110 1478 2167 eamque
1522 2092 1691 2165 possit
1718 2088 1987 2153 amittere,
2015 2093 2095 2139 at-

504 2208 609 2262 que
655 2192 952 2248 informiter
981 2191 1213 2263 quodam
1256 2188 1417 2245 modo
1447 2183 1693 2242 volutari.
1725 2182 1869 2237 Bene
1897 2177 2095 2249 quippe

504 2294 728 2341 noverat
756 2285 939 2351 verba,
963 2292 1017 2340 et
1046 2285 1153 2339 vim
1180 2281 1519 2353 cogitationis
1554 2281 1861 2350 inspexerat
1885 2273 2093 2330 locutor

504 2378 779 2451 egregius,
808 2377 900 2449 qui
938 2376 1073 2432 dixit
1095 2377 1151 2431 in
1176 2376 1434 2443 carmine,

1117 2499 1386 2554 secumque
1406 2486 1590 2540 volutat

653 2560 867 2607 Eventus
880 2554 999 2605 belli
1019 2555 1179 2605 varios
1203 2566 1217 2606 :

842 2604 1041 2682 (Virga.
1060 2604 1245 2670 .Enetd.
1272 2614 1354 2667 tib.
1384 2614 1460 2675 l0,
1484 2623 1608 2663 vers.
1632 2604 1895 2670 159,160.)

507 2722 561 2776 id
588 2730 689 2788 est,
714 2722 930 2793 cogitat.
959 2721 1074 2777 Non
1102 2736 1231 2792 ergo
1256 2721 1343 2775 ille
1379 2718 1473 2774 Dei
1500 2716 1668 2771 Filius
1696 2708 1948 2783 cogitatio
1972 2706 2088 2771 Dei,

502 2815 600 2869 sed
628 2813 861 2870 Verbum
894 2814 989 2869 Dei
1017 2814 1230 2869 dicitur.
1258 2810 1520 2883 Cogitatio
1549 2808 1744 2879 quippe
1764 2812 1942 2859 nostra
1968 2815 2093 2871 per-

501 2904 725 2961 veniens
746 2906 811 2960 ad
834 2905 887 2960 id
902 2906 1041 2975 quod
1060 2905 1278 2970 scimus,
1292 2911 1449 2972 atque
1467 2900 1590 2955 inde
1610 2892 2093 2964 formata,verbum

502 3008 745 3053 nostrum
782 3013 965 3053 verum
994 3006 1093 3053 est.
1128 2997 1195 3051 Et
1228 2996 1348 3051 ideo
1375 2994 1607 3049 Verbum
1633 2989 1726 3045 Dei
1752 2989 1867 3043 sine
1886 2985 2093 3056 cogita-

502 3092 651 3145 tione
695 3092 789 3146 Dei
814 3092 972 3147 debet
1019 3091 1257 3162 intelligi,
1290 3098 1348 3144 ut
1374 3087 1547 3143 forma
1574 3088 1688 3157 ipsa
1730 3082 1957 3153 simplex
2005 3080 2091 3135 in-

504 3182 793 3253 telligatur,
838 3198 941 3238 non
986 3183 1189 3239 habens
1235 3180 1432 3251 aliquid
1480 3176 1758 3234 formabile
1786 3172 1929 3246 quod
1971 3185 2094 3228 esse

505 3276 667 3330 etiam
697 3276 864 3346 possit
890 3275 1137 3331 informe.
1158 3276 1419 3329 Dicuntur
1440 3270 1654 3343 quidem
1677 3268 1838 3325 etiam
1868 3267 1921 3321 in
1949 3263 2092 3320 Serio

503 3367 678 3436 pluris
719 3368 918 3423 sanctis
966 3367 1317 3438 cogitationes
1366 3365 1500 3430 Dei;
1551 3361 1645 3418 sed
1692 3374 1756 3416 eo
1812 3355 2093 3412 locutionis

510 3459 694 3527 modo,
724 3475 829 3530 quo
869 3460 939 3515 ibi
968 3468 1023 3515 et
1047 3459 1243 3515 oblivio
1284 3458 1377 3513 Dei
1415 3455 1633 3519 dicitur,
1669 3466 1789 3523 quae
1817 3450 2001 3519 utique
2025 3446 2093 3501 ad

503 3554 889 3623 pr0prietatcm
930 3554 983 3609 in
1023 3554 1135 3609 Deo
1178 3552 1322 3607 nulla
1350 3558 1450 3606 est.

579 3644 671 3699 26.
711 3646 1069 3713 Quamobrem
1093 3660 1213 3700 cum
1240 3652 1386 3698 tanta
1424 3641 1494 3697 sit
1534 3638 1752 3695 nuncin
1796 3638 1899 3692 isto
1925 3634 2093 3705 aenig-

508 3744 653 3791 mate
702 3735 1078 3792 dissimilitudo
1130 3736 1224 3791 Dei
1265 3742 1320 3790 et
1351 3734 1509 3789 Verbi
1554 3731 1667 3799 Dei,
1697 3730 1750 3784 in
1776 3743 1879 3799 qua
1918 3735 2096 3781 tamen

508 3828 765 3883 nonnulla
795 3828 1088 3884 similitudo
1134 3834 1405 3897 comperta
1444 3835 1561 3891 est;
1604 3822 1734 3877 illud
1762 3834 1975 3892 quoque
2018 3817 2096 3872 fa-

511 3919 729 3973 tendum
758 3929 860 3985 est,
879 3920 1019 3990 quod
1047 3920 1207 3974 etiam
1228 3934 1348 3973 cum
1374 3916 1563 3971 similes
1591 3916 1635 3969 ei
1661 3915 1866 3979 erimus,
1885 3910 2098 3982 quando

510 4009 785 4065 uidebimus
814 4028 925 4065 eum
963 4012 1111 4065 sicuti
1139 4019 1211 4065 est
1241 4010 1292 4080 (l
1334 4009 1491 4063 Joan.
1520 4024 1599 4076 nt,
1620 4008 1677 4078 2)
1713 4006 1889 4078 (quod
1914 4005 2096 4075 utique

511 4101 604 4171 qui
630 4102 781 4168 dixit,
811 4102 947 4159 hanc
976 4104 1160 4173 procul
1195 4103 1356 4157 dubio
1381 4118 1502 4173 qua:
1545 4116 1687 4156 nunc
1714 4109 1799 4155 est
1822 4098 2096 4155 dissimili-

510 4193 754 4248 tudinem
781 4193 1052 4267 attendit),
1085 4210 1185 4249 nec
1210 4203 1335 4249 tunc
1359 4202 1546 4247 natura
1571 4192 1646 4247 illi
1682 4192 1881 4247 erimus
1919 4205 2099 4261 aequa-

514 4285 614 4340 les.
661 4284 883 4356 Semper
919 4286 1061 4340 enim
1113 4294 1299 4339 natura
1352 4284 1525 4338 minor
1568 4291 1652 4338 est
1690 4281 1938 4347 faciente,
1980 4295 2099 4349 quae

511 4362 651 4433 facta
681 4386 783 4434 est.
827 4378 895 4433 Et
921 4390 1047 4433 tunc
1075 4378 1288 4449 quidem
1316 4376 1537 4431 verbum
1579 4382 1821 4429 nostrum
1862 4386 1969 4428 non
1998 4372 2100 4427 erit

513 4470 728 4537 falsum,
759 4472 884 4540 quia
911 4486 1081 4541 neque
1112 4468 1453 4532 mentiemur,
1482 4480 1656 4537 neque
1685 4465 1962 4520 fallemur:
1992 4463 2101 4518 for-

514 4563 675 4618 tassis
692 4564 851 4618 etiam
869 4563 1129 4617 volubiles
1152 4577 1258 4617 non
1274 4569 1433 4617 erunt
1453 4567 1648 4615 nostra:
1667 4557 2015 4629 cogitationes
2033 4556 2100 4610 ab

514 4655 634 4710 aliis
655 4656 708 4710 in
731 4656 828 4709 alia
843 4657 863 4687 '
880 4666 1065 4710 euntes
1085 4664 1243 4725 atque
1265 4654 1561 4719 redeuntes,
1579 4652 1673 4708 sed
1689 4666 1902 4707 omnem
1922 4650 2099 4706 scien-

513 4747 645 4801 tiam
669 4755 905 4802 nostram
926 4762 1032 4802 uno
1067 4747 1223 4802 simul
1255 4752 1546 4814 conspectu
1562 4742 1889 4799 videbimus:
1924 4749 2101 4795 tamen

517 4854 639 4894 cum
658 4849 712 4896 et
736 4839 837 4895 hoc
852 4838 1032 4907 fuerit,
1046 4838 1092 4894 si
1114 4849 1167 4893 et
1193 4839 1295 4893 hoc
1312 4837 1486 4901 fuerit,
1502 4836 1725 4891 formata
1739 4836 1839 4890 erit
1860 4841 2101 4888 creatura

518 4948 639 5003 qum
662 4932 955 4987 formabilis
972 4931 1088 4995 fuit,
1111 4940 1167 4985 ut
1189 4930 1320 4985 nihil
1341 4929 1451 4999 jam
1475 4927 1614 4985 desit
1637 4927 1751 4997 ejus
1800 4926 2006 4990 formae,
2034 4922 2102 4978 ad

516 5039 677 5094 quam
711 5024 986 5093 pervenire
1014 5022 1233 5077 deberet
1268 5039 1281 5075 :
1315 5020 1409 5075 sed
1441 5030 1615 5074 tamen
1646 5016 1968 5086 eomquanda
1996 5030 2104 5071 non

518 5116 621 5170 erit
662 5116 737 5170 illi
766 5115 1109 5186 simplicitati,
1145 5114 1235 5168 ubi
1282 5128 1387 5167 non
1435 5109 1708 5165 formabile
1749 5107 1945 5177 aliquid
1991 5108 2100 5162 lor—

515 5215 721 5264 matum
767 5209 855 5263 vel
904 5208 1248 5262 reformatum
1287 5214 1388 5271 est,
1417 5204 1510 5259 sed
1549 5203 1749 5268 forma;
1800 5216 1973 5271 neque
2019 5202 2103 5255 in-

520 5300 731 5365 formis,
756 5316 927 5371 neque
960 5300 1203 5367 formata,
1233 5300 1349 5369 ipsa
1400 5297 1470 5353 ibi
1499 5306 1697 5352 aeterna
1736 5305 1819 5351 est
1857 5296 2104 5351 immuta-

519 5392 750 5461 bilisque
776 5392 1089 5446 substantia.

594 5483 817 5539 CAPUT
848 5483 1007 5538 XVII.
1031 5514 1100 5522 —
1119 5484 1209 5537 27.
1246 5484 1508 5551 Quomodo
1540 5482 1762 5553 Spiritus
1791 5492 1991 5537 sanctus
2022 5482 2104 5534 di-

522 5587 665 5629 catur
693 5575 912 5629 cltaritas
931 5616 945 5640 ,
975 5585 1020 5629 et
1048 5592 1116 5629 an
1150 5575 1309 5629 solus.
1340 5576 1591 5644 Spiritum
1615 5586 1842 5629 sanctum
1867 5575 1921 5628 in
1960 5574 2103 5628 Scri-

524 5671 683 5741 pturis
710 5670 909 5740 prOprie
933 5678 1277 5740 nuncupatum
1298 5685 1400 5723 esse
1430 5668 1669 5722 vocabulo
1698 5667 1984 5724 Charitatis.
2011 5666 2105 5722 Sa-

589 5830 602 5857 ¹
641 5835 705 5875 Ita
728 5835 831 5875 MSS.
862 5833 916 5875 Αι
938 5826 1071 5882 Cdili,
1096 5824 1154 5873 si.

584 5892 605 5919 ²
639 5890 773 5950 Editi,
795 5889 843 5937 in
866 5887 1001 5937 alias.
1022 5886 1190 5937 Melius
1212 5894 1339 5946 Mss,
1363 5884 1411 5935 in
1434 5884 1550 5936 alia.

1648 411 1733 464 DE
1774 405 2163 472 TRINITATE,
2204 405 2259 461 S.
2304 403 2663 461 AUGUSTINI

3660 406 3797 461 l080

2213 518 2282 571 tis
2305 516 2373 572 de
2396 517 2552 573 Patre
2580 526 2635 573 et
2674 517 2809 573 Filio
2829 559 2845 586 ,
2873 525 3127 588 quantum
3154 533 3248 589 per
3275 518 3378 574 hoc
3402 519 3679 590 speculum
3707 529 3795 575 at-

2208 624 2312 678 que
2337 610 2392 663 in
2422 609 2524 665 hoc
2550 610 2829 681 aenigmate
2852 611 3033 667 videre
3063 611 3330 682 potuimus
3348 652 3364 679 ,
3392 612 3553 666 locuti
3581 625 3793 666 sumus.

2206 700 2357 756 Nunc
2379 701 2447 757 de
2473 702 2670 772 Spiritu
2697 712 2900 768 saneto,
2931 712 3185 774 quantum
3212 704 3322 759 Deo
3348 703 3581 759 donante
3608 705 3797 761 videre

2204 793 2534 860 conceditur,
2561 793 2927 849 disserendum
2954 802 3055 850 est.
3083 794 3182 863 Qui
3208 795 3433 865 Spiritus
3454 803 3672 849 sanctus
3698 811 3796 853 se-

2204 884 2435 940 cundum
2463 884 2766 955 Scripturas
2796 895 3026 951 sanctas,
3050 901 3150 942 nec
3172 886 3344 941 Patris
3372 886 3534 941 solius
3564 895 3665 955 est,
3692 904 3794 943 nec

2204 975 2325 1032 Filii
2356 978 2518 1033 solius
2536 1020 2551 1044 ,
2582 977 2678 1033 sed
2698 979 2973 1035 amborum
3009 996 3022 1032 :
3056 988 3110 1035 et
3137 979 3258 1035 ideo
3283 994 3621 1035 communem
3642 1020 3658 1046 ,
3686 996 3794 1051 qua

2204 1066 2429 1123 invicem
2450 1084 2511 1124 se
2536 1068 2760 1139 diligunt
2786 1070 2943 1126 Pater
2958 1078 3013 1125 et
3028 1070 3215 1135 Filius,
3236 1070 3389 1126 nobis
3415 1072 3647 1127 insinuat
3663 1072 3793 1127 cha-

2202 1160 2432 1216 ritatem.
2468 1162 2535 1218 Ut
2562 1172 2740 1218 autem
2771 1177 2867 1218 nos
2895 1172 3175 1218 exerceret
3201 1178 3378 1219 sermo
3406 1163 3649 1230 divinus,
3681 1178 3792 1220 non

2201 1267 2291 1309 res
2316 1254 2371 1309 in
2407 1264 2652 1325 promptu
2680 1256 2842 1322 sitas,
2876 1256 2971 1312 sed
2997 1257 3050 1311 in
3078 1255 3260 1311 abdito
3284 1256 3598 1311 scrutandas
3639 1264 3695 1312 et
3720 1272 3791 1312 ex

2201 1347 2382 1402 abdito
2403 1350 2664 1404 eruendas
2682 1389 2697 1416 ,
2728 1350 2929 1419 majore
2953 1349 3130 1404 studio
3154 1348 3280 1405 fecit
3303 1349 3515 1420 inquiri.
3543 1349 3663 1405 Non
3690 1350 3791 1405 ita-

2201 1454 2304 1509 que
2318 1439 2453 1494 dixit
2470 1439 2761 1511 Scriptura,
2781 1440 3008 1511 Spiritus
3027 1450 3241 1496 sanctus
3260 1442 3493 1498 ebaritas
3511 1451 3625 1509 est;
3644 1444 3790 1514 quod

2200 1528 2247 1585 si
2277 1529 2531 1599 dixisset,
2561 1547 2669 1587 non
2694 1547 2911 1602 parvam
2930 1541 3133 1602 partem
3150 1533 3458 1603 quaestionis
3476 1533 3629 1588 istius
3659 1525 3787 1590 abs-

2200 1618 2406 1675 tulisset
2436 1637 2449 1673 :
2482 1620 2575 1676 sed
2605 1622 2756 1689 dixit,
2788 1622 2923 1677 Deus
2942 1622 3162 1678 ebaritas
3188 1634 3261 1677 est
3283 1624 3303 1694 (
3322 1621 3512 1678 lJoan.
3542 1640 3616 1691 tv,
3650 1625 3785 1696 16);

2200 1717 2259 1763 ut
2286 1710 2544 1766 incertum
2588 1713 2691 1781 sit,
2736 1722 2792 1769 et
2834 1713 2954 1769 ideo
2994 1715 3403 1785 requirendum,
3435 1724 3613 1773 utrum
3643 1718 3786 1775 Deus

2199 1802 2356 1858 Pater
2392 1806 2461 1859 sit
2485 1804 2717 1861 ebaritas
2734 1848 2749 1874 ,
2777 1822 2846 1862 an
2874 1808 3015 1863 Deus
3040 1808 3207 1863 Filius
3226 1850 3241 1875 ,
3287 1824 3356 1863 an
3383 1809 3524 1865 Deus
3551 1810 3785 1881 Spiritus

2199 1904 2413 1951 sanctus
2433 1938 2446 1962 ,
2475 1912 2543 1952 an
2589 1898 2728 1953 Deus
2771 1899 2884 1969 ipsa
2910 1899 3159 1955 Trinitas.
3190 1899 3371 1970 Neque
3403 1901 3548 1956 enim
3589 1902 3783 1958 dicturi

2198 2001 2403 2054 sumus,
2435 2004 2539 2043 non
2567 1998 2845 2060 propterea
2881 1990 3047 2045 Deum
3072 1990 3268 2045 dictum
3294 2006 3416 2047 esse
3441 1992 3779 2063 cbaritatem,

2196 2077 2338 2148 quod
2367 2078 2478 2148 ipsa
2506 2078 2833 2159 charitas‘sit
2855 2081 2959 2135 ulla
2982 2080 3277 2136 substantia
3295 2082 3333 2148 ⁸,
3352 2098 3471 2153 qua:
3498 2083 3594 2139 Dei
3622 2084 3783 2155 digna

2197 2170 2266 2223 sit
2294 2170 2535 2237 nomine;
2560 2170 2654 2225 sed
2678 2171 2820 2241 quod
2849 2172 3046 2226 donum
3076 2173 3143 2227 sit
3172 2172 3288 2238 Dei,
3310 2172 3442 2227 sicut
3469 2173 3672 2229 dictum
3698 2185 3784 2231 est

2197 2260 2329 2327 Deo,
2359 2258 2609 2323 Quoniam
2638 2270 2692 2315 tu
2711 2279 2762 2317 es
2786 2263 3025 2331 patientia
3045 2279 3155 2317 mea
3184 2261 3359 2334 (Psal.
3387 2279 3504 2328 Lxx,
3534 2265 3593 2333 5)
3626 2281 3642 2318 :
3677 2282 3782 2320 ne-

2195 2365 2298 2419 que
2318 2351 2461 2407 enim
2484 2361 2765 2423 propterea
2789 2353 2985 2410 dictum
3012 2362 3114 2417 est,
3133 2354 3252 2424 quia
3268 2354 3362 2409 Dei
3378 2355 3670 2411 substantia
3693 2367 3782 2413 est

2196 2450 2379 2497 nostra
2408 2443 2688 2513 patientia;
2708 2444 2800 2500 sed
2826 2444 2966 2515 quod
2993 2446 3059 2501 ab
3084 2446 3198 2516 ipso
3222 2445 3374 2501 nobis
3400 2455 3504 2515 est,
3522 2448 3662 2503 sicut
3684 2450 3779 2504 ali-

2194 2532 2251 2589 bi
2269 2534 2479 2605 legitur,
2502 2535 2754 2601 Quoniam
2776 2537 2837 2590 ab
2857 2538 2967 2608 ipso
2991 2548 3062 2592 est
3086 2540 3328 2608 patientia
3343 2555 3454 2593 mea
3478 2537 3650 2611 (Psat.
3670 2557 3778 2611 ut,

2195 2622 2273 2696 6).
2307 2625 2457 2699 Hune
2485 2627 2682 2697 quippe
2723 2642 2938 2683 sensum
2980 2628 3129 2684 facile
3168 2629 3361 2685 refellit
3386 2629 3781 2701 Scripturarum

2195 2716 2311 2787 ipsa
2339 2718 2555 2774 locutio.
2583 2718 2711 2775 Tale
2735 2729 2817 2776 cst
2832 2721 2994 2787 enim,
3018 2719 3094 2774 Tu
3116 2737 3169 2775 es
3198 2722 3439 2792 patientia
3465 2740 3611 2791 mea;
3628 2727 3784 2795 quale

2195 2816 2297 2876 est,
2334 2807 2410 2862 Tu
2436 2825 2506 2876 es,
2541 2809 2775 2877 Domine,
2806 2828 2920 2882 spes
2952 2828 3061 2866 mea
3091 2811 3261 2885 (Psal.
3293 2828 3379 2881 xc,
3410 2814 3500 2885 9);
3533 2824 3604 2882 et,
3642 2815 3784 2871 Deus

2195 2919 2335 2957 meus
2358 2904 2704 2959 misericordia
2731 2922 2843 2959 mea
2875 2905 3047 2977 (Psal.
3078 2922 3201 2962 Lvtn
3220 2946 3234 2973 ,
3265 2906 3353 2979 18)
3376 2949 3393 2975 ,
3424 2917 3477 2962 ει
3506 2908 3671 2963 multa
3713 2910 3786 2965 si-

2195 2996 2362 3051 milia.
2389 2996 2508 3051 Non
2536 3003 2619 3051 est
2645 3004 2821 3053 autem
2856 2996 3052 3053 dictum
3072 3041 3088 3066 ,
3113 2998 3336 3054 Domine
3362 3000 3595 3055 ebaritas
3620 3016 3781 3068 mea;

2195 3094 2322 3155 aut,
2368 3088 2449 3143 Tu
2475 3104 2533 3144 es
2560 3089 2799 3145 ebaritas
2825 3105 2977 3157 mea;
3024 3100 3148 3158 aut,
3194 3092 3332 3148 Deus
3359 3092 3591 3148 ebaritas
3618 3109 3740 3149 mea
3765 3110 3779 3148 :

2196 3177 2293 3233 sed
2334 3178 2409 3233 ita
2435 3178 2636 3235 dictum
2677 3188 2796 3247 εει,
2828 3180 2965 3235 Deus
3009 3182 3231 3236 charitas
3259 3192 3371 3249 est;
3399 3184 3537 3238 sicut
3579 3184 3783 3241 dictum

2196 3276 2278 3324 est
2300 3309 2316 3336 ,
2346 3267 2487 3324 Deus
2516 3270 2742 3341 Spiritus
2783 3280 2855 3326 est
2888 3271 3065 3345 (Joan.
3111 3289 3163 3328 IV
3184 3314 3201 3342 ,
3229 3274 3345 3345 24).
3391 3274 3505 3331 Hoc
3541 3276 3635 3347 qui
3676 3293 3784 3333 non

2197 3360 2488 3431 discernit,
2522 3363 2844 3419 intellectum
2872 3379 2904 3419 a
2934 3365 3159 3421 Domino
3182 3406 3199 3433 ,
3230 3381 3337 3421 non
3384 3367 3782 3436 expositionem

2196 3462 2401 3524 quierat
2414 3469 2444 3511 a
2460 3454 2615 3511 nobis
2633 3473 2647 3511 :
2666 3471 2772 3513 non
2788 3456 2929 3513 enim
2946 3458 3182 3528 apertius
3195 3458 3481 3530 quidquam
3501 3474 3785 3529 possumus

2196 3544 2396 3604 dicere.

2267 3638 2358 3695 28.
2396 3639 2531 3694 Deus
2556 3654 2684 3711 ergo
2708 3640 2929 3695 ebaritas
2954 3651 3026 3697 est
3056 3657 3075 3694 :
3105 3650 3281 3696 utrum
3308 3650 3486 3697 autem
3512 3641 3695 3712 Pater,
3717 3658 3784 3699 an
3822 3668 3836 3713 χ

2199 3732 2398 3801 Filius,
2426 3750 2493 3789 an
2518 3734 2745 3804 Spiritus
2773 3744 2988 3791 sanctus
3006 3776 3021 3801 ,
3049 3750 3118 3789 an
3146 3735 3259 3806 ipsa
3282 3734 3547 3801 Trinitas,
3578 3737 3703 3808 quia
3732 3747 3785 3792 et
3816 3774 3819 3777 -

2200 3823 2314 3895 ipsa
2341 3840 2446 3879 non
2477 3832 2586 3880 tres
2629 3824 2737 3890 dii,
2768 3826 2862 3880 sed
2890 3842 3024 3881 unus
3048 3834 3129 3881 est
3157 3827 3331 3892 Deus,
3378 3825 3480 3883 hoc
3506 3829 3782 3899 quaeritur.
3822 3844 3825 3879 .‘

2200 3916 2304 3971 Sed
2326 3916 2436 3986 jam
2464 3917 2517 3971 in
2556 3916 2657 3972 hoc
2685 3918 2820 3973 libro
2844 3920 3090 3989 superius
3113 3919 3410 3990 disputavi,
3437 3936 3547 3976 non
3584 3922 3663 3977 sic
3688 3937 3784 3976 ac-

2201 4008 2501 4077 cipiendam
2526 4024 2647 4066 esse
2674 4010 2990 4067 Trinitatem
3015 4026 3133 4083 quae
3160 4012 3297 4068 Deus
3320 4020 3439 4080 est,
3470 4026 3537 4068 ex
3562 4013 3668 4068 illis
3695 4013 3785 4068 tri-

2200 4100 2300 4156 bus
2324 4116 2441 4171 quae
2467 4101 2520 4155 in
2549 4101 2778 4157 trinitate
2795 4110 2992 4157 nostra:
3016 4104 3210 4160 mentis
3225 4104 3576 4168 ostendimus,
3596 4115 3654 4159 ut
3670 4113 3784 4159 tan-

2202 4210 2361 4265 quam
2386 4195 2642 4249 memoria
2670 4196 2740 4249 sit
2763 4196 3000 4250 omnium
3029 4196 3188 4251 trium
3214 4197 3390 4261 Pater,
3406 4205 3459 4251 et
3480 4196 3783 4265 intelligen-

2204 4286 2276 4341 tia
2314 4287 2551 4342 omnium
2579 4286 2739 4342 trium
2766 4286 2968 4355 Filius,
2999 4295 3051 4343 et
3091 4286 3322 4342 ebaritas
3348 4287 3578 4341 omnium
3616 4286 3783 4341 trium

2204 4376 2431 4446 Spiritus
2448 4386 2683 4445 sanctus,
2701 4379 2853 4448 quasi
2879 4378 3035 4433 Pater
3051 4393 3149 4433 nec
3175 4379 3427 4449 intelligat
3449 4378 3548 4433 sibi
3574 4392 3679 4433 nec
3706 4377 3787 4432 di-

2202 4469 2349 4540 ligat,
2371 4469 2467 4525 sed
2492 4470 2541 4525 ei
2570 4470 2736 4525 Filius
2760 4470 3033 4541 intelligat,
3056 4479 3108 4525 et
3137 4470 3366 4540 Spiritus
3387 4477 3605 4543 sanctus
3633 4470 3685 4525 ei
3708 4469 3787 4525 di-

2205 4561 2351 4633 ligat,
2372 4562 2485 4633 ipse
2510 4572 2685 4619 autem
2710 4563 2811 4619 sibi
2836 4573 2891 4619 et
2914 4564 3018 4618 illis
3042 4571 3246 4618 tantum
3272 4563 3607 4629 meminerit;
3630 4572 3685 4619 et
3704 4563 3789 4618 Fi-

2205 4654 2310 4709 lius
2339 4668 2439 4709 nec
2466 4655 2768 4710 meminerit
2794 4670 2892 4711 nec
2915 4655 3099 4726 diligat
3121 4654 3256 4722 sibi,
3289 4654 3384 4710 sed
3409 4655 3721 4711 meminerit
3742 4658 3788 4711 ei

2205 4747 2387 4817 Pater,
2404 4758 2459 4804 et
2481 4748 2665 4819 diligat
2686 4750 2736 4805 ei
2763 4748 2992 4819 Spiritus
3020 4758 3254 4816 sanctus,
3274 4748 3389 4820 ipse
3414 4758 3594 4806 autem
3618 4760 3677 4807 et
3694 4751 3790 4806 sibi

2208 4850 2262 4897 et
2290 4842 2393 4898 illis
2420 4842 2787 4898 tantummodo
2810 4843 3105 4913 intelligat;
3142 4844 3377 4914 itemque
3402 4843 3637 4913 Spiritus
3664 4862 3788 4900 san-

2208 4941 2323 4988 ctus
2344 4948 2443 4988 nec
2465 4932 2767 4989 memlnerit
2794 4950 2894 4989 nec
2920 4935 3177 5006 intelligat
3202 4935 3337 5003 sibi,
3368 4934 3463 4990 sed
3490 4936 3793 4991 meminerit

2209 5024 2259 5080 ei
2289 5024 2478 5091 Pater,
2508 5032 2563 5079 et
2598 5024 2853 5096 intelligat
2876 5026 2926 5081 ei
2952 5025 3117 5081 Filius
3138 5066 3152 5090 ,
3184 5026 3298 5095 ipse
3321 5034 3500 5080 autem
3526 5036 3583 5081 et
3619 5027 3721 5081 sibi
3744 5036 3793 5081 et

2210 5115 2316 5170 illis
2338 5130 2444 5170 non
2472 5116 2573 5171 nisi
2598 5115 2782 5186 diligat
2814 5134 2825 5169 :
2859 5116 2954 5172 sed
2983 5116 3061 5171 sic
3088 5117 3262 5186 potius
3280 5158 3294 5183 ,
3325 5126 3383 5172 ut
3407 5117 3588 5172 omnia
3616 5118 3719 5172 tria
3744 5128 3794 5171 et

2210 5221 2398 5262 omnes
2432 5214 2487 5263 ει
2512 5208 2702 5277 singuli
2732 5206 2961 5263 habeant
2998 5207 3054 5261 in
3079 5222 3174 5262 sua
3200 5208 3425 5279 quisque
3451 5219 3661 5263 natura.
3688 5207 3794 5263 Nec

2211 5297 2413 5354 distent
2442 5300 2495 5353 in
2519 5300 2597 5353 eis
2624 5299 2722 5354 ista
2742 5341 2758 5369 ,
2786 5300 2923 5356 sicut
2947 5300 2997 5354 in
3029 5300 3181 5354 nobis
3210 5300 3354 5354 aliud
3382 5310 3466 5355 est
3496 5301 3756 5355 memoria
3778 5342 3791 5365 ,

2212 5392 2353 5447 aliud
2380 5402 2462 5447 est
2485 5393 2852 5466 intelligentia,
2872 5392 3017 5447 aliud
3040 5393 3252 5449 dilectio
3278 5394 3391 5449 sive
3416 5393 3650 5448 ebaritas
3669 5410 3683 5447 :
3704 5391 3793 5447 sed

2212 5500 2379 5540 unum
2396 5484 2595 5556 aliquid
2621 5486 2689 5540 sit
2711 5485 2849 5554 quod
2873 5485 3049 5540 omnia
3072 5485 3265 5552 valeat,
3284 5484 3424 5540 sicut
3446 5487 3559 5555 ipsa
3587 5484 3792 5554 sapien~

2216 5578 2320 5642 tia;
2353 5585 2408 5631 et
2436 5577 2513 5631 sic
2549 5577 2802 5632 habeatur
2833 5576 2886 5631 in
2928 5577 3339 5645 uniuscujusque
3369 5585 3593 5643 natura,
3626 5585 3683 5631 ut
3710 5576 3793 5645 qui

2214 5670 2395 5735 habet,
2419 5668 2519 5724 hoc
2544 5670 2611 5724 sit
2636 5668 2776 5737 quod
2806 5670 2985 5735 habet,
3005 5670 3143 5724 sicut
3168 5669 3513 5725 immutabilis
3537 5669 3792 5741 simplex-

2281 5821 2627 5934 imtiditi,quod
2648 5822 2751 5885 ipsa
2790 5824 2997 5875 Charitas
3020 5822 3150 5875 nulla
3190 5823 3467 5876 substantia.
3506 5827 3791 5888 castigantur

2347 5900 2411 5934 ss.

2220 5901 2282 5937 CX
2308 5900 2411 5935 MSS.
