4072 6448
266 443 390 502 1081

259 570 355 628 que
381 549 694 608 substantia.
721 548 779 606 Si
808 563 938 620 ergo
969 548 1083 605 haec
1111 547 1378 605 intellecta
1408 557 1562 614 sunt,
1591 557 1644 603 et
1668 562 1834 618 quan-

258 657 363 705 tum
403 645 557 700 nobis
585 645 638 698 in
669 645 831 700 rebus
859 643 1022 698 tantis
1051 641 1232 698 videre
1255 641 1339 696 vel
1379 642 1682 712 conjectare
1705 655 1836 696 con-

257 753 458 797 cessum
484 745 589 806 est,
607 751 732 793 vera
758 750 878 792 esse
907 735 1242 800 claruerunt;
1264 734 1445 790 nescio
1469 749 1564 789 cur
1591 748 1697 789 non
1724 733 1834 790 sic-

255 841 310 889 ut
331 831 587 904 sapientia
614 838 670 887 et
691 829 851 886 Pater
877 828 1072 885 dicitur
1095 837 1150 885 et
1171 827 1338 884 Filius
1378 836 1432 883 et
1459 825 1687 896 Spiritus
1713 840 1834 880 san-

254 934 384 991 ctus,
415 933 469 981 et
494 925 651 980 simul
677 937 866 979 omnes
894 939 998 979 non
1025 930 1132 978 tres
1151 963 1167 989 ,
1194 921 1288 977 sed
1315 937 1417 976 una
1445 919 1739 990 sapientia;
1763 919 1834 974 ita

252 1025 302 1074 et
324 1016 554 1072 cbaritas
583 1024 636 1070 et
663 1015 822 1071 Pater
843 1013 1052 1071 dicatur
1087 1021 1141 1069 et
1165 1012 1331 1068 Filius
1359 1019 1414 1067 ct
1450 1009 1680 1082 Spiritus
1705 1025 1834 1066 san-

251 1118 364 1166 ctus
382 1150 396 1175 ,
421 1115 477 1163 et
501 1107 658 1164 simul
685 1121 872 1164 omnes
898 1121 1003 1162 una
1027 1104 1279 1162 cbaritas.
1307 1104 1396 1162 Sic
1423 1103 1569 1161 enim
1594 1112 1649 1159 et
1673 1103 1835 1160 Pater

251 1201 406 1268 Deus,
425 1209 478 1256 et
497 1199 662 1256 Filius
682 1200 843 1270 Deus,
867 1209 921 1257 et
937 1200 1164 1271 Spiritus
1185 1208 1403 1256 sanctus
1423 1199 1581 1267 Deus,
1602 1205 1657 1254 et
1676 1198 1834 1255 simul

250 1309 429 1350 omnes
456 1308 598 1348 unus
627 1293 787 1349 Deus.

313 1385 404 1442 29.
438 1385 506 1440 Et
534 1393 713 1442 tamen
734 1400 841 1440 non
863 1384 1060 1440 frustra
1085 1385 1139 1440 in
1165 1385 1266 1440 hac
1284 1384 1545 1440 Trinitate
1568 1398 1676 1440 non
1701 1383 1834 1440 dici-

250 1485 332 1532 tur
356 1476 590 1533 Verbum
622 1476 714 1532 Dei
742 1477 845 1532 nisi
870 1476 1037 1532 Filius
1055 1517 1071 1544 ,
1104 1491 1204 1532 nec
1228 1477 1436 1532 Donum
1467 1476 1560 1531 Dei
1589 1477 1690 1531 nisi
1714 1476 1835 1547 Spi-

247 1569 376 1624 ritus
404 1577 621 1624 sanctus
642 1610 657 1636 ,
697 1583 795 1624 nec
822 1569 889 1625 de
915 1584 1024 1641 quo
1050 1569 1286 1641 genitum
1313 1577 1395 1625 est
1419 1568 1656 1625 Verbum
1685 1578 1739 1624 et
1765 1568 1834 1625 de

247 1675 347 1731 quo
375 1659 618 1731 procedit
645 1660 1010 1732 principaliter
1051 1659 1280 1732 Spiritus
1319 1669 1536 1716 sanctus
1565 1659 1665 1715 nisi
1693 1660 1833 1716 Deus

246 1753 420 1808 Pater.
463 1751 590 1809 ldeo
618 1761 800 1808 autem
840 1752 1058 1819 addidi,
1087 1752 1493 1823 Principaliter,
1535 1751 1658 1822 quia
1685 1757 1740 1806 et
1767 1750 1835 1806 de

246 1843 377 1900 Filio
419 1843 652 1915 Spiritus
692 1853 909 1900 sanctus
939 1845 1228 1915 procedere
1254 1843 1540 1915 reperitur.
1585 1841 1691 1898 Sed
1731 1841 1834 1897 hoc

244 1948 452 2005 quoque
480 1935 558 1991 illi
585 1935 743 1992 Pater
769 1936 936 2004 dedit,
969 1951 1077 1991 non
1099 1935 1209 2007 jam
1237 1933 1488 1991 existenti
1513 1941 1567 1990 et
1595 1933 1833 1989 nondum

245 2024 456 2082 habenti
478 2046 491 2083 :
510 2027 606 2083 sed
625 2027 882 2099 quidquid
903 2028 1174 2099 unigenito
1190 2026 1369 2083 Verbo
1385 2025 1550 2093 dedit,
1568 2023 1836 2097 gignendo

243 2116 404 2173 dedit.
447 2117 537 2174 Sic
563 2133 690 2190 ergo
715 2134 837 2174 eum
864 2119 1083 2191 genuit,
1128 2127 1184 2174 ut
1208 2119 1369 2174 etiam
1396 2117 1464 2174 de
1505 2117 1596 2172 illo
1626 2117 1833 2171 Donum

241 2221 522 2265 commune
551 2210 892 2281 procederet,
925 2219 980 2266 et
1003 2209 1234 2280 Spiritus
1263 2217 1477 2264 sanctus
1506 2207 1724 2278 Spiritus
1748 2222 1838 2263 es~

241 2309 320 2358 set
345 2303 648 2358 amborum.
672 2301 786 2357 Non
818 2309 904 2357 est
931 2301 1093 2372 igitur
1113 2299 1425 2370 accipienda
1454 2306 1792 2354 transeunter
1811 2339 1828 2366 ,

237 2394 332 2450 sed
355 2393 640 2462 diligenter
664 2390 916 2446 intuenda
934 2390 1304 2461 inseparabilis
1316 2389 1591 2444 Trinitatis
1607 2388 1708 2444 ista
1725 2387 1833 2444 dis-

237 2486 449 2542 tinctio.
479 2485 614 2540 Hinc
651 2483 793 2540 enim
821 2483 1018 2538 factum
1047 2491 1129 2538 est
1157 2490 1216 2537 ut
1240 2481 1452 2553 proprie
1474 2481 1569 2537 Dei
1595 2481 1828 2537 Verbum

237 2579 398 2635 etiam
417 2576 512 2632 Dei
540 2575 798 2646 sapientia
825 2575 1112 2644 diceretur,
1129 2589 1250 2630 cum
1274 2575 1344 2631 sit
1373 2573 1632 2644 sapientia
1661 2583 1715 2630 et
1729 2573 1831 2629 Pa-

239 2679 320 2727 ter
340 2678 398 2726 et
422 2669 654 2740 Spiritus
679 2677 914 2724 sanctus.
936 2667 996 2725 Si
1017 2682 1146 2740 ergo
1170 2667 1384 2739 proprie
1411 2666 1610 2738 aliquid
1639 2667 1830 2723 horum

241 2761 400 2817 trium
430 2759 663 2816 cbaritas
693 2760 1044 2829 nuncupanda
1073 2769 1190 2825 est,
1225 2758 1352 2831 quid
1380 2759 1553 2829 aptius
1581 2773 1742 2830 quam
1773 2767 1832 2816 ut

244 2850 347 2908 hoc
371 2852 442 2907 sit
465 2851 695 2921 Spiritus
733 2851 986 2907 sanctus?
1019 2850 1087 2908 Ut
1113 2850 1318 2907 scilicet
1357 2850 1410 2905 in
1441 2851 1529 2905 illa
1551 2851 1569 2881 ⁸
1599 2850 1829 2921 simplici

242 2958 559 3015 summaque
600 2952 788 3000 natura
809 2986 823 3010 ,
855 2959 964 3001 non
1005 2943 1074 3000 sit
1101 2941 1245 2998 aliud
1273 2941 1566 2998 substantia
1590 2949 1648 2997 et
1685 2940 1830 2996 aliud

242 3034 506 3102 cbaritas;
537 3035 631 3091 sed
660 3035 955 3091 substantia
980 3035 1094 3106 ipsa
1123 3034 1194 3090 sit
1215 3032 1448 3089 cbaritas
1467 3074 1483 3102 ,
1517 3041 1573 3088 et
1596 3032 1830 3090 cbaritas

241 3127 352 3199 ipsa
381 3127 454 3184 sit
482 3128 775 3184 substantia
795 3168 809 3194 ,
843 3129 954 3183 sive
984 3128 1040 3181 in
1067 3125 1260 3194 Patre,
1291 3127 1404 3182 sive
1432 3126 1486 3182 in
1512 3123 1684 3193 Filio,
1715 3125 1832 3182 sive

241 3217 294 3274 in
316 3218 523 3290 Spiritu
550 3226 736 3274 sancto
754 3259 769 3286 ,
798 3228 852 3274 et
895 3226 1074 3274 tamen
1099 3216 1316 3288 proprie
1341 3215 1572 3287 Spiritus
1611 3225 1830 3274 sanctus

241 3307 469 3366 cbaritas
499 3319 852 3382 nuncupetur.
1003 3317 1010 3323 '

307 3402 396 3458 30.
431 3401 584 3458 Sicut
610 3401 768 3472 Legis
793 3401 1009 3456 nomine
1036 3399 1324 3471 aliquando
1349 3399 1510 3455 simul
1533 3400 1713 3455 omnia
1736 3413 1830 3456 ve-

240 3492 365 3548 teris
398 3492 748 3548 lnstrumenti
775 3499 1082 3548 sanctarum
1107 3490 1494 3560 scripturarum
1520 3489 1830 3562 signiﬁcan-

240 3593 323 3642 tur
357 3588 594 3659 eloquia.
621 3587 757 3644 Nam
783 3603 850 3644 ex
878 3586 1136 3658 propheta
1166 3586 1300 3643 Isaia
1341 3587 1703 3643 testimonium
1729 3601 1830 3658 po-

239 3692 370 3734 nens
394 3680 684 3751 Apostolus
698 3723 719 3750 ,,
747 3680 839 3736 ubi
865 3679 971 3748 ait,
1002 3677 1069 3732 In
1094 3679 1211 3734 aliis
1237 3679 1426 3750 linguis
1453 3688 1500 3734 et
1529 3679 1584 3733 in
1608 3679 1726 3734 aliis
1755 3679 1833 3733 la-

237 3768 330 3826 biis
357 3771 543 3842 loquar
571 3771 763 3843 pepulo
792 3770 1214 3842 huic;prazmisit
1241 3778 1440 3837 tamen,
1459 3769 1528 3825 In
1553 3769 1687 3842 Lege
1705 3771 1835 3825 scri-

239 3873 380 3934 ptum
403 3873 482 3919 est
511 3863 660 3930 (lsai.
691 3880 854 3920 xxvm
875 3905 890 3930 ,
926 3865 1025 3932 ll;
1057 3873 1106 3918 et
1134 3863 1153 3918 l
1181 3861 1301 3919 Cor.
1333 3879 1456 3932 xlv,
1487 3863 1601 3934 21).
1628 3864 1696 3919 Et
1718 3864 1834 3934 ipso

239 3954 535 4024 Dominus,
567 3956 634 4011 In
661 3956 827 4029 Lege,
860 3957 1062 4028 inquit,
1091 3973 1263 4011 eorum
1292 3957 1537 4026 scriptum
1578 3966 1685 4025 est,
1715 3959 1834 4027 quia

240 4051 456 4106 oderunt
483 4068 562 4105 me
586 4053 746 4122 gratis
779 4050 954 4123 (Joan.
984 4065 1085 4118 xv,
1115 4049 1248 4121 25);
1277 4064 1398 4105 cum
1428 4049 1530 4106 hoc
1555 4049 1759 4121 legatur
1779 4051 1832 4105 in

239 4142 451 4201 Psalmo
485 4142 657 4215 (Psat.
688 4158 849 4198 xxxrv
870 4184 884 4210 ,
918 4141 1030 4213 l9).
1063 4140 1366 4212 Aliquando
1394 4149 1571 4196 autem
1621 4141 1834 4210 proprie

239 4245 458 4291 vocatur
490 4234 598 4292 Lex
619 4275 634 4301 ,
667 4249 786 4305 quae
831 4233 953 4289 data
994 4241 1077 4288 est
1119 4247 1215 4303 per
1240 4231 1458 4303 Moysen
1479 4273 1494 4299 ,
1540 4231 1834 4288 secundum

239 4328 378 4397 quod
406 4327 612 4384 dictum
650 4337 733 4382 est
753 4367 768 4393 ,
796 4324 904 4380 Lex
939 4333 988 4380 et
1015 4323 1288 4396 Propheta:
1313 4339 1469 4394 usque
1489 4323 1558 4376 ad
1581 4322 1836 4377 Joannem

241 4417 454 4491 (Matth.
488 4434 541 4474 xt
562 4460 576 4482 ,
609 4418 698 4489 l5)
724 4435 738 4485 ;
769 4427 824 4474 et
843 4459 858 4484 ,
888 4416 955 4472 In
980 4417 1059 4471 his
1084 4415 1278 4470 duobus
1306 4415 1572 4487 preceptis
1601 4425 1706 4469 tota
1729 4414 1838 4471 Leo:

242 4513 422 4580 pendet
453 4519 503 4565 et
536 4509 807 4581 Propheta:
837 4509 948 4581 (Id.
980 4523 1090 4563 xxu
1109 4550 1124 4576 ,
1151 4507 1263 4579 40).
1293 4508 1391 4564 llic
1419 4507 1601 4578 utique
1623 4507 1838 4579 proprie

243 4601 353 4658 Lex
382 4602 650 4674 appellata
690 4610 772 4658 est
791 4641 805 4666 ,
834 4601 902 4656 de
927 4608 1108 4656 monte
1134 4598 1283 4655 Sina.
1311 4599 1700 4668 Prophetarum
1739 4613 1836 4654 au-

242 4701 351 4751 tem
395 4693 617 4750 nomine
645 4694 804 4750 etiam
833 4693 1030 4748 Psalmi
1060 4691 1342 4763 significati
1377 4699 1502 4746 sunt
1533 4707 1546 4744 :
1579 4699 1635 4746 et
1659 4698 1838 4747 tamen

243 4785 347 4842 alio
372 4787 500 4844 loco
524 4786 640 4855 ipse
663 4785 927 4853 Salvator,
962 4783 1258 4855 Oportebat,
1288 4782 1478 4853 inquit,
1508 4783 1711 4854 impleri
1730 4799 1838 4837 om-

243 4881 329 4935 nia
355 4896 476 4952 qua
499 4880 688 4949 scripta
712 4888 827 4934 sunt
851 4879 906 4932 in
932 4877 1066 4950 Lege
1084 4919 1098 4946 ,
1127 4886 1176 4932 et
1203 4876 1475 4948 Pr0phetis
1493 4918 1508 4942 ,
1541 4885 1588 4932 et
1613 4874 1839 4932 Psalmis

244 4972 307 5028 de
341 4991 424 5030 me
465 4971 617 5043 (Luc.
649 4987 772 5026 xxiv
791 5010 807 5037 ,
836 4968 948 5042 44).
978 4971 1076 5025 llic
1113 4984 1298 5024 rursus
1326 4968 1712 5039 Prophetarum
1739 4981 1838 5022 no-

243 5083 367 5124 men
385 5111 402 5135 ,
431 5045 672 5137 exceptis
699 5064 924 5120 Psalmis
945 5105 958 5129 ,
1006 5064 1229 5135 intelligi
1251 5064 1438 5119 voluit.
1469 5063 1672 5118 Dicitur
1711 5078 1840 5134 ergo

244 5159 354 5217 Lex
386 5158 760 5216 universaliter
789 5172 910 5212 cum
938 5155 1219 5227 Prophetis
1262 5165 1316 5212 et
1359 5156 1616 5221 Psalmis,
1648 5156 1841 5212 dicitur

244 5265 296 5310 ct
344 5254 562 5326 proprie
589 5268 706 5322 quae
749 5265 847 5322 per
870 5249 1087 5321 Moysen
1129 5249 1250 5302 data
1278 5257 1380 5304 est.
1428 5248 1559 5303 Item
1589 5248 1842 5304 dicuntur

243 5345 605 5400 communiter
628 5341 911 5412 Propheta:
955 5339 1114 5395 simul
1140 5352 1262 5394 cum
1302 5339 1562 5404 Psalmis,
1595 5338 1842 5394 dicuntur

244 5447 300 5491 ct
329 5436 552 5507 proprie
591 5443 788 5506 praeter
809 5433 1074 5489 Psalmos.
1105 5431 1172 5486 Et
1213 5431 1395 5486 multis
1437 5431 1555 5486 aliis
1583 5434 1842 5504 exemplis

245 5529 430 5585 doceri
459 5537 654 5600 potest,
688 5527 857 5582 multa
886 5540 1064 5582 rerum
1085 5523 1364 5591 vocabula,
1399 5532 1453 5579 et
1477 5525 1842 5583 universaliter

247 5621 372 5691 poni
396 5661 412 5687 ,
442 5629 497 5675 et
540 5619 754 5690 proprie
783 5617 1098 5688 quibusdam
1127 5616 1290 5672 rebus
1333 5615 1610 5682 adhiberi,
1658 5618 1756 5672 nisi
1789 5619 1841 5674 in

248 5729 309 5769 rc
347 5721 534 5784 aperta
562 5709 777 5767 vitanda
821 5710 889 5764 sit
932 5707 1206 5778 longitudo
1249 5708 1532 5763 sermonis.
1568 5707 1678 5762 Hoc
1722 5709 1842 5765 ideo

247 5804 406 5874 dixi,
468 5819 536 5860 nc
588 5803 868 5872 quisquam
924 5808 1205 5871 propterea
1261 5813 1357 5855 nos
1411 5799 1844 5856 inconvenientcr

313 5982 330 6012 ι
367 5978 513 6040 Editi,
537 5978 584 6030 in
606 5976 693 6028 illa
722 5945 976 6029 tirinitatis.
999 5983 1118 6038 Vox,
1148 5969 1404 6036 Trutitatss,
1431 5975 1571 6026 abest
1590 5987 1618 6025 ει
1639 5981 1744 6025 Mss.

1390 434 1594 490 LIBER
1631 429 1928 501 QUINTUS
1965 427 2275 487 DECIMUS.

3381 431 3522 492 1083

1944 545 2220 602 existimet
2257 544 2568 602 charitalem
2617 545 2886 617 appellare
2935 546 3195 620 Spiritum
3241 557 3482 606 sanctum
3505 592 3522 616 ,

1939 639 2062 709 quia
2082 647 2138 694 et
2163 639 2304 694 Deus
2328 638 2487 696 Pater
2510 648 2565 695 et
2584 639 2726 696 Deus
2745 639 2912 698 Filius
2931 649 3110 714 potest
3134 641 3368 700 cbaritas
3387 659 3525 700 nun-

1941 731 2146 801 copari.

2015 825 2106 880 3i.
2137 823 2286 882 Sicut
2311 839 2440 897 ergo
2481 827 2696 884 unicum
2741 827 2836 884 Dei
2864 827 3100 885 Verbum
3128 830 3344 901 proprie
3372 844 3529 887 voea-

1939 930 2061 974 mus
2087 918 2302 974 nomine
2327 917 2602 989 sapientiae
2620 961 2634 985 ,
2664 933 2786 975 cum
2815 920 2887 976 sit
2909 921 3280 978 universaliter
3306 930 3360 978 et
3399 922 3524 992 Spi-

1939 1010 2073 1065 ritus
2097 1018 2312 1066 sanctus
2336 1019 2387 1066 et
2411 1010 2568 1067 Pater
2591 1011 2705 1083 ipse
2729 1011 3021 1082 sapientia;
3053 1013 3123 1068 ita
3150 1011 3384 1084 Spiritus
3401 1029 3529 1070 san-

1939 1111 2057 1159 ctus
2083 1103 2296 1173 proprie
2324 1111 2662 1174 nuncupatur
2691 1103 2949 1159 vocabulo
2975 1103 3249 1160 cbaritatis
3268 1146 3282 1172 ,
3311 1119 3432 1160 cum
3458 1104 3530 1160 sit

1939 1194 2308 1250 universaliter
2330 1192 2566 1251 cbaritas
2585 1204 2640 1250 et
2663 1194 2822 1250 Pater
2847 1203 2902 1251 et
2926 1195 3110 1252 Filius.
3139 1195 3246 1253 Sed
3272 1195 3368 1252 Dei
3390 1195 3526 1252 Ver-

1939 1286 2064 1343 bum
2083 1329 2099 1356 ,
2131 1287 2185 1343 id
2226 1296 2308 1344 est
2326 1328 2341 1355 ,
2370 1287 2673 1358 unigenitus
2703 1288 2796 1344 Dei
2826 1287 2993 1346 Filius
3029 1299 3214 1361 aperte
3242 1289 3416 1345 dictus
3445 1297 3528 1345 est

1939 1379 2035 1436 Dei
2064 1381 2322 1451 sapientia
2343 1422 2357 1448 ,
2388 1396 2482 1436 ore
2508 1381 2818 1452 Apostolico
2837 1423 2854 1450 ,
2887 1382 2978 1439 ubi
3014 1383 3118 1449 ait,
3146 1381 3404 1439 Christum
3434 1380 3528 1437 Dei

1938 1473 2169 1528 uirtutem
2197 1482 2242 1528 et
2267 1470 2366 1527 Dei
2393 1473 2693 1543 sapientiam
2721 1473 2768 1544 (l
2796 1473 2914 1530 Cor.
2945 1489 3000 1543 ι,
3028 1473 3119 1546 24)
3148 1490 3162 1526 :
3186 1473 3414 1544 Spiritus
3433 1487 3529 1528 au-

1939 1573 2048 1622 tem
2073 1575 2287 1621 sanctus
2315 1566 2406 1621 ubi
2434 1566 2504 1620 sit
2530 1565 2704 1621 dictus
2727 1565 2960 1622 cbaritas
2999 1567 3298 1623 invenimus
3316 1607 3331 1632 ,
3362 1566 3408 1622 si
3445 1565 3526 1621 di-

1939 1655 2167 1728 ligenter
2181 1656 2402 1713 Joannis
2418 1658 2646 1727 apostoli
2662 1667 2960 1714 scrutemur
2973 1659 3242 1731 eloquium
3259 1675 3273 1726 ;
3296 1659 3385 1730 qui
3403 1674 3524 1715 cum

1936 1744 2193 1815 dixisset,
2225 1745 2553 1800 Dilectissimi
2567 1787 2582 1814 ,
2615 1747 2887 1819 diligamus
2913 1748 3121 1803 invicem
3141 1789 3157 1817 ,
3183 1751 3300 1819 quia
3323 1749 3526 1804 dilectio

1937 1853 2001 1894 ea:
2024 1837 2132 1893 Deo
2152 1848 2261 1906 est;
2290 1847 2504 1895 secutus
2533 1839 2774 1910 adjunxit
2793 1881 2809 1909 ,
2843 1840 2910 1895 Et
2936 1842 3096 1896 omnis
3119 1841 3203 1912 qui
3231 1841 3430 1912 diligit,
3463 1856 3528 1896 ex

1936 1927 2046 1984 Deo
2075 1941 2224 1986 natus
2251 1941 2356 1987 est:
2373 1933 2460 2003 qui
2483 1949 2584 1987 non
2603 1932 2789 2004 diligit,
2812 1950 2912 1988 non
2939 1935 3169 2006 cognovit
3194 1935 3381 2001 Deum,
3404 1934 3525 2006 quia

1935 2021 2078 2077 Deus
2105 2022 2305 2078 dilectio
2333 2032 2424 2078 est.
2457 2023 2554 2078 llic
2579 2023 2938 2080 manifestavit
2966 2039 3086 2080 eam
3111 2039 3171 2081 se
3193 2025 3393 2081 dixisse
3434 2024 3521 2080 di-

1936 2112 2218 2170 lectionem
2235 2113 2424 2184 Deum,
2443 2129 2602 2184 quam
2626 2115 2759 2171 dixit
2778 2130 2846 2172 ex
2862 2116 2992 2172 Deo.
3014 2116 3156 2172 Deus
3180 2131 3307 2188 ergo
3326 2131 3395 2174 ex
3407 2117 3521 2174 Deo

1937 2218 2018 2264 est
2041 2206 2275 2264 dilectio.
2293 2205 2399 2264 Sed
2427 2209 2548 2278 quia
2579 2217 2633 2264 et
2656 2208 2820 2264 Filius
2843 2224 2911 2264 ex
2928 2209 3038 2265 Deo
3061 2209 3219 2266 Patre
3241 2219 3398 2267 natus
3413 2218 3519 2280 est,

1935 2307 1991 2358 et
2013 2299 2242 2370 Spiritus
2270 2309 2486 2356 sanctus
2529 2317 2594 2356 ex
2627 2301 2737 2357 Deo
2759 2301 2917 2358 Patre
2940 2302 3210 2373 procedit,
3237 2318 3395 2375 quem
3419 2319 3521 2375 po-

1935 2390 2043 2446 tius
2084 2404 2274 2446 eorum
2301 2389 2388 2447 hic
2415 2390 2704 2448 debeamus
2731 2393 2974 2464 accipere
2999 2393 3200 2450 dictum
3242 2409 3362 2452 esse
3389 2394 3538 2457 dilee

1933 2481 2164 2536 ctionem
2193 2479 2382 2548 Deum,
2401 2484 2595 2540 merito
2620 2485 2896 2556 quaeritur.
2925 2485 3086 2542 Pater
3111 2487 3255 2544 enim
3280 2487 3426 2545 solus
3450 2487 3522 2544 ita

1935 2573 2077 2630 Deus
2101 2584 2204 2642 est,
2229 2581 2288 2631 ut
2313 2591 2420 2632 non
2453 2576 2524 2632 sit
2548 2592 2612 2633 ex
2643 2577 2754 2634 Deo
2786 2594 2799 2632 :
2833 2593 2895 2659 ac
2919 2591 3018 2655 per
3042 2578 3144 2636 hoc
3167 2579 3384 2636 dilectio
3402 2595 3523 2651 quae

1933 2665 2007 2722 ita
2035 2667 2178 2722 Deus
2203 2675 2320 2734 est,
2349 2678 2408 2723 ut
2432 2683 2500 2724 ex
2523 2668 2634 2725 Deo
2660 2669 2761 2738 sit,
2805 2678 2897 2725 aut
2933 2670 3103 2726 Filius
3131 2679 3214 2728 est
3232 2710 3248 2738 ,
3279 2679 3372 2727 aut
3396 2671 3521 2742 Spi-

1931 2760 2066 2816 ritus
2083 2769 2320 2817 sanctus.
2340 2760 2447 2818 Sed
2471 2762 2526 2818 in
2554 2763 3005 2834 consequentibus
3029 2779 3154 2820 cum
3168 2764 3263 2820 Dei
3277 2763 3522 2820 dilectio-

1932 2867 2054 2909 nem
2072 2862 2569 2923 commemorasset,
2588 2869 2692 2910 non
2720 2869 2823 2926 qua
2848 2869 2946 2912 nos
2965 2870 3088 2912 eum
3106 2897 3122 2924 ,
3150 2855 3246 2912 sed
3274 2869 3377 2926 qua
3395 2854 3519 2926 Ipse

1932 2943 2252 3011 dilexit'nos,
2269 2952 2316 2998 et
2341 2944 2476 2999 misit
2501 2942 2696 3001 Filium
2719 2961 2867 3000 suum
2897 2946 3149 3001 litatorem
3170 2946 3188 2978 ⁸
3219 2961 3312 3016 pro
3340 2961 3520 3015 pecca-

1933 3036 1997 3091 tis
2021 3035 2246 3100 nostris;
2271 3042 2327 3091 et
2353 3035 2477 3092 hinc
2504 3035 2816 3092 exhortatus
2835 3045 2980 3094 esset
3004 3045 3062 3092 ut
3086 3044 3142 3093 et
3167 3051 3266 3094 nos
3290 3035 3520 3093 invicem

1932 3127 2234 3201 diligamus,
2264 3138 2425 3201 atque
2454 3129 2528 3185 ita
2560 3130 2702 3186 Deus
2731 3131 2784 3185 in
2813 3130 2968 3187 nobis
2995 3137 3229 3197 maneat,
3260 3129 3382 3200 quia
3412 3129 3522 3184 uti-

1932 3237 2038 3295 que
2060 3222 2399 3280 dilectionem
2429 3222 2594 3279 Deum
2619 3222 2862 3290 dixerat,
2890 3223 3071 3280 statim
3099 3223 3284 3279 volens
3309 3221 3376 3278 de
3419 3220 3522 3277 hac

1932 3329 1995 3372 re
2037 3315 2272 3386 apertius
2299 3315 2496 3387 aliquid
2520 3316 2730 3387 eloqui,
2760 3315 2828 3370 In
2854 3315 2980 3384 hoc,
3015 3317 3220 3386 inquit,
3253 3316 3519 3386 cognosci-

1933 3424 2046 3464 mus
2063 3409 2182 3479 quia
2206 3409 2259 3462 in
2279 3408 2392 3480 ipso
2412 3405 2690 3476 manemus,
2711 3418 2757 3464 et
2781 3409 2888 3479 ipse
2915 3409 2967 3463 in
2992 3409 3152 3476 nobis,
3173 3409 3292 3480 quia
3317 3407 3381 3462 de
3400 3407 3524 3476 Spi-

1932 3502 2035 3557 ritu
2062 3518 2152 3557 suo
2169 3502 2307 3558 dedit
2323 3502 2484 3557 nobis.
2512 3502 2741 3573 Spiritus
2763 3502 2941 3572 itaque
2968 3513 3187 3560 sanctus
3211 3502 3280 3559 de
3295 3517 3402 3574 quo
3430 3501 3522 3558 de-

1934 3593 2014 3651 dit
2054 3595 2208 3651 nobis
2229 3635 2244 3661 ,
2276 3593 2405 3650 facit
2430 3609 2527 3650 nos
2568 3595 2620 3648 in
2650 3594 2759 3650 Deo
2785 3608 3037 3663 manere,
3067 3602 3124 3650 et
3145 3594 3317 3665 ipsum
3346 3595 3398 3650 in
3424 3609 3523 3650 no-

1934 3683 2055 3740 bis:
2080 3684 2184 3741 hoc
2213 3693 2390 3741 autem
2419 3683 2544 3740 facit
2572 3684 2806 3741 dilectio.
2839 3683 2958 3756 Ipse
2981 3693 3064 3741 est
3090 3684 3248 3757 igitur
3272 3685 3414 3741 Deus
3437 3684 3522 3741 di-

1935 3774 2116 3832 lectio.
2145 3775 2386 3846 Denique
2413 3776 2569 3846 paulo
2598 3784 2718 3846 post
2744 3789 2866 3831 cum
2897 3777 2997 3832 hoc
3022 3776 3194 3847 ipsum
3222 3777 3525 3846 repetiissct

1933 3874 2096 3937 atque
2117 3865 2363 3934 dixisset,
2387 3866 2526 3921 Deus
2553 3866 2754 3921 dilectio
2779 3875 2884 3932 est;
2903 3867 3157 3922 continuo
3184 3866 3429 3938 subjecit,
3453 3865 3525 3920 Et

1933 3957 2021 4027 qui
2048 3965 2215 4011 manet
2243 3957 2297 4011 in
2338 3957 2632 4025 dilectione,
2663 3958 2718 4011 in
2749 3957 2856 4012 Deo
2882 3966 3082 4024 manet,
3113 3966 3159 4013 et
3188 3957 3328 4014 Deus
3355 3967 3524 4013 manet

1935 4049 1989 4104 in
2013 4066 2072 4104 eo
2103 4065 2122 4104 :
2152 4049 2292 4106 unde
2319 4065 2479 4120 supra
2504 4049 2732 4116 dixerat,
2755 4049 2823 4104 In
2846 4050 2940 4106 hoc
2965 4051 3312 4122 cognoscimus
3331 4051 3451 4122 quia
3470 4051 3526 4105 in

1935 4145 2048 4215 ipso
2075 4160 2356 4213 manemus,
2384 4153 2432 4198 et
2459 4145 2568 4215 ipse
2593 4144 2648 4198 in
2674 4143 2837 4211 nobis,
2869 4145 2987 4213 quia
3013 4144 3076 4199 de
3103 4143 3304 4215 Spiritu
3325 4160 3418 4198 suo
3438 4144 3528 4198 de-

1936 4235 2013 4290 dit
2037 4237 2200 4291 nobis.
2233 4235 2351 4306 lpsc
2379 4251 2506 4308 ergo
2533 4235 2860 4307 significatur
2902 4235 2993 4292 ubi
3019 4237 3241 4308 legitur,
3274 4235 3413 4292 Deus
3442 4237 3525 4290 di-

1938 4329 2082 4384 lectio
2113 4338 2204 4384 est.
2231 4329 2372 4385 Deus
2399 4330 2558 4401 igitur
2579 4329 2806 4400 Spiritus
2835 4338 3052 4385 sanctus
3078 4330 3168 4400 qui
3193 4329 3438 4400 procedit
3457 4345 3523 4385 ex

1939 4421 2050 4478 Deo
2069 4463 2084 4489 ,
2117 4437 2237 4477 cum
2264 4421 2420 4477 datus
2440 4421 2596 4476 fuerit
2627 4421 2864 4486 homini,
2891 4422 3136 4478 accendit
3159 4437 3280 4478 eum
3306 4421 3362 4476 in
3386 4422 3528 4478 dile-

1938 4515 2171 4571 ctionem
2194 4514 2291 4570 Dei
2309 4522 2364 4570 et
2387 4515 2634 4585 proximi,
2654 4523 2708 4570 et
2736 4515 2849 4584 ipse
2877 4514 3092 4570 dilectio
3118 4522 3220 4570 est.
3247 4513 3362 4569 Non
3383 4515 3525 4570 enim

1939 4607 2101 4663 habet
2128 4609 2289 4662 homo
2319 4605 2459 4662 unde
2483 4607 2651 4662 Deum
2680 4607 2898 4678 diligat,
2929 4607 3031 4663 nisi
3056 4621 3125 4664 ex
3147 4606 3282 4662 Deo.
3305 4606 3529 4676 Propter

1940 4699 2083 4770 quod
2112 4699 2272 4772 paulo
2315 4708 2433 4770 post
2457 4699 2586 4754 dicit
2617 4717 2630 4753 :
2664 4697 2778 4756 Nos
2803 4701 3078 4772 diligamus
3103 4715 3249 4764 eum,
3279 4699 3398 4769 quia
3420 4699 3529 4768 ipse

1942 4791 2082 4863 prior
2109 4791 2285 4846 dilexit
2313 4807 2403 4845 nos
2433 4789 2476 4861 (l
2502 4789 2659 4845 Joan.
2690 4805 2762 4857 tv,
2797 4791 2972 4863 7-I9).
3001 4789 3292 4861 Apostolus
3317 4803 3528 4859 quoque

1943 4882 2138 4938 Paulus
2171 4899 2184 4935 :
2220 4881 2434 4936 Dilectio
2455 4923 2470 4948 ,
2502 4882 2704 4952 inquit,
2741 4881 2832 4936 Dei
2862 4881 3052 4950 di/fusa
3097 4891 3169 4936 est
3196 4881 3250 4935 in
3296 4881 3529 4936 cordibus

1943 4974 2147 5038 nostris,
2172 4988 2260 5042 per
2287 4971 2538 5042 Spiritum
2557 4982 2789 5027 sanctum
2805 4972 2892 5041 qui
2919 4972 3065 5026 datus
3090 4980 3162 5026 est
3186 4972 3330 5028 nobis
3347 4971 3528 5043 (Rom.

1941 5079 2012 5129 ν,
2045 5064 2123 5131 5).

2013 5153 2239 5211 CAPUT
2268 5153 2555 5246 XVlll.\——
2585 5155 2672 5210 52.
2706 5153 2920 5246 Nullum
2948 5153 3044 5208 Dei
3072 5154 3261 5209 donum
3287 5156 3530 5211 charitate

1945 5245 2284 5301 excellentius.
2303 5245 2514 5302 Nullum
2532 5255 2613 5301 est
2638 5247 2740 5300 isto
2758 5246 2850 5301 Dei
2879 5245 3023 5302 dono
3044 5248 3412 5304 excellentius.
3432 5250 3530 5305 So-

1944 5337 2052 5392 lum
2085 5346 2168 5393 est
2190 5337 2332 5407 quod
2357 5336 2543 5391 dividit
2571 5337 2710 5391 inter
2738 5334 2879 5392 filios
2919 5338 3068 5409 regni
3101 5340 3287 5394 aeterni
3314 5349 3368 5396 et
3395 5341 3531 5396 lilios

1945 5429 2259 5501 perditionis
2284 5438 2519 5484 internae.
2549 5428 2754 5483 Dantur
2782 5436 2836 5483 et
2861 5429 2962 5484 alia
2995 5444 3092 5501 per
3115 5430 3372 5500 Spiritum
3405 5447 3531 5486 san-

1943 5530 2090 5577 ctum
2127 5535 2346 5576 munera
2368 5559 2383 5583 ,
2415 5519 2511 5575 sed
2541 5520 2657 5576 sine
2694 5519 2950 5577 charitate
2990 5521 3124 5578 nihil
3150 5534 3392 5594 prosunt.
3421 5523 3532 5578 Nisi

1945 5627 2074 5683 ergo
2115 5617 2316 5665 tantum
2345 5609 2680 5680 impertiatur
2709 5612 2899 5680 cuique
2939 5611 3169 5683 Spiritus
3195 5624 3410 5669 sanctus
3431 5656 3446 5681 ,
3475 5625 3532 5669 ut

1947 5720 2069 5760 eum
2101 5703 2192 5758 Dei
2217 5709 2273 5758 et
2316 5703 2539 5771 proximi
2571 5702 2730 5758 faciat
2754 5711 3045 5760 amatorem
3067 5747 3081 5772 ,
3117 5720 3145 5759 a
3176 5705 3386 5759 sinistra
3425 5721 3530 5759 non

1948 5794 2264 5851 transfertur
2291 5794 2357 5850 ad
2387 5795 2681 5850 dexteram.
2715 5793 2825 5850 Nec
2848 5794 3077 5867 Spiritus
3101 5796 3312 5866 proprie
3340 5795 3533 5852 dicitur

2013 5909 2028 5939 ι
2065 5906 2199 5975 aditi,
2227 5903 2543 5975 libergtorem.
2570 5916 2620 5960 at
2641 5915 2771 5970 Mss,
2792 5907 3044 5960 litatorcm.
3069 5915 3252 5969 Griece,
3280 5909 3299 5958 l
3323 5915 3533 5971 Joamus,

1949 5984 2052 6034 cap.
2081 5969 2126 6030 4,
2151 5969 2199 6029 ᾖ.
2229 5969 2301 6031 10,
2327 5967 2542 6021 ilasnwtt.
