4072 6452
522 529 752 592 Donum.
769 521 884 582 .oisi
907 527 1126 593 puerum
1147 503 1484 576 dilectionem
1517 529 1532 568 :
1557 527 1724 584 quam
1745 511 1842 584 qui
1870 523 1978 566 non
2000 509 2095 565 ha-

521 621 728 684 bueuit,
757 618 801 674 si
835 614 1035 685 .liyguis
1069 610 1352 668 hominum
1371 607 1626 678 loquatur
1651 612 1706 661 et
1723 602 2056 674 .Angelorum
2075 641 2096 666 .

521 719 718 766 sonans
756 712 1100 762 atramentum
1128 709 1210 756 est
1238 704 1293 755 et
1329 697 1630 770 cymbalum
1660 695 1892 750 tinniens
1925 711 1938 746 :
1971 701 2026 748 et
2052 693 2099 748 si

519 802 764 869 habuerit
781 796 1160 870 lprophetiam,
1205 801 1258 848 et
1298 791 1481 847 scierit
1497 789 1685 853 omnia
1719 795 2052 844 sacramenta
2074 825 2091 850 ,

519 904 576 952 et
613 908 826 952 omnem
848 889 1134 948 scientiam
1154 928 1170 954 ,
1197 895 1251 943 et
1276 886 1323 943 si
1355 884 1610 940 habuerit
1626 896 1848 938 omnem
1891 879 2053 936 ﬁdem
2074 920 2096 947 ,,

519 990 592 1045 ita
621 998 688 1044 ut
708 995 924 1044 montes
943 980 1262 1048 transferat,
1295 977 1430 1036 nihil
1458 984 1541 1033 est
1573 993 1586 1032 :
1613 983 1673 1032 et
1697 974 1745 1030 si
1769 972 2100 1030 distribuerit

518 1095 731 1140 omnem
749 1078 1094 1138 substantiam
1111 1081 1356 1140 saam,.et
1378 1073 1422 1128 si
1439 1069 1716 1128 tradiderit
1732 1081 1924 1139 corpus
1944 1079 2101 1122 suum

517 1185 576 1232 ut
603 1175 806 1242 ardeat,
825 1172 964 1230 nihil
983 1171 1037 1228 ei
1054 1169 1280 1242 prodest
1303 1166 1346 1240 (ι
1363 1165 1490 1221 Cor.
1521 1179 1638 1235 χιιι,
1666 1159 1805 1233 1-5).
1823 1160 2099 1229 Quantum

519 1285 645 1340 ergo
658 1269 865 1325 bonum
884 1265 1254 1334 omninoque
1271 1259 1344 1316 ad
1367 1268 1622 1316 aeternam
1640 1256 1802 1311 vitam
1823 1253 2099 1311 neminem

517 1363 658 1420 bona
675 1357 1178 1431 :tantetperdaeunt?
1200 1355 1316 1426 ipsa
1345 1367 1472 1408 vero
1489 1350 1711 1406 .dilectio
1729 1353 1840 1404 sive
1865 1345 2098 1402 cbaritas

519 1455 667 1527 (-nam
692 1454 852 1511 unius
867 1452 953 1507 rei
969 1457 1063 1508 .est
1085 1457 1365 1517 atrumque
1388 1443 1613 1514 nomen)
1631 1483 1649 1508 ,
1687 1441 1732 1496 si
1748 1440 1954 1496 .habeat
1973 1451 2098 1494 eam

519 1549 608 1620 qui
637 1561 743 1605 non
763 1542 1212 1618 .loquiturllinguis
1231 1581 1246 1606 ,
1269 1554 1374 1595 nec
1392 1538 1563 1594 .habct
1584 1533 1955 1607 prophetiam,
1996 1544 2098 1588 nec

519 1644 696 1699 omnia
715 1643 820 1699 scit
838 1645 1176 1697 sacramenta
1205 1646 1523 1702 omnemque
1544 1629 1961 1691 scientiam,nec
1985 1624 2096 1680 dis-

520 1736 704 1791 tribuit
754 1733 929 1790 omnia
957 1726 1420 1800 sua'peuperibus,
1449 1723 1531 1778 vel
1547 1736 1658 1779 non
1687 1717 1931 1775 habendo
1954 1715 2098 1788 quod

519 1825 820 1890 distribuat,
847 1821 932 1878 vel
961 1821 1136 1891 aliqua
1157 1817 1484 1881 necessitate
1502 1811 1831 1885 prohibitus,
1859 1824 1960 1865 nec
1985 1817 2095 1865 tra-

518 1917 597 1972 dit
607 1920 1064 1986 oonpussuumnt
1083 1910 1291 1976 ardeat,
1310 1907 1356 1964 si
1383 1906 1502 1962 talis
1529 1903 1790 1975 passionis
1817 1900 1962 1957 nulla
1981 1908 2098 1956 ten-

519 2008 648 2064 tatio
666 2004 1038 2076 esgpordueit
1063 2002 1131 2058 ad
1160 2014 1400 2071 regnum,
1429 1999 1586 2052 itaut
1614 1996 1782 2066 ipsam
1809 1992 1968 2049 ﬁdem
1983 2005 2097 2048 non

516 2101 674 2156 faciat
687 2098 882 2156 utilem
902 2095 1008 2156 nisi
1024 2092 1282 2150 «obesitas.
1313 2091 1442 2146 Sine
1468 2088 1726 2144 cbaritate
1749 2085 1944 2156 quippe
1964 2083 2098 2139 ﬁdes

518 2198 693 2262 potest
707 2183 1193 2260 quidem.esse,aed
1217 2197 1321 2238 non
1339 2189 1393 2240 et
1419 2179 1692 2252 prodesse.
1711 2174 2098 2248 Bropterquod

516 2291 571 2339 et
601 2280 881 2352 apostolus
904 2277 1103 2334 Paulus
1122 2316 1138 2344 ,
1174 2273 1248 2328 In
1275 2273 1472 2328 Christo
1492 2313 1506 2338 ,
1539 2269 1742 2340 inquit,
1769 2266 1896 2322 Iesu
1935 2283 2100 2338 neque

517 2371 862 2437 circumcisio,
898 2383 1060 2439 neque
1081 2365 1394 2438 praeputium
1421 2360 1615 2433 aliquid
1652 2361 1814 2430 ualet,
1847 2359 1943 2414 sed
1964 2358 2098 2428 ﬁdes

515 2479 628 2535 qua:
663 2478 761 2534 ,ρον
789 2461 1101 2518 dilectionem
1137 2465 1373 2529 operatur
1414 2453 1608 2527 (Galat.
1641 2468 1708 2518 γ,
1741 2449 1794 2523 6)
1825 2470 1844 2508 :
1877 2452 1954 2506 sic
1979 2465 2098 2506 eam

517 2557 825 2614 discernens
851 2554 1004 2612 abea
1023 2551 1146 2617 ﬁde,
1166 2566 1268 2620 qua
1289 2558 1341 2606 et
1362 2549 1634 2604 daemones
1653 2544 1880 2602 credunt
1903 2551 1957 2599 et
1971 2558 2098 2600 con-

517 2649 830 2708 tremiscunt
849 2645 1055 2718 (Jacobi
1079 2660 1138 2709 n,
1175 2642 1290 2712 19).
1321 2640 1544 2697 Dilectio
1561 2639 1729 2709 igitur
1758 2652 1875 2710 qum
1900 2651 1965 2692 ex
1983 2635 2099 2690 Deo

515 2751 600 2799 est
617 2750 677 2797 et
689 2741 956 2804 Deuseest,
975 2735 1189 2808 proprie
1203 2734 1430 2806 Spiritus
1453 2740 1670 2790 sanctus
1685 2739 1797 2798 est,
1820 2746 1915 2803 per
1939 2745 2098 2802 quem

517 2832 826 2893 diffunditur
843 2833 903 2890 in
924 2829 1174 2886 cordibus
1197 2826 1402 2882 nostris
1418 2824 1513 2880 Dei
1543 2822 1792 2888 Charitas,
1810 2837 1912 2892 per
1939 2835 2098 2892 quam

517 2940 616 2981 nos
637 2932 751 2980 tota
772 2923 1038 2981 inhabitat
1067 2919 1316 2983 Trinitas.
1349 2915 1610 2983 Quocirca
1646 2913 1953 2970 rectissime
1979 2912 2100 2984 Spi-

516 3017 649 3076 nitus
680 3022 936 3078 sanctus.
959 3027 1090 3067 cum
1117 3011 1202 3068 .sit
1233 3009 1405 3072 Deus,
1451 3013 1670 3062 vocatur
1691 3005 1858 3060 etiam
1887 3005 2100 3060 Donum

516 3109 610 3163 Dei
631 3107 777 3178 (Act.
825 3120 951 3172 \ttll,
981 3102 1098 3170 .20).
1137 3099 1296 3170 Quod
1329 3099 1535 3152 Donum
1581 3095 1796 3167 preprie
1825 3094 1951 3166 quid
1993 3094 2100 3152 nisi

517 3198 746 3255 claritas
773 3192 1112 3264 intelligenda
1139 3199 1255 3258 est,
1287 3204 1405 3260 quae
1421 3186 1672 3256 perducit
1712 3185 1780 3240 ad
1805 3184 1976 3240 Deum
1997 3225 2012 3249 ,
2046 3191 2102 3240 ct

519 3290 633 3348 sine
651 3303 760 3359 qua
784 3284 1056 3358 quodlibet
1096 3281 1241 3338 aliud
1268 3280 1468 3337 donum
1487 3278 1590 3334 Dei
1634 3291 1740 3333 non
1767 3275 2009 3348 perducit
2033 3274 2101 3331 ad

517 3379 729 3437 Domni

584 3469 809 3527 CAPUT
847 3467 988 3524 XIX.
1028 3495 1098 3508 —-
1135 3465 1224 3521 53.
1275 3463 1503 3535 Spiritus
1527 3467 1736 3516 sanctus
1782 3461 1949 3515 dictus
2001 3459 2102 3515 Dei

516 3562 718 3618 Donum
742 3562 794 3616 in
809 3558 1114 3632 Scripturis.
1138 3556 1343 3612 Donum
1367 3554 1592 3624 Spiritus
1618 3553 1779 3608 sancti
1798 3553 1985 3608 dictum
2009 3570 2100 3624 pro

517 3654 721 3710 Donum
737 3653 970 3725 quodest
989 3649 1222 3722 Spiritus
1249 3656 1469 3704 sanctus.
1505 3647 1732 3718 Spiritus
1756 3656 1961 3702 sanctus
1983 3663 2104 3718 pro-

516 3751 623 3820 prie
663 3747 897 3805 Charitas
928 3745 1131 3812 dicitur,
1171 3742 1396 3815 quamvis
1438 3757 1546 3796 non
1589 3740 1725 3795 solus
1761 3741 1815 3794 in
1857 3739 2101 3795 Trinitate

515 3843 735 3898 charitus
777 3841 860 3896 sit.
883 3838 965 3896 An
1003 3836 1187 3893 ethoc
1229 3832 1564 3906 probandum
1608 3839 1724 3898 est,
1757 3831 1851 3886 Dei
1891 3831 2099 3886 Donum

517 3934 714 3998 dictum
750 3947 871 3990 esse
897 3932 956 3986 in
984 3929 1150 3986 sacris
1189 3928 1406 3985 litteris
1431 3926 1691 3998 Spiritum
1733 3926 2016 3980 sanctum?
2043 3923 2101 3980 Si

517 4037 571 4087 et
593 4028 697 4084 hoc
713 4032 1071 4097 exspectatur,
1099 4022 1357 4080 habemus
1394 4021 1447 4075 in
1467 4019 1760 4091 Evangelio
1797 4018 2100 4074 secundum

517 4122 780 4178 Joannem
801 4118 1010 4176 Domini
1039 4116 1166 4174 Jesu
1194 4114 1391 4170 Christi
1417 4112 1578 4169 verba
1602 4111 1830 4167 dicentis
1857 4128 1871 4164 :
1903 4111 1962 4165 Si
1989 4111 2100 4180 quis

518 4213 641 4278 sitit,
661 4211 827 4269 uariat
847 4211 919 4266 ad
946 4224 1045 4274 me,
1073 4206 1298 4265 etbibot.
1335 4205 1438 4273 Qui
1473 4204 1628 4258 credit
1655 4204 1708 4256 in
1733 4219 1832 4269 me,
1852 4203 1989 4276 sicut
2015 4203 2100 4256 di-

517 4306 583 4362 cit
607 4306 907 4376 Scriptura,
937 4301 1152 4374 ﬂumina
1171 4300 1240 4354 de
1265 4307 1434 4355 uentre
1450 4298 1566 4367 ejus
1591 4297 1750 4366 ﬂuent
1787 4311 1933 4365 aquce
1955 4295 2096 4350 vivat.

520 4401 687 4456 Porro
708 4395 1050 4467 Evangelista
1071 4399 1289 4449 secutus
1325 4389 1567 4460 adjunxit
1593 4406 1609 4444 :
1645 4387 1757 4442 Hoc
1780 4396 1947 4442 autem
1973 4388 2102 4442 dixit

519 4489 583 4546 de
596 4489 826 4560 Spiritu,
846 4502 992 4558 quem
1010 4482 1265 4554 accepturi
1279 4490 1422 4537 erant
1439 4480 1699 4535 credentes
1717 4480 1770 4533 in
1780 4497 1900 4535 eum
1919 4479 1972 4552 (J
1979 4496 2097 4535 oan.

519 4595 622 4648 vn,
653 4577 862 4649 57-39)..
894 4575 1047 4634 Unde
1083 4575 1218 4631 dicit
1253 4573 1412 4629 etiam
1455 4571 1650 4628 Paulus
1679 4573 1958 4643 apostolus
1989 4589 2003 4626 :
2035 4571 2101 4626 Et

517 4689 689 4730 oinues
718 4686 884 4728 unum
939 4667 1189 4738 Spiritum
1232 4666 1520 4750 poterimus
1571 4663 1759 4735 (lCor.
1815 4681 1930 4732 xu,
1987 4663 2097 4736 15).

515 4765 711 4824 Unum
736 4771 913 4819 autem
937 4760 1139 4816 donum
1162 4758 1257 4814 Dei
1278 4758 1348 4814 sit
1366 4757 1628 4828 appellata
1651 4771 1789 4828 aqua
1817 4758 1940 4825 ista,
1960 4757 2100 4828 quod

515 4865 604 4914 est
629 4856 862 4926 Spiritus
888 4861 1132 4918 sanctus,
1159 4850 1263 4907 hoc
1281 4851 1561 4921 quaeritur.
1597 4847 1707 4905 Sed
1727 4848 1864 4904 sicut
1891 4848 1976 4904 hic
2017 4850 2100 4903 in-

522 4948 766 5007 venimus
788 4942 1141 5014 ban'caquam
1182 4941 1438 5013 Spiritum
1461 4948 1710 4996 sanetum
1750 4955 1890 5006 esse,
1917 4941 1986 4996 ita
2017 4941 2100 4996 in-

521 5039 763 5095 venimus
789 5037 932 5091 alibi'
964 5037 1015 5089 in
1045 5036 1161 5106 ipso
1209 5032 1493 5102 Evangelio
1517 5031 1654 5086 hanc
1687 5046 1876 5102 aquam
1906 5031 2103 5087 donum

521 5132 616 5187 Dei
659 5129 995 5200 appellatam.
1046 5124 1180 5182 Nam
1241 5122 1500 5180 Dominus
1546 5121 1686 5178 idem
1721 5122 1932 5193 quando
1980 5138 2102 5178 cum

523 5221 742 5277 muliere
759 5216 1095 5276 Samaritana
1126 5213 1192 5270 ad
1218 5221 1434 5284 puteum
1461 5211 1777 5282 loquebatur
1795 5254 1812 5278 ,
1838 5213 1924 5267 cui
1954 5212 2103 5268 dixe-

521 5325 623 5380 rat,
658 5314 735 5370 Do
761 5313 887 5387 mihi
913 5310 1118 5375 bibere;
1145 5323 1266 5365 cum
1291 5307 1380 5362 illa
1404 5305 1810 5378 respondisset,
1836 5306 1978 5376 quod
2007 5306 2102 5363 Ju-

521 5408 622 5463 da:i
649 5424 753 5464 non
783 5414 1130 5464 conterentur
1153 5403 1532 5467 Samaritanis;
1559 5401 2025 5473 responditJesus,
2054 5410 2107 5458 et

521 5500 656 5556 dixit
683 5499 734 5555 ei
759 5516 771 5552 :
795 5501 856 5556 Si
877 5499 1033 5556 scires
1063 5499 1269 5556 Donum
1285 5497 1404 5565 Dei,
1419 5507 1468 5552 et
1491 5497 1604 5568 quis
1629 5503 1701 5551 cst
1725 5496 1811 5566 qui
1841 5496 1964 5551 dicit
1993 5497 2102 5565 tibi,

525 5592 606 5646 Da
634 5591 760 5646 mihi
805 5591 998 5657 bibere;
1021 5600 1078 5646 tu
1108 5591 1320 5661 forsitan
1363 5589 1568 5660 petisses
1609 5588 1672 5644 ab
1701 5605 1789 5658 eo,
1819 5597 1867 5645 et
1891 5589 2107 5644 dedisset

525 5686 613 5740 tibi
649 5701 833 5754 aquam
857 5685 1043 5740 vivam.
1077 5684 1212 5741 Dicit
1253 5685 1295 5740 ei
1325 5684 1506 5740 mulier
1539 5700 1558 5738 :
1588 5683 1804 5740 Domine
1825 5725 1839 5750 ,
1872 5701 2030 5756 neque
2054 5687 2108 5740 in

523 5794 624 5843 quo
647 5779 852 5848 haurias
878 5779 1028 5833 trabes
1045 5818 1058 5844 ,
1087 5789 1135 5832 et
1160 5788 1337 5848 puteus
1360 5779 1495 5834 altus
1523 5790 1630 5845 est;
1658 5781 1792 5835 unde
1811 5797 1931 5852 ergo
1951 5779 2108 5836 babes

526 5887 709 5940 aquam
734 5874 895 5930 vivam
912 5875 937 5928 ?
957 5883 1013 5930 et
1039 5881 1254 5932 caetera.
1286 5873 1563 5943 Respondit
1587 5874 1759 5945 Jesus,
1779 5886 1828 5932 ct
1855 5877 1984 5934 dixit
2011 5877 2057 5932 ei
2087 5895 2102 5932 :

1645 396 1734 454 DE
1774 391 2165 463 TRINITATE,
2205 393 2265 451 S.
2295 389 2660 454 AUGUSTINI

3652 408 3800 469 ιαμ

2213 506 2390 564 Omnis
2417 508 2504 580 qui
2539 509 2709 565 biberit
2741 527 2802 566 ea:
2827 511 2922 566 hac
2939 527 3079 584 aqua
3103 552 3117 580 ,
3149 513 3280 571 sitiet
3311 515 3542 583 iterum;
3569 518 3659 588 qui
3688 537 3793 576 au-

2207 608 2306 656 tem
2352 601 2525 655 biberit
2567 619 2633 658 ea:
2678 619 2811 675 aqua
2857 620 3007 674 quam
3045 621 3139 676 ego
3179 606 3308 663 dabo
3324 609 3401 677 ei,
3432 627 3534 666 non
3563 612 3696 666 sitiet
3738 614 3798 670 in

2205 701 2448 747 aeternum
2479 713 2492 748 :
2520 696 2608 750 sed
2645 712 2777 765 aqua
2808 713 2959 768 quam
3001 714 3091 770 ego
3110 699 3245 756 dabo
3293 702 3375 770 ei,
3399 703 3485 771 ﬁet
3505 705 3562 759 in
3589 723 3648 762 eo
3677 711 3800 780 fons

2208 799 2352 854 aqua
2375 785 2601 844 salientis
2639 789 2694 842 in
2715 789 2866 842 vitam
2880 791 3206 865 ceternamtl
3210 809 3328 850 oan.
3349 810 3430 863 sv,
3459 798 3545 853 7-1
3555 798 3634 870 4).
3659 801 3798 870 Quia

2206 891 2333 950 ergo
2362 882 2477 937 hate
2498 896 2634 952 aqua
2660 883 2778 938 viva
2795 925 2811 951 ,
2840 883 2976 940 sicut
2997 885 3331 958 Evangelista
3358 869 3636 962 exposuit,
3667 869 3796 966 spi-

2204 973 2335 1029 ritus
2361 983 2442 1030 est
2479 985 2696 1034 sanctus
2716 1020 2730 1044 ,
2755 979 2947 1049 procul
2977 980 3141 1037 dubio
3165 981 3398 1054 Spiritus
3434 987 3647 1044 Donum
3695 991 3796 1047 Dei

2203 1077 2319 1135 est,
2347 1069 2413 1125 de
2449 1086 2556 1141 quo
2577 1071 2666 1128 hic
2701 1073 2960 1130 Dominus
2988 1075 3072 1130 ait
3097 1093 3111 1128 :
3135 1076 3200 1133 Si
3239 1079 3394 1135 scires
3413 1079 3622 1137 Donum
3653 1083 3751 1138 Dei
3775 1125 3793 1151 ,

2204 1172 2250 1219 et
2287 1166 2400 1236 guis
2439 1173 2629 1236 estqui
2656 1169 2776 1223 dicit
2803 1170 2902 1223 .tibi
2925 1211 2940 1236 ,
2966 1168 3052 1224 Da
3091 1172 3218 1227 mihi
3243 1173 3450 1242 bibere;
3473 1185 3537 1230 tu
3573 1180 3795 1249 forsitan

2204 1257 2407 1328 petisses
2432 1259 2494 1312 ab
2521 1275 2578 1312 eo
2601 1300 2616 1326 ,
2643 1269 2690 1314 et
2714 1260 2931 1316 dedisset
2959 1263 3246 1336 trbiaquam
3269 1266 3450 1321 uiuam.
3481 1267 3617 1324 Nam
3649 1271 3795 1340 quod

2202 1348 2275 1404 ibi
2311 1351 2390 1406 ait
2411 1392 2428 1419 ,
2460 1349 2707 1406 Flumina
2733 1353 2797 1408 de
2813 1363 2988 1410 uentre
3007 1357 3304 1427 ejusﬂuent
3331 1374 3474 1430 aqua
3502 1361 3624 1415 uiues
3638 1376 3660 1425 ;
3681 1362 3795 1417 hoc

2201 1438 2305 1496 isto
2333 1441 2474 1510 loco,
2501 1442 2619 1498 Fiet
2646 1444 2700 1499 in
2721 1461 2814 1513 eo,
2843 1445 3033 1517 inquit,
3057 1451 3182 1520 ,[ons
3206 1466 3356 1522 egure
3379 1453 3611 1508 salientis
3631 1454 3687 1508 in
3710 1455 3792 1509 vi-

2203 1543 2306 1590 tam
2329 1545 2588 1592 (sternam.

2272 1629 2362 1685 34.
2391 1630 2814 1704 Paulusquoque
2849 1634 3163 1706 apostolus,
3211 1637 3524 1708 Unicuique,
3575 1642 3792 1714 inquit,

2202 1732 2427 1778 nostrum
2463 1725 2616 1779 datur
2649 1727 2817 1796 gratia
2863 1729 3140 1784 secundum
3175 1747 3471 1787 mensuram
3497 1736 3793 1794 donationis

2202 1815 2391 1870 Christi
2419 1826 2620 1887 satque
2667 1826 2724 1873 ut
2748 1818 3092 1877 donationem
3132 1821 3330 1879 Christi
3355 1824 3618 1895 Spiritum
3669 1844 3796 1885 san-

2202 1916 2344 1964 ctum
2369 1910 2676 1967 ostenderet
2693 1953 2714 1978 ,
2737 1922 2952 1970 secutus
2985 1915 3262 1986 adiunxit,
3295 1916 3516 1989 Propter
3535 1923 3679 1992 quod
3702 1925 3792 1977 di—

2203 2003 2312 2059 cit:
2343 2003 2582 2059 Ascendit
2607 2005 2663 2060 ia
2707 2006 2902 2074 altum,
2943 2010 3215 2078 captiuaeit
3245 2012 3584 2082 captivitatem
3603 2056 3620 2081 ,
3651 2017 3796 2072 dedit

2203 2092 2337 2149 dona
2363 2095 2647 2151 hominibus
2675 2096 2890 2170 (Epiros.
2916 2100 2996 2166 ἐν,
3027 2101 3082 2167 7.,
3111 2100 3189 2172 8).
3212 2101 3556 2160 Notissimum
3575 2116 3795 2164 estau—

2205 2195 2347 2256 tem,
2382 2187 2662 2244 Dominum
2699 2189 2884 2247 Iesum
2905 2232 2922 2257 ,
2943 2207 3068 2248 eum
3118 2203 3241 2263 post
3281 2198 3738 2256 resurrectionem
3759 2216 3797 2256 a

2202 2284 2426 2340 mortuis
2447 2285 2778 2343 ascendisset
2795 2288 2857 2344 ia
2881 2289 3078 2346 cretum
3103 2331 3118 2355 ,
3143 2291 3356 2349 dedisse
3375 2295 3628 2364 Spiritum
3657 2313 3798 2354 san-

2203 2385 2345 2433 ctum
2366 2419 2386 2445 ,
2417 2389 2525 2448 quo
2553 2379 2758 2450 impieti
2799 2382 2888 2451 qui
2913 2381 3256 2440 crediderant
3283 2425 3302 2451 ,
3332 2387 3525 2457 linguis
3539 2391 3794 2446 mnium

2202 2469 2438 2539 gentium
2481 2469 2855 2541 loquebamur.
2900 2472 3009 2531 Nec
3037 2483 3251 2531 moveat
3283 2477 3427 2546 quod
3465 2478 3578 2546 ait,
3613 2479 3748 2534 dona
3770 2498 3795 2547 ;

2203 2574 2334 2627 noti,
2363 2559 2561 2618 deum
2595 2580 2608 2615 :
2637 2563 2691 2618 id
2711 2563 2854 2621 enim
2878 2566 3241 2622 testimonio
3261 2567 3335 2624 de
3350 2568 3568 2626 Pssimo
3587 2573 3792 2641 posuit.

2204 2651 2318 2708 Hoc
2333 2662 2518 2708 autem
2542 2654 2599 2708 io
2630 2654 2840 2712 Pssimo
2867 2657 2940 2712 its
2965 2658 3156 2729 legitur
3178 2660 3502 2718 :Asceudisti
3521 2663 3582 2718 is
3605 2666 3792 2735 «tum,

2205 2745 2469 2813 oaptiuasti
2513 2748 2890 2818 captivitatem,
2931 2752 3178 2821 accepisti
3223 2753 3359 2808 “ita
3401 2755 3458 2809 in
3504 2756 3796 2814 hominibus

2207 2834 2379 2909 (Poet.
2426 2853 2602 2903 txvrr,
2629 2837 2741 2910 19).
2773 2839 2864 2896 Sic
2901 2842 3048 2898 enim
3087 2844 3270 2912 piros
3310 2845 3528 2903 codices
3551 2849 3790 2916 haunt,

2205 2935 2260 2982 et
2302 2929 2538 2985 maxine
2579 2932 2740 3001 gratei
2759 2971 2778 2996 ,
2813 2941 2873 2988 et
2900 2946 2966 2988 es
2989 2935 3212 2992 hebrum
3259 2937 3338 2992 sic
3384 2938 3795 3009 interpretatum

2205 3018 2484 3077 habemus.
2515 3021 2667 3078 Dona
2699 3026 2878 3095 itaque
2911 3025 3049 3082 dixit
3083 3029 3370 3098 Apostolus
3394 3074 3409 3099 ,
3445 3035 3798 3104 quernadmo-

2205 3109 2331 3167 dum
2359 3111 2646 3181 Propheta,
2679 3129 2783 3170 non
2808 3158 2824 3183 ,
2845 3116 3068 3174 donum.
3097 3119 3208 3176 Sed
3237 3135 3360 3178 cum
3405 3123 3674 3196 Propheta
3711 3127 3799 3183 di-

2205 3203 2372 3270 xerit,
2425 3206 2660 3276 accepisti
2685 3206 2831 3262 dona
2875 3209 2933 3264 in
2971 3210 3294 3277 Wbut;
3335 3215 3630 3286 Apostolus
3681 3234 3798 3274 rna-

2206 3294 2304 3350 luit
2349 3294 2559 3365 dicere,
2603 3298 2741 3352 dedit
2789 3299 2924 3354 dona
2969 3302 3254 3359 hominibus
3297 3322 3322 3358 :
3355 3315 3414 3361 ut
3449 3322 3522 3362 ex
3566 3317 3797 3380 utroque

2206 3385 2411 3443 soiiicet
2440 3388 2634 3455 verba,
2683 3403 2792 3446 uno
2839 3393 3189 3463 promotion,
3227 3398 3529 3467 apostolico
3587 3401 3792 3469 altern,

2205 3477 2328 3546 quia
2351 3478 2404 3534 in
2432 3485 2656 3550 utroque
2680 3489 2764 3538 est
2775 3482 2940 3538 divini
2959 3487 3222 3542 sermonis
3247 3491 3538 3547 auctoritas
3559 3533 3573 3556 ,
3597 3500 3801 3549 sensus

2206 3573 2545 3643 plenissimus
2589 3575 2925 3632 redderetur.
2959 3576 3258 3649 Utrumque
3281 3582 3424 3638 etaim
3452 3597 3639 3639 verum
3669 3595 3754 3642 est
3775 3629 3793 3656 ,

2207 3675 2263 3722 et
2281 3666 2407 3737 quia
2435 3667 2586 3724 dedit
2612 3667 2916 3725 horninibus
2940 3709 2956 3734 ,
2980 3678 3041 3726 et
3083 3671 3208 3740 quia
3233 3674 3442 3743 accepit
3469 3675 3527 3730 in
3555 3675 3794 3734 hornini-

2206 3757 2326 3813 bus.
2351 3758 2507 3814 Dedit
2537 3759 2871 3828 hominibus,
2893 3770 3145 3832 tanquam
3171 3773 3334 3834 caput
3361 3767 3621 3824 mernbris
3647 3771 3792 3827 suis:

2206 3849 2408 3917 accepit
2437 3849 2486 3903 in
2507 3846 2815 3906 horninibus
2841 3851 2981 3907 idem
3006 3853 3120 3923 ipse
3151 3855 3333 3925 utique
3371 3858 3634 3921 rnernbris
3659 3862 3792 3928 suis,

2205 3948 2424 4012 propter
2443 3956 2567 4011 qlia).
2604 3942 2845 3998 membra
2875 3958 2970 3998 sua
3020 3945 3272 4000 clamavit
3293 3946 3363 4002 de
3390 3949 3527 4004 ccelo
3547 3991 3562 4016 ,
3593 3949 3756 4005 Saule
3775 3993 3794 4018 ,

2206 4031 2398 4099 Saule,
2417 4033 2543 4103 quid
2567 4049 2647 4088 me
2669 4036 2982 4105 persequeris
3005 4035 3145 4106 (Act.
3179 4052 3232 4092 tx
3252 4079 3266 4106 ,
3298 4039 3395 4109 t)?
3421 4050 3479 4096 et
3503 4041 3574 4098 de
3599 4043 3798 4113 quibus

2205 4127 2460 4182 membris
2497 4127 2612 4184 suis
2639 4129 2746 4196 ait,
2792 4128 3010 4194 Quando
3036 4131 3129 4184 uni
3157 4147 3221 4186 ex
3244 4133 3464 4188 minimis
3505 4137 3630 4190 meis
3665 4138 3796 4206 feci-

2205 4219 2317 4286 stis,
2341 4219 2468 4274 milu‘
2495 4219 2683 4288 fecistis
2703 4219 2921 4292 (Mardi.
2945 4237 3075 4289 xxv,
3101 4222 3218 4296 d0).
3242 4223 3360 4295 Ipse
3381 4241 3502 4297 ergo
3518 4226 3790 4296 Christus,

2205 4321 2259 4368 et
2279 4311 2430 4368 dedit
2449 4312 2518 4368 de
2533 4312 2694 4380 creto,
2707 4321 2769 4368 et
2790 4315 2997 4386 accepit
3015 4315 3070 4370 in
3091 4323 3254 4372 terra.
3277 4316 3437 4373 Porro
3449 4326 3626 4374 autern
3645 4319 3794 4376 dona

2206 4404 2275 4460 ob
2320 4404 2424 4460 hoc
2463 4404 2622 4460 ambo
2659 4405 2947 4473 dixerunt,
2977 4415 3034 4463 et
3073 4408 3344 4479 Propheta
3383 4418 3438 4466 et
3463 4410 3792 4483 Apostolus,

2204 4498 2327 4568 quia
2359 4512 2456 4568 per
2477 4496 2701 4565 donum,
2727 4497 2872 4568 quod
2895 4505 2979 4554 est
3013 4499 3248 4568 Spiritus
3285 4510 3519 4569 sanctus,
3551 4503 3609 4558 in
3645 4519 3794 4561 corn-

2204 4604 2366 4646 rnune
2399 4590 2650 4646 omnibus
2691 4589 2951 4646 membris
3009 4589 3206 4647 Christi
3245 4593 3412 4648 multa
3451 4593 3633 4664 dona,
3676 4611 3792 4668 quae

2205 4689 2330 4737 sunt
2373 4681 2672 4752 quibusque
2707 4682 2954 4752 propria,
2992 4682 3324 4740 dividuntur.
3352 4684 3470 4740 Non
3495 4686 3645 4742 enim
3686 4688 3793 4745 sim

2204 4774 2314 4844 εειιὶ
2357 4774 2554 4844 quique
2603 4772 2805 4830 trabem
2847 4774 3067 4839 omnia,
3110 4775 3206 4832 sed
3251 4774 3306 4833 hi
3349 4776 3473 4844 illa,
3521 4779 3612 4833 alii
3637 4780 3791 4838 alia:

2201 4866 2449 4938 quamvis
2465 4865 2641 4935 ipsum
2664 4863 2866 4922 donum
2891 4880 2926 4920 a
2949 4880 3055 4935 quo
3076 4867 3271 4936 cuique
3301 4868 3515 4938 propria
3542 4869 3792 4927 dividun-

2207 4966 2295 5012 tur
2321 4969 2507 5013 omnes
2535 4955 2794 5022 habeant,
2823 4955 2880 5012 id
2917 4966 3002 5012 est
3020 4998 3036 5025 ,
3057 4957 3312 5027 Spiritum
3339 4968 3606 5016 sanctum.
3663 4963 3792 5019 Nam

2203 5056 2262 5105 et
2301 5047 2429 5102 alibi
2471 5061 2594 5104 cum
2619 5047 2788 5103 multa
2830 5046 2972 5102 dona
3017 5060 3530 5118 commemorasset,
3563 5051 3754 5108 Omnia
3777 5097 3790 5120 ,

2209 5140 2414 5212 inquit,
2445 5141 2550 5195 hac
2587 5148 2828 5209 operatur
2871 5155 3002 5194 unus
3023 5149 3172 5211 atque
3200 5141 3336 5194 idem
3380 5140 3612 5212 Spiritus
3633 5184 3647 5207 ,
3675 5145 3796 5198 divi-

2201 5236 2334 5290 dens
2356 5234 2564 5305 propria
2585 5234 2854 5302 unicuique
2879 5242 3030 5303 prout
3052 5234 3154 5288 vult
3173 5233 3214 5304 (ι
3236 5233 3355 5290 Cor.
3377 5250 3471 5300 xu,
3507 5236 3622 5308 Η).
3649 5238 3796 5306 Quod

2207 5330 2429 5385 verbum
2457 5335 2511 5383 et
2529 5328 2584 5382 in
2609 5327 2844 5397 Epistola
2873 5342 2994 5398 quae
3023 5328 3089 5383 ad
3127 5328 3382 5384 Hebraeos
3405 5338 3488 5385 est
3511 5331 3793 5397 invenitur,

2207 5425 2302 5481 ubi
2342 5422 2601 5492 scriptum
2645 5427 2760 5488 est,
2792 5420 3069 5476 Attestante
3113 5421 3224 5477 Deo
3273 5423 3434 5494 signis
3469 5432 3515 5477 ot
3566 5426 3797 5490 ostentis,

2210 5528 2258 5575 et
2300 5519 2454 5574 variis
2498 5518 2761 5574 virtutibus
2783 5558 2800 5584 ,
2825 5525 2872 5572 et
2910 5516 3136 5589 Spiritus
3182 5520 3342 5574 sancti
3387 5520 3727 5575 distributioni
3756 5522 3796 5573 ί.

2213 5611 2396 5688 (Hebr.
2428 5628 2501 5679 ιι,
2529 5613 2604 5682 4).
2639 5611 2708 5667 Et
2735 5611 2822 5667 htc
2845 5627 2967 5667 cum
2997 5611 3238 5682 dixisset,
3268 5613 3506 5668 Ascendit
3534 5615 3589 5669 in
3614 5615 3796 5680 altum,

2213 5706 2473 5778 captivavit
2500 5704 2852 5775 captivitatem,
2879 5705 3016 5759 dedit
3034 5706 3169 5760 dona
3188 5706 3506 5775 hominibus;
3524 5707 3679 5773 Quod
3701 5723 3801 5760 auc

2280 5885 2298 5917 ⁸
2333 5885 2557 5942 Plerique
2579 5888 2707 5938 Mss.
2727 5880 3030 5934 dirisimibus
