4072 6440
534 438 672 496 {087

534 552 635 611 bus
672 554 801 611 satis
837 553 1104 621 disserui,
1129 549 1344 623 proprie
1371 546 1451 603 sic
1475 552 1694 601 vocetur
1726 561 1738 596 :
1772 540 1909 611 quod
1942 546 2117 590 autem

534 648 734 704 dictum
769 655 850 702 est
873 689 889 714 ,
917 645 1042 699 Filii
1068 642 1328 699 charitatis
1354 656 1459 707 sate
1480 680 1495 707 ,
1527 637 1661 692 nihil
1690 633 1833 688 aliud
1862 630 2120 699 intelliga-

537 749 623 795 tur
642 782 657 807 ,
685 755 844 810 quam
871 736 989 791 Filii
1012 736 1094 791 sui
1118 734 1295 789 dilecti
1321 775 1335 801 ,
1368 747 1525 803 quam
1552 730 1669 784 Filii
1699 734 1971 799 postremo
1996 722 2122 778 sub-

534 832 742 886 stantire
785 845 913 884 sum.
960 828 1201 883 Charitas
1239 826 1435 896 quippe
1472 822 1647 879 Patris
1684 836 1803 891 quae
1841 819 1896 873 in
1936 825 2122 871 natura

536 924 649 993 ejus
692 929 772 976 est
812 918 1151 975 inell‘abiliter
1189 915 1451 988 simplici,
1496 914 1629 969 nihil
1673 922 1755 968 est
1798 909 1939 965 aliud
1964 922 2123 979 quam

535 1014 650 1083 ejus
694 1012 806 1083 ipsa
843 1020 1028 1067 natura
1056 1019 1215 1081 atque
1242 1007 1565 1075 substantia,
1598 1014 1657 1061 ut
1684 1020 1824 1073 smpe
1847 1003 1957 1073 jam
1986 1002 2125 1057 dixi-

434 1104 441 1109 “
478 1158 483 1161 ,
535 1117 654 1157 mus
678 1143 692 1169 ,
732 1110 786 1157 et
822 1117 963 1171 sazpc
1010 1102 1203 1156 iterare
1240 1116 1346 1155 non
1386 1099 1547 1169 piget.
1588 1099 1667 1151 Ac
1708 1112 1801 1167 per
1824 1094 1926 1149 hoc
1964 1093 2128 1148 Filius

536 1193 811 1249 charitatis
852 1196 867 1225 ι
909 1194 1025 1264 ejus
1068 1194 1242 1248 nullus
1278 1200 1361 1249 est
1403 1192 1573 1257 alius,
1604 1204 1761 1260 quam
1788 1188 1878 1259 qui
1907 1187 1975 1243 de
2003 1185 2129 1241 sub-

540 1288 734 1341 stantia
765 1287 879 1356 ejus
907 1294 989 1341 est
1015 1285 1248 1356 genitus.

611 1381 836 1437 CAPUT
878 1380 993 1435 XX.
1016 1410 1087 1419 —
1121 1381 1208 1436 58.
1233 1379 1420 1435 Contra
1444 1377 1751 1432 Eunomium
1770 1374 2012 1428 dicentem
2034 1371 2131 1426 Fi-

540 1472 668 1525 lium
709 1470 800 1524 Dei
834 1487 934 1525 non
960 1480 1186 1539 naturae,
1223 1470 1310 1525 sed
1338 1468 1605 1523 voluntatis
1630 1482 1736 1520 esse
1759 1464 1973 1518 Filium.
2004 1461 2133 1531 Epi-

542 1562 686 1633 logus
728 1562 1156 1631 supradictorum.
1201 1559 1459 1628 Quocirca
1502 1556 1721 1613 ridenda
1748 1565 1831 1612 est
1858 1554 2133 1610 dialectica

541 1652 813 1721 Eunomii,
854 1668 883 1708 a
906 1670 1011 1725 quo
1042 1653 1358 1708 Eunomiani
1389 1650 1623 1706 bmretici
1646 1649 1818 1705 exorti
1847 1655 1970 1703 sunt
1994 1664 2007 1699 :
2036 1645 2125 1716 qui

542 1760 666 1800 cum
694 1762 798 1802 non
828 1748 1088 1817 potuisset
1112 1747 1409 1817 intelligere
1426 1786 1441 1810 ,
1475 1760 1575 1802 nec
1600 1743 1820 1800 credere
1844 1743 2127 1809 voluisset,

546 1839 876 1909 unigenitum
914 1841 1005 1895 Dei
1033 1840 1265 1896 Verbum
1287 1882 1302 1907 ,
1347 1855 1441 1909 per
1467 1839 1610 1910 quod
1635 1836 1775 1892 facta
1804 1844 1930 1891 sunt
1958 1836 2133 1890 omnia

545 1930 724 2001 (Joan.
771 1948 823 1997 ι,
872 1933 967 2003 5),
1011 1932 1202 1987 Filium
1243 1932 1337 1987 Dei
1379 1946 1499 1986 esse
1535 1937 1760 1996 natura,
1801 1929 1903 1983 hoc
1932 1935 2041 1992 est,
2068 1926 2138 1982 de

546 2025 839 2080 substantia
871 2026 1043 2080 Patris
1063 2027 1331 2097 genitum;
1360 2040 1464 2079 non
1486 2032 1688 2079 natura:
1713 2023 1798 2077 vel
1825 2021 2138 2077 substantiae

546 2130 656 2172 suae
677 2118 788 2172 sive
813 2120 1059 2174 essentia:
1083 2118 1216 2173 dixit
1240 2134 1360 2174 esse
1384 2117 1578 2173 Filium
1596 2158 1611 2183 ,
1640 2115 1734 2171 sed
1760 2114 1923 2170 tilium
1945 2114 2135 2169 volun-

548 2211 670 2265 tatis
697 2211 827 2278 Dei,
850 2212 1174 2267 aceidentem
1201 2212 1403 2267 scilicet
1432 2211 1540 2266 Deo
1566 2210 1751 2266 volens
1775 2222 2017 2264 asserere
2040 2222 2138 2261 vo-

548 2302 807 2359 ltmtatem
833 2319 937 2373 qua
956 2304 1198 2374 gigneret
1220 2303 1411 2358 Filium
1435 2322 1448 2359 :
1478 2302 1729 2357 videlicet
1752 2302 1872 2355 ideo
1893 2300 2014 2370 quia
2038 2314 2136 2354 nos

549 2391 747 2462 aliquid
788 2393 1072 2464 aliquando
1112 2396 1391 2461 volumus,
1429 2394 1572 2465 quod
1605 2402 1758 2448 antea
1790 2407 1896 2447 non
1927 2390 2140 2445 voleba-

550 2496 710 2548 mus;
758 2484 906 2553 quasi
956 2499 1060 2541 non
1110 2494 1329 2556 propter
1374 2486 1474 2540 ista
1517 2483 1784 2539 mutabilis
1822 2481 2140 2551 intelligatur

550 2583 735 2631 nostra
777 2584 993 2642 natura,
1032 2576 1174 2647 quod
1219 2576 1355 2633 absit
1396 2577 1533 2632 utin
1561 2577 1671 2632 Deo
1696 2588 1815 2631 esse
1838 2572 2138 2630 credamus.

549 2665 731 2738 Neque
752 2668 893 2723 enim
923 2668 992 2725 ob
1016 2670 1160 2725 aliud
1188 2672 1441 2740 scriptum
1468 2679 1580 2736 est,
1613 2668 1791 2724 Multa:
1817 2667 2141 2739 cogitationes

549 2757 605 2812 in
637 2759 787 2813 corde
821 2760 952 2827 viri;
985 2762 1250 2816 consilium
1285 2770 1453 2816 autem
1493 2760 1697 2817 Domini
1727 2769 1891 2814 manet
1918 2760 1973 2813 in
1995 2767 2141 2812 wter-

551 2865 672 2904 nam
699 2850 877 2921 (Prov.
904 2868 1030 2920 nx,
1063 2852 1191 2926 2i);
1221 2855 1321 2910 nisi
1351 2863 1409 2910 ut
1433 2854 1792 2926 intelligamus
1819 2853 1929 2909 sive
1957 2850 2142 2906 creda-

552 2956 672 2997 mus
696 2984 711 3010 ,
761 2943 899 2999 sicut
933 2954 1192 3001 aeternum
1234 2947 1401 3003 Deum
1422 2990 1437 3015 ,
1477 2949 1549 3003 ita
1590 2948 1649 3001 in
1685 2956 1944 3001 aeternum
1974 2946 1995 2976 ⁸
2026 2944 2142 3015 ejus

552 3047 673 3089 esse
719 3035 1028 3103 consilium,
1070 3053 1133 3094 ac
1173 3053 1268 3108 per
1312 3040 1412 3094 hoc
1450 3037 1814 3105 immutabile,
1856 3037 1991 3093 sicut
2028 3037 2144 3107 ipse

552 3131 653 3179 est.
690 3125 841 3193 Quod
878 3136 1055 3184 autem
1082 3130 1147 3184 de
1175 3130 1611 3199 cogitationibus,
1643 3129 1744 3186 hoc
1771 3130 1930 3186 etiam
1958 3129 2026 3184 de
2050 3143 2143 3183 vo-

554 3213 845 3273 luntatibus
882 3219 1157 3275 verissime
1185 3220 1288 3275 dici
1318 3228 1493 3289 potest
1519 3239 1533 3274 :
1567 3220 1742 3276 Multae
1766 3220 2064 3274 voluntates
2089 3219 2143 3273 in

552 3307 716 3364 corde
735 3310 831 3364 viri
858 3328 873 3377 ;
905 3312 1148 3368 voluntas
1168 3322 1347 3369 autem
1365 3313 1572 3369 Domini
1592 3320 1767 3367 manet
1783 3312 1836 3366 in
1859 3320 2141 3366 aeternum.

556 3398 782 3467 Quidam
824 3417 893 3457 ne
927 3404 1093 3459 lilium
1124 3405 1329 3461 consilii
1354 3406 1442 3462 vel
1472 3406 1757 3461 voluntatis
1786 3404 1881 3460 Dei
1904 3404 2149 3460 dicerent

557 3491 886 3562 unigenitum
912 3494 1143 3551 Verbum
1165 3537 1179 3562 ,
1210 3498 1382 3567 ipsum
1404 3498 1683 3553 consilium
1704 3511 1797 3552 seu
1817 3496 2145 3551 voluntatem

557 3582 729 3640 Patris
760 3585 899 3641 idem
923 3587 1151 3642 Verbum
1172 3604 1292 3644 esse
1320 3589 1587 3644 dixerunt.
1613 3588 1721 3644 Sed
1746 3588 1954 3657 melius,
1978 3602 2145 3659 quan-

558 3684 669 3732 tum
707 3676 989 3744 existimo,
1036 3679 1227 3735 dicitur
1265 3680 1542 3737 consilium
1576 3679 1644 3735 de
1681 3679 1937 3745 consilio,
1970 3688 2023 3734 et
2050 3693 2146 3734 vo-

560 3769 734 3825 luntas
771 3770 839 3825 de
879 3773 1180 3841 voluntate,
1216 3775 1352 3829 sicut
1384 3772 1677 3828 substantia
1716 3773 1782 3827 de
1821 3771 2145 3839 substantia,

561 3861 819 3931 sapientia
864 3862 930 3918 de
966 3865 1224 3934 sapientia
1259 3884 1270 3918 :
1302 3881 1370 3919 ne
1397 3864 1721 3920 absurditate
1746 3863 1833 3918 illa
1859 3879 2016 3934 quam
2038 3864 2149 3933 jam

562 3954 850 4010 refellimus
874 3998 888 4021 ,
938 3957 1105 4014 Filius
1145 3959 1349 4014 dicatur
1395 3959 1609 4014 Patrem
1653 3960 1824 4013 lacere
1857 3958 2151 4029 sapientem

563 4048 649 4101 vel
691 4049 983 4115 volentem,
1032 4052 1075 4105 si
1120 4068 1223 4106 non
1269 4051 1427 4106 habet
1474 4052 1629 4107 Pater
1654 4052 1707 4106 in
1733 4052 2027 4107 substantia
2054 4065 2151 4106 sua

565 4138 845 4193 consilium
870 4141 954 4194 vel
979 4141 1321 4196 voluntatem.
1345 4142 1514 4197 Acute
1537 4158 1665 4197 sane
1690 4142 1903 4213 quidam
1926 4158 2151 4213 reSpon-

567 4230 647 4285 dit
683 4231 932 4287 haaretico
967 4235 1327 4289 versutissime
1370 4234 1747 4306 interroganti,
1790 4242 1967 4290 utrum
2013 4236 2153 4290 Deus

568 4322 761 4379 Filium
784 4324 970 4379 volens
994 4340 1060 4379 an
1090 4326 1276 4381 nolens
1300 4326 1543 4396 genuerit
1575 4344 1588 4379 :
1622 4334 1677 4381 ut
1707 4327 1751 4380 si
1778 4327 2013 4395 diceret,
2044 4327 2153 4383 No-

567 4415 685 4471 lens
707 4457 722 4483 ,
746 4417 1123 4473 absurdissima
1148 4420 1238 4473 Dei
1269 4420 1479 4475 miseria
1502 4429 1851 4491 sequeretur;
1880 4422 2114 4475 siautem
2138 4462 2152 4487 ,

572 4506 771 4563 Volens
794 4549 810 4575 ,
857 4509 1111 4564 continuo
1151 4510 1292 4580 quod
1339 4510 1644 4566 intendebat
1678 4512 1821 4566 velut
1848 4512 2038 4566 invicta
2066 4527 2155 4566 ra-

571 4597 717 4653 tione
759 4599 1132 4667 concluderet,
1172 4617 1277 4656 non
1308 4612 1506 4657 natura}
1532 4618 1651 4659 esse
1679 4602 1871 4659 Filium
1892 4644 1906 4668 ,
1938 4604 2031 4659 sed
2061 4619 2158 4660 vo-

573 4688 812 4745 luntatis.
858 4691 928 4746 At
970 4691 1061 4747 ille
1101 4693 1497 4763 vigilantissime
1536 4695 1768 4751 vicissim
1808 4696 2052 4766 quaesivit
2093 4698 2160 4754 ab

574 4796 674 4850 eo,
710 4791 886 4837 utrum
926 4785 1065 4839 Deus
1095 4785 1250 4840 Pater
1273 4786 1454 4841 volens
1484 4802 1550 4840 an
1580 4787 1764 4841 nolens
1790 4787 1859 4842 sit
1890 4788 2030 4843 Deus
2056 4806 2068 4841 :
2102 4798 2162 4844 ut

576 4876 622 4930 si
649 4877 1027 4947 responderet,
1058 4878 1251 4934 Nolens
1270 4921 1285 4947 ,
1318 4890 1628 4950 sequeretur
1653 4882 1738 4936 illa
1765 4881 1975 4937 miseria
2002 4897 2160 4952 quam

577 4967 644 5022 de
679 4968 790 5022 Deo
823 4970 1041 5025 credere
1068 4986 1253 5041 magna
1283 4972 1483 5025 insania
1505 4981 1618 5037 est;
1650 4973 1693 5026 si
1722 4981 1896 5027 autem
1921 4972 2159 5039 diceret,

579 5055 810 5123 Volens,
845 5062 1255 5130 responderetur
1283 5062 1330 5116 ei
1355 5102 1370 5126 ,
1405 5062 1542 5132 Ergo
1569 5071 1623 5118 et
1647 5061 1761 5132 ipse
1794 5065 1931 5118 Deus
1959 5074 2041 5119 est
2065 5079 2163 5119 sua

580 5148 886 5215 voluntate,
923 5167 1026 5206 non
1058 5163 1264 5208 natura.
1293 5154 1429 5221 Quid
1475 5170 1603 5225 ergo
1646 5156 1912 5221 restabat,
1955 5156 2056 5210 nisi
2109 5166 2166 5211 ut

582 5240 976 5297 obmutesceret
990 5284 1004 5309 ,
1032 5253 1085 5299 et
1104 5259 1196 5299 sua
1221 5245 1637 5316 interrogatione
1657 5246 1946 5316 obligatu'm
1968 5247 2167 5303 insolu-

586 5328 677 5383 bili
702 5332 911 5387 vinculo
936 5348 994 5388 se
1018 5336 1262 5392 videret?
1285 5338 1389 5393 Sed
1415 5339 1659 5394 voluntas
1688 5339 1783 5393 Dei
1809 5339 1851 5393 si
1878 5348 1934 5394 et
1956 5341 2169 5409 proprie

586 5419 808 5475 dicenda
844 5432 925 5477 est
962 5425 1133 5495 aliqua
1176 5427 1229 5481 in
1272 5428 1527 5486 Trinitate
1566 5445 1825 5500 persona,
1865 5432 2030 5502 magis
2067 5430 2169 5488 hoc

588 5528 780 5566 nomen
822 5516 1038 5584 Spiritui
1075 5529 1259 5577 sancto
1285 5524 1563 5592 competit,
1593 5524 1729 5578 sicut
1752 5524 2003 5580 Charitas.
2034 5524 2167 5583 Nam

588 5604 712 5673 quid
742 5614 824 5659 est
848 5606 988 5661 aliud
1017 5610 1273 5679 charitas,
1296 5628 1452 5683 quam
1476 5614 1762 5670 voluntas?

657 5740 673 5770 ι
709 5741 837 5802 Apud
862 5747 967 5791 Lov.
997 5754 1010 5791 :
1037 5743 1284 5796 charitate.

630 5863 637 5871 ι
706 5803 777 5851 sic
798 5803 1016 5876 nonnulli
1042 5806 1157 5876 editi
1183 5816 1233 5857 et
1249 5812 1450 5876 ipsaAPP.
1479 5811 1777 5876 Benedictin.
1799 5813 1945 5863 editio
1964 5820 2169 5865 Antucr-

594 5873 761 5924 plana;
785 5872 836 5915 at
859 5870 907 5914 in
935 5870 1079 5927 priori
1104 5871 1280 5920 Bened.
1310 5872 1547 5933 editione,
1575 5873 1643 5924 ita
1662 5881 1910 5925 tetanum.
1977 5884 2033 5925 tu.

1668 426 1752 480 DE
1790 418 2177 483 'rinxtixn'ic,
2208 416 2262 469 s.
2308 415 2667 471 AUGUSTINI

3671 413 3817 471 l088

2296 531 2384 586 39.
2414 531 2577 586 Video
2605 546 2689 586 me
2714 529 2780 585 de
2808 528 3008 600 Spiritu
3033 534 3215 583 sancto
3244 529 3297 582 in
3328 527 3432 582 isto
3454 527 3596 583 libro
3614 541 3821 582 secun-

2223 612 2346 678 dum
2387 622 2688 692 Scripturas
2725 630 2937 678 sanctas
2976 621 3075 677 hoc
3102 620 3403 691 disputasse
3426 662 3441 687 ,
3469 618 3615 692 quod
3646 619 3825 675 ﬁdeli-

2223 716 2323 771 bus
2360 717 2556 771 sufﬁcit
2591 717 2880 772 scientibus
2915 716 3024 785 jam
3066 715 3233 769 Deum
3259 728 3379 769 esse
3406 711 3669 784 Spiritum
3699 728 3829 768 san-

2225 821 2404 877 ctum,
2451 826 2551 866 nec
2593 810 2813 865 alterius
2852 808 3193 873 substantiae,
3236 822 3338 861 nec
3374 806 3639 861 minorem
3670 821 3829 875 quam

2226 912 2308 960 est
2334 904 2494 959 Pater
2513 912 2566 957 et
2591 903 2755 957 Filius
2773 942 2787 967 ,
2811 901 2953 972 quod
2982 902 3037 955 in
3056 899 3421 970 superioribus
3450 898 3602 953 libris
3631 912 3829 953 secun-

2228 996 2355 1053 dum
2402 996 2615 1052 easdem
2661 995 2963 1065 Scripturas
3002 1009 3189 1049 verum
3235 1007 3359 1049 esse
3404 992 3706 1048 docuimus.
3761 993 3833 1047 De

2230 1096 2469 1143 creatura
2500 1088 2660 1142 etiam
2691 1102 2847 1157 quam
2878 1085 3003 1141 fecit
3030 1085 3171 1141 Deus
3199 1127 3215 1151 ,
3246 1093 3503 1155 quantum
3528 1084 3825 1149 valuimus,

2230 1181 2604 1236 admonuimus
2642 1194 2735 1236 eos
2776 1181 2864 1250 qui
2906 1180 3167 1235 rationem
3211 1178 3281 1234 de
3316 1178 3478 1233 rebus
3516 1177 3713 1232 talibus
3739 1191 3835 1246 po-

2231 1280 2426 1339 scunt,
2453 1280 2510 1325 ut
2548 1271 2829 1325 invisibilia
2858 1271 3005 1340 ejus,
3032 1285 3125 1339 per
3152 1284 3215 1324 ea
3242 1284 3363 1338 quze
3392 1268 3530 1323 facta
3561 1276 3708 1335 sunt,
3734 1267 3835 1321 sic~

2234 1372 2291 1419 ut
2326 1371 2582 1434 possent,
2627 1362 2897 1419 intellecta
2941 1362 3313 1432 conspicerent
3339 1361 3515 1432 (Rom.
3547 1375 3601 1428 ι,
3624 1358 3717 1429 20)
3737 1400 3752 1424 ,
3779 1366 3834 1414 et

2236 1458 2467 1511 maxime
2493 1470 2587 1525 per
2609 1456 2922 1510 rationalem
2949 1455 3034 1510 vel
3058 1454 3472 1510 intellectualem
3498 1464 3829 1519 creaturam,

2236 1562 2356 1617 qua:
2400 1547 2536 1602 facta
2563 1554 2645 1602 est
2672 1546 2738 1600 ad
2770 1546 3052 1615 imaginem
3084 1545 3177 1601 Dei
3204 1561 3219 1611 ;
3249 1560 3345 1616 per
3370 1545 3512 1616 quod
3540 1545 3689 1600 velut
3713 1558 3831 1614 ερας

2237 1638 2413 1694 culum
2434 1681 2449 1706 ,
2484 1645 2738 1708 quantum
2767 1646 3019 1708 possent,
3049 1636 3095 1693 si
3124 1645 3378 1707 possent,
3410 1645 3696 1692 cernerent
3722 1636 3835 1692 Tri-

2238 1729 2458 1785 nitatem
2490 1729 2658 1785 Deum
2682 1770 2695 1794 ,
2724 1730 2777 1783 in
2805 1737 2986 1785 nostra
3010 1729 3267 1783 memoria
3286 1768 3303 1792 ,
3336 1727 3715 1799 intelligentia,
3739 1743 3833 1784 vo-

2238 1821 2465 1875 luntate.
2501 1820 2631 1888 Quae
2668 1820 2767 1874 tria
2805 1820 2859 1874 in
2897 1835 2991 1874 sua
3026 1829 3205 1875 mente
3238 1820 3551 1874 naturaliter
3588 1819 3837 1876 divinitus

2241 1910 2480 1967 instituta
2510 1912 2750 1982 quisquis
2767 1911 3021 1967 vivaeiter
3040 1911 3313 1981 perspicit,
3335 1918 3389 1967 et
3407 1927 3566 1982 quam
3590 1928 3835 1983 magnum

2242 2006 2311 2060 sit
2336 2006 2386 2059 in
2423 2020 2485 2061 ea
2506 2046 2521 2071 ,
2552 2004 2697 2061 unde
2726 2013 2903 2075 potest
2931 2006 3090 2060 etiam
3118 2006 3441 2075 sempiterna
3468 2006 3838 2061 immutabilis-

2241 2110 2344 2166 que
2374 2104 2564 2151 natura
2608 2096 2807 2165 recoli,
2832 2096 3069 2166 conspici
3098 2097 3114 2127 ¹
3134 2138 3148 2164 ,
3176 2096 3501 2167 concupisci,
3537 2098 3838 2152 reminisci-

2242 2198 2327 2243 tur
2367 2203 2462 2259 per
2494 2188 2807 2243 memoriam
2826 2229 2841 2255 ,
2877 2190 3112 2243 intuetur
3138 2203 3233 2259 per
3256 2188 3648 2259 intelligentiam
3675 2229 3691 2254 ,
3720 2204 3837 2243 am-

2243 2280 2489 2350 plectitur
2512 2295 2605 2349 pcr
2629 2279 2993 2349 dilectionem,
3028 2279 3268 2352 proiecto
3294 2281 3485 2350 reperit
3510 2280 3651 2335 illius
3680 2296 3836 2336 sum-

2244 2387 2346 2427 mm
2386 2372 2659 2427 Trinitatis
2684 2372 2990 2443 imaginem.
3024 2372 3106 2428 Ad
3133 2388 3291 2443 quam
3316 2387 3572 2427 summam
3598 2372 3837 2427 Trinita-

2247 2472 2352 2518 tem
2396 2463 2840 2518 reminiscendam
2866 2504 2879 2529 ,
2915 2463 3227 2530 videndam,
3259 2464 3610 2535 diligendam,
3638 2472 3696 2519 ut
3719 2479 3835 2521 eam

2244 2554 2585 2621 recordetur,
2619 2570 2736 2610 eam
2765 2557 3155 2626 contempletur
3175 2598 3190 2623 ,
3223 2572 3286 2612 ea
3311 2557 3636 2622 delectetur,
3671 2566 3834 2612 totum

2245 2648 2402 2703 debet
2445 2648 2645 2704 referre
2688 2648 2831 2718 quod
2870 2649 3014 2706 vivit.
3047 2648 3244 2705 Verum
3270 2664 3339 2705 ne
3380 2649 3517 2704 hanc
3557 2651 3835 2721 imaginem

2244 2739 2313 2793 ab
2357 2737 2542 2793 eadem
2592 2738 2849 2795 Trinitate
2896 2740 3120 2809 factam,
3174 2749 3230 2796 et
3278 2755 3376 2795 suo
3422 2741 3547 2796 vitio
3592 2742 3646 2796 in
3694 2741 3837 2797 dete-

2246 2829 2357 2884 rius
2407 2839 2783 2886 commutatam
2817 2871 2832 2898 ,
2884 2830 2955 2886 ita
3001 2831 3175 2887 eidem
3220 2840 3495 2903 comparet
3546 2832 3789 2888 Trinitati
3816 2875 3832 2900 ,

2246 2932 2304 2979 ut
2329 2924 2474 2979 omni
2499 2923 2660 2979 modo
2698 2924 2967 2980 existimet
3005 2925 3273 2992 similem;
3311 2926 3404 2981 sed
3433 2926 3605 2997 potius
3631 2928 3685 2982 in
3714 2943 3838 2998 qua-

2247 3015 2510 3086 licumque
2564 3016 2664 3071 ista
2736 3016 3078 3074 similitudine
3129 3032 3373 3090 magnam
3429 3034 3637 3091 quoque
3687 3020 3839 3075 dissi-

2246 3108 2599 3163 militudinem
2648 3116 2870 3176 cernat,
2894 3119 3150 3180 quantum
3186 3124 3306 3167 esse
3354 3110 3487 3166 satis
3529 3110 3833 3177 videbatur,

2247 3198 2520 3255 admonui.

2319 3294 2545 3350 CAPUT
2590 3293 2731 3349 XXI.
2763 3322 2835 3334 —
2868 3294 2955 3350 40.
2992 3294 3069 3348 De
3105 3295 3365 3366 proposita
3387 3295 3711 3349 similitudine
3738 3294 3841 3348 Pa-

2250 3384 2341 3438 tris
2366 3394 2413 3439 et
2436 3383 2564 3439 Filii
2582 3386 2637 3439 in
2658 3385 2900 3439 memoria
2922 3394 2970 3439 et
2997 3385 3329 3455 intelligentia
3353 3395 3543 3440 nostra.
3574 3384 3650 3439 De
3665 3385 3841 3439 simili-

2251 3477 2424 3531 tudine
2467 3477 2692 3547 Spiritus
2732 3478 2895 3531 sancti
2937 3477 2992 3530 in
3026 3476 3281 3532 voluntate
3317 3493 3407 3533 seu
3446 3494 3615 3531 amore
3650 3486 3837 3531 nostro.

2252 3569 2395 3627 Sane
2435 3570 2602 3625 Deum
2639 3570 2855 3625 Patrem
2875 3611 2890 3636 ,
2922 3578 2977 3625 et
3003 3570 3172 3625 Deum
3197 3569 3391 3624 Filium
3413 3611 3427 3636 ,
3462 3571 3513 3623 id
3537 3576 3646 3636 est,
3678 3570 3841 3623 Deum

2252 3663 2550 3733 genitorem
2588 3664 2681 3733 qui
2720 3663 2898 3718 omnia
2938 3678 3056 3734 qua:
3097 3663 3514 3718 substantialiter
3552 3662 3748 3728 habet,
3788 3663 3841 3716 in

2253 3761 2525 3809 eoa-terno
2579 3753 2680 3808 sibi
2726 3753 2901 3809 Verbo
2948 3769 3047 3809 suo
3091 3754 3225 3809 dixit
3265 3754 3494 3824 quodam
3536 3756 3693 3811 modo
3726 3797 3741 3821 ,
3791 3762 3845 3811 et

2255 3847 2431 3916 ipsum
2472 3844 2707 3900 Verbum
2748 3846 2865 3916 ejus
2901 3846 3099 3913 Deum,
3147 3846 3236 3917 qui
3267 3860 3367 3901 nec
3406 3847 3523 3916 plus
3550 3861 3648 3902 nec
3673 3848 3845 3901 minus

2255 3937 2453 4009 aliquid
2492 3936 2652 3992 habet
2691 3937 2849 3992 etiam
2892 3938 3007 4007 ipse
3033 3937 3451 3992 substantialiter
3478 3980 3493 4004 ,
3521 3954 3679 4008 quam
3706 3938 3844 4008 quod

2257 4037 2340 4084 est
2375 4029 2431 4083 in
2471 4027 2563 4083 illo
2601 4028 2691 4098 qui
2718 4027 2955 4083 Verbum
2980 4043 3086 4083 non
3112 4028 3439 4084 mendaciter
3467 4028 3560 4084 sed
3586 4031 3847 4084 veraciter

2257 4119 2474 4191 genuit;
2521 4119 2969 4190 quemadmodum
2999 4120 3182 4191 potui,
3212 4135 3318 4174 non
3348 4128 3405 4174 ut
3432 4120 3559 4175 illud
3579 4120 3690 4189 jam
3719 4120 3851 4175 facie

2257 4212 2326 4267 ad
2369 4211 2557 4269 faciem
2579 4252 2595 4278 ,
2642 4212 2737 4267 sed
2772 4226 2867 4282 per
2900 4211 3036 4267 hanc
3067 4211 3463 4267 similitudinem
3487 4213 3538 4266 in
3564 4212 3854 4281 aenigmate

2264 4303 2304 4373 (l
2347 4302 2465 4357 Cor.
2498 4318 2594 4357 xm
2618 4343 2632 4367 ,
2666 4302 2758 4373 ιφ.)
2784 4304 3328 4374 quantulumcumque
3350 4302 3673 4373 conjiciendo
3700 4304 3854 4360 vide-

2259 4405 2405 4449 retur
2448 4394 2502 4448 in
2544 4393 2802 4449 memoria
2839 4402 2895 4448 et
2924 4394 3267 4465 intelligentia
3295 4395 3486 4450 mentis
3512 4403 3713 4449 nostrte
3732 4438 3747 4463 ,
3777 4395 3853 4449 si-

2260 4487 2514 4556 gniﬁcare
2551 4486 2732 4541 curavi
2780 4502 2792 4539 :
2832 4486 3103 4541 memoriae
3130 4486 3369 4542 tribuens
3397 4501 3555 4541 omne
3582 4486 3724 4557 quod
3754 4490 3856 4542 sci-

2262 4593 2381 4632 mus
2402 4618 2416 4643 ,
2453 4576 2662 4632 etiamsi
2700 4591 2807 4632 non
2836 4576 2959 4633 inde
2986 4578 3279 4648 cogitemus
3298 4618 3313 4642 ,
3346 4576 3707 4649 intelligentia:
3729 4594 3855 4637 vero

2265 4671 2479 4742 proprio
2514 4670 2673 4725 modo
2705 4670 2935 4740 quodam
2964 4671 2985 4702 ¹
3027 4670 3363 4741 cogitationis
3402 4672 3851 4729 informationem.

2265 4762 2559 4835 Cogitando
2598 4765 2739 4819 enim
2786 4765 2930 4835 quod
2970 4781 3155 4821 verum
3192 4765 3583 4833 invenerimus,
3612 4768 3716 4824 hoc
3744 4783 3857 4823 ma-

2267 4856 2408 4910 xime
2443 4855 2735 4926 intelligere
2768 4856 3029 4925 dicimur,
3067 4867 3120 4913 et
3156 4856 3259 4913 hoc
3281 4858 3495 4928 quidem
3521 4860 3574 4913 in
3600 4862 3859 4917 memoria

2267 4959 2452 5001 rursus
2494 4946 2865 5015 relinquimus.
2906 4947 3012 5003 Sed
3039 4948 3125 5003 illa
3156 4958 3238 5003 est
3263 4948 3564 5005 abstrusior
3589 4950 3861 5020 profundi-

2270 5043 2350 5090 tas
2381 5045 2580 5092 nostra:
2607 5038 2877 5093 memoriae
2900 5080 2914 5104 ,
2945 5039 3032 5094 ubi
3058 5038 3159 5094 hoc
3182 5040 3341 5094 etiam
3367 5040 3597 5110 primum
3622 5057 3745 5097 cum
3767 5057 3861 5098 co-

2269 5129 2558 5198 gitaremus
2593 5128 2919 5196 invenimus,
2962 5138 3016 5185 et
3051 5130 3279 5200 gignitur
3326 5130 3571 5186 intimum
3604 5134 3867 5199 verbum,

2270 5222 2413 5292 quod
2440 5222 2633 5277 nullius
2658 5221 2848 5293 linguae
2869 5226 2966 5286 sit,
2995 5232 3242 5293 tanquam
3272 5223 3493 5279 scientia
3522 5225 3590 5280 de
3616 5227 3865 5293 scientia,

2272 5320 2327 5368 et
2367 5312 2501 5367 visio
2544 5313 2610 5367 de
2649 5314 2887 5380 visione,
2929 5323 2982 5368 et
3012 5314 3361 5383 intelligentia
3401 5329 3520 5385 quae
3563 5326 3786 5387 apparet
3815 5318 3864 5369 in

2274 5404 2592 5474 cogitatione
2621 5445 2636 5470 ,
2691 5403 2757 5459 de
2800 5403 3145 5473 intelligentia
3191 5420 3310 5475 quae
3354 5405 3410 5460 in
3453 5408 3712 5461 memoria
3753 5406 3865 5475 jam

2274 5496 2447 5552 fuerat
2467 5537 2483 5563 ,
2508 5494 2603 5551 sed
2629 5495 2823 5550 latebat
2846 5512 2857 5548 :
2879 5511 3176 5566 quanquam
3198 5504 3254 5552 et
3274 5497 3388 5568 ipsa
3409 5498 3660 5567 cogitatio
3680 5512 3863 5567 quanta

2278 5592 2397 5647 dam
2432 5607 2583 5648 suam
2617 5591 2927 5647 memoriam
2956 5592 3059 5648 nisi
3088 5593 3344 5661 haberet,
3374 5608 3481 5648 non
3507 5600 3860 5648 reverteretur:

2342 5817 2358 5848 ί
2393 5816 2512 5880 Editi
2531 5814 2709 5865 addunt
2724 5815 2800 5864 hic
2821 5816 3041 5880 verbum,
3062 5816 3300 5880 amplecti,
3320 5817 3447 5880 quod
3471 5819 3697 5870 omittunt
3718 5825 3831 5870 Mss.

2342 5881 2361 5909 ²
2395 5878 2543 5928 Editio
2561 5884 2689 5939 Lov.,
2717 5878 2989 5939 quamdam.
