4072 6446
310 437 444 500 1089

305 556 366 609 ad
408 568 467 610 ea
511 565 632 622 qua:
679 551 734 607 in
775 550 1036 610 memoria
1077 549 1404 623 reliquerat,
1447 565 1571 608 cum
1627 549 1729 607 alia
1790 561 1886 604 co-

301 647 397 717 gita
405 653 505 701 ret.

366 739 456 795 il.
482 737 562 793 De
593 735 798 808 Spiritu
825 745 1002 794 autem
1032 744 1218 794 sancto
1242 736 1374 792 nihil
1399 736 1452 792 in
1478 735 1582 790 hoc
1603 733 1887 804 aenigmate

298 830 434 902 quod
459 829 510 885 ei
533 829 709 886 simile
735 829 1006 887 videretur
1029 829 1274 899 ostendi,
1303 830 1405 885 nisi
1424 827 1752 884 voluntatem
1781 839 1884 881 no-

297 932 454 978 stram
481 964 496 989 ,
530 922 616 978 vel
642 937 880 979 amorem
905 937 1001 978 seu
1026 923 1366 979 dilectionem
1387 938 1505 993 qua:
1523 920 1784 978 valentior
1802 929 1887 976 est

295 1015 538 1070 voluntas
565 1032 580 1070 :
602 1015 851 1086 quoniam
875 1016 1122 1072 voluntas
1148 1022 1331 1072 nostra
1355 1029 1475 1086 quae
1494 1013 1648 1070 nobis
1671 1020 1885 1068 natura-

295 1108 413 1163 liter
453 1109 627 1176 inest,
669 1109 807 1164 sicut
843 1109 891 1164 ei
933 1123 1019 1165 res
1051 1108 1380 1179 adjacuerint
1402 1106 1484 1163 vel
1510 1105 1880 1173 occurrerint,

293 1201 480 1271 quibus
507 1202 770 1261 allicimur
793 1213 882 1258 aut
903 1203 1221 1260 oll'endimur
1240 1244 1255 1271 ,
1286 1203 1359 1258 ita
1379 1203 1554 1258 varias
1572 1201 1882 1256 affectiones

293 1295 468 1352 habet.
509 1296 648 1364 Quid
691 1311 820 1368 ergo
842 1337 858 1362 ,
901 1297 1026 1352 est?
1064 1295 1329 1366 Numquid
1355 1294 1547 1351 dicturi
1571 1308 1756 1349 sumus
1782 1306 1880 1347 vo-

292 1391 547 1446 luntatem
593 1399 867 1459 nostram,
907 1390 1119 1462 quando
1157 1398 1303 1446 recta
1347 1397 1467 1455 est,
1512 1387 1720 1444 nescire
1755 1385 1882 1456 quid

290 1489 536 1554 appetat,
585 1482 712 1554 quid
746 1483 949 1539 evitet?
975 1481 1144 1538 Porro
1167 1480 1212 1537 si
1236 1480 1370 1548 scit,
1401 1478 1642 1550 profecto
1667 1478 1808 1533 inest
1829 1475 1881 1532 ei

288 1587 380 1630 sua
400 1572 646 1642 quaedam
669 1572 890 1629 scientia
910 1613 926 1642 ,
955 1588 1073 1645 qua:
1096 1573 1212 1628 sine
1235 1569 1495 1628 memoria
1513 1577 1568 1626 et
1585 1567 1882 1638 intelligen-

287 1667 359 1723 tia
395 1681 517 1724 esse
557 1682 664 1724 non
697 1667 884 1740 possit.
931 1668 1012 1723 An
1037 1680 1168 1723 vero
1191 1662 1484 1722 audiendus
1511 1672 1594 1719 est
1621 1661 1881 1734 quispiam

287 1759 470 1818 dicens
493 1803 509 1830 ,
549 1761 866 1818 eharitatem
906 1759 1112 1816 nescire
1148 1759 1275 1830 quid
1311 1765 1466 1829 agat,
1495 1771 1616 1828 quae
1644 1770 1752 1810 non
1775 1754 1884 1824 agit

287 1865 566 1923 perperam
588 1853 614 1906 Ἰ
651 1851 802 1909 Sicut
825 1867 954 1924 ergo
994 1851 1134 1907 inest
1162 1848 1542 1920 intelligentia,
1570 1847 1710 1902 inest
1750 1844 1885 1900 dile-

287 1945 392 1999 ctio
433 1945 510 2000 illi
542 1947 816 2002 memoriae
845 1943 1121 2017 principali
1146 1985 1162 2012 ,
1191 1943 1243 1997 in
1269 1957 1372 2014 qua
1400 1941 1699 1996 invenimus
1729 1951 1885 2008 para-

289 2044 400 2091 tum
435 2045 488 2092 et
514 2037 846 2093 reconditum
876 2035 944 2092 ad
973 2035 1114 2106 quod
1141 2033 1423 2106 cogitando
1448 2044 1734 2104 possumus
1763 2043 1884 2100 per-

286 2129 511 2197 venire;
555 2129 677 2201 quia
715 2137 770 2185 et
805 2130 912 2184 duo
951 2129 1050 2184 ista
1078 2129 1378 2184 invenimus
1404 2126 1474 2181 ibi
1501 2167 1516 2192 ,
1548 2122 1761 2195 quando
1785 2136 1884 2178 nos

284 2223 566 2295 cogitando
597 2225 893 2278 invenimus
931 2231 988 2279 et
1023 2221 1320 2291 intelligere
1352 2217 1551 2289 aliquid
1577 2225 1632 2272 et
1654 2230 1836 2271 amare
1857 2255 1874 2282 ,

283 2329 403 2386 qua:
429 2315 498 2370 ibi
523 2325 676 2370 erant
703 2323 758 2369 et
776 2313 989 2386 quando
1017 2314 1138 2368 inde
1161 2327 1266 2368 non
1282 2311 1646 2382 cogitabamus
1670 2328 1684 2365 :
1705 2308 1879 2365 etsic-

284 2414 345 2460 ut
385 2406 526 2461 inest
573 2406 828 2461 memoria
853 2446 867 2470 ,
914 2405 1052 2460 inest
1092 2404 1308 2460 dilectio
1342 2403 1466 2458 huic
1520 2399 1882 2472 intelligentiae

284 2511 407 2568 qua:
444 2497 765 2567 cogitatione
801 2495 1097 2562 formatur;
1144 2495 1293 2566 quod
1312 2494 1533 2550 verbum
1562 2507 1746 2549 verum
1767 2492 1886 2548 sine

283 2588 446 2644 ullius
471 2590 646 2660 gentis
671 2589 846 2659 lingua
874 2589 1016 2644 intus
1040 2587 1266 2644 dicimus
1284 2629 1300 2655 ,
1328 2585 1541 2657 quando
1560 2584 1703 2656 quod
1729 2584 1884 2640 novi-

285 2695 406 2735 mus
453 2679 713 2748 dicimus;
742 2696 864 2736 nam
909 2681 1011 2736 nisi
1053 2678 1448 2736 reminiscendo
1489 2694 1596 2734 non
1641 2679 1779 2734 redit
1815 2678 1882 2734 ad

285 2771 515 2843 aliquid,
544 2781 601 2827 et
641 2772 740 2827 nisi
769 2772 998 2828 amando
1034 2772 1210 2828 redire
1238 2785 1345 2827 non
1374 2778 1524 2827 curat
1562 2779 1759 2828 nostra)
1787 2785 1884 2827 co-

283 2864 556 2936 gitationis
585 2864 807 2921 intuitus
837 2883 850 2920 :
883 2865 955 2922 ita
982 2865 1197 2922 dilectio
1225 2879 1344 2936 quae
1383 2864 1642 2921 visionem
1668 2864 1723 2919 in
1763 2877 1880 2920 me-

285 2959 456 3014 moria
485 2959 824 3016 constitutam
848 3001 863 3029 ,
892 2967 947 3015 et
973 2960 1232 3016 visionem
1260 2958 1594 3030 cogitationis
1619 2957 1744 3014 inde
1769 2957 1880 3012 lor-

285 3058 485 3104 matam
537 3049 691 3120 quasi
737 3058 1012 3120 parentem
1065 3051 1376 3121 prolemque
1423 3048 1730 3121 conjungit,
1778 3047 1881 3103 nisi

285 3136 509 3195 haberet
535 3141 818 3211 appetendi
856 3140 1168 3208 scientiam,
1213 3156 1333 3211 qua:
1374 3141 1491 3196 sine
1531 3138 1788 3195 memoria
1827 3146 1884 3194 et

284 3231 630 3303 intelligentia
677 3247 782 3290 non
831 3242 1008 3304 potest
1057 3248 1212 3302 esse,
1262 3232 1391 3305 quid
1442 3241 1588 3289 recte
1639 3231 1882 3302 diligeret

281 3320 574 3392 ignoraret.

354 3416 588 3474 CAPUT
614 3417 779 3474 XXII.
809 3449 882 3459 —
904 3419 993 3474 42.
1026 3419 1232 3486 Quanta
1259 3419 1619 3475 dissimilitudo
1643 3419 1776 3474 inter
1799 3435 1880 3474 re-

281 3518 482 3579 pertam
516 3509 571 3564 in
607 3511 750 3565 nobis
781 3510 1049 3582 imaginem
1080 3510 1340 3566 Trinitatis
1367 3519 1413 3565 et
1444 3511 1610 3581 ipsam
1652 3511 1877 3567 Trinita-

283 3607 403 3656 tem.
436 3600 636 3657 Verum
667 3602 783 3658 haec
822 3602 1033 3673 quando
1079 3603 1133 3657 in
1162 3617 1266 3657 una
1295 3612 1421 3658 sunt
1458 3617 1709 3672 persona,
1741 3604 1881 3658 sicut

281 3701 365 3749 est
390 3694 577 3763 homo,
595 3702 773 3764 potest
817 3695 970 3751 nobis
1011 3695 1273 3766 quispiam
1323 3695 1506 3752 dicere
1539 3714 1552 3750 :
1585 3695 1711 3751 Tria
1755 3697 1876 3762 ista,

283 3785 568 3854 memoria,
617 3785 935 3852 intellectus,
975 3794 1031 3842 et
1064 3801 1236 3854 amor,
1287 3801 1406 3842 mea
1442 3798 1585 3853 sunt,
1617 3801 1723 3842 non
1751 3802 1874 3853 sua;

282 3890 383 3933 nec
413 3877 538 3943 sibi,
567 3877 661 3932 sed
690 3877 819 3932 mihi
871 3887 1037 3949 agunt
1074 3879 1216 3950 quod
1255 3887 1438 3950 agunt,
1490 3879 1600 3934 imo
1645 3894 1744 3951 ego
1783 3895 1879 3950 per

283 3969 396 4024 illa.
431 3971 548 4039 Ego
574 3971 717 4025 enim
742 3971 960 4026 memini
988 3987 1085 4044 per
1112 3972 1446 4040 memoriam,
1499 3972 1736 4043 intelligo
1781 3987 1876 4042 per

285 4061 722 4133 intelligentiam,
753 4078 876 4118 amo
896 4078 994 4134 per
1027 4078 1264 4118 amorem
1292 4084 1304 4119 :
1337 4073 1392 4119 et
1413 4064 1627 4134 quando
1663 4063 1729 4118 ad
1765 4080 1878 4119 me-

286 4156 520 4210 moriam
547 4171 723 4212 meam
755 4157 771 4187 ¹
800 4155 970 4211 aciem
1019 4157 1355 4226 cogitationis
1404 4156 1648 4225 adverto,
1692 4171 1754 4211 ac
1802 4157 1879 4212 sic

284 4246 340 4302 in
369 4249 538 4304 corde
561 4263 684 4303 meo
713 4248 834 4304 dico
864 4249 1005 4320 quod
1049 4250 1184 4315 scio,
1237 4249 1565 4320 verbumque
1596 4265 1779 4304 verum
1810 4249 1878 4305 de

284 4340 512 4396 scicntia
534 4355 649 4397 mea
672 4341 924 4413 gignitur,
947 4353 1229 4413 utrumque
1251 4357 1425 4397 meum
1448 4355 1550 4408 est,
1575 4353 1630 4400 et
1658 4343 1877 4398 scientia

286 4432 476 4502 utique
516 4440 572 4487 ct
594 4433 838 4488 verbum.
870 4434 982 4503 Ego
1035 4434 1178 4488 enim
1227 4435 1359 4500 scio,
1395 4450 1493 4505 ego
1514 4435 1636 4490 dico
1676 4436 1727 4489 in
1756 4449 1878 4490 meo

289 4525 459 4580 corde
483 4525 623 4596 quod
665 4527 795 4581 scio.
826 4527 894 4580 Et
927 4527 1138 4597 quando
1194 4527 1246 4581 in
1292 4529 1549 4584 memoria
1579 4544 1696 4582 mea
1741 4529 1878 4599 cogi-

286 4617 458 4673 tando
485 4617 698 4674 invenio
714 4620 825 4688 jam
855 4633 942 4674 me
973 4619 1288 4690 intelligere,
1307 4619 1419 4689 jam
1449 4636 1535 4675 mc
1566 4635 1747 4675 amare
1786 4621 1878 4676 ali-

285 4710 440 4780 quid,
471 4711 562 4780 qui
605 4711 904 4766 intellectus
947 4719 1004 4767 et
1025 4726 1177 4766 amor
1215 4712 1288 4768 ibi
1312 4720 1544 4768 erantet
1592 4721 1877 4784 antequam

288 4802 416 4859 inde
440 4804 752 4873 cogitarem,
787 4805 1112 4860 intellectum
1137 4819 1318 4861 meum
1345 4815 1400 4861 et
1425 4819 1664 4862 amorem
1695 4821 1874 4862 meum

287 4895 506 4951 invenio
522 4895 574 4949 in
595 4897 853 4952 memoria
883 4913 1021 4963 mea,
1051 4914 1156 4970 quo
1185 4914 1284 4971 ego
1325 4900 1583 4971 intelligo,
1611 4915 1712 4972 ego
1730 4915 1872 4968 amo,

287 5002 398 5042 non
455 4985 589 5056 ipsa.
646 4985 778 5042 Item
821 4989 1036 5058 quando
1078 4991 1331 5060 cogitatio
1370 5006 1580 5047 memor
1649 5001 1752 5059 est,
1822 5001 1879 5049 et

285 5080 405 5134 vult
467 5077 644 5134 redire
704 5078 771 5134 ad
835 5095 899 5135 ea
946 5096 1064 5151 qua:
1116 5082 1172 5136 in
1241 5084 1499 5139 memoria
1564 5085 1876 5156 reliquerat,

286 5185 462 5241 eaque
487 5170 751 5226 intellecta
797 5172 1108 5243 conspicere
1151 5180 1308 5244 atque
1337 5173 1478 5230 intus
1524 5174 1725 5238 dicere,
1758 5190 1877 5232 mea

289 5264 551 5320 memoria
575 5280 784 5321 memor
804 5273 905 5331 est,
933 5272 988 5321 et
1013 5279 1133 5321 mea
1157 5265 1276 5321 vult
1301 5267 1595 5336 voluntate,
1622 5282 1728 5322 non
1756 5283 1873 5324 sua.

291 5356 412 5426 Ipse
437 5371 650 5428 quoque
675 5372 828 5414 amor
846 5373 999 5415 meus
1026 5373 1150 5414 cum
1179 5359 1425 5414 meminit
1443 5367 1605 5430 atque
1627 5359 1874 5430 intelligit

291 5447 422 5517 quid
443 5457 698 5520 appetere
725 5450 936 5518 debeat,
979 5451 1105 5522 quid
1151 5451 1340 5518 vitare,
1388 5466 1484 5522 per
1522 5467 1718 5518 meam,
1769 5467 1877 5508 non

293 5554 394 5610 per
419 5556 570 5597 suam
597 5543 909 5599 memoriam
939 5544 1214 5612 meminit;
1245 5553 1300 5600 et
1343 5559 1440 5616 per
1477 5543 1876 5618 intelligentiam

292 5645 495 5702 meam,
525 5648 632 5690 non
679 5649 777 5706 per
817 5649 993 5704 suam,
1021 5636 1276 5708 quidquid
1306 5637 1663 5708 intelligenter
1699 5646 1876 5709 amat,

364 5851 384 5886 ι
413 5851 518 5905 sola
540 5853 688 5906 editio
706 5861 837 5919 tom,
856 5866 944 5920 per
963 5855 1245 5909 memoriam
1263 5871 1436 5912 meam

1474 431 1680 492 LIBER
1716 429 2016 504 QUINTUS
2054 432 2372 496 DECIMUS.

1995 546 2262 622 intelligit.
2293 551 2449 621 Quod
2492 551 2727 610 breviter
2751 553 2857 612 dici
2904 563 3081 628 potest
3111 574 3127 615 :
3155 557 3271 632 Ego
3309 574 3410 634 per
3453 579 3578 622 om-

1992 643 2082 699 nia
2125 643 2217 700 illa
2243 645 2343 702 tria
2368 646 2610 717 memini,
2653 663 2754 721 ego
2817 650 3082 724 intelligo,
3121 669 3222 726 ego
3260 655 3444 728 diligo,
3486 659 3579 729 qui

1990 749 2092 792 nec
2143 737 2403 794 memoria
2452 753 2593 808 sum,
2652 755 2754 797 nec
2782 742 3154 815 intelligentia,
3199 762 3300 804 nec
3337 747 3578 820 dilectio,

1989 829 2086 886 sed
2109 829 2224 886 haec
2245 831 2438 887 habeo.
2469 832 2572 888 Ista
2613 847 2741 906 ergo
2784 834 2888 890 dici
2940 847 3162 907 possunt
3207 838 3276 895 ab
3307 856 3412 896 una
3459 857 3582 912 per-

1989 934 2143 989 sona,
2171 937 2292 993 qua:
2319 923 2481 980 habet
2500 923 2616 982 haec
2642 925 2764 992 tria,
2795 941 2902 984 non
2929 927 3041 998 ipsa
3080 937 3162 985 est
3199 929 3316 988 haec
3353 933 3474 988 tria.
3518 932 3578 988 In

1989 1015 2130 1072 illius
2168 1032 2298 1073 vero
2344 1033 2568 1075 summae
2630 1020 2968 1090 simplicitate
3009 1032 3214 1080 natura:
3256 1041 3377 1097 qua:
3435 1026 3579 1082 Deus

1987 1117 2090 1175 est,
2149 1109 2392 1181 quamvis
2445 1127 2582 1166 unus
2635 1112 2706 1167 sit
2745 1113 2905 1182 Deus,
2953 1121 3062 1172 tres
3106 1125 3286 1173 tamen
3329 1133 3577 1188 persona:

1986 1207 2130 1266 sunt,
2162 1201 2340 1269 Pater,
2369 1210 2424 1258 et
2448 1202 2636 1271 Filius,
2665 1212 2720 1259 et
2749 1203 2982 1276 Spiritus
3011 1217 3252 1266 sanctus.

2001 1317 2011 1325 ·
2059 1293 2284 1350 CAPUT
2321 1294 2532 1364 ,XXIII.
2561 1325 2633 1336 ——
2682 1297 2774 1352 45.
2820 1297 3157 1372 Prosequitur
3217 1301 3566 1375 disparitatem

1987 1385 2227 1440 trinitatis
2251 1401 2364 1456 qute
2391 1388 2444 1440 in
2472 1387 2674 1442 homine
2705 1398 2798 1456 est,
2829 1405 2862 1443 a
2885 1389 3132 1447 Trinitate
3159 1411 3272 1464 qua:
3294 1393 3436 1452 Deus
3471 1405 3568 1452 est.

1987 1473 2212 1531 Trinitas
2245 1494 2332 1547 per
2372 1477 2632 1548 speculum
2669 1496 2803 1534 nunc
2848 1482 3044 1538 videtur
3087 1486 3282 1541 auxilio
3329 1489 3470 1558 ﬁdei,
3517 1497 3575 1545 ut

1985 1576 2160 1639 postea
2188 1568 2381 1623 clarius
2399 1569 2557 1624 videri
2591 1572 2748 1640 possit
2775 1573 2829 1626 in
2864 1575 3112 1643 promissa
3133 1577 3324 1634 visione
3345 1581 3474 1652 facie
3503 1580 3574 1636 ad

1986 1659 2189 1730 faciem.
2223 1660 2379 1716 Aliud
2405 1669 2488 1718 est
2511 1661 2692 1732 itaque
2720 1664 2930 1720 trinitas
2950 1681 3038 1721 res
3064 1667 3200 1738 ipsa,
3217 1669 3359 1726 aliud
3399 1672 3575 1744 imago

1987 1751 2240 1808 trinitatis
2270 1752 2324 1808 in
2353 1767 2414 1808 re
2433 1753 2559 1836 alia,
2591 1763 2808 1825 propter
2833 1771 2995 1826 quam
3024 1757 3311 1829 imaginem
3336 1761 3572 1819 simulet

1985 1843 2119 1899 illud
2146 1844 2200 1900 in
2221 1859 2329 1915 quo
2356 1853 2484 1900 sunt
2509 1845 2624 1901 haec
2640 1846 2763 1912 tria,
2793 1847 2972 1920 imago
2992 1849 3204 1917 dicitur;
3234 1852 3374 1908 sicut
3398 1853 3574 1924 imago

1986 1935 2182 1990 dicitur
2208 1935 2444 1991 simulet
2481 1936 2681 2004 tabula,
2713 1946 2770 1993 et
2807 1939 2950 2008 quod
3000 1940 3053 1995 in
3102 1955 3166 1997 ea
3207 1943 3406 2012 pictum
3457 1951 3573 2011 est;

1986 2026 2084 2082 sed
2111 2035 2330 2096 propter
2360 2027 2620 2097 picturam
2653 2043 2772 2098 qua:
2794 2029 2848 2084 in
2893 2045 2956 2084 ea
2980 2040 3086 2099 est,
3114 2032 3274 2088 simul
3299 2044 3354 2090 et
3395 2033 3576 2090 tabula

1985 2121 2207 2176 nomine
2249 2121 2495 2191 imaginis
2537 2123 2855 2193 appellatur.
2886 2123 3085 2180 Verum
3131 2127 3187 2181 in
3234 2127 3324 2182 illa
3365 2143 3573 2184 summa

1989 2209 2270 2279 Trinitate,
2299 2228 2417 2281 quae
2457 2213 2945 2284 incomparabiliter
2989 2217 3153 2274 rebus
3191 2219 3441 2276 omnibus
3472 2235 3575 2276 an-

1988 2301 2206 2370 tecellit,
2231 2310 2372 2358 tanta
2397 2315 2480 2360 est
2505 2305 2960 2376 inseparabilitas,
2989 2317 3047 2363 ut
3068 2323 3190 2364 cum
3214 2309 3424 2366 trinitas
3464 2311 3572 2368 ho-

1987 2395 2189 2449 minum
2215 2409 2320 2450 non
2350 2397 2518 2466 possit
2539 2395 2646 2453 dici
2678 2413 2818 2454 unus
2839 2399 3032 2466 homo;
3061 2401 3115 2456 in
3145 2401 3234 2456 illa
3268 2417 3408 2458 unus
3430 2403 3574 2461 Deus

1986 2492 2043 2541 et
2064 2484 2272 2542 dicatur
2295 2495 2351 2542 et
2377 2487 2466 2554 sit,
2495 2502 2595 2544 nec
2617 2489 2670 2544 in
2697 2505 2804 2545 uno
2830 2490 2940 2546 Deo
2965 2492 3034 2546 sit
3064 2491 3152 2548 illa
3190 2493 3444 2562 Trinitas,
3476 2495 3574 2551 sed

1988 2593 2127 2633 unus
2167 2579 2326 2634 Deus.
2371 2578 2480 2635 Nec
2526 2596 2713 2638 rursus
2763 2582 3210 2654 quemadmodum
3256 2586 3356 2643 ista
3401 2587 3577 2661 imago

1986 2669 2131 2741 quod
2153 2680 2237 2726 est
2265 2670 2427 2727 homo
2465 2672 2671 2729 habens
2698 2674 2787 2729 illa
2819 2675 2916 2730 tria
2944 2691 3049 2732 una
3093 2692 3322 2748 persona
3365 2688 3467 2746 est,
3503 2681 3576 2736 ita

1985 2770 2069 2818 est
2093 2761 2183 2818 illa
2210 2762 2440 2819 Trinitas
2473 2782 2486 2818 :
2513 2765 2609 2820 sed
2639 2773 2748 2822 tres
2773 2781 3015 2838 personae
3061 2779 3206 2840 sunt,
3238 2770 3394 2827 Pater
3432 2772 3575 2842 Filii,

1985 2862 2042 2935 et
2069 2853 2234 2910 Filius
2257 2855 2452 2922 Patris,
2483 2866 2537 2912 et
2580 2857 2812 2930 Spiritus
2845 2860 3018 2921 Patris
3054 2870 3109 2918 et
3136 2863 3280 2918 Filii.
3322 2863 3578 2932 Quamvis

1985 2947 2129 3004 enim
2154 2948 2414 3004 memoria
2443 2949 2697 3018 hominis,
2727 2961 2783 3008 et
2811 2952 3044 3009 maxime
3081 2953 3169 3008 illa
3193 2969 3354 3026 quam
3381 2969 3576 3024 pecora

1986 3053 2094 3095 non
2119 3038 2336 3108 habent,
2353 3040 2405 3096 id
2430 3049 2534 3107 est,
2553 3057 2654 3111 qua
2685 3058 2773 3100 res
2800 3043 3158 3115 intelligibiles
3178 3045 3250 3100 ita
3275 3046 3560 3102 continen-

1986 3136 2092 3197 tu,
2120 3137 2180 3184 ut
2207 3145 2314 3186 non
2347 3131 2398 3186 in
2427 3147 2549 3188 eam
2573 3147 2669 3203 per
2697 3148 2888 3190 sensus
2915 3135 3160 3206 corporis
3183 3137 3450 3206 venerint,
3476 3137 3578 3192 ha-
3631 3195 3634 3202 ,

1983 3221 2110 3280 beat
2139 3237 2238 3294 pro
2260 3223 2477 3282 modulo
2497 3240 2597 3282 suo
2621 3227 2675 3281 in
2699 3226 2798 3284 hac
2824 3228 3056 3298 imagine
3075 3229 3352 3287 Trinitatis
3370 3233 3578 3288 income
3628 3269 3630 3272 ν

1981 3315 2292 3386 parabiliter
2319 3318 2534 3388 quidem
2561 3320 2844 3390 imparem,
2873 3321 2969 3377 sed
2993 3331 3171 3378 tamen
3201 3325 3573 3394 qualemcum-
3624 3325 3629 3372 ἓ

1981 3423 2089 3478 que
2149 3407 2550 3466 similitudinem
2623 3411 2840 3478 Patris;
2905 3413 3139 3483 itemque
3214 3415 3568 3486 intelligentia

1982 3497 2236 3567 hominis,
2263 3515 2381 3570 qua:
2426 3516 2523 3571 per
2552 3502 2905 3558 intentionem
2938 3503 3275 3574 cogitationis
3291 3505 3416 3560 inde
3454 3504 3568 3562 for-

1981 3599 2185 3660 matur,
2207 3592 2421 3662 quando
2454 3593 2594 3663 quod
2619 3595 2786 3649 scitur
2804 3595 3018 3663 dicitur,
3045 3605 3098 3652 et
3140 3597 3339 3654 nullius
3380 3597 3574 3670 linguae
3665 3639 3670 3656 ε

1981 3685 2161 3740 cordis
2185 3685 2406 3740 verbum
2433 3695 2536 3752 est,
2568 3685 2762 3742 habeat
2785 3687 2839 3742 in
2869 3702 2962 3742 sua
3010 3703 3201 3760 magna
3248 3689 3564 3761 disparitate

1981 3778 2290 3834 nonnullam
2321 3777 2724 3835 similitudinem
2753 3779 2916 3846 Filii;
2949 3791 3004 3836 et
3044 3795 3196 3836 amor
3234 3782 3467 3839 hominis
3501 3783 3570 3842 de

1981 3871 2201 3925 scientia
2233 3869 2556 3940 procedens,
2605 3879 2660 3926 et
2697 3869 3010 3926 memoriam
3057 3871 3569 3945 intelligentiamque

1981 3963 2331 4034 conjungens,
2374 3972 2626 4034 tanquam
2684 3963 2890 4033 parenti
2943 3964 3184 4034 prolique
3239 3967 3562 4035 communis,

1981 4054 2122 4110 unde
2147 4069 2247 4111 nec
2274 4070 2468 4126 parens
2497 4055 2812 4126 intelligitur
2835 4069 2980 4122 esse,
3009 4071 3112 4112 nec
3137 4058 3343 4128 proles,
3372 4059 3570 4118 habeat

1981 4146 2034 4200 in
2065 4145 2166 4201 hac
2197 4146 2427 4216 imagine
2452 4146 2705 4217 aliquam,
2746 4145 2872 4202 licet
2897 4145 3055 4203 valde
3096 4147 3381 4219 imparem,
3416 4150 3570 4208 simi-

1981 4234 2258 4292 litudinem
2305 4235 2534 4304 Spiritus
2571 4235 2740 4290 sancti
2774 4250 2920 4290 :non
2971 4245 3174 4304 tamen,
3220 4239 3359 4294 sicut
3383 4239 3438 4294 in
3468 4241 3570 4297 ista

1981 4326 2213 4400 imagine
2261 4327 2548 4382 Trinitatis
2601 4342 2710 4382 non
2757 4327 2872 4382 inec
2904 4327 3008 4382 tria
3055 4343 3192 4383 unus
3242 4329 3426 4396 homo,
3473 4331 3570 4387 sed

1982 4420 2143 4476 unius
2164 4420 2396 4476 hominis
2423 4428 2568 4488 sunt,
2601 4420 2672 4475 ita
2704 4421 2756 4476 in
2789 4420 2904 4492 ipsa
2931 4437 3139 4476 summa
3169 4422 3431 4480 Trinitate
3474 4439 3570 4480 cu-

1977 4511 2066 4583 jus
2094 4512 2209 4567 haec
2234 4511 2410 4582 imago
2428 4519 2532 4579 est,
2561 4512 2717 4567 unius
2739 4512 2833 4568 Dei
2858 4513 2876 4544 ⁸
2906 4520 3032 4567 sunt
3060 4513 3146 4567 illa
3169 4513 3291 4582 tria,
3314 4514 3410 4570 sed
3433 4531 3570 4573 unus

1982 4605 2127 4675 Deus
2164 4613 2267 4674 est,
2297 4613 2352 4660 et
2398 4613 2508 4660 tres
2548 4613 2672 4659 sunt
2697 4604 2821 4670 illae,
2862 4619 2969 4660 non
3006 4619 3112 4660 una
3139 4621 3388 4676 persona.
3417 4607 3570 4676 Quod

1981 4714 2112 4754 sane
2139 4698 2455 4754 mirabiliter
2478 4696 2748 4753 inell‘abile
2775 4706 2880 4766 est,
2917 4698 3002 4754 vel
3040 4697 3381 4755 inell‘abiliter
3403 4700 3568 4756 mira-

1981 4793 2111 4859 bile,
2138 4807 2260 4848 eum
2289 4791 2360 4848 sit
2383 4807 2495 4846 una
2518 4805 2751 4862 persona
2775 4790 2892 4848 haec
2912 4791 3088 4863 imago
3112 4791 3410 4860 Trinitatis,
3454 4793 3569 4863 ipsa

1980 4899 2112 4942 vero
2135 4897 2342 4939 summa
2371 4881 2604 4938 Trinitas
2626 4891 2737 4938 tres
2763 4898 3011 4953 persona:
3048 4882 3176 4950 sint,
3229 4883 3569 4954 inseparabi-

1981 4977 2086 5034 lior
2112 4985 2196 5032 est
2240 4976 2327 5031 illa
2367 4974 2601 5031 Trinitas
2625 4988 2977 5046 persenarum
3030 4974 3213 5042 trium,
3261 4990 3422 5046 quam
3451 4975 3569 5031 haec

1981 5072 2161 5127 unius.
2189 5068 2281 5123 Illa
2311 5067 2509 5140 quippe
2547 5068 2601 5123 in
2629 5075 2816 5122 natura
2841 5063 3154 5132 divinitatis,
3195 5065 3309 5122 sive
3358 5065 3411 5120 id
3453 5082 3569 5122 mc-

1981 5161 2087 5216 lius
2111 5161 2321 5216 dieatur
2339 5159 2556 5215 deitatis
2581 5159 2624 5224 ²,
2651 5155 2793 5226 quod
2831 5164 2934 5223 est,
2980 5156 3084 5211 hoc
3126 5165 3230 5226 est,
3282 5165 3444 5226 atque
3490 5157 3572 5212 in—

1983 5251 2436 5308 eommuta'hiliter
2462 5251 2602 5305 inter
2639 5263 2700 5303 se
2725 5262 2789 5303 ac
2808 5263 3022 5319 semper
3060 5248 3283 5320 aequalis
3310 5258 3390 5305 est
3422 5267 3436 5305 :
3469 5265 3570 5307 nec

1983 5336 2274 5408 aliquando
2299 5350 2406 5389 non
2432 5332 2552 5400 fuit,
2579 5341 2672 5387 aut
2696 5332 2852 5388 aliter
2873 5331 3004 5401 fuit;
3031 5349 3137 5390 nec
3157 5333 3442 5406 aliquando
3462 5351 3570 5392 non

1983 5430 2109 5498 erit,
2141 5438 2231 5484 aut
2250 5427 2406 5482 aliter
2423 5425 2546 5481 erit.
2577 5424 2684 5481 lsta
2713 5441 2841 5481 vero
2863 5426 2962 5483 tria
2984 5442 3104 5498 qua:
3127 5435 3252 5483 sunt
3291 5427 3345 5484 in
3377 5428 3569 5498 impari

1982 5521 2234 5594 imagine,
2266 5519 2370 5597 etsi
2397 5533 2506 5575 non
2533 5518 2669 5576 locis
2692 5519 2942 5591 quoniam
2990 5535 3097 5576 non
3147 5528 3272 5577 sunt
3317 5534 3568 5593 corpora,

2047 5741 2066 5774 ι
2097 5745 2226 5801 Itss.,
2546 5737 2800 5804 Dei;cum
2821 5745 3040 5802 negante
3077 5739 3309 5803 particula
3327 5750 3442 5804 quae
3462 5750 3570 5792 me-

1982 5803 2080 5857 rito
2095 5803 2272 5854 omissa
2293 5801 2483 5852 videtur
2499 5803 2552 5852 in
2571 5801 2730 5851 editis.

2051 5867 2074 5900 ³
2101 5872 2235 5929 uss,
2252 5862 2368 5927 sive,
2381 5867 2436 5917 ut
2450 5862 2620 5916 melius
2642 5861 2842 5928 dicitur.
