4126 6448
319 561 553 624 dere-sic
577 560 818 624 docetur;
863 555 988 628 quis
1012 553 1136 626 ipse
1147 553 1436 622 Fitiusait,
1465 551 1542 612 Re
1591 552 1750 611 Patre
1783 566 1905 620 pro-

319 660 472 717 cedo.
500 655 573 712 Et
587 667 716 710 eum
750 648 1135 708 resurrexisset
1170 662 1202 702 a
1227 646 1454 706 mortuis
1496 653 1551 703 et
1571 645 1910 717 apparuisset

320 749 599 822 discipulis
647 746 786 814 suis,
824 742 1121 800 insufﬂauit.
1157 749 1212 798 et
1247 741 1350 809 ait,
1389 739 1614 810 Accipite
1660 739 1910 810 Spiritum

270 880 274 883 -
321 857 556 906 εωιαιιηι
585 841 764 916 μου.
797 854 898 905 ιιι,
915 836 1254 907 22),ιιι,θιιιιι
1277 833 1521 893 etiamde
1541 849 1601 888 se
1620 832 1911 904 procedere

322 941 651 999 ostenderet.
678 937 751 994 Et
776 937 896 1008 ipsa
920 942 1010 992 est
1028 925 1190 989 uirtus
1235 947 1354 1003 quae
1383 931 1445 986 de
1466 928 1558 986 illa
1585 928 1768 995 exibat,
1798 929 1912 984 sic-

321 1047 381 1092 ut
433 1035 625 1105 legitur
672 1032 730 1088 in
774 1028 1108 1101 Evangelia,
1150 1035 1204 1082 et
1250 1025 1472 1082 mbo:
1511 1039 1686 1079 omnes
1734 1021 1906 1094 (Luc.

323 1144 396 1196 ιιι,
441 1125 570 1199 19).

342 1255 343 1260 η
395 1221 493 1278 46.
528 1218 667 1287 Quid
689 1231 822 1274 vero
834 1213 998 1271 merit
1014 1227 1188 1270 causis
1211 1252 1228 1280 ,
1253 1218 1314 1268 ut
1331 1218 1452 1282 post
1468 1209 1915 1266 resurrectionem

327 1330 479 1372 suam
505 1355 520 1381 ,
547 1321 603 1367 et
639 1313 691 1367 in
735 1319 874 1367 terra
919 1310 1065 1379 prius
1104 1307 1258 1364 daret
1300 1304 1497 1376 (Joan.
1547 1319 1620 1358 xx
1644 1346 1660 1372 ,
1689 1302 1821 1375 22),
1863 1308 1918 1358 et

329 1409 400 1466 de
423 1407 565 1466 caelo
586 1413 770 1477 postea
805 1404 1038 1460 mitteret
1073 1401 1334 1472 Spiritum
1362 1407 1612 1454 sanctum
1651 1397 1671 1468 (
1693 1397 1806 1452 Act.
1835 1412 1913 1463 ιι,

330 1502 374 1557 4
392 1500 434 1571 );
467 1499 572 1554 hoc
595 1512 700 1568 ego
716 1496 963 1552 existimo
985 1535 1002 1561 ,
1028 1493 1160 1565 quia.
1177 1492 1476 1563 ρονλὶρθιιιιι
1497 1490 1694 1546 donum
1722 1486 1918 1544 didun-

334 1593 482 1650 ditur
499 1591 736 1648 ebaritas
755 1589 812 1644 in
851 1587 1102 1644 cordibus
1143 1584 1342 1640 nostris
1383 1582 1576 1653 (Rom.
1602 1596 1659 1648 v,
1686 1580 1719 1637 5
1743 1577 1786 1650 ),
1814 1593 1917 1648 qua

331 1685 598 1756 diligimus
643 1682 818 1736 Deum
855 1688 911 1736 et
957 1678 1258 1751 proximum
1281 1717 1296 1743 ,
1347 1672 1639 1730 secundum
1676 1671 1788 1727 duo
1827 1669 1917 1726 iila

331 1784 602 1849 priscepta
648 1776 702 1830 in
757 1773 946 1844 (μήδεα
994 1779 1104 1826 tota
1147 1769 1262 1825 Lex
1307 1765 1504 1837 pendet
1540 1773 1600 1821 et
1637 1763 1918 1833 Prophetas

332 1869 357 1939 ε
379 1867 561 1922 κατα.
584 1881 698 1922 xm
716 1907 732 1934 ,
753 1863 926 1920 ιιι-40
943 1862 986 1936 )..
1010 1861 1124 1918 Hoc
1142 1859 1448 1932 signiﬁcans
1466 1856 1728 1912 Dominus
1737 1853 1914 1921 Iesus,

332 1961 418 2017 bis
445 1959 592 2016 dedit
615 1957 868 2030 Spiritum
899 1965 1137 2013 sumtum
1164 1972 1178 2021 ;
1227 1952 1393 2010 semel
1430 1952 1486 2006 in
1523 1958 1664 2005 terra
1701 1954 1920 2020 propter

336 2053 676 2110 dilectionem
704 2050 930 2123 proximi
954 2093 969 2117 ,
993 2058 1049 2104 et
1074 2049 1270 2104 iterum
1293 2046 1361 2102 de
1389 2045 1526 2101 cutio
1549 2049 1766 2114 propter
1789 2041 1919 2097 dile-

335 2147 572 2204 ctionem
599 2148 710 2202 Dei.
739 2145 808 2201 Et
832 2146 876 2199 si
905 2143 1040 2199 forte
1066 2142 1168 2198 alia
1197 2141 1332 2196 ratio
1355 2137 1612 2194 reddatur
1633 2135 1919 2205 deSpiritu

335 2246 525 2294 sancto
560 2237 645 2293 bis
672 2237 800 2292 dato
820 2279 835 2302 ,
876 2233 1126 2291 eumdem-
1169 2241 1346 2288 tamcn
1389 2228 1643 2300 Spiritum
1677 2233 1920 2282 sanetum

335 2329 519 2385 datum
544 2370 560 2396 ,
583 2319 708 2384 eum
729 2325 1048 2383 insufﬂasset
1067 2324 1223 2380 Jesus
1245 2365 1258 2388 ,
1288 2321 1354 2377 de
1379 2334 1484 2391 quo
1508 2333 1630 2374 mox
1655 2318 1729 2373 ait
1753 2357 1768 2385 ,
1799 2315 1916 2384 Ite,

337 2422 589 2492 baptizate
611 2435 779 2476 omnes
801 2426 971 2490 gentes
988 2418 1043 2471 in
1069 2415 1272 2470 nomine
1297 2412 1470 2467 Patris
1496 2418 1542 2466 et
1570 2408 1700 2464 Ε’ὶεί
1722 2418 1772 2463 et
1793 2408 1920 2479 Spi-

334 2515 465 2568 ritus
493 2513 655 2566 sancti
676 2512 692 2582 (
718 2509 802 2564 Id.
831 2525 993 2565 xxviii
1016 2549 1032 2576 ,
1065 2507 1189 2578 19),
1215 2505 1306 2561 ubi
1325 2503 1558 2560 maxime
1579 2498 1921 2558 commenda-

337 2613 427 2662 tur
452 2604 567 2660 haec
599 2603 830 2660 Trinitas
852 2643 868 2670 ,
912 2600 1180 2672 ambigere
1219 2613 1326 2654 non
1367 2596 1642 2654 debemus.
1683 2595 1802 2665 ipse
1840 2602 1922 2650 est

337 2699 498 2769 igitur
520 2696 611 2768 qui
633 2697 702 2752 de
725 2696 863 2753 caelo
888 2694 1047 2750 etiam
1091 2691 1246 2748 datus
1288 2699 1370 2748 est
1409 2690 1496 2745 die
1534 2689 1918 2755 Pentecostes,

337 2788 397 2844 id
419 2798 500 2845 est
522 2830 538 2857 ,
567 2797 689 2860 post
726 2787 840 2842 dies
877 2784 1059 2842 decem
1099 2797 1260 2854 quam
1298 2781 1556 2837 Dominus
1592 2779 1832 2836 ascendit
1867 2779 1922 2834 in

339 2882 557 2939 coelum.
586 2881 866 2950 Quomodo
890 2893 1018 2950 ergo
1043 2879 1184 2934 Deus
1207 2890 1314 2932 non
1333 2884 1416 2932 est
1437 2875 1528 2946 qui
1551 2875 1644 2930 dat
1666 2872 1922 2944 Spiritum

339 2983 584 3032 sanctum
604 2974 628 3029 ?
649 2973 762 3030 lmo
783 2981 1011 3045 quantus
1030 2972 1172 3027 Deus
1193 2979 1275 3026 est
1298 2970 1388 3040 qui
1406 2969 1496 3025 dat
1514 2967 1722 3025 Deum?
1740 2966 1923 3038 Neque

338 3067 484 3124 enim
524 3065 717 3138 aliquis
755 3065 1134 3136 discipulorum
1173 3063 1290 3134 ejus
1325 3063 1470 3119 dedit
1513 3061 1766 3133 Spiritum
1802 3075 1924 3116 san-

341 3167 505 3216 ctum.
535 3158 770 3218 Orabam
789 3159 983 3230 quippe
1003 3166 1063 3214 ut
1086 3157 1291 3214 veniret
1311 3156 1365 3212 in
1385 3170 1479 3212 eos
1499 3155 1692 3226 quibus
1707 3168 1923 3210 mnum

342 3249 690 3322 imponebant
712 3291 726 3316 ,
760 3264 866 3306 non
891 3249 992 3320 ipsi
1017 3264 1139 3306 eum
1165 3247 1382 3304 dabant.
1423 3247 1591 3315 Quem
1625 3259 1830 3302 morem
1869 3244 1924 3300 in

343 3345 456 3402 suis
478 3345 779 3417 praepositis
806 3345 967 3400 etiam
999 3357 1142 3400 nunc
1178 3349 1355 3398 servat
1392 3341 1650 3398 Ecciesia.
1689 3339 1924 3409 Denique

342 3447 400 3497 et
417 3438 600 3496 Simon
619 3438 799 3511 Magos
819 3439 1046 3494 oﬂ‘erens
1067 3435 1337 3508 Apostolis
1353 3435 1632 3506 pecuniam
1653 3474 1667 3500 ,
1690 3449 1796 3489 non
1817 3433 1891 3486 ait
1905 3472 1922 3500 ,

344 3531 476 3589 Date
503 3541 554 3588 et
578 3533 703 3587 mihi
729 3532 858 3586 hanc
888 3539 1179 3603 potestatem
1201 3571 1215 3595 ,
1245 3539 1302 3583 ut
1342 3527 1465 3584 dem
1505 3527 1757 3596 Spiritum
1798 3539 1924 3578 san-

343 3631 529 3690 ctum;
578 3623 673 3679 sed
696 3664 712 3691 ,
754 3623 1082 3692 cuicumque,
1131 3619 1336 3691 inquit,
1387 3619 1672 3688 imposuero
1710 3631 1923 3683 manus,

343 3717 564 3788 accipiat
589 3716 840 3788 Spiritum
862 3723 1107 3772 sanctum.
1129 3713 1263 3783 Quia
1282 3725 1460 3783 neque
1477 3709 1749 3781 Scriptura
1769 3722 1930 3779 supe-

343 3811 458 3867 rius
503 3809 748 3880 dixerat,
798 3811 997 3868 Videns
1050 3818 1226 3866 autem
1271 3809 1457 3866 Simon
1499 3805 1640 3878 quod
1686 3803 1928 3876 Apostoli

345 3901 536 3959 darent
559 3902 814 3974 Spiritum
842 3910 1082 3958 sanctum
1106 3920 1120 3970 ;
1146 3901 1240 3958 sed
1268 3901 1510 3966 dixerat,
1547 3897 1733 3953 Videas
1761 3905 1928 3951 autem

346 3994 529 4051 Simon
548 3996 683 4067 quod
701 4012 791 4067 per
807 3996 1176 4067 impositionem
1195 4010 1437 4049 manuum
1455 3993 1809 4064 Apostolorum
1836 3991 1928 4044 da-

345 4089 482 4135 retur
531 4081 754 4152 Spiritus
798 4089 999 4135 sanctus
1042 4081 1201 4152 (Act.
1233 4095 1325 4135 vni
1350 4121 1364 4147 ,
1396 4078 1466 4135 19
1487 4120 1504 4146 ,
1538 4076 1668 4149 18).
1707 4077 1931 4147 Propter

347 4175 456 4231 hoc
480 4183 535 4231 et
575 4174 833 4231 Dominus
881 4174 994 4247 ipse
1035 4173 1191 4230 Jest
1239 4172 1494 4244 Spiritum
1537 4181 1778 4228 sanctum
1824 4185 1930 4226 non

348 4270 520 4325 solum
549 4268 696 4324 dedit
731 4275 790 4323 ut
831 4267 974 4323 Deus
997 4309 1012 4335 ,
1055 4265 1151 4323 sed
1191 4266 1349 4322 etiam
1393 4264 1597 4336 accepit
1633 4272 1691 4320 ut
1727 4263 1927 4328 homo;

348 4368 628 4432 propterea
665 4359 836 4438 dictus
873 4365 954 4414 cst
981 4358 1170 4428 pientis
1208 4358 1376 4428 gratia
1420 4357 1442 4428 (
1463 4355 1619 4410 Joan.
1649 4371 1707 4424 ι,
1738 4355 1806 4409 i4
1832 4353 1852 4420 )
1879 4361 1933 4409 et

347 4453 548 4524 Spiritu
573 4460 759 4508 sancto
787 4451 804 4482 ⁸
836 4449 1000 4522 (Luc.
1030 4466 1088 4504 χι
1107 4491 1122 4516 ,
1151 4448 1220 4505 52
1244 4491 1258 4517 ,
1291 4457 1338 4502 et
1363 4463 1436 4514 iv,
1466 4449 1493 4502 1
1520 4447 1559 4518 ).
1603 4446 1672 4501 Et
1709 4444 1932 4500 manife-

350 4546 484 4600 stius
511 4544 578 4600 de
603 4543 697 4598 illo
725 4542 980 4612 scriptum
1024 4550 1106 4596 est
1145 4541 1198 4595 in
1233 4538 1452 4594 Actibus
1501 4537 1878 4608 Apostolorum
1913 4553 1926 4590 :

354 4637 608 4706 Quoniam
631 4635 774 4690 unxit
797 4650 912 4688 eum
941 4631 1078 4688 Deus
1103 4631 1304 4702 Spiritu
1323 4638 1496 4685 sancto
1524 4627 1672 4698 (Act.
1702 4644 1732 4681 ιι
1758 4669 1774 4696 ,
1803 4626 1873 4683 58
1889 4627 1928 4697 ).

351 4727 468 4786 Non
494 4727 676 4799 utique
702 4727 822 4784 oleo
845 4724 1038 4782 visibili
1062 4768 1077 4793 ,
1109 4723 1206 4780 sed
1227 4723 1369 4778 dono
1386 4721 1570 4794 gratiae
1595 4762 1608 4787 ,
1641 4719 1782 4790 quod
1808 4719 1934 4774 visi-

351 4821 443 4879 bili
472 4820 800 4892 signiﬁcatur
828 4825 1096 4890 unguento
1120 4831 1224 4887 quo
1245 4815 1536 4886 baptizatos
1565 4813 1714 4883 ungit
1742 4810 1930 4867 Ecete-

352 4914 452 4970 sia.
484 4911 595 4968 Nec
622 4925 750 4966 sane
777 4919 904 4966 tunc
940 4918 1130 4965 unctus
1175 4916 1258 4964 est
1303 4906 1545 4963 Christus
1582 4903 1783 4974 Spiritu
1805 4917 1931 4959 san-

351 5015 438 5063 cto
463 5047 478 5073 ,
520 5002 734 5075 quando
775 5015 936 5071 super
964 5015 1086 5056 eum
1129 4999 1461 5070 baptizatum
1499 4996 1647 5053 velut
1689 4995 1933 5052 columba

350 5094 629 5154 descendit
657 5091 884 5166 (Matth.
915 5107 972 5146 in
993 5131 1008 5156 ,
1038 5090 1144 5161 16)
1171 5107 1186 5144 :
1209 5098 1335 5145 tunc
1355 5089 1498 5146 enim
1516 5102 1710 5158 corpus
1736 5085 1892 5145 suum
1914 5130 1930 5158 ,

351 5190 407 5246 id
431 5198 511 5246 est
535 5229 550 5255 ,
582 5187 880 5244 Ecclesiam
910 5199 1060 5242 suam
1089 5183 1432 5255 prmﬁgurare
1455 5182 1702 5252 dignatus
1727 5189 1846 5250 est,
1878 5181 1934 5237 in

351 5299 456 5356 qua
487 5281 754 5354 praecipue
780 5277 1031 5351 bsptizati
1061 5277 1326 5347 accipiunt
1356 5275 1611 5346 Spiritum
1646 5281 1890 5329 sanctum
1915 5290 1930 5329 :

352 5374 448 5432 sed
475 5373 576 5430 ista
603 5372 824 5445 mystica
850 5379 906 5428 et
934 5369 1184 5426 invisibili
1205 5367 1456 5423 unctione
1481 5375 1606 5422 tunc
1631 5364 1932 5436 intelligen-

351 5467 455 5525 dus
479 5473 562 5523 est
589 5472 784 5521 unctus
805 5505 818 5530 ,
850 5461 1064 5535 quando
1091 5460 1326 5518 Verbum
1353 5459 1449 5516 Dei
1474 5473 1600 5515 caro
1628 5458 1822 5514 factum
1849 5466 1934 5515 est

353 5557 550 5636 (Joan.
577 5574 635 5627 ι,
667 5559 735 5614 id
755 5556 796 5629 );
827 5555 880 5612 id
900 5565 981 5612 est
1002 5598 1019 5626 ,
1061 5555 1270 5629 quando
1314 5555 1544 5610 humana
1586 5561 1773 5610 natura
1816 5553 1933 5611 sine

354 5653 475 5710 uilis
526 5646 946 5723 praecedentibus
987 5649 1249 5705 bonorum
1297 5660 1520 5720 operum
1568 5645 1775 5702 meritis
1818 5643 1931 5702 Deo

415 5869 433 5901 ¹
468 5875 540 5919 Er-
553 5868 705 5938 μιβιι·
730 5875 850 5938 *βρο
875 5873 928 5938 et
946 5870 1347 5938 ιοῖορμυριετοα
1372 5863 1530 5938 (ἔξειπε
1549 5867 1622 5920 est
1634 5862 1801 5930 ριεηαε
1820 5874 1932 5928 9m-

350 5937 450 5990 tta:
473 5933 662 5984 onissis
680 5931 858 5994 verbis,
877 5936 924 5983 et
1138 5935 1314 5980 meto.
1381 5935 1438 5980 tt.

1485 436 1690 500 ιω
1725 433 2028 505 QUINTUS
2060 431 2382 498 DECNUS.

2016 547 2194 604 Verba
2217 551 2234 580 ¹
2263 547 2426 606 estin
2451 556 2604 608 utero
2628 549 2857 624 virginis
2877 556 3134 627 copulata
3148 558 3486 628 ,itautcum.
3503 567 3601 634 ilio

2016 638 2171 695 ﬁeret
2195 656 2296 696 una
2321 656 2572 712 persona.
2595 643 2677 711 0b
2701 645 2802 701 hoc
2823 661 2953 706 eum
2971 650 3290 710 conﬁtemur
3318 663 3506 714 natum
3527 657 3602 718 de

2017 731 2224 802 Spiritu
2245 745 2432 792 sancto
2455 745 2514 794 et
2545 738 2751 809 virgine
2790 740 2982 802 Maria.
3018 744 3475 806 Absurdissimum
3517 758 3602 814 est

2025 833 2167 888 enim
2193 874 2208 900 ,
2235 839 2293 888 ut
2319 832 2600 892 credamus
2619 849 2743 891 eum
2758 850 2885 894 cum
2903 837 3014 909 jam
3035 841 3257 912 triginta.
3269 856 3420 908 esset.
3435 863 3603 910 anno-

2017 938 2138 980 rum
2164 924 2182 993 (
2212 924 2327 995 eius
2353 925 2496 980 enim
2526 925 2698 981 aetatis
2717 941 2752 982 a
2772 927 2984 986 Joanne
3003 931 3300 1002 baptizatus
3323 947 3406 996 est
3431 938 3600 1014 [Lua

2018 1031 2099 1082 ιιι,
2121 1015 2318 1089 21-25]
2337 1015 2381 1087 ),
2405 1019 2674 1088 accepisse
2689 1017 2948 1089 Spiritum-
2965 1033 3210 1084 sanctum
3236 1046 3250 1082 :
3277 1030 3376 1088 sed
3395 1034 3606 1093 venisse

2019 1104 2168 1162 illum
2194 1107 2264 1162 ad
2288 1108 2554 1177 baptisma
2577 1149 2594 1177 ,
2623 1109 2762 1165 sicut
2787 1110 2904 1168 sine
2937 1113 3046 1172 ullo
3086 1119 3304 1176 omnino
3342 1132 3564 1192 peccato
3585 1167 3601 1192 ,

2021 1197 2093 1254 ita
2123 1212 2229 1254 non
2255 1199 2374 1256 sine
2400 1199 2600 1270 Spiritu
2625 1211 2832 1260 sancto.
2855 1204 2911 1266 Si
2930 1207 3079 1266 enim.
3093 1209 3160 1270 de
3183 1211 3383 1272 famulo
3411 1215 3525 1286 ejus
3551 1225 3606 1272 et

2019 1305 2358 1362 praecm'sore
2382 1293 2498 1362 ipso
2522 1294 2732 1358 Joanne
2751 1297 3008 1368 scriptum
3033 1311 3156 1380 est,
3193 1303 3394 1374 Spiritu
3430 1316 3604 1363 sancto

2019 1386 2295 1456 replebitur
2309 1388 2423 1458 jam
2449 1387 2565 1447 inde
2591 1387 2652 1446 ab
2693 1398 2844 1446 utero
2873 1395 3057 1452 metris
3090 1411 3196 1454 sum
3220 1394 3243 1468 ε
3265 1395 3354 1452 Id.
3381 1413 3404 1454 ι
3421 1439 3438 1464 ,
3469 1399 3538 1455 15
3559 1398 3602 1471 ),

2019 1481 2270 1549 quo-iatn
2296 1482 2541 1552 quamvis
2567 1484 2858 1543 misimus
2877 1501 2918 1543 α
2930 1496 3089 1556 patre
3106 1530 3131 1558 ν
3149 1498 3331 1552 mon
3347 1491 3606 1562 Spiritum

2021 1580 2272 1627 sanctum
2295 1573 2356 1642 in
2380 1582 2534 1629 utero
2562 1574 2817 1633 innatus
2846 1580 3090 1649 accepit;
3119 1581 3246 1651 quid
3287 1582 3354 1640 de
3387 1583 3607 1642 homine

2022 1661 2236 1720 Christo
2261 1662 2667 1735 intelligendum
2688 1674 2772 1722 est
2798 1667 2880 1726 vel
2909 1669 3234 1728 credendum
3254 1713 3272 1739 ,
3297 1673 3449 1744 cuius
3485 1687 3608 1733 car-

2023 1754 2110 1810 nis
2138 1755 2253 1824 ipsa
2285 1757 2568 1826 conceptio
2595 1773 2706 1813 non
2733 1759 2962 1816 carnalis
2981 1801 3006 1828 ,..
3029 1761 3131 1821 sed
3153 1763 3444 1832 spirituaiis
3467 1765 3607 1822 fuit?

2021 1844 2086 1903 In
2110 1861 2176 1904 eo
2204 1848 2373 1904 etiam
2391 1849 2541 1919 quod
2563 1849 2633 1906 de
2660 1851 2753 1908 illo
2779 1853 3040 1923 scriptum
3066 1862 3150 1910 est
3170 1897 3184 1921 ,
3216 1856 3358 1926 quod
3383 1871 3607 1928 accepe-

2021 1938 2093 1996 rit
2118 1953 2150 1994 a
2177 1939 2336 1997 Patre
2365 1943 2774 2010 promissionem
2799 1944 3028 2013 Spiritus
3062 1947 3238 2014 sancti.
3269 1956 3326 2004 et
3361 1948 3610 2006 etl‘uderit

2024 2031 2183 2102 (Aet.
2205 2047 2246 2088 ιι
2272 2072 2286 2096 ,
2319 2033 2395 2089 35
2412 2031 2454 2103 ),
2481 2041 2710 2104 utraque
2735 2043 2924 2092 nauita
2949 2045 3246 2098 monstrata
3272 2047 3392 2106 est,
3424 2047 3478 2096 et
3505 2039 3607 2098 ltu-

2022 2137 2182 2180 ntaua
2209 2123 2414 2180 scilicet
2455 2133 2511 2181 et
2553 2125 2775 2182 divina:
2818 2128 3025 2196 accepit
3070 2128 3265 2199 quippe
3302 2123 3386 2186 ut"
3404 2129 3606 2198 homo,

2022 2213 2210 2273 eﬁ‘udit
2238 2223 2296 2271 ut
2324 2215 2486 2272 Deus.
2511 2215 2627 2273 Nos
2645 2225 2825 2274 autem
2849 2218 3098 2288 accipere
3129 2219 3342 2290 quidem
3374 2220 3478 2278 hoc
3513 2212 3627 2279 do?

2022 2322 2152 2365 sum
2180 2321 2464 2378 possimus
2491 2323 2597 2378 pro
2617 2309 2836 2367 modulo
2856 2319 3082 2379 nostro,
3116 2311 3387 2370 edundere
3429 2321 3609 2371 autem

2021 2412 2186 2469 super
2207 2399 2342 2455 alios
2365 2414 2476 2458 non
2512 2399 2693 2471 utique
2721 2416 3038 2474 possumus;
3084 2403 3182 2462 sed
3222 2403 3429 2464 uthac
3469 2404 3566 2464 ﬁat
3587 2446 3606 2475 ,

2022 2490 2192 2548 Deum
2221 2506 2384 2562 super
2407 2506 2505 2550 eos
2525 2533 2541 2557 ,
2569 2507 2600 2550 a
2625 2507 2732 2564 quo
2755 2493 2858 2552 hoc
2882 2493 3111 2552 efﬁcitur
3134 2537 3150 2563 ,
3179 2495 3511 2556 immanius.

2021 2611 2042 2630 -
2095 2584 2194 2640 1⁵1.
2226 2583 2495 2655 Numquid
2521 2600 2650 2657 ergo
2687 2601 2968 2656 possum
3007 2604 3254 2660 quaerere:
3285 2599 3466 2650 utrum
3496 2591 3608 2664 iam

2024 2686 2360 2745 processerat
2385 2677 2454 2734 de
2475 2677 2635 2734 Patre
2674 2677 2908 2750 Spiritus
2940 2688 3160 2742 sanctus
3194 2683 3408 2753 quando
3453 2691 3609 2742 natus

2024 2777 2108 2826 est
2128 2767 2295 2826 Filius
2321 2811 2336 2836 ,
2364 2784 2436 2826 an
2456 2771 2701 2830 nondum
2734 2782 3067 2844 processerat
3089 2816 3106 2840 ,
3150 2782 3206 2832 et
3246 2775 3340 2834 ilio
3382 2783 3512 2834 nato
3540 2775 3609 2832 de

2024 2867 2252 2931 utroque
2278 2863 2576 2932 processit,
2604 2864 2696 2920 ubi
2719 2865 2862 2920 nulla
2887 2875 3017 2922 sunt
3040 2876 3318 2938 tempore;
3349 2858 3485 2924 Sicut
3507 2883 3609 2939 po-

2026 2952 2226 3012 tuimus
2247 2969 2487 3024 quareret
2514 2954 2604 3012 ubi
2630 2956 2937 3014 invenimus
2971 2967 3215 3028 tempore
3234 3000 3252 3027 ,
3283 2959 3608 3018 voluntatem
3719 3021 3725 3028 ,

2025 3044 2177 3115 prius
2227 3045 2296 3102 de
2344 3046 2576 3104 humana
2620 3057 2806 3106 mente
2845 3050 3184 3122 procedere,
3231 3058 3290 3106 ut
3343 3059 3610 3122 quaerant

2025 3136 2168 3206 quod
2195 3137 2472 3196 inventum
2517 3140 2704 3209 proles
2737 3150 2998 3209 vocetur;
3033 3157 3139 3213 quo
3173 3143 3291 3213 jam
3323 3152 3477 3213 parta
3513 3159 3611 3202 seu

2025 3229 2208 3299 genita
2233 3272 2248 3296 ,
2276 3231 2532 3288 uoluntas
2557 3233 2644 3288 illa
2670 3234 2977 3303 perﬁcitur,
3005 3250 3071 3292 eo
3098 3236 3211 3292 ﬁne
3229 3237 3609 3309 requiescens,

2026 3321 2204 3392 utqui
2227 3321 2404 3379 ﬁxerat
2427 3325 2694 3394 appetitus
2719 3328 3012 3396 quaerentis
3035 3367 3050 3393 ,
3083 3328 3153 3383 sit
3179 3342 3330 3383 amr
3352 3326 3609 3398 bustis,

2027 3411 2120 3480 qui
2142 3411 2258 3482 iam
2278 3413 2348 3468 de
2371 3425 2598 3484 utroque
2622 3455 2636 3479 ,
2666 3415 2719 3470 id
2749 3425 2868 3484 est,
2899 3416 3238 3489 degigaente
3263 3427 3444 3475 meme
3465 3427 3523 3476 et
3543 3417 3612 3475 de

2027 3502 2206 3572 genita
2225 3505 2444 3561 notione
2463 3514 2714 3577 tanquam
2736 3507 2806 3564 de
2826 3519 3052 3578 parente
3067 3523 3134 3565 ac
3152 3510 3302 3580 κᾶε
3319 3509 3610 3581 procedat?

2028 3592 2145 3650 Non
2189 3604 2413 3665 possunt
2461 3611 2682 3666 prorsus
2733 3599 2832 3674 ista
2881 3600 2958 3655 ibi
2997 3602 3206 3672 qureri,
3247 3602 3334 3658 ubi
3375 3602 3510 3658 nihil
3541 3617 3610 3660 ex

2028 3692 2277 3757 tempore
2315 3689 2596 3746 inchoatur
2619 3732 2634 3759 ,
2691 3699 2750 3748 ut
2801 3694 3151 3765 consetpienti
3207 3693 3509 3764 perﬁciatur
3554 3695 3610 3753 in

2029 3788 2292 3853 ιθηψοιθ·
2315 3782 2651 3855 Οιηρταριεν
2672 3826 2688 3851 .
2710 3785 2800 3856 qui
2821 3795 3000 3857 potest
3338 3788 3454 3846 siue
3475 3795 3610 3844 tem-

2029 3887 2164 3944 pore
2210 3874 2610 3945 generationem
2658 3875 2780 3932 Filii
2833 3878 2906 3934 de
2944 3879 3140 3946 Patre,
3189 3880 3447 3951 hteliigat
3495 3880 3613 3937 sine

2030 3971 2274 4035 tempore
2300 3967 2694 4035 processionem
2717 3968 2946 4038 Spiritus
2971 3971 3144 4026 saluti
3165 3970 3232 4028 de
3271 3980 3514 4042 utroque.
3546 3972 3614 4029 Et

2034 4055 2126 4126 qui
2152 4063 2329 4125 potest
2353 4057 2652 4129 inteiligere
2679 4059 2733 4114 in
2758 4074 2828 4115 eo
2849 4061 2993 4131 quod
3019 4062 3096 4117 ait
3118 4061 3283 4119 Filius
3306 4104 3324 4130 ,
3352 4063 3500 4120 Sicut
3522 4064 3614 4121 lis-

2033 4145 2113 4202 bet
2139 4144 2296 4202 Pater
2318 4148 2470 4202 vitam
2498 4149 2554 4204 in
2575 4151 2841 4221 semetipso
2863 4193 2877 4217 ,
2907 4151 2980 4206 sic
2999 4151 3139 4207 dedit
3170 4152 3312 4210 Filio
3345 4155 3502 4212 vitam
3525 4156 3616 4212 Ita-

2035 4237 2148 4294 bere
2170 4238 2228 4293 iit
2250 4238 2516 4310 semetipso
2551 4240 2571 4311 (
2597 4239 2751 4296 Joan.
2781 4257 2836 4309 ιι,
2865 4241 3000 4313 9.6);
3045 4257 3153 4300 non
3193 4245 3314 4302 sine
3356 4247 3464 4302 vita
3499 4247 3615 4304 exi-

2010 4332 2202 4388 ,stenti
2217 4331 2330 4402 jam
2353 4332 2489 4389 Filio
2511 4334 2672 4389 vitam
2710 4334 2924 4391 Patrem
2959 4334 3209 4404 dedisse,
3255 4337 3352 4394 sed
3386 4339 3461 4395 ita
3493 4353 3615 4397 eum

2036 4424 2154 4481 sine
2205 4433 2448 4495 tempore
2489 4427 2776 4496 genuisse,
2827 4437 2884 4500 ut
2926 4430 3032 4484 vita
3077 4445 3238 4501 quam
3281 4431 3438 4488 Pater
3481 4432 3617 4488 Filio

2034 4513 2304 4584 gignendo
2324 4514 2508 4581 dedit,
2534 4525 2802 4573 materna
2829 4518 2900 4574 sit
2925 4519 3052 4576 vitm
3092 4520 3268 4578 Patris
3299 4523 3394 4593 qui
3429 4522 3577 4580 dedit
3602 4541 3616 4579 :

2036 4604 2295 4676 intelligat
2318 4606 2456 4663 sicut
2492 4607 2650 4664 habet
2692 4609 2852 4666 Pater
2892 4611 2947 4667 in
2987 4613 3278 4684 semetipso
3318 4622 3380 4670 ut
3418 4614 3487 4671 de
3528 4614 3618 4672 illo

2036 4701 2292 4772 procedat
2314 4702 2544 4774 Spiritus
2571 4713 2788 4762 sanctus
2808 4747 2822 4773 ,
2851 4707 2929 4763 sic
2953 4707 3172 4766 dedisse
3192 4708 3334 4765 Filio
3350 4716 3412 4765 ut
3432 4709 3505 4766 de
3524 4710 3618 4766 illo

2035 4795 2294 4866 procedat
2340 4796 2482 4853 idem
2519 4796 2750 4868 Spiritus
2787 4807 3041 4868 sanctus,
3085 4809 3140 4856 et
3179 4809 3464 4873 utrunque
3503 4802 3619 4860 sine

2037 4896 2278 4960 tempore
2305 4908 2319 4958 ;
2351 4898 2512 4961 atque
2533 4890 2604 4947 ita
2631 4891 2835 4949 dictum
2861 4893 3118 4964 Spiritum
3142 4903 3382 4950 sanctum
3419 4895 3493 4956 de
3516 4895 3618 4950 Pa-

2037 4987 2122 5037 tre
2148 4981 2441 5051 procedere
2463 5024 2477 5048 ,
2504 4992 2565 5038 ut
2605 4983 2961 5056 intelligatur,
3007 4985 3149 5054 quod
3184 4985 3346 5043 etiam
3383 4988 3620 5058 procedit

2037 5072 2106 5129 de
2129 5073 2269 5129 Filio
2293 5116 2308 5141 ,
2338 5075 2408 5130 de
2431 5075 2590 5132 Patre
2613 5092 2732 5132 esse
2758 5077 2894 5133 Filio
2917 5079 2961 5131 ⁸.
2989 5077 3048 5133 Si
3072 5078 3214 5134 enim
3239 5079 3493 5151 quidquid
3522 5081 3619 5136 ba-

2037 5162 2128 5218 bet
2149 5204 2164 5230 ,
2192 5164 2264 5220 de
2283 5165 2444 5222 Patre
2465 5166 2624 5223 habet
2651 5167 2816 5224 Filius
2839 5183 2858 5232 ;
2883 5167 2952 5224 de
2976 5167 3136 5226 Patre
3160 5169 3322 5227 habet
3354 5171 3538 5243 utique
3563 5182 3620 5229 ut

2037 5263 2094 5312 et
2134 5255 2206 5313 de
2244 5256 2337 5313 ilio
2376 5258 2630 5329 procedat
2665 5258 2898 5329 Spiritus
2935 5269 3170 5318 sanctus.
3210 5261 3318 5318 Sed
3359 5264 3505 5319 nulla
3550 5265 3620 5323 ibi

2039 5355 2278 5419 tempora
2307 5349 2610 5419 cogitentur
2631 5389 2648 5417 ,
2673 5365 2794 5420 qua:
2819 5350 3020 5408 habent
3044 5353 3193 5424 prius
3229 5360 3288 5410 et
3312 5356 3580 5426 posterius
3607 5375 3620 5411 :

2035 5443 2165 5513 quia
2180 5442 2400 5500 omnino
2423 5443 2566 5502 stilla
2591 5442 2663 5499 ibi
2687 5451 2831 5500 st.
2854 5444 3133 5513 Quomodo
3151 5461 3282 5520 ergo
3303 5463 3410 5504 non
3429 5449 3624 5505 absun-

2037 5533 2258 5590 dissime
2302 5533 2444 5590 illius
2478 5533 2750 5596 diceretur
2783 5537 3106 5608 amborum,
3143 5552 3266 5596 eum
3309 5540 3450 5596 sicut
3486 5539 3621 5594 Filio

2037 5632 2256 5696 praestat
2277 5625 2568 5683 essentiam
2591 5626 2708 5686 sine
2731 5628 2885 5688 initio
2907 5630 3168 5704 temporis
3183 5672 3200 5703 ,
3229 5631 3348 5691 sine
3365 5631 3476 5689 ulla
3501 5646 3621 5687 inu-

2102 5804 2120 5871 ξ
2155 5804 2230 5871 sit}
2250 5811 2354 5871 uss.
2379 5810 2434 5855 Αι
2456 5805 2607 5871 editi,
2631 5805 2717 5857 Dei
2745 5806 2927 5871 Verbo!

2100 5866 2132 5940 ’³,
2153 5865 2286 5927 Editi,
2312 5879 2415 5919 esse
2445 5873 2491 5921 et
2512 5866 2650 5922 Filio.
2669 5865 3013 5935 Expunximus,
3036 5873 3108 5936 et,
3134 5867 3419 5925 auctoritate
3454 5880 3620 5936 atauu-
