4126 6446
548 448 691 514 1095

546 569 810 628 tabilitate
853 572 1055 623 naturae
1096 561 1166 618 de
1218 559 1376 617 Patre
1420 556 1727 629 generatio;
1773 557 1844 611 ita
1904 550 2126 625 Spirittii

548 673 738 722 sancto
768 667 986 734 praestet
1010 656 1294 713 essentiam
1335 653 1449 708 sine
1488 652 1597 706 ullo
1640 650 1789 705 initio
1828 646 2082 717 temporis
2106 684 2123 712 ,

546 758 665 814 sine
685 756 792 811 ulla
817 750 1167 808 mutabilitate
1197 754 1403 802 naturae
1441 745 1509 800 de
1546 752 1774 813 utroque
1810 736 2127 811 processio?

548 850 675 907 ldeo
700 848 840 905 enim
863 860 983 902 cum
1012 842 1269 914 Spiritum
1298 847 1538 896 sanctum
1574 836 1811 908 genitum
1846 849 1953 889 non
1983 832 2130 887 dica-

546 956 665 996 mus
688 982 704 1008 ,
734 938 913 994 dicere
942 945 1118 991 tamen
1140 948 1245 991 non
1283 931 1539 987 audemus
1580 928 1869 999 ingenitum
1898 968 1913 993 ,
1956 938 2027 980 ne
2072 922 2126 976 in

544 1033 647 1089 hoc
683 1029 941 1086 vocabulo
966 1029 1051 1084 vel
1090 1027 1225 1082 duos
1260 1033 1437 1097 patres
1478 1024 1531 1077 in
1578 1021 1667 1076 illa
1703 1019 1961 1075 Trinitate
1984 1059 1998 1083 ,
2043 1014 2126 1070 vel

546 1124 679 1179 duos
701 1124 791 1194 qui
818 1137 923 1176 non
948 1128 1073 1176 sunt
1097 1119 1165 1174 de
1188 1118 1295 1172 alio
1318 1115 1577 1187 quispiam
1618 1112 1938 1181 suSpicetur.
1968 1108 2127 1163 Pater

549 1217 690 1271 enim
718 1214 865 1270 solus
888 1228 995 1267 non
1022 1219 1103 1266 est
1126 1209 1194 1265 de
1220 1210 1325 1263 alio
1347 1250 1362 1275 ,
1390 1206 1511 1261 ideo
1533 1204 1679 1260 solus
1717 1201 2012 1272 appellatur
2045 1199 2126 1253 in-

542 1308 753 1378 genitus
782 1348 795 1373 ,
825 1320 929 1359 non
955 1302 1168 1374 quidem
1196 1302 1248 1355 in
1271 1297 1559 1369 Scripturis
1588 1338 1603 1363 ,
1632 1294 1725 1351 sed
1757 1293 1811 1347 in
1835 1298 2123 1348 consuetu-

542 1399 667 1454 dine
696 1394 1075 1467 disputantium
1094 1433 1111 1460 ,
1141 1400 1196 1446 et
1220 1391 1287 1447 de
1310 1404 1371 1445 re
1395 1397 1538 1443 tanta
1577 1398 1878 1442 sermonem
1914 1381 2124 1452 qualem

545 1487 811 1544 valuerint
834 1482 1238 1556 proferentium.
1265 1479 1431 1535 Filius
1454 1485 1633 1533 autem
1671 1476 1737 1531 de
1775 1475 1934 1531 Patre
1970 1479 2125 1527 natus

544 1587 663 1636 est:
710 1586 765 1632 et
800 1575 1032 1645 Spiritus
1072 1580 1286 1629 sanctus
1329 1569 1397 1625 de
1429 1568 1587 1624 Patre
1621 1564 2026 1637 principaliter,
2072 1571 2127 1619 et

544 1673 662 1743 ipso
687 1672 803 1726 sine
831 1669 939 1724 ullo
967 1667 1221 1737 temporis
1243 1664 1522 1721 intervallo
1546 1661 1706 1717 dante
1727 1704 1742 1727 ,
1772 1660 2126 1716 communiter

545 1762 616 1819 de
640 1770 867 1831 utroque
895 1758 1153 1830 procedit.
1186 1757 1459 1811 Diceretur
1484 1762 1661 1809 autem
1698 1752 1839 1808 ﬁlius
1866 1750 2040 1808 Patris
2072 1758 2127 1805 et

548 1856 665 1911 Filii
696 1896 708 1919 ,
736 1854 779 1911 si
807 1895 821 1919 ,
850 1852 993 1924 quod
1018 1850 1271 1907 abhorret
1295 1850 1362 1905 ab
1397 1847 1634 1903 omnium
1667 1858 1919 1900 sanorum
1956 1842 2125 1899 sensi-

552 1938 651 2002 bus
678 1989 692 2014 ,
721 1961 841 2001 eum
864 1944 1021 1999 ambo
1044 1943 1369 2014 genuissent.
1396 1940 1511 1996 Non
1532 1940 1690 2010 igitur
1709 1939 1775 1993 ab
1794 1947 2020 2008 utroque
2044 1945 2126 1993 est

545 2039 755 2110 genitus
775 2080 789 2104 ,
816 2037 910 2092 sed
938 2035 1177 2106 procedit
1200 2036 1267 2091 ab
1289 2042 1514 2103 utroque
1539 2032 1813 2087 amborum
1838 2031 2087 2101 Spiritus.

616 2128 839 2185 CAPUT
868 2127 1084 2182 XXVII.
1107 2157 1175 2167 —
1196 2126 1283 2181 48.
1317 2125 1451 2193 Quid
1479 2124 1560 2178 hic
1584 2124 1797 2195 sufﬁciat
1821 2123 1887 2176 ad
1908 2122 2117 2176 solutio-

547 2237 660 2275 nem
678 2219 967 2291 qmestionis
984 2260 999 2285 ,
1020 2235 1110 2272 cur
1131 2217 1354 2287 Spiritus
1374 2232 1475 2270 non
1494 2215 1692 2269 dicatur
1714 2214 1908 2285 genitus
1930 2255 1944 2281 ,
1968 2222 2018 2266 et
2036 2228 2125 2266 cur

544 2314 683 2368 solus
711 2311 868 2365 Pater
894 2311 1169 2383 ingenitus.
1202 2310 1338 2375 Quid
1376 2308 1626 2380 agendum
1661 2308 1725 2362 iis
1755 2307 1839 2377 qui
1880 2306 1985 2360 hac
2022 2321 2124 2358 non

544 2406 851 2476 intelligunt.
885 2404 1079 2459 Verum
1106 2403 1227 2472 quia
1255 2404 1306 2456 in
1333 2402 1420 2457 illa
1448 2408 1710 2456 coaeterna
1737 2441 1751 2466 ,
1796 2408 1851 2455 et
1887 2398 2077 2468 aequali
2105 2437 2122 2464 ,

551 2510 605 2556 et
633 2499 951 2569 incorporali
976 2538 991 2565 ,
1022 2506 1076 2553 et
1102 2496 1438 2551 ineffabiliter
1464 2492 1776 2550 immutabili
1804 2533 1821 2560 ,
1856 2498 2015 2561 atque
2037 2491 2123 2545 in-

541 2592 819 2665 separabili
847 2591 1105 2647 Trinitate
1137 2588 1505 2645 difﬁcillimum
1546 2596 1629 2644 est
1664 2586 2123 2657 generationema

542 2684 887 2759 processione
912 2682 1237 2753 distinguere
1260 2723 1276 2750 ,
1308 2680 1540 2735 sufﬁciat
1565 2678 1778 2734 interim
1806 2678 1885 2733 eis
1914 2676 2003 2747 qui
2032 2690 2125 2730 ex-

508 2786 515 2793 ‘
544 2775 692 2831 tendi
719 2790 826 2830 non
856 2774 1034 2829 valent
1058 2772 1286 2843 amplius
1308 2772 1349 2840 ¹,
1381 2769 1435 2825 id
1463 2768 1607 2841 quod
1627 2769 1695 2825 de
1716 2768 1817 2823 hac.
1844 2782 1903 2824 re
1927 2768 1984 2822 in
2011 2780 2125 2823 ser-

544 2884 701 2924 mone
728 2868 953 2939 quodam
984 2864 1305 2937 proferendo
1328 2863 1393 2918 ad
1423 2877 1581 2919 aures
1624 2862 1805 2934 populi
1846 2860 2123 2917 christiani

544 2960 776 3015 diximus
795 2999 811 3025 ,
834 2958 1137 3027 dictumque
1155 2955 1590 3025 conscripsimus.
1612 2953 1753 3009 lnter
1771 2960 1963 3008 caetera
1980 2952 2123 3008 enim

542 3066 665 3107 cum
692 3066 786 3121 per
814 3051 1206 3121 Scripturarum
1237 3057 1536 3103 sanctarum
1577 3047 1875 3102 testimonia
1906 3045 2122 3101 docuis-

543 3157 660 3198 sem
703 3143 772 3199 de
812 3152 1037 3212 utroque
1080 3140 1370 3211 procedere
1414 3138 1671 3209 Spiritum
1720 3147 1959 3194 sanctum
1994 3157 2007 3191 :
2062 3136 2124 3193 Si

511 3216 517 3227 ’
542 3250 662 3305 ergo
686 3275 701 3301 ,
730 3234 967 3303 inquam,
995 3241 1040 3286 et
1061 3232 1123 3285 de
1144 3231 1299 3285 Patre
1324 3240 1369 3285 et
1394 3230 1455 3284 de
1483 3229 1617 3283 Filio
1647 3229 1869 3300 procedit
1897 3228 2124 3299 Spiritus

538 3332 767 3389 sanctus;
789 3340 879 3377 cur
902 3322 1069 3378 Filius
1095 3322 1273 3389 dieit,¢
1302 3319 1380 3374 De
1403 3320 1558 3375 Patre
1579 3319 1801 3390 procedit
1830 3316 2005 3389 (Joan.
2025 3334 2119 3387 xv,

540 3416 612 3472 26
632 3417 706 3488 γε»
728 3415 832 3471 Cur
847 3456 863 3483 ,
890 3424 1038 3487 putas
1059 3454 1077 3483 ,
1106 3414 1199 3469 nisi
1225 3411 1643 3485 quemadmodum
1664 3412 1788 3465 solet
1813 3411 1882 3464 ad
1905 3427 2019 3465 eum
2045 3427 2124 3465 re-

543 3508 676 3578 ferre
702 3515 748 3561 et
772 3506 904 3577 quod
929 3506 1091 3576 ipsius
1118 3514 1191 3559 est
1214 3546 1229 3569 ,
1260 3505 1323 3558 de
1363 3519 1461 3573 quo
1499 3511 1546 3556 et
1583 3503 1692 3572 ipse
1728 3502 1847 3556 est?
1893 3500 2040 3555 Unde
2076 3510 2124 3555 et

541 3600 672 3657 illud
700 3610 770 3653 est
793 3599 927 3670 quod
955 3598 1024 3651 ait
1047 3638 1063 3665 ,
1098 3614 1117 3648 ι
1148 3596 1266 3650 Mea
1305 3595 1535 3649 doctrina
1584 3610 1684 3647 non
1726 3603 1799 3649 est
1842 3610 1955 3649 mea
1979 3636 1993 3660 ,
2034 3594 2123 3647 sed

539 3695 654 3765 ejus
678 3694 763 3765 qui
786 3709 866 3747 me
888 3692 1023 3746 misit
1055 3709 1076 3743 ι
1115 3688 1225 3763 (Id.
1251 3704 1324 3745 vn
1349 3729 1363 3755 ,
1394 3688 1461 3744 16
1556 3688 1616 3742 Si
1644 3688 1796 3757 igitur
1825 3687 1905 3740 hic
1930 3687 2122 3741 intelli-

546 3788 679 3858 gitur
705 3786 814 3855 ejus
834 3783 1062 3838 doctrina
1086 3823 1100 3848 ,
1122 3796 1271 3851 quam
1312 3789 1475 3833 tamen
1512 3778 1641 3833 dixit
1673 3794 1775 3832 non
1810 3794 1956 3832 suam
1979 3820 1994 3846 ,
2036 3778 2124 3832 sed

548 3877 763 3942 Patris;
791 3884 975 3946 quanto
1000 3873 1163 3943 magis
1191 3872 1296 3925 illic
1320 3869 1673 3941 intelligendus
1709 3879 1781 3923 est
1824 3879 1868 3924 et
1910 3869 1973 3923 de
2012 3869 2123 3938 ipso

545 3970 813 4042 procedere
850 3968 1074 4037 Spiritus
1118 3974 1354 4031 sanctus,
1394 3964 1478 4017 ubi
1520 3964 1591 4017 sic
1636 3963 1747 4029 ait,
1796 3980 1815 4014 ι
1846 3961 1922 4016 De
1967 3960 2125 4016 Patre

542 4063 807 4134 procedit,
843 4080 863 4113 ι
895 4068 949 4114 ut
984 4076 1084 4113 non
1126 4060 1346 4123 diceret,
1394 4055 1473 4110 De
1514 4071 1591 4110 me
1633 4070 1733 4109 non
1772 4054 2041 4125 procedit?
2080 4055 2123 4106 A

544 4172 643 4228 quo
669 4164 837 4208 autem
862 4154 1006 4205 habet
1050 4150 1216 4203 Filius
1261 4158 1317 4202 ut
1353 4148 1417 4201 sit
1458 4147 1593 4201 Deus
1632 4148 1742 4217 (est
1767 4148 1898 4201 enim
1925 4148 1986 4201 de
2014 4146 2123 4201 Deo

546 4243 742 4317 Deus),
773 4241 951 4297 abillo
991 4241 1136 4295 habet
1174 4241 1344 4307 utique
1385 4247 1439 4291 ut
1476 4237 1537 4291 de
1574 4238 1664 4291 illo
1701 4238 1852 4291 etiam
1886 4240 2124 4309 procedat

544 4339 773 4409 Spiritus
797 4342 1001 4390 sanctus
1022 4348 1041 4387 :
1067 4348 1126 4386 ac
1152 4348 1241 4403 per
1270 4331 1363 4383 hoc
1390 4328 1614 4399 Spiritus
1640 4338 1843 4384 sanctus
1883 4338 1938 4382 ut
1974 4330 2123 4384 etiam

544 4430 608 4483 de
636 4428 773 4482 Filio
801 4426 1072 4495 procedat,
1100 4423 1228 4478 sicut
1254 4422 1475 4493 procedit
1497 4421 1559 4475 de
1580 4419 1736 4474 Patre
1758 4461 1773 4487 ,
1806 4420 1868 4474 ab
1889 4422 1999 4493 ipso
2025 4421 2123 4475 ha-

544 4520 621 4575 bet
650 4518 819 4573 Patre.
854 4516 953 4571 Hic
980 4525 1244 4587 utcumque
1266 4515 1417 4568 etiam
1445 4513 1574 4567 illud
1600 4513 1898 4585 intelligitur
1919 4554 1934 4580 ,
1961 4531 2123 4582 quan-

546 4622 653 4667 tum
677 4628 709 4665 a
737 4610 919 4665 talibus
954 4608 1125 4678 quales
1162 4623 1253 4661 nos
1290 4622 1460 4660 sumus
1483 4645 1497 4671 ,
1538 4604 1754 4676 intelligi
1794 4613 1990 4675 potest,
2032 4622 2123 4659 cur

544 4721 647 4759 non
670 4704 870 4758 dicatur
896 4710 1042 4757 natus
1076 4717 1181 4755 esse
1203 4742 1217 4768 ,
1262 4699 1351 4754 sed
1386 4699 1552 4770 potius
1586 4697 1853 4769 procedere
1895 4698 2122 4769 Spiritus

543 4807 748 4852 sanctus
770 4810 791 4850 :
817 4794 1057 4865 quoniam
1085 4792 1128 4847 si
1149 4800 1197 4847 et
1217 4791 1325 4863 ipse
1345 4788 1512 4843 Filius
1532 4788 1778 4842 diceretur
1799 4829 1815 4857 ,
1858 4788 2121 4843 amborum

545 4890 717 4961 utique
743 4888 878 4958 ﬁlius
904 4887 1191 4949 diceretur;
1222 4883 1354 4954 quod
1374 4880 1789 4936 absurdissimum
1822 4890 1915 4935 est.
1951 4879 2122 4936 Filius

538 4981 729 5052 quippe
752 4977 923 5033 nullus
943 4986 1016 5032 est
1044 4976 1259 5030 duorum
1279 5015 1293 5042 ,
1334 4972 1433 5028 nisi
1467 4973 1625 5043 patris
1660 4980 1705 5026 et
1736 4973 1934 5026 matris.
1980 4972 2121 5027 Absit

543 5081 710 5126 autem
730 5080 781 5123 ut
804 5072 932 5124 inter
968 5068 1133 5123 Deum
1165 5067 1374 5123 Patrem
1408 5074 1455 5121 et
1503 5064 1662 5119 Deum
1696 5062 1891 5117 Filium
1927 5064 2121 5135 aliquid

543 5164 644 5218 tale
666 5162 999 5232 suspicemur.
1028 5159 1160 5226 Quia
1193 5174 1285 5213 nec
1320 5157 1456 5226 [ilius
1494 5156 1751 5210 hominum
1789 5155 1940 5209 simul
1974 5164 2021 5209 et
2058 5172 2121 5210 ea;

540 5265 682 5326 patre
703 5264 749 5309 et
775 5271 837 5308 ea:
856 5262 1014 5307 matre
1033 5251 1255 5323 procedit
1278 5266 1299 5305 :
1324 5250 1413 5305 sed
1433 5265 1547 5303 cum
1564 5249 1619 5302 in
1651 5256 1863 5302 matrem
1895 5249 2120 5319 procedit

539 5364 601 5402 ea:
620 5357 797 5417 patre,
825 5363 925 5401 non
945 5355 1064 5400 tunc
1085 5344 1305 5416 procedit
1343 5359 1407 5399 ea:
1433 5351 1635 5406 matre;
1669 5351 1714 5396 et
1752 5357 1867 5396 cum
1893 5342 1947 5397 in
1989 5342 2121 5398 hanc

540 5441 704 5495 lucem
744 5440 968 5510 procedit
1001 5454 1063 5493 ea:
1102 5446 1265 5491 matre
1286 5477 1301 5503 ,
1332 5452 1435 5491 non
1462 5445 1582 5490 tunc
1612 5436 1836 5506 procedit
1862 5452 1927 5491 ea:
1952 5445 2116 5508 patre.

540 5530 767 5604 Spiritus
791 5539 958 5585 autem
974 5538 1176 5587 sanctus
1195 5544 1297 5584 non
1317 5529 1381 5582 de
1405 5528 1563 5581 Patre
1583 5527 1806 5598 procedit
1826 5528 1880 5582 in
1899 5526 2115 5595 Filium,

538 5631 586 5678 et
606 5624 671 5679 de
692 5622 831 5679 Filio
864 5624 1086 5693 procedit
1129 5621 1197 5677 ad
1237 5620 1655 5690 sanetiﬂcandam
1686 5628 2003 5687 creaturam;
2031 5619 2120 5673 sed

537 5714 691 5773 simul
732 5715 797 5771 de
840 5722 1050 5785 utroque
1081 5713 1306 5785 procedit
1342 5728 1361 5768 :
1397 5712 1622 5783 quamvis
1657 5712 1753 5767 hoc
1786 5710 1944 5767 Pater
1981 5710 2121 5767 Filio

600 5915 622 5953 ³
654 5914 793 5981 aditi,
813 5927 905 5967 non
928 5914 1082 5969 valent
1103 5926 1158 5966 tn
1179 5912 1400 5966 amplius.
1428 5914 1588 5979 Abest,
1612 5914 1684 5979 in,
1713 5929 1743 5969 a
1761 5918 2113 5981 manusa'iptis.

1675 439 1763 495 DE
1804 434 2195 505 TRINITATE,
2233 432 2292 488 S.
2333 430 2702 494 AUGUSTINI

3678 445 3833 504 1096

2234 550 2463 620 dederit,
2502 560 2559 606 ut
2594 549 3016 622 quemadmodum
3054 551 3120 607 de
3157 560 3209 608 se
3235 594 3249 621 ,
3286 553 3359 609 ita
3398 556 3463 612 de
3494 556 3588 613 illo
3626 577 3839 633 quoque

2233 644 2491 715 procedat.
2518 644 2695 715 Neque
2715 644 2848 699 enim
2869 661 3135 717 possumus
3156 647 3323 703 dicere
3358 650 3494 720 quod
3515 667 3619 706 non
3638 656 3703 707 sit
3723 656 3838 709 vita

2233 737 2461 808 Spiritus
2498 748 2735 807 sanctus,
2773 756 2887 794 cum
2915 741 3019 795 vita
3048 738 3239 808 Pater,
3276 743 3383 797 vita
3421 744 3485 798 sit
3521 744 3686 801 Filius
3710 764 3730 802 :
3760 766 3835 803 ac

2234 849 2323 904 per
2344 834 2439 887 hoc
2458 834 2588 888 sicut
2612 832 2767 888 Pater
2787 850 2900 887 cum
2924 834 3103 889 habeat
3118 835 3271 889 vitam
3289 835 3344 889 in
3362 837 3627 908 semetipso
3646 880 3661 906 ,
3685 839 3832 895 dedit

2233 934 2279 979 et
2302 923 2441 980 Filio
2476 926 2628 980 vitam
2673 926 2855 980 habere
2894 926 2948 979 in
2979 927 3279 998 semetipso;
3312 927 3385 981 sic
3420 929 3467 982 ei
3499 929 3637 984 dedit
3667 932 3832 986 vitam

2233 1016 2499 1086 procedere
2518 1017 2581 1070 de
2604 1017 2694 1071 illo
2717 1057 2734 1084 ,
2759 1018 2890 1072 sicut
2908 1024 2956 1073 et
2978 1018 3207 1089 procedit
3225 1020 3289 1073 de
3315 1019 3425 1091 ipso
3464 1021 3569 1093 (In
3604 1023 3833 1080 Joannis

2232 1108 2433 1180 Eva‘ng.
2457 1120 2603 1164 tract.
2634 1110 2723 1176 99,
2755 1128 2843 1165 rm.
2876 1112 2910 1167 8
2934 1152 2949 1179 ,
2977 1111 3010 1167 9
3120 1111 3247 1168 Hinc
3272 1112 3341 1169 de
3370 1114 3461 1170 illo
3488 1129 3737 1173 sermone
3767 1120 3829 1172 in

2234 1202 2377 1258 hunc
2408 1204 2599 1259 librum
2632 1205 2917 1274 transtuli,
2945 1205 3039 1261 sed
3084 1205 3351 1276 ﬁdelibus,
3369 1223 3477 1264 non
3518 1209 3831 1267 inﬁdelibus

2231 1294 2476 1365 loquens.

2299 1389 2394 1445 49.
2431 1389 2625 1445 Verum
2664 1391 2709 1446 si
2756 1391 2821 1446 ad
2854 1390 2992 1447 hanc
3030 1392 3333 1461 imaginem.
3358 1394 3737 1463 contuendam,
3767 1403 3827 1451 et

2229 1482 2296 1538 ad
2320 1482 2548 1540 videnda
2575 1484 2676 1541 ista
2701 1498 2860 1555 quam
2888 1499 3015 1541 vera
3043 1486 3171 1551 sint,
3204 1501 3323 1556 quae
3348 1487 3402 1541 in
3422 1501 3609 1542 eorum
3637 1496 3825 1545 mente

2230 1584 2375 1641 sunt,
2425 1590 2526 1632 nec
2575 1576 2675 1630 tria
2724 1576 2802 1631 sic
2830 1584 2955 1631 sunt
3003 1585 3063 1631 ut
3106 1584 3219 1631 tres
3262 1591 3508 1646 personae
3556 1579 3684 1646 sint,
3726 1580 3823 1635 sed

2229 1666 2406 1722 omnia
2432 1666 2533 1721 tria
2558 1666 2787 1721 hominis
2835 1674 2962 1721 sunt
2990 1681 3109 1736 qua:
3138 1680 3242 1721 una
3263 1681 3489 1736 persona
3510 1677 3613 1734 est,
3642 1668 3824 1725 minus

2228 1757 2407 1814 idonei
2435 1765 2560 1812 sunt
2590 1775 2603 1813 :
2629 1772 2726 1812 cur
2768 1771 2875 1812 non
2922 1756 2989 1813 de
3018 1757 3108 1813 illa
3150 1772 3356 1813 summa
3389 1759 3666 1827 Trinitate,
3700 1776 3825 1832 quae

2230 1849 2371 1905 Deus
2395 1858 2498 1917 est,
2527 1849 2752 1905 credunt
2779 1850 2956 1921 potius
2979 1850 3120 1921 quod
3149 1851 3203 1905 in
3229 1852 3396 1907 sacris
3424 1851 3643 1907 Litteris
3664 1852 3820 1909 inve-

2227 1940 2392 2007 nitur,
2409 1953 2566 2009 quam
2590 1939 3227 2011 poscuntliquidissimam
3243 1940 3393 1996 reddi
3413 1941 3515 1997 sibi
3533 1943 3817 2010 rationem,

2226 2047 2346 2104 qua:
2386 2033 2455 2087 ab
2490 2032 2716 2087 humana
2746 2040 2924 2087 mente
2950 2031 3098 2087 tarda
3122 2032 3328 2088 scilicet
3358 2032 3673 2104 infirmaque
3710 2050 3821 2091 non

2227 2123 2471 2193 capitur?
2501 2122 2569 2178 Et
2592 2131 2737 2179 certe
2762 2138 2880 2178 cum
2910 2123 3226 2179 inconcusse
3247 2122 3567 2179 crediderint
3586 2123 3822 2195 Scriptu-

2226 2213 2303 2269 ris
2330 2214 2528 2269 sanctis
2557 2222 2807 2285 tanquam
2832 2215 3190 2270 veracissimis
3213 2214 3453 2279 testibus,
3478 2228 3635 2286 agant
3658 2232 3823 2272 oran-

2228 2305 2299 2361 do
2326 2314 2381 2361 et
2401 2306 2691 2376 quaerendo
2714 2314 2767 2362 et
2790 2307 2929 2363 bene
2952 2306 3182 2362 vivendo
3203 2316 3261 2361 ut
3280 2307 3590 2378 intelligant,
3620 2309 3674 2363 id
3708 2318 3817 2378 est,

2229 2407 2288 2454 ut
2312 2407 2565 2469 quantum
2591 2399 2760 2455 videri
2790 2407 2982 2471 potest,
3014 2400 3255 2455 videatur
3293 2409 3470 2456 mente
3489 2400 3627 2472 quod
3657 2411 3817 2457 tene-

2229 2498 2315 2544 tur
2340 2490 2462 2545 ﬁde.
2493 2489 2624 2557 Quis
2661 2490 2765 2545 hoc
2794 2490 3106 2561 prohibeat?
3151 2491 3260 2546 imo
3284 2506 3414 2546 vero
3457 2491 3520 2546 ad
3550 2493 3652 2547 hoc
3694 2492 3820 2562 quis

2228 2595 2337 2637 non
2362 2580 2647 2637 hortetur?
2678 2582 2737 2637 Si
2761 2590 2940 2639 autem
2978 2590 3259 2653 propterea
3288 2582 3587 2653 negandum
3633 2591 3819 2653 putant

2226 2674 2327 2729 ista
2356 2687 2497 2738 esse,
2524 2673 2646 2744 quia
2675 2689 2738 2730 ea
2763 2688 2870 2729 non
2897 2674 3075 2729 valent
3092 2674 3249 2729 caecis
3265 2674 3532 2729 mentibus
3558 2689 3815 2740 cernere;

2228 2765 2424 2822 debent
2442 2766 2585 2821 etilli
2606 2766 2695 2836 qui
2711 2782 2778 2821 ex
2800 2766 3072 2821 nativitate
3092 2781 3185 2821 sua
3207 2767 3333 2822 caeci
3355 2777 3500 2831 sunt,
3514 2782 3634 2823 esse
3648 2768 3819 2822 solem

2227 2873 2444 2929 negare.
2477 2857 2592 2913 Lux
2613 2873 2740 2928 ergo
2769 2858 2913 2914 lucet
2938 2858 2992 2913 in
3035 2859 3269 2914 tenebris
3302 2877 3314 2912 :
3348 2859 3490 2929 quod
3518 2860 3562 2913 si
3582 2874 3701 2914 eam
3737 2869 3820 2914 te-

2226 2948 2405 3003 nebrae
2428 2962 2531 3002 non
2560 2948 3019 3018 comprehendunt
3059 2947 3235 3020 (Joan.
3268 2964 3307 3015 ι,
3348 2946 3427 3021 5),
3453 2949 3820 3005 illuminentur

2226 3038 2323 3093 Dei
2348 3038 2489 3094 dono
2510 3040 2656 3110 prius
2685 3048 2743 3093 ut
2780 3040 2885 3095 sint
2905 3039 3109 3106 ﬁdeles,
3137 3048 3190 3095 et
3211 3039 3464 3109 incipiant
3483 3054 3601 3095 esse
3633 3040 3725 3094 lux
3761 3039 3816 3095 in

2226 3133 2627 3201 comparatione
2652 3132 2981 3198 inﬁdelium;
3013 3142 3170 3203 atque
3203 3132 3301 3187 hoc
3324 3132 3598 3202 praemisso
3624 3132 3818 3189 funda-

2227 3235 2407 3281 mento
2449 3224 2779 3281 azdiﬁcentur
2821 3224 2887 3280 ad
2927 3224 3150 3279 videnda
3178 3240 3297 3295 quae
3341 3224 3584 3292 credunt,
3611 3233 3671 3279 ut
3720 3225 3817 3279 ali~

2229 3317 2443 3389 quando
2472 3317 2678 3386 possint
2702 3316 2909 3372 videre.
2934 3316 3067 3371 Sunt
3090 3316 3231 3370 enim
3260 3331 3379 3385 qua:
3405 3316 3474 3370 ita
3501 3316 3813 3384 creduntur,

2228 3416 2285 3463 ut
2308 3408 2475 3463 videri
2498 3408 2609 3479 jam
2639 3407 2856 3463 omnino
2884 3422 2988 3462 non
3012 3409 3234 3478 possint.
3261 3407 3375 3462 Non
3402 3409 3543 3463 enim
3570 3408 3815 3466 Christus

2227 3500 2420 3556 iterum
2466 3500 2519 3555 in
2547 3514 2705 3555 cruce
2730 3499 2992 3555 videndus
3018 3508 3135 3555 est:
3165 3498 3259 3555 sed
3302 3499 3405 3554 nisi
3433 3499 3537 3555 hoc
3563 3500 3815 3556 credatur

2227 3594 2371 3665 quod
2402 3594 2473 3649 ita
2505 3594 2703 3649 factum
2728 3603 2888 3664 atque
2917 3593 3088 3649 visum
3129 3602 3232 3661 est,
3264 3601 3321 3648 ut
3349 3594 3581 3648 futurum
3620 3610 3683 3649 ac
3728 3594 3815 3649 vi~

2227 3686 2461 3742 dendum
2504 3686 2616 3757 jam
2641 3702 2748 3741 non
2778 3695 3039 3758 speretur,
3071 3701 3177 3740 non
3205 3684 3515 3755 pervenitur
3560 3684 3627 3740 ad
3652 3684 3809 3741 Οιπίν

2226 3786 2389 3845 stum,
2429 3778 2600 3847 qualis
2642 3779 2756 3833 sine
2805 3780 2910 3833 ﬁne
2938 3776 3198 3833 videndus
3241 3787 3343 3832 est.
3375 3776 3641 3844 Quantum
3683 3792 3815 3833 vero

2226 3869 2416 3923 attinet
2440 3868 2505 3923 ad
2538 3868 2680 3922 illam
2712 3883 2999 3933 summam,
3031 3866 3373 3933 ineffabilem,
3398 3868 3812 3939 incorporalem,

2227 3962 2723 4032 immutabilemquc
2762 3969 3006 4015 naturam
3050 3976 3145 4030 per
3173 3960 3573 4032 intelligentiam
3603 3970 3816 4015 utcum-

2226 4068 2331 4124 que
2353 4053 2695 4117 cernendam,
2743 4066 3005 4122 nusquam
3036 4066 3097 4106 se
3133 4051 3343 4118 melius,
3378 4060 3598 4122 regente
3622 4051 3817 4106 dunta-

2226 4154 2319 4200 xat
2344 4145 2465 4200 fidei
2493 4146 2695 4215 regula,
2728 4144 2873 4199 acies
2900 4144 3144 4198 humanae
3168 4144 3363 4199 mentis
3391 4154 3624 4211 exercet,
3649 4158 3815 4213 quam

2228 4236 2279 4292 in
2310 4251 2376 4292 eo
2400 4235 2543 4306 quod
2588 4236 2701 4306 ipse
2730 4236 2891 4290 homo
2914 4236 2970 4289 in
3008 4250 3102 4289 sua
3132 4244 3319 4290 natura
3366 4235 3551 4289 melius
3594 4236 3816 4291 caeteris

2226 4329 2564 4395 animalibus,
2588 4328 2779 4383 melius
2804 4328 2964 4383 etiam
2990 4328 3200 4383 caeteris
3223 4328 3405 4384 animae
3429 4342 3539 4382 sua:
3564 4327 3818 4397 partibus

2227 4421 2407 4489 habet,
2429 4420 2569 4491 quod
2592 4428 2675 4476 est
2702 4420 2815 4490 ipsa
2846 4435 2998 4477 mens
3032 4438 3046 4475 :
3072 4420 3161 4475 cui
3189 4419 3399 4491 quidam
3422 4434 3604 4473 rerum
3626 4418 3816 4473 invisi-

2227 4515 2413 4572 bilium
2440 4515 2666 4570 tributus
2690 4524 2775 4571 est
2798 4515 2965 4583 visus,
2992 4522 3047 4569 et
3074 4516 3160 4569 cui
3189 4523 3439 4585 tanquam
3469 4514 3524 4568 in
3554 4514 3672 4569 loco
3716 4530 3813 4569 su-

2226 4608 2439 4679 periore
2468 4616 2626 4677 atque
2656 4608 2910 4663 interiore
2953 4607 3334 4663 honorabiliter
3358 4607 3684 4678 praesidenti,
3725 4606 3815 4677 ju-

2226 4700 2451 4758 dicanda
2479 4702 2656 4756 omnia
2702 4702 2952 4757 nuntiant
2999 4702 3159 4756 etiam
3211 4702 3454 4771 corporis
3492 4716 3718 4768 sensus;
3759 4710 3814 4756 et

2225 4810 2330 4868 qua
2357 4812 2465 4853 non
2493 4802 2576 4851 est
2602 4795 2867 4865 superior,
2916 4794 3001 4850 cui
3036 4794 3245 4850 subdita
3280 4792 3515 4866 regenda
3557 4803 3640 4850 est
3664 4835 3680 4859 ,
3708 4794 3811 4851 nisi

2227 4890 2389 4946 Deus.

2297 4982 2387 5037 50.
2416 4980 2614 5037 Verum
2643 4980 2783 5036 inter
2813 4980 2928 5035 hrec
2956 4994 3075 5051 quae
3100 4979 3266 5037 multa
3290 4979 3401 5048 jam
3432 4977 3563 5046 dixi,
3591 4985 3648 5033 et
3676 4977 3811 5033 nihil

2225 5074 2368 5131 illius
2411 5089 2635 5129 summa)
2691 5072 2965 5128 Trinitatis
3019 5072 3387 5129 ineﬂ‘abilitate
3446 5070 3667 5141 dignum
3726 5086 3812 5123 me

2224 5166 2425 5223 dixisse
2451 5166 2622 5221 audeo
2649 5165 2907 5235 proﬁteri,
2946 5162 3044 5220 sed
3068 5162 3309 5219 conﬁteri
3337 5162 3513 5232 potius
3556 5160 3810 5215 miriﬁca-

2226 5268 2333 5316 tam
2360 5258 2637 5315 scientiam
2663 5257 2779 5325 ejus
2804 5271 2867 5312 es
2890 5270 2977 5310 me
2997 5254 3304 5319 invaluisse,
3327 5267 3427 5308 nec
3455 5267 3613 5324 posse
3642 5267 3730 5307 me
3748 5251 3815 5305 ad

2224 5352 2369 5409 illam
2393 5349 2566 5420 (Psal.
2585 5365 2843 5415 cxxxvm,
2867 5347 2954 5418 6);
2978 5362 3011 5403 ο
3037 5356 3115 5413 tu,
3137 5347 3315 5402 anima
3341 5360 3479 5413 mea,
3503 5344 3592 5400 ubi
3621 5353 3672 5399 te
3693 5358 3814 5398 esse

2222 5442 2413 5507 sentis,
2445 5440 2536 5493 ubi
2553 5438 2825 5507 jaecs,ubi
2843 5446 2955 5492 stas
2986 5436 3026 5502 ¹,
3050 5437 3219 5491 donec
3245 5436 3397 5491 ab‘eo
3412 5436 3505 5505 qui
3528 5435 3804 5506 propitius

2223 5532 2395 5587 factus
2417 5539 2499 5585 est
2526 5530 2775 5585 omnibus
2796 5527 3168 5599 iniquitatibus
3183 5528 3307 5593 tuis,
3329 5534 3588 5582 sanentur
3607 5540 3802 5581 omnes

2223 5621 2509 5693 languorcs
2534 5620 2611 5674 tui
2633 5618 2804 5691 (Psal.
2837 5634 2935 5684 cn,
2961 5618 3054 5689 5)?
3084 5616 3347 5689 Agnoscis
3369 5626 3423 5671 te
3445 5624 3594 5671 certe
3629 5614 3684 5669 iu
3709 5614 3803 5670 illo

2222 5728 2342 5770 esse
2361 5712 2593 5777 stabulo,
2608 5726 2715 5781 quo
2740 5710 3113 5765 Samaritanus
3128 5709 3216 5763 ille
3235 5708 3620 5777 perduxiteum
3639 5720 3803 5777 quem

2288 5840 2307 5873 ³
2341 5841 2455 5891 Mss.
2472 5838 2685 5901 quidam,
2708 5836 2787 5887 ubi
2803 5836 2956 5901 jaces,
2978 5835 3072 5901 ubi
3106 5833 3311 5901 Imbitas.
3332 5838 3436 5901 aut
3460 5831 3541 5901 ubi
3562 5838 3681 5891 stas,
3707 5832 3774 5883 do

2225 5916 2331 5967 nec,
2357 5912 2451 5953 etc.
2480 5895 2573 5952 Alii
2600 5895 2845 5964 plerique,
2870 5895 2950 5949 ubi
2957 5898 3117 5961 jacet,
3143 5896 3223 5948 ubi
3259 5895 3469 5960 habitas,
3493 5895 3668 5960 donec,
3693 5902 3796 5947 etc.
