4126 6490
340 377 478 442 1097

335 498 538 570 reperit
562 495 743 554 multis
769 509 801 552 a
829 493 1158 557 latronibus,l
1187 491 1404 550 inflictis
1427 489 1738 548 vulneribus
1760 483 1925 542 semi-

277 580 283 610 ³
334 593 517 647 vivum
544 589 698 664 (Luc.
727 606 785 658 ι,
813 589 1029 661 30-34).
1071 588 1140 645 Et
1168 595 1350 644 tamen
1377 586 1544 642 multa
1570 599 1696 640 vera
1722 580 1922 646 vidisti,

335 700 444 740 non
473 683 558 738 bis
587 681 758 738 oculis
784 681 979 752 quibus
1006 679 1258 736 videntur
1285 692 1508 749 corpora
1534 675 1789 740 colorata,
1830 670 1926 728 sed

335 778 414 834 eis
440 789 540 845 pro
568 773 764 845 quibus
790 773 979 828 orabat
1005 771 1098 841 qui
1148 769 1380 837 dicebat,
1414 768 1564 824 Oculi
1588 767 1686 822 mei
1726 765 1928 820 uideant

333 868 622 939 (equitatem
655 851 830 938 (Psal.
862 879 972 932 xvr,
993 862 1074 936 2).
1104 861 1306 932 Nempe
1335 877 1463 932 ergo
1484 860 1650 916 multa
1673 873 1796 915 vera
1846 857 1928 912 vi-

335 960 482 1025 disti,
512 973 684 1028 eaque
727 956 1030 1012 discrevisti
1068 955 1136 1010 ab
1180 954 1269 1010 illa
1301 955 1418 1010 luce
1449 968 1552 1024 qua
1593 952 1687 1007 tibi
1716 952 1926 1006 lucente

335 1051 516 1106 vidisti
546 1067 560 1104 :
587 1048 773 1104 attolle
797 1049 984 1104 oculos
1004 1047 1058 1102 in
1104 1047 1274 1116 ipsam
1305 1046 1500 1113 lucem,
1531 1053 1585 1102 et
1613 1058 1708 1099 eos
1732 1043 1784 1098 in
1806 1057 1924 1098 eam

335 1143 458 1213 ﬁge,
489 1142 734 1211 sipotes.
773 1139 864 1195 Sic
890 1139 1031 1195 enim
1058 1137 1264 1193 videbis
1313 1136 1438 1208 quid
1475 1135 1636 1194 distet
1680 1135 1927 1191 nativitas

333 1234 496 1292 Verbi
527 1233 622 1290 Dei
647 1247 677 1287 a
708 1231 1050 1303 processione
1080 1230 1213 1285 Doni
1263 1230 1377 1295 Dei,
1410 1238 1630 1300 propter
1671 1226 1812 1300 quod
1840 1226 1927 1280 Fi-

335 1328 438 1384 lius
468 1325 774 1398 unigenitus
798 1338 905 1380 non
931 1323 1000 1378 de
1023 1323 1184 1379 Patre
1220 1321 1475 1392 genitum,
1522 1321 1719 1392 alioqui
1765 1318 1927 1374 frater

335 1419 452 1489 ejus
463 1428 628 1484 esset,
648 1416 742 1473 sed
759 1414 1053 1488 procedere
1071 1413 1204 1468 dixit
1223 1413 1477 1483 Spiritum
1498 1421 1757 1466 sanctum.
1770 1409 1924 1466 Unde

333 1525 456 1566 cum
479 1510 548 1564 sit
572 1507 879 1580 communio
907 1505 1151 1576 quaedam
1179 1501 1652 1559 consubstantialis
1675 1500 1847 1556 Patris
1869 1507 1925 1554 et

333 1600 457 1655 Filii
494 1599 776 1654 amborum
817 1586 1067 1667 Spiritus,
1116 1610 1221 1649 non
1261 1593 1561 1658 amborum,
1594 1591 1734 1663 quod
1763 1589 1918 1658 absit,

332 1692 507 1748 dictus
545 1701 628 1747 est
669 1691 829 1746 ﬁlius.
861 1688 969 1746 Sed
1005 1688 1080 1756 ad
1119 1687 1220 1742 hoc
1259 1686 1493 1742 dilucide
1537 1685 1922 1756 perspicueque

333 1784 680 1849 cernendum,
734 1797 841 1838 non
893 1790 1046 1852 potes
1091 1780 1162 1836 ibi
1190 1781 1358 1835 aciem
1393 1779 1592 1849 ﬁgere;
1644 1778 1776 1844 scio,
1813 1791 1920 1832 non

331 1883 502 1948 potes.
526 1874 723 1930 Verum
753 1873 893 1940 dico,
923 1872 1053 1927 mihi
1084 1871 1226 1935 dico,
1251 1871 1379 1941 quid
1409 1887 1514 1933 non
1545 1869 1746 1940 possim
1765 1868 1878 1924 scio
1903 1886 1917 1924 :

331 1967 444 2038 ipsa
477 1977 652 2023 tamen
703 1966 796 2020 tibi
837 1963 1074 2020 ostendit
1097 1963 1151 2018 in
1194 1964 1373 2018 te.tria
1400 1963 1510 2028 illa,
1543 1961 1594 2016 in
1641 1961 1834 2032 quibus
1865 1969 1920 2016 tu

328 2073 554 2114 struma:
578 2057 764 2128 ipsius,
785 2070 945 2128 quam
970 2054 1091 2110 ﬁxis
1118 2052 1288 2110 oculis
1307 2053 1658 2124 contemplari
1682 2052 1920 2108 nondum

327 2152 494 2221 vales,
539 2150 824 2222 imaginem
848 2148 1124 2206 Trinitatis
1151 2161 1489 2220 agnosceres.
1524 2146 1639 2217 ipsa
1681 2145 1920 2202 ostendit

328 2242 426 2298 tibi
453 2241 676 2298 verbum
705 2254 892 2296 verum
919 2253 1038 2295 esse
1059 2238 1114 2293 in
1142 2246 1217 2306 te,
1245 2236 1459 2308 quando
1482 2236 1551 2292 de
1581 2235 1801 2292 scientia
1831 2245 1918 2291 tua

326 2333 578 2404 gignitur,
600 2331 653 2387 id
677 2339 780 2397 est,
806 2329 1017 2400 quando
1043 2329 1184 2400 quod
1211 2329 1408 2384 scimus
1444 2326 1705 2393 dicimus;
1732 2341 1916 2398 quam-

325 2425 409 2481 vis
434 2427 632 2481 nullius
648 2425 824 2497 gentis
851 2423 1028 2494 lingua
1053 2422 1440 2493 significantem
1467 2435 1652 2476 vocem
1678 2420 1760 2475 vel
1791 2433 1918 2490 pro-

324 2517 562 2574 feramus
608 2517 697 2574 vel
746 2516 1062 2588 cogitemus,
1109 2514 1205 2571 sed
1244 2528 1310 2570 ex
1347 2512 1441 2568 illo
1485 2512 1625 2583 quod
1674 2512 1920 2567 novimus

325 2611 582 2681 cogitatio
611 2617 794 2666 nostra
839 2608 1137 2673 formetur;
1170 2606 1344 2678 sitque
1385 2605 1440 2660 in
1486 2605 1600 2660 acie
1638 2603 1918 2675 cogitantis

325 2705 502 2775 imago
540 2703 810 2759 simillima
862 2700 1197 2773 cogitationis
1247 2699 1402 2768 ejusII
1459 2711 1620 2768 quam
1659 2695 1918 2778 memoria

329 2796 661 2864 continebat,
713 2796 816 2851 ista
857 2794 964 2850 duo
995 2792 1196 2850 scilicet
1234 2791 1380 2846 velut
1407 2798 1681 2862 parentem
1707 2803 1771 2845 ac
1795 2803 1920 2859 pro-

329 2887 438 2943 lem
467 2888 620 2944 tertia
649 2888 925 2943 voluntate
963 2887 1080 2946 sive
1116 2884 1402 2940 dilectione
1422 2883 1699 2954 jungente.
1747 2881 1918 2951 Quam

327 2979 543 3050 quidem
597 2979 926 3038 voluntatem
972 2977 1040 3034 de
1078 2975 1400 3046 cogitatione
1426 2974 1716 3045 procedere
1735 2974 1918 3048 (nemo

325 3071 469 3127 enim
516 3071 632 3126 vult
674 3069 817 3141 quod
858 3068 1078 3127 omnino
1106 3066 1236 3138 quid
1265 3067 1350 3122 vel
1388 3066 1547 3137 quale
1588 3065 1658 3120 sit
1698 3065 1915 3138 nescit),

272 3167 274 3170 ’
323 3179 431 3219 non
461 3171 640 3218 tamen
665 3176 785 3218 esse
807 3160 1141 3233 cogitationis
1162 3158 1484 3230 imaginem;
1506 3164 1561 3214 et
1579 3157 1704 3214 ideo
1731 3171 1922 3228 quam-

323 3256 447 3312 dam
473 3256 528 3310 in
557 3254 657 3310 hac
701 3269 761 3308 re
777 3253 1103 3324 ,intelligibili
1130 3250 1418 3307 nativitatis
1464 3258 1519 3306 et
1558 3249 1918 3320 processionis

323 3346 582 3402 insinuari
608 3345 934 3411 distantiam,
967 3343 1217 3415 quoniam
1244 3357 1352 3398 non
1373 3341 1478 3398 hoc
1496 3349 1579 3397 est
1598 3341 1918 3413 cogitatione

335 3437 652 3508 conspicere
673 3435 816 3506 quod
857 3445 1130 3506 appetere,
1164 3435 1246 3489 vel
1272 3435 1432 3490 etiam
1459 3433 1658 3503 perfrui
1680 3434 1921 3489 volunta-

323 3537 401 3598 te,
423 3531 592 3585 cernit
610 3528 967 3597 discernitque
986 3526 1077 3596 qui
1098 3533 1293 3595 potest.
1312 3524 1538 3580 Potuisti
1555 3532 1608 3579 et
1632 3532 1709 3591 tu,
1740 3538 1920 3593 quam-

325 3623 409 3676 vis
458 3637 561 3676 non
592 3621 836 3692 potueris
880 3633 1052 3690 neque
1099 3617 1275 3689 possis
1324 3616 1590 3685 explicare
1637 3614 1918 3671 sufﬁcienti

326 3713 564 3783 eloquio,
610 3711 752 3783 quod
798 3711 936 3766 inter
980 3708 1159 3764 nubila
1206 3704 1614 3762 similitudinum
1661 3719 1918 3775 corpora-

333 3804 488 3869 lium,
523 3819 643 3873 quae
669 3799 1081 3875 cogitationibus
1111 3797 1357 3853 humanis
1377 3810 1662 3852 occursare
1681 3812 1786 3851 non
1821 3796 1920 3852 de-

328 3896 531 3961 sinunt,
561 3897 652 3950 vix
671 3895 866 3950 vidisti.
899 3892 1005 3950 Sed
1034 3891 1124 3947 illa
1152 3891 1243 3945 lux
1271 3905 1389 3960 quae
1418 3904 1524 3945 non
1557 3898 1639 3943 est
1667 3890 1809 3959 quod
1840 3898 1918 3960 tu,

326 3987 505 4044 ethoc
531 3987 624 4043 tibi
649 3985 898 4051 ostendit,
923 3984 1067 4040 aliud
1097 3997 1216 4039 esse
1258 3981 1375 4036 illas
1402 3981 1746 4053 incorporeas
1768 3982 1919 4037 simi-

327 4079 586 4134 litudines
638 4093 948 4148 corporum,
1007 4084 1060 4131 et
1087 4073 1227 4128 aliud
1275 4087 1395 4129 esse
1439 4087 1646 4138 verum,
1675 4071 1816 4141 quod
1844 4073 1922 4128 eis

327 4171 628 4240 reprobatis
653 4168 1000 4239 intelligentia
1027 4177 1342 4222 contuemur
1360 4183 1372 4219 :
1391 4165 1506 4220 haec
1527 4173 1579 4220 et
1604 4166 1706 4219 alia
1730 4165 1923 4220 similis

331 4273 414 4318 ter
440 4271 585 4317 certa
613 4261 782 4316 oculis
829 4261 932 4314 tuis
976 4258 1318 4314 interioribus
1358 4256 1446 4310 lux
1472 4255 1558 4310 illa
1581 4255 1918 4311 monstravit.

329 4353 462 4420 Quae
489 4353 649 4424 igitur
675 4366 835 4407 causa
879 4358 962 4406 est
991 4365 1086 4405 cur
1107 4349 1223 4404 acie
1253 4348 1356 4402 ﬁxa
1385 4348 1554 4418 ipsam
1585 4347 1767 4404 videre
1814 4362 1918 4405 non

328 4443 528 4515 possis,
562 4442 663 4497 nisi
690 4441 876 4512 utique
914 4439 1226 4494 inﬁrmitas?
1247 4439 1317 4494 Et
1340 4437 1464 4509 quid
1497 4439 1589 4494 tibi
1631 4453 1749 4494 eam
1777 4439 1916 4505 fecit,

329 4534 435 4590 nisi
483 4533 732 4602 iniquitas
763 4532 830 4586 εἳ
878 4530 1008 4600 Quis
1036 4545 1161 4600 ergo
1205 4538 1358 4584 sanat
1406 4543 1594 4584 omnes
1644 4530 1923 4599 languores

330 4637 474 4690 tuos,
505 4625 604 4680 nisi
632 4625 719 4694 qui
751 4623 1014 4696 propitius
1037 4621 1094 4676 ﬁt
1118 4620 1752 4690 omnibusiniquitatibus
1781 4621 1923 4675 tuis?

329 4718 550 4774 Librum
605 4719 781 4787 itaque
839 4716 998 4770 istum
1033 4713 1140 4783 jam
1170 4712 1380 4766 tandem
1412 4711 1697 4782 aliquando
1728 4726 1917 4781 preca-

334 4809 484 4864 tione
511 4808 704 4862 melius
728 4820 888 4877 quam
916 4804 1278 4874 disputatione
1298 4803 1635 4858 concludam.

405 4897 633 4955 CAPUT
655 4896 891 4952 XXVIII.
914 4927 986 4936 —
1028 4897 1117 4952 51.
1139 4894 1408 4953 Conclusio
1435 4895 1568 4960 libri,
1601 4913 1713 4950 cum
1739 4913 1919 4967 preca-

334 4991 470 5046 tione
521 4998 566 5042 et
613 4988 934 5041 excusatione
985 4986 1046 5039 de
1100 4986 1438 5054 multiloquio.
1498 4985 1721 5041 Domine
1783 4987 1924 5043 Deus

332 5093 538 5148 noster,
571 5079 838 5135 credimus
865 5079 919 5132 in
947 5086 996 5131 te
1026 5077 1259 5141 Patrem,
1284 5088 1336 5132 et
1364 5076 1577 5144 Filium,
1602 5079 1925 5147 etSpiritum

333 5186 599 5234 sanctum.
629 5173 812 5244 Neque
851 5172 995 5226 enim
1021 5170 1224 5225 diceret
1269 5170 1498 5236 Veritas,
1546 5169 1644 5235 Ite,
1680 5172 1928 5239 baptizate

334 5287 508 5326 omnes
556 5279 726 5340 gentes
765 5267 819 5320 in
871 5264 1074 5319 nomine
1127 5262 1299 5318 Patris
1345 5272 1392 5316 et
1447 5262 1570 5316 Filii
1612 5273 1659 5318 et
1700 5265 1926 5334 Spiritus

334 5359 499 5416 sancti
549 5358 757 5430 (Matth.
799 5354 1139 5426 xxvtu,19),
1172 5355 1273 5408 nisi
1323 5352 1558 5408 Trinitas
1603 5369 1770 5410 esses.
1818 5355 1926 5410 Nec

337 5450 598 5522 baptizari
625 5465 722 5504 nos
754 5449 994 5518 iuberes,
1027 5447 1251 5502 Domine
1275 5446 1435 5507 Deus,
1466 5446 1517 5498 in
1567 5445 1681 5515 ejus
1709 5446 1922 5502 nomine

338 5542 431 5614 qui
458 5556 564 5598 non
584 5549 668 5596 est
695 5540 951 5594 Dominus
979 5538 1138 5593 Deus.
1162 5537 1346 5608 Neque
1377 5537 1645 5592 diceretur
1689 5552 1818 5592 voce
1847 5537 1926 5592 di-

404 5634 422 5665 ¹
459 5633 530 5681 sic
552 5629 720 5693 plures
737 5635 845 5679 Mss.
873 5635 928 5677 Al.
951 5628 1091 5687 editi,
1112 5641 1143 5677 a
1160 5627 1327 5693 multis
1346 5626 1622 5693 latronibus.

403 5697 426 5726 ³
458 5687 823 5754 Οωιὶθεγριδορθ
864 5697 992 5754 Μῦες,
1031 5689 1313 5754 cognitionis
1343 5691 1493 5754 ejus.)
1513 5697 1566 5741 Et
1587 5688 1727 5754 iulia,
1765 5687 1926 5753 cogni-

335 5753 464 5819 tione
477 5749 844 5819 procederefnc
863 5749 1011 5819 paulo
1028 5749 1153 5819 post,
1178 5749 1456 5819 cognitionis

336 5811 681 5933 m‘?t"lerique
703 5821 828 5875 Mss,
855 5811 909 5863 Et
932 5811 1038 5874 quis
1057 5811 1144 5863 tibi
1158 5811 1268 5863 eant
1282 5813 1395 5877 fecit
1410 5851 1426 5876 ,
1453 5814 1546 5866 nisi
1568 5811 1728 5880 utique
1749 5812 1926 5884 iniqui-

527 5949 530 5951 λ
581 5962 809 6028 Sutor.
845 5961 1124 6023 Ausus'r.
1153 5959 1321 6022 VIII.

1551 370 1753 430 LIBER
1790 363 2087 438 QUINTUS
2125 365 2436 426 DECIMUS.

3471 379 3610 436 1098

2033 483 2176 552 vina,
2208 483 2363 554 Audi,
2400 483 2604 552 Israel;
2633 485 2880 542 Dominus
2907 485 3042 542 Deus
3065 493 3200 555 tuus,
3230 485 3366 544 Deus
3391 503 3522 544 unus
3547 496 3620 544 est

2035 577 2212 652 (Deut.
2244 595 2318 646 vt,
2362 580 2448 652 4);
2479 579 2578 635 nisi
2611 580 2842 635 Trinitas
2888 581 2958 634 ita
2991 595 3160 646 esses,
3190 588 3250 636 ut
3277 596 3414 639 unus
3441 582 3618 639 Domi,

2030 688 2135 730 nus
2156 673 2296 729 Deus
2321 687 2489 730 esses.
2520 674 2587 728 Et
2613 673 2741 728 situ
2767 672 2905 729 Deus
2932 673 3093 730 Pater
3121 673 3236 744 ipse
3255 688 3425 742 esses,
3451 683 3507 730 et
3524 673 3619 731 Fi-

2031 766 2134 822 lius
2157 765 2376 822 verbum
2399 774 2548 821 tuum
2573 765 2729 823 Iesus
2754 763 2998 821 Christus
3018 766 3132 835 ipse
3151 780 3318 831 esses,
3347 765 3615 822 etdonum

2029 869 2266 916 vestrum
2295 859 2523 930 Spiritus
2569 867 2784 914 sanctus
2809 875 2824 924 ;
2854 873 2960 914 non
2991 859 3293 928 legeremus
3320 859 3372 912 in
3399 857 3620 914 Litteris

2029 953 2290 1022 veritatis,
2340 953 2482 1008 Misit
2527 952 2665 1007 Deus
2716 951 2912 1006 Filium
2948 968 3100 1007 suum
3129 949 3327 1022 (Galat.
3357 967 3428 1019 tv,
3461 952 3516 1017 4,
3573 955 3618 1006 et

2030 1044 2186 1100 Joan.
2221 1063 2299 1112 ut,
2335 1046 2423 1117 17)
2460 1064 2474 1100 :
2505 1059 2604 1102 nec
2629 1054 2717 1109 tu,’
2757 1061 2789 1099 ο
2812 1044 3118 1116 Unigenite,
3148 1044 3357 1100 diceres
3383 1043 3454 1100 de
3493 1043 3611 1114 Spi-

2030 1137 2136 1192 ritu
2159 1147 2366 1204 sancto,
2413 1137 2576 1203 Quem
2609 1137 2765 1190 mittet
2795 1134 2950 1190 Pater
2990 1135 3042 1190 in
3068 1136 3270 1191 nomine
3296 1152 3406 1191 meo
3435 1133 3616 1207 (Joan.

2028 1243 2143 1296 xw,
2173 1226 2266 1300 26)
2293 1244 2307 1293 ;
2354 1237 2427 1296 et,
2458 1228 2618 1296 Quem
2649 1242 2740 1298 ego
2773 1227 2970 1280 mittam
2989 1227 3127 1281 vobis
3147 1243 3180 1280 a
3206 1224 3364 1280 Patre
3389 1224 3502 1296 (Id.
3526 1242 3614 1293 sv,

2027 1319 2147 1392 26).
2201 1321 2281 1378 Ad
2333 1321 2469 1377 hanc
2512 1319 2748 1392 regulam
2801 1318 2921 1376 ﬁdei
2981 1320 3215 1392 dirigens
3265 1321 3616 1377 intentionem

2028 1430 2223 1479 meam,
2273 1423 2527 1486 quantum
2575 1415 2742 1484 potui,
2789 1424 3040 1486 quantum
3087 1429 3176 1471 me
3223 1429 3386 1486 posse
3421 1414 3615 1485 fecisti,

2028 1507 2245 1576 quaesivi
2276 1515 2348 1572 te,
2389 1515 2444 1562 et
2467 1505 2761 1561 desideravi
2803 1505 3070 1562 intellectu
3101 1505 3282 1561 videre
3321 1505 3466 1576 quod
3490 1521 3614 1562 cre-

2027 1597 2157 1665 didi,
2189 1607 2243 1656 et
2268 1599 2494 1655 multum
2519 1597 2802 1665 dieputavi,
2840 1606 2896 1654 et
2935 1597 3190 1652 laboravi.
3219 1597 3444 1653 Domine
3471 1596 3614 1654 Deus

2027 1705 2198 1757 meus,
2227 1706 2332 1746 una
2367 1705 2491 1762 spes
2519 1705 2658 1754 mea,
2705 1689 2894 1746 exaudi
2926 1705 3032 1754 me,
3077 1704 3144 1744 ne
3169 1688 3414 1760 fatigatus
3450 1688 3616 1744 nolim

2026 1789 2080 1838 te
2107 1799 2368 1854 quaerere,
2397 1782 2491 1839 sed
2518 1798 2752 1854 quaeram
2785 1773 2973 1838 faciem
3003 1791 3149 1836 tuam
3179 1797 3392 1852 semper
3419 1781 3615 1838 arden-

2026 1881 2108 1929 ter
2135 1873 2308 1945 (Psal.
2331 1889 2443 1942 crv,
2465 1872 2544 1948 4).
2573 1873 2653 1929 Tu
2681 1874 2746 1928 da
2777 1871 3054 1943 qumrendi
3076 1872 3238 1940 vires,
3259 1873 3352 1944 qui
3378 1871 3617 1930 invenire

2025 1973 2078 2021 te
2124 1965 2352 2031 fecisti’,
2395 1973 2448 2020 et
2498 1965 2666 2035 magis
2713 1965 2986 2034 magisque
3031 1963 3338 2020 inveniendi
3375 1970 3430 2020 te
3465 1977 3618 2036 spem

2024 2057 2240 2115 dedisti.
2294 2057 2487 2114 Coram
2519 2065 2571 2114 te
2597 2065 2682 2112 est
2706 2056 2931 2111 ﬁrmitas
2956 2065 3011 2112 et
3039 2056 3320 2112 inﬁrmitas
3347 2071 3465 2113 mea
3498 2074 3512 2111 :
3545 2055 3618 2113 il-

1974 2197 1984 2206 .
2025 2149 2130 2204 lam
2157 2163 2334 2216 serva,
2371 2150 2527 2204 istam
2553 2163 2701 2204 sana.
2730 2147 2920 2204 Coram
2954 2157 3006 2204 te
3035 2155 3119 2204 est
3139 2147 3361 2204 scientia
3382 2155 3440 2206 et
3465 2149 3617 2219 igno-

2024 2244 2196 2299 rantia
2227 2257 2381 2298 mea:
2426 2241 2514 2297 ubi
2543 2241 2672 2296 mihi
2720 2240 2999 2311 aperuisti,
3030 2240 3243 2312 suscipe
3284 2241 3615 2308 intrantem;

2023 2337 2115 2393 ubi
2143 2336 2404 2401 clausisti,
2435 2335 2582 2406 aperi
2611 2335 2861 2406 pulsanti.
2895 2332 3227 2395 Meminerim
3271 2332 3369 2398 tui,
3416 2332 3618 2389 intelli-

2023 2442 2144 2499 gam
2161 2415 2238 2496 te,
2268 2426 2481 2498 diligam
2509 2433 2580 2482 te.
2611 2427 2763 2496 Auge
2791 2426 2847 2481 in
2875 2439 2965 2481 me
2992 2424 3113 2490 ista,
3135 2424 3309 2480 donec
3335 2437 3426 2480 me
3444 2423 3615 2480 refor-

2024 2533 2139 2574 mes
2167 2518 2233 2573 ad
2268 2518 2556 2590 integrum.
2598 2515 2722 2573 Scio
2747 2517 3003 2587 scriptum
3027 2530 3170 2582 esse,
3208 2515 3278 2572 In
3300 2515 3617 2588 multiloquio

2025 2628 2126 2666 non
2145 2611 2354 2683 effugies
2379 2621 2641 2684 peccatum
2669 2609 2852 2681 (Prov.
2881 2626 2938 2678 ι,
2969 2607 3082 2683 l9).
3117 2608 3225 2667 Sed
3251 2610 3451 2670 utinam
3482 2626 3618 2682 prte-

1981 2705 1986 2712 “
2024 2702 2254 2757 dicando
2279 2702 2502 2758 verbum
2553 2713 2719 2770 tuum,
2763 2710 2818 2758 et
2848 2701 3114 2757 laudando
3157 2710 3210 2757 te
3251 2701 3617 2764 tantummodo

2023 2795 2304 2866 loquerer!
2339 2810 2448 2852 non
2473 2795 2644 2851 solum
2672 2794 2910 2867 fugerem
2929 2802 3224 2865 peccatum,
3247 2794 3342 2851 sed
3366 2794 3616 2850 meritum

2023 2889 2223 2945 bonum
2261 2889 2615 2960 acquirerem,
2665 2888 2949 2960 quamlibet
2980 2887 3200 2943 multum
3243 2887 3321 2942 sic
3348 2875 3618 2957 loquerer.

2025 2975 2208 3050 Neque
2240 2980 2382 3034 enim
2419 2979 2581 3036 homo
2604 2979 2673 3035 de
2693 2988 2746 3036 te
2769 2980 2979 3046 beatus,
3006 2986 3278 3050 peccatum
3303 2978 3618 3050 praeciperet

2024 3085 2280 3142 germano
2301 3071 2354 3127 in
2384 3070 2487 3126 ﬁde
2517 3070 2626 3125 ﬁlio
2651 3085 2770 3138 suo,
2797 3069 2885 3125 cui
2905 3069 3120 3140 scripsit
3140 3069 3325 3124 dicens
3349 3087 3363 3124 :
3383 3067 3619 3124 Prtedica

2023 3163 2225 3217 uerbum
2257 3203 2272 3230 ,
2299 3163 2434 3218 insta
2471 3170 2774 3234 Opportune,
2798 3162 3088 3232 importune
3129 3160 3215 3232 (ll
3251 3159 3389 3215 Tim.
3421 3175 3496 3229 tv,
3535 3161 3616 3233 2).

2023 3253 2292 3325 Numquid
2335 3251 2624 3312 dicendum
2665 3263 2749 3312 est
2772 3254 2932 3310 istum
2970 3269 3078 3310 non
3103 3253 3330 3309 multum
3360 3253 3618 3320 locutum,

2023 3346 2112 3416 qui
2151 3361 2258 3402 non
2302 3347 2473 3403 solum
2514 3356 2835 3419 opportune,
2879 3361 3060 3402 verum
3107 3347 3268 3402 etiam
3315 3347 3620 3416 importune

2024 3439 2241 3494 verbum
2272 3447 2441 3505 tuum,
2482 3439 2729 3504 Domine,
2783 3453 2890 3494 non
2935 3438 3176 3494 tacebat?
3215 3437 3321 3494 Sed
3366 3432 3485 3494 ideo
3509 3451 3617 3492 non

2025 3538 2140 3584 erat
2165 3529 2411 3596 multum,
2455 3529 2580 3599 quia
2622 3538 2829 3584 tantum
2855 3538 2970 3584 erat
2995 3530 3375 3584 necessarium.
3421 3527 3617 3583 Libera

2024 3635 2132 3687 me,
2176 3621 2337 3688 Deus,
2369 3635 2402 3675 a
2430 3619 2770 3691 multiloquio
2807 3620 2946 3690 quod
2984 3620 3157 3690 patior
3186 3619 3326 3676 intus
3356 3619 3408 3674 in
3437 3619 3615 3675 anima

2026 3728 2166 3781 mea,
2221 3712 2417 3769 misera
2457 3713 2511 3768 in
2547 3720 2836 3784 conspectu
2882 3720 2991 3778 tuo,
3037 3720 3091 3768 et
3126 3713 3504 3784 confugiente'
3547 3711 3615 3768 ad

2029 3805 2456 3862 misericordiam
2487 3814 2656 3861 tuam.
2699 3804 2814 3861 Non
2841 3805 2982 3860 enim
3012 3805 3418 3876 cogitationibus
3441 3814 3614 3872 taceo,

2025 3897 2184 3951 etiam
2239 3907 2420 3952 tacens
2462 3897 2701 3952 vocibus.
2748 3895 2818 3951 Et
2855 3897 2899 3951 si
2929 3896 3144 3966 quidem
3189 3912 3296 3952 non
3324 3897 3614 3968 cogitarem

2027 3988 2127 4043 nisi
2149 3988 2289 4058 quod
2313 3988 2546 4059 placeret
2578 3988 2690 4054 tibi,
2731 4001 2836 4041 non
2867 3987 3052 4057 utique
3079 4001 3325 4057 rogarem
3351 3997 3410 4044 ut
3435 4003 3521 4044 me
3546 3990 3616 4045 ab

2027 4077 2129 4134 hoc
2148 4078 2484 4148 multiloquio
2504 4077 2780 4134 liberares.
2803 4077 2908 4134 Sed
2930 4078 3108 4132 multae
3130 4087 3254 4133 sunt
3269 4079 3619 4149 cogitationes

2028 4185 2182 4239 mete,
2211 4171 2343 4226 tales
2369 4172 2551 4242 quales
2579 4172 2740 4236 nosti,
2768 4173 3118 4242 cogitationes
3143 4173 3439 4242 hominum,
3484 4191 3620 4245 quo-

2027 4261 2169 4317 niam
2204 4278 2356 4318 vanae
2385 4272 2508 4318 sunt
2535 4261 2702 4335 (Psal.
2731 4277 2876 4332 xcm,
2904 4264 3018 4336 ll).
3059 4264 3203 4321 Dona
3239 4265 3369 4320 mihi
3400 4280 3504 4321 non
3530 4268 3609 4322 eis

2027 4354 2351 4421 consentire,
2374 4362 2427 4409 et
2442 4355 2485 4409 si
2507 4354 2717 4424 quando
2739 4370 2828 4410 me
2846 4354 3130 4421 delectant,
3153 4370 3246 4412 eas
3267 4357 3606 4414 nihilominus

2030 4444 2363 4515 improbare,
2404 4460 2504 4500 nec
2543 4445 2595 4499 in
2637 4446 2714 4500 eis
2751 4446 2899 4502 velut
2939 4446 3294 4502 durmitando'
3326 4448 3618 4506 immorari.

2027 4536 2137 4592 Nec
2163 4537 2217 4591 in
2251 4545 2457 4592 tantum
2496 4538 2706 4592 valeant
2742 4538 2882 4608 apud
2914 4553 3021 4607 me,
3054 4548 3112 4593 ut
3144 4539 3340 4611 aliquid
3374 4540 3426 4595 in
3455 4556 3619 4612 opera

2029 4645 2149 4685 mea
2187 4629 2438 4707 procedat
2463 4646 2528 4686 ex
2556 4631 2694 4695 illis;
2735 4631 2830 4687 sed
2859 4633 2928 4686 ab
2952 4632 3032 4687 eis
3057 4648 3175 4688 mea
3208 4635 3394 4689 saltem
3415 4636 3484 4689 sit
3509 4645 3620 4689 tuta

2029 4723 2311 4789 sententia,
2345 4731 2456 4778 tuta
2487 4725 2833 4788 conscientia,
2856 4735 2909 4781 te
2935 4735 3134 4782 tuente.
3166 4728 3388 4796 Sapiens
3404 4729 3616 4797 quidam

2029 4829 2152 4870 cum
2183 4815 2250 4870 de
2275 4825 2326 4871 te
2355 4816 2662 4886 loqueretur
2690 4819 2740 4872 in
2768 4818 2906 4874 libro
2939 4835 3057 4884 suo,
3092 4821 3180 4890 qui
3211 4819 3616 4875 Ecclesiasticus

2031 4909 2245 4980 proprio
2276 4909 2494 4965 nomine
2519 4912 2629 4980 jam
2657 4922 2896 4981 vocatur,
2933 4913 3124 4976 Multa,
3159 4913 3346 4982 inquit,
3379 4912 3620 4980 dicimus,

2032 5011 2080 5056 et
2105 5008 2211 5056 non
2229 5004 2563 5071 peruenimus,
2596 5014 2644 5059 et
2666 5007 3031 5060 consummatio
3073 5020 3358 5059 sermonum
3395 5005 3626 5060 universa

2029 5103 2101 5147 est
2127 5094 2234 5163 ipse
2250 5092 2434 5159 (Eccli.
2464 5110 2612 5162 xutt,
2625 5095 2740 5163 29).
2756 5094 2884 5150 Cum
2902 5110 3029 5164 ergo
3048 5095 3445 5165 pervenerimus
3461 5095 3526 5149 ad
3547 5104 3621 5163 te,

2030 5185 2314 5241 cessabunt
2341 5185 2502 5240 multa
2527 5187 2625 5240 ista
2647 5202 2765 5256 qua:
2791 5186 3024 5249 dicimus,
3062 5196 3108 5240 et
3135 5205 3246 5243 -non
3277 5187 3624 5258 peruenimus;

2031 5285 2085 5330 et
2104 5276 2346 5330 manebis
2370 5292 2508 5332 unus
2526 5277 2702 5331 omnia
2735 5276 2789 5330 in
2820 5276 3065 5330 omnibus
3087 5277 3132 5347 (l
3159 5276 3278 5331 Cor.
3304 5295 3390 5344 xv,
3409 5275 3537 5349 28):
3569 5277 3623 5332 et

2031 5367 2146 5421 sine
2167 5367 2272 5423 ﬁne
2294 5367 2530 5424 dicemus
2553 5383 2715 5422 unum
2739 5367 3018 5424 laudantes
3048 5378 3098 5424 te
3127 5371 3178 5423 in
3201 5375 3392 5436 unum,
3419 5380 3472 5425 et
3499 5371 3550 5425 in
3573 5378 3626 5426 te

2033 5457 2155 5514 facti
2181 5459 2339 5514 etiam
2363 5473 2460 5512 nos
2491 5473 2672 5513 unum.
2707 5458 2928 5515 Domine
2959 5462 3097 5516 Deus
3122 5477 3246 5526 une,
3277 5461 3418 5516 Deus
3444 5462 3626 5517 Trini-

2036 5559 2135 5616 tas,
2163 5564 2511 5622 quzecumque
2539 5549 2646 5604 dixi
2693 5550 2745 5605 in
2780 5550 2861 5606 his
2900 5551 3052 5607 libris
3085 5552 3154 5608 de
3195 5562 3305 5617 tuo,
3338 5568 3622 5624 agnoscam

2033 5650 2088 5696 et
2114 5641 2224 5696 tui:
2253 5641 2298 5696 si
2323 5656 2426 5710 qua
2454 5641 2521 5697 de
2551 5657 2692 5710 meo,
2738 5652 2792 5699 et
2831 5653 2885 5699 tu
2924 5644 3160 5715 ignosce,
3218 5654 3272 5700 et
3302 5645 3396 5700 tui.
3431 5646 3625 5698 Amen.

2097 5753 2117 5821 ξ
2149 5758 2343 5821 ιιι-ωδε,
2367 5753 2450 5816 qui
2470 5751 2673 5821 inveniri
2695 5761 2740 5808 te
2755 5755 2926 5821 fecisti.

2099 5817 2127 5886 ³,
2155 5815 2289 5872 Edili,
2313 5823 2358 5888 et
2379 5815 2947 5888 confugienm't’lures
2981 5833 3105 5874 veto
3141 5827 3269 5882 Mss,
3293 5819 3592 5886 confugiente

2035 5877 2212 5930 omissa
2228 5877 2477 5943 particula,
2499 5877 2562 5932 εὶ.

2984 5967 3492 6053 (Tremo-cian
