4126 6454
713 427 3046 698 ψ“”ᾉΡΡΕΝυΙΧ””

3046 382 3806 441 1*

1770 819 2070 904 TOMI
2126 816 2566 933 OCTAVI

752 1015 1596 1169 OPERUM
1666 1016 2377 1166 SANCTI
2449 1016 3588 1229 AUGUSTINI,

2023 1263 2090 1309 IN
2140 1262 2267 1316 QUO

1026 1388 1572 1453 SUBDITITIA
1612 1385 1982 1451 ISTHJEC
2038 1385 2531 1471 OPUSCULA
2590 1388 3239 1472 EXHIBENTUR,

1984 1567 2268 1615 SCILICBT
2284 1571 2300 1613 2

504 1710 875 1759 TRACTATUS
917 1711 1166 1756 CONTRA
1197 1709 1479 1764 QUINQUE
1521 1707 1837 1752 HERESES.

506 1791 718 1839 SERMO
786 1792 1033 1853 CONTRA
1091 1789 1344 1836 JUDBOS
1375 1817 1391 1847 ,
1464 1787 1743 1834 PAGANOS
1801 1789 1883 1831 ΕΤ
1934 1788 2107 1834 ΔΒΙΔ·

520 1870 525 1877 ’
590 1871 726 1917 NOS-

509 1952 829 1998 DIALOGUS
911 1952 995 1995 DE
1073 1949 1554 1996 ALTERCATIONE
1636 1947 1949 1993 ECCLESIB
2023 1951 2105 1994 ET

591 2031 954 2081 SYNAGOGﬁ.

511 2113 594 2173 ne
661 2112 811 2171 FIDE
876 2111 1127 2171 comas
1187 2109 1570 2159 HANICBEOS
1623 2110 1813 2165 LIBER
1864 2110 2103 2163 πνοι)ιο

585 2192 920 2239 TRIBUTUS.

506 2270 1050 2349 cpumomronwn
1095 2251 1330 2334 (vulgo
1374 2250 1745 2334 AUGUSTINI)
1790 2270 1874 2313 nn
1910 2269 2103 2314 aucr-

591 2348 840 2395 PIENDIS
882 2350 1247 2395 MANICILEIS
1290 2350 1399 2404 QUI
1442 2351 1976 2395 CONVERTUNTUB.

2291 1714 2699 1771 uns'rrru’rus.

2211 1793 2615 1875 ρριΕξΤΙΟΝΕδ
2661 1797 2743 1857 DE
2786 1796 3129 1865 TBlNlTATE
3174 1798 3254 1855 ΕΤ
3296 1799 3380 1861 ΒΕ
3422 1801 3648 1869 ϐΕΝΕδῐ
3712 1806 3798 1875 Εῃ

2290 1866 2563 1919 scamno
2606 1864 2975 1919 nncnnr'raz.
3470 1864 3474 1869 ’
3770 1864 3795 1877 "

2211 1954 2294 1998 ne
2348 1942 2820 1999 mcsnmrtosn
2873 1944 3068 2000 vnum
3125 1957 3211 2000 an
3270 1959 3643 2007 nummum
3706 1965 3790 2010 u-

2289 2036 2397 2078 BRI
2440 2035 2568 2079 DUO
2610 2036 2910 2079 COLLECTI
2956 2037 3040 2078 EX
3081 2036 3383 2083 ORIGENE.

2209 2115 2398 2160 LIBER
2442 2117 2526 2159 DE
2568 2116 2915 2160 TRINITATE
2958 2118 3040 2160 ET
3084 2117 3362 2163 UNITATE
3404 2122 3537 2167 ΒΕΙ.

2210 2196 2294 2239 DE
2337 2196 2643 2241 ESSENTIA
2683 2197 3097 2247 DIVINITATIS.

2210 2276 2520 2337 DIALOGUS
2552 2277 2637 2321 ΒΕ
2681 2277 2958 2325 UNITATE
3000 2277 3253 2337 $ANQT£
3296 2280 3677 2336 Τιιιιςηηιε.

2210 2356 2398 2407 Linea
2437 2357 2523 2400 ne
2565 2356 3058 2429 ECCLEstssItcts
3099 2358 3522 2429 ρρρωτμιμδε

511 2429 760 2477 con-ras
802 2418 1194 2476 FELICIANUM
1237 2431 1528 2493 ARIANUM
1571 2412 1655 2473 ne
1697 2431 1849 2475 mne
1893 2430 2102 2497 'rnrm-

588 2508 807 2569 TATIS,
860 2510 1049 2554 LIBER
1110 2510 1350 2559 Πριυο
1408 2510 1755 2557 TAPSITANO
1806 2509 2101 2555 EPISCOPO

690 2618 1200 2703 Comparavimus
1229 2639 1329 2683 eas
1360 2637 1564 2709 omnes
1590 2618 1891 2682 editiones
1924 2619 2115 2682 initio
2140 2617 2419 2687 Retract.
2440 2621 2498 2701 et
2521 2612 2835 2707 Confess.,
2868 2622 2914 2693 ι.
2946 2616 3005 2695 1,
3032 2624 3423 2701 memoratas.
3523 2619 3611 2703 Μ.

1812 2745 2079 2801 «wet-=3
2087 2743 2460 2813 00m¢°i81

897 2878 1548 2955 ADMONITIO
1594 2879 1716 2973 IN
1778 2876 2663 2977 SUBSEQUENTEM
2728 2874 3414 2981 senatorium,

1982 3013 2352 3085 θρωρο

571 3122 875 3189 Tractatum
898 3120 1155 3183 adversus
1206 3121 1444 3192 quinque
1468 3118 1747 3189 Haereses.
1773 3132 1935 3190 quem
1981 3116 2239 3179 Erasmus
2277 3113 2512 3179 hominis
2547 3112 2742 3177 eruditi
2784 3112 3003 3185 quidem
3024 3153 3041 3181 ,
3067 3121 3126 3171 et
3160 3114 3331 3187 arguti
3363 3123 3418 3173 et
3444 3115 3656 3173 facundi
3682 3131 3812 3175 esse

507 3225 816 3283 censuerat,
844 3230 950 3272 non
978 3224 1156 3277 tamen
1185 3213 1487 3286 Augustini,
1520 3213 1619 3277 nisi
1644 3216 1797 3286 forte,
1827 3210 1921 3279 ait,
1944 3210 2148 3284 juvenis
2180 3208 2413 3278 scripsit,
2434 3207 2733 3279 Augustino
2770 3207 2888 3263 sine
2916 3206 3264 3265 cunctatione
3286 3206 3596 3279 adjudicant
3624 3210 3807 3266 Lora-

510 3311 728 3368 nieuses
756 3317 811 3365 et
839 3308 1211 3373 Bellarminus,
1244 3306 1442 3376 aliique
1466 3306 1783 3383 auctoritate
1811 3302 1989 3370 Bedzn,
2014 3302 2107 3374 qui
2132 3318 2199 3358 ex
2225 3300 2402 3370 capite
2432 3299 2676 3371 ejusdem
2706 3306 2966 3355 tractatus
2993 3309 3186 3369 quarto
3209 3308 3265 3357 et
3288 3300 3473 3372 quinto
3500 3302 3631 3359 citat
3655 3318 3807 3374 quas.

509 3406 633 3465 dum
661 3404 714 3459 in
742 3411 902 3475 caput
944 3402 1175 3473 primum
1220 3400 1475 3471 Epistolas
1507 3400 1657 3458 Pauli
1700 3399 1768 3458 ad
1808 3398 2101 3456 Romanos.
2137 3398 2209 3452 Ea
2232 3397 2302 3453 de
2330 3395 2470 3452 facto
2498 3395 2657 3452 verba
2700 3396 2919 3450 nomine
2948 3396 3229 3465 Augustini
3255 3397 3418 3452 citata
3457 3398 3805 3467 reperiuntur

508 3512 615 3555 non
640 3496 813 3553 solum
844 3495 898 3551 in
924 3494 1135 3565 vulgata
1161 3492 1321 3551 Bedae
1364 3492 1679 3563 collectione
1714 3490 1802 3547 illa
1828 3490 2069 3547 auctiore
2089 3531 2102 3554 .
2126 3505 2246 3560 qua:
2274 3488 2454 3545 verius
2496 3495 2581 3543 est
2626 3486 2771 3543 Flori
2810 3486 3218 3557 Lugdunensis;
3250 3488 3346 3543 sed
3374 3490 3536 3545 etiam
3563 3490 3615 3544 in
3640 3492 3810 3547 altera

508 3597 652 3651 certa
679 3587 858 3653 Bedte,
886 3601 1007 3658 qua)
1032 3601 1199 3658 penes
1219 3600 1318 3641 nos
1343 3576 1425 3642 est
1450 3584 1662 3643 brevior
1682 3584 1735 3641 in
1776 3584 1997 3641 Paulum
2024 3582 2273 3639 collectio
2292 3621 2310 3649 ,
2334 3580 2573 3636 nondum
2610 3582 2753 3653 typis
2781 3581 2944 3637 edita.
2978 3581 3175 3639 Verum
3205 3597 3387 3639 sermo
3408 3582 3512 3638 iste
3539 3583 3716 3639 dictus
3742 3597 3811 3638 eo

509 3686 751 3754 tempore
776 3680 1220 3752 deprehenditur,
1248 3695 1356 3751 quo
1388 3680 1565 3737 Africa
1592 3679 1872 3735 tenebatur
1897 3678 2216 3735 Arianorum
2246 3677 2523 3733 dominatu
2544 3719 2560 3745 ,
2586 3676 2802 3748 quando
2828 3678 2938 3750 jam
2967 3678 3282 3736 orthodoxis
3311 3681 3615 3751 pastoribus
3640 3723 3656 3749 ,
3689 3682 3813 3737 aliis

510 3776 706 3837 exsilio
732 3790 827 3832 seu
854 3773 996 3845 luga,
1024 3772 1144 3830 aliis
1165 3781 1339 3829 morte
1369 3772 1594 3828 sublatis
1618 3812 1633 3836 ,
1675 3770 1914 3826 haeretici
1960 3769 2267 3825 Catholicos
2292 3779 2347 3825 et
2391 3771 2881 3827 concertationibus
2921 3773 3309 3841 sollicitabant,
3341 3783 3396 3829 et
3435 3774 3807 3844 largitionibus

511 3869 805 3941 pecuniave
833 3882 1181 3938 corrumpere
1208 3866 1506 3921 tentabant.
1540 3864 1598 3926 In
1627 3864 1801 3934 capite
1826 3864 1860 3920 6
1880 3905 1894 3927 ,
1930 3861 2029 3919 Ubi
2055 3864 2172 3918 estis
2190 3905 2204 3930 ,
2236 3864 2431 3935 inquit,
2466 3868 2627 3936 fontes
2667 3865 3009 3937 lacrgmarum
3027 3867 3054 3921 .9
3085 3867 3280 3933 Quibus
3308 3870 3547 3940 agricolis
3577 3869 3761 3940 loquor
3784 3867 3812 3921 Ρ

510 3960 615 4017 Δϋὶ
637 3972 752 4016 sunt
777 3960 980 4025 mortui,
1006 3959 1100 4014 alii
1130 3959 1311 4031 fugati.
1350 3957 1421 4013 Et
1444 3972 1563 4027 cap.
1595 3957 1661 4023 7,
1703 3955 2013 4011 Aduersatur
2041 3953 2349 4027 (Arianus),
2380 3956 2593 4023 clamat,
2618 3957 2801 4029 litigat,
2835 3968 3024 4029 pugnat
3049 4000 3063 4023 ,
3096 3960 3269 4014 turbas
3296 3969 3600 4033 congregat,
3626 3970 3810 4014 contra

511 4049 768 4107 Christum
788 4050 1013 4105 dimicat.
1042 4047 1145 4104 Ille
1168 4054 1466 4122 sanguinem
1496 4047 1649 4121 fudit,
1677 4055 1735 4101 ut
1754 4046 2001 4113 redimat;
2028 4046 2121 4101 iste
2141 4047 2410 4117 pecuniam
2444 4048 2639 4119 spargit
2667 4089 2684 4116 ,
2714 4057 2770 4102 ut
2809 4050 3043 4121 perimat.
3082 4049 3284 4106 Similia
3331 4051 3579 4121 leguntur
3605 4054 3659 4106 in
3688 4067 3805 4107 ser-

511 4156 672 4199 mone
690 4142 728 4203 2
751 4142 818 4198 ad
843 4141 1290 4208 Catechumenos,
1316 4158 1372 4196 ιι.
1400 4141 1491 4205 24,
1517 4148 1573 4196 et
1594 4154 1843 4195 sermone
1870 4138 1939 4195 de
1965 4140 2232 4209 Tempore
2262 4138 2560 4207 barbarico,
2585 4155 2641 4194 η.
2666 4141 2771 4207 lo;
2801 4157 2922 4212 qua:
2953 4152 3099 4199 tomo
3126 4153 3278 4199 sexto
3302 4187 3317 4212 ,
3343 4145 3396 4199 in
3422 4156 3630 4216 tempus
3662 4145 3810 4199 Van-

510 4232 701 4291 dalicae
732 4232 1115 4303 persecutionis
1146 4241 1265 4303 post
1312 4231 1593 4301 Augustini
1632 4240 1860 4285 mortem
1891 4230 2136 4287 excitatae
2173 4231 2460 4285 convenire
2487 4232 2916 4288 observavimus.
2948 4235 3215 4291 Praeterea
3246 4236 3405 4291 dictio
3432 4252 3528 4290 nec
3557 4236 3689 4291 satis
3709 4251 3810 4291 ac-

511 4333 731 4396 curata,
761 4335 861 4382 nec
891 4335 997 4381 tam
1036 4326 1174 4382 seria
1206 4333 1321 4390 est.
1344 4340 1502 4396 quam
1543 4325 1682 4379 solet
1723 4338 1845 4381 esse
1886 4322 2190 4395 Augustini.
2238 4322 2484 4394 Exempli
2509 4324 2675 4393 gratia
2694 4366 2708 4391 ,
2738 4326 2789 4379 in
2816 4340 2934 4396 cap.
2962 4327 3031 4393 5,
3062 4327 3171 4382 Deo
3211 4327 3347 4383 Patri
3368 4327 3433 4383 ad
3464 4326 3802 4397 gignendum

512 4416 707 4477 Filium
739 4418 981 4489 conjugis
1007 4418 1125 4473 vice
1147 4417 1307 4473 fuisse
1335 4417 1527 4471 bonam
1570 4417 1901 4481 volc'ntatem
1934 4415 2112 4472 docet.
2146 4414 2228 4470 Ad
2255 4415 2372 4471 haec
2400 4415 2546 4487 quod
2575 4417 2901 4487 Augustinus
2928 4418 2980 4472 in
3007 4419 3309 4475 Donatistas
3354 4419 3564 4489 scripsit
3588 4461 3602 4483 ,
3626 4418 3681 4473 id
3703 4434 3809 4474 au-

512 4518 634 4567 ctor
657 4509 711 4563 in
740 4509 969 4565 Arianos
989 4515 1219 4579 torquet,
1242 4523 1360 4577 cap.
1394 4491 1426 4563 li
1451 4526 1464 4561 :
1496 4506 1664 4572 Quare
1686 4506 1982 4578 litigamus?
2010 4506 2073 4562 Si
2117 4523 2220 4561 una
2270 4504 2414 4561 nobis
2457 4516 2531 4561 est
2554 4506 2823 4563 hereditas
2842 4551 2857 4577 ,
2888 4509 3041 4565 simul
3089 4510 3435 4580 possideamus
3456 4551 3471 4576 ,
3501 4513 3687 4582 fratres
3711 4526 3808 4563 su-

514 4618 648 4670 mus,
670 4610 775 4658 etc.
820 4600 1100 4658 Credimus
1142 4600 1321 4670 itaque
1354 4599 1553 4655 Bedam
1596 4598 1682 4655 bic
1709 4640 1724 4663 ,
1754 4597 2203 4670 quemadmodum
2239 4607 2295 4655 et
2324 4599 2377 4654 in
2418 4599 2688 4655 subdititia
2720 4600 3017 4658 Collatione
3055 4617 3178 4657 cum
3222 4602 3522 4668 Pascentio,
3552 4617 3714 4672 quam
3749 4602 3808 4657 in

514 4696 738 4754 secundi
782 4694 914 4752 tomi
942 4693 1295 4765 appendicem
1314 4693 1633 4765 rejecimus,
1663 4691 1950 4762 deceptum
1976 4706 2097 4747 esse
2136 4707 2321 4747 errore
2348 4699 2590 4747 veterum
2622 4692 2866 4748 codicum
2896 4695 2985 4765 qui
3024 4694 3167 4750 hunc
3196 4703 3480 4749 tractatum
3508 4694 3805 4765 Augustino

514 4789 808 4859 assignant.
839 4788 1009 4859 Hujus
1036 4787 1159 4845 libri
1184 4788 1510 4845 mentionem
1538 4786 1666 4842 facit
1692 4786 2041 4853 Hincmarus,
2074 4786 2169 4841 lib.
2196 4786 2265 4842 de
2287 4801 2395 4841 non
2425 4786 2564 4841 trina
2594 4786 2802 4842 Deitate
2826 4828 2841 4853 ,
2874 4796 2929 4843 et
2956 4788 3080 4859 quia
3110 4796 3495 4861 prteconceptae
3522 4788 3664 4842 illius
3690 4787 3779 4857 opi

516 4881 665 4937 nioni
688 4880 845 4937 valde
871 4879 1207 4937 incommoda
1235 4888 1388 4935 erant
1418 4880 1534 4934 hinc
1560 4877 1748 4948 capitis
1778 4877 1811 4933 7
1836 4896 1850 4932 :
1876 4874 2082 4932 Gratias
2110 4878 2221 4947 tibi,
2242 4894 2360 4933 vera
2385 4886 2432 4933 et
2458 4894 2561 4932 una
2586 4876 2826 4946 Trinitas,
2849 4896 2953 4933 una
2981 4890 3026 4934 et
3058 4881 3191 4934 trina
3221 4878 3446 4944 Veritas,
3473 4880 3605 4933 trina
3628 4887 3676 4932 et
3700 4893 3801 4934 unt

518 4969 724 5037 Unitas,
757 4970 831 5028 ibi
858 4970 1040 5026 multis
1067 4970 1377 5036 contendit,
1406 4985 1437 5025 a
1462 4968 1652 5039 pagina
1678 4969 1885 5024 scilicet
1917 4968 2026 5025 450
2046 4970 2115 5025 ad
2140 4970 2249 5027 464
2268 5011 2284 5037 ,
2309 4984 2371 5025 ea
2412 4985 2441 5024 a
2492 4968 2711 5025 falsario
2737 4982 2792 5027 et
2818 4971 3110 5042 impostore
3140 4973 3319 5043 aliquo
3347 4972 3512 5027 fuisse
3544 4971 3802 5035 immissa,

516 5063 573 5120 in
618 5063 795 5120 indice
836 5062 1065 5120 Possidii
1102 5072 1343 5119 notatum
1385 5062 1515 5118 dicit
1553 5062 1941 5130 Bellarminus,
1983 5062 2037 5118 in
2082 5078 2150 5119 eo
2179 5062 2461 5130 videlicet,
2503 5079 2659 5134 quem
2715 5064 3091 5135 interpolatum
3142 5065 3308 5121 edidit
3356 5064 3591 5120 Joannes
3638 5063 3800 5121 Ulim-

518 5155 722 5213 merius
750 5173 765 5211 :
793 5170 1055 5227 nusquam
1076 5170 1205 5212 vero
1228 5156 1283 5212 in
1300 5154 1530 5219 caeteris,
1561 5162 1674 5209 tum
1702 5154 1880 5221 editis,
1913 5164 2025 5211 tttm
2052 5156 2288 5227 scriptis,
2320 5172 2440 5227 qua:
2458 5156 2642 5213 videre
2673 5156 2827 5213 nobis
2852 5158 3025 5225 licuit,
3058 5158 3359 5214 Possidiani
3385 5157 3581 5213 indicis
3612 5173 3810 5212 exem-

519 5249 758 5318 plaribus
784 5249 1076 5305 invenitur.
1097 5247 1525 5319 Recognovimus
1545 5247 1851 5303 Tractatum
1882 5257 1936 5305 et
1968 5249 2371 5305 emendavimus
2399 5250 2467 5306 ad
2492 5250 2705 5306 codices
2732 5250 3017 5308 Vaticanos
3045 5253 3254 5320 decem,
3292 5253 3360 5308 ad
3381 5252 3805 5308 Germauensem

518 5357 708 5410 unum,
739 5341 806 5398 ad
834 5342 1231 5408 Michaelinum,
1257 5341 1325 5397 ad
1346 5341 1717 5412 Remigianum
1741 5383 1756 5409 ,
1787 5340 1855 5397 ad
1887 5341 2309 5412 Ebrulphensem
2331 5384 2346 5409 ,
2378 5342 2445 5398 ad
2474 5343 2927 5413 Arnulphensem,
2960 5345 3023 5399 ad
3048 5345 3480 5408 Cistercicusem.
3512 5344 3578 5399 ad
3602 5344 3799 5399 Fossa-

517 5442 763 5502 tensem,
812 5434 877 5489 ad
923 5434 1328 5500 Colbertinum,
1370 5432 1436 5487 ad
1483 5433 1723 5489 codicem
1764 5432 1827 5487 V.
1865 5431 1925 5488 (Ξ.
1966 5432 2169 5489 domini
2213 5433 2280 5489 de
2322 5434 2501 5490 Maran
2558 5434 2854 5501 Tolosatis,
2902 5436 2968 5491 ad
3015 5436 3386 5493 Turonensem
3447 5437 3505 5492 S.
3550 5434 3806 5504 Gatiani,

516 5534 569 5582 et
594 5526 663 5583 ad
702 5526 862 5581 alium
895 5525 1150 5581 Ecclesia:
1187 5524 1562 5597 Lugdunensis
1598 5525 1836 5582 codicem
1865 5566 1879 5591 ,
1912 5524 1966 5579 in
1994 5526 2188 5596 quibus
2214 5525 2523 5582 inscribitur
2567 5525 2789 5582 Libellus
2835 5527 3076 5583 adversus
3122 5531 3345 5601 quinque
3404 5529 3648 5593 Izwreses,
3692 5526 3813 5583 sive

514 5627 693 5674 contra
753 5616 971 5689 quinque
1020 5619 1239 5676 hostium
1290 5632 1515 5691 genera;
1564 5618 1689 5690 quia
1741 5631 1936 5689 nemm
1982 5626 2067 5673 est
2109 5624 2296 5673 contra
2342 5617 2583 5690 Paganos
2606 5660 2623 5691 ,
2676 5618 2889 5678 Judteos
2910 5658 2930 5692 ,
2972 5619 3331 5697 Manichaeos,
3375 5620 3715 5680 Sabelliauos
3752 5626 3813 5679 et

520 5711 769 5772 Arianos.

1948 5835 2371 5906 Μω-
