4072 6450
530 443 665 503 Mil

527 561 599 614 t'r'r
621 558 955 617 adversarius
984 558 1109 615 eris.
1138 557 1270 627 Ego,
1292 555 1480 627 inquit,
1492 571 1563 627 ex
1577 571 1662 609 ore
1684 554 1929 627 Altissinti
1946 554 2104 627 mod-

525 632 562 683 ii
608 630 794 689 (Et-cli.
836 647 955 687 xxrv
985 670 1000 693 ,
1030 629 1106 699 5).
1138 625 1744 699 QuisdiCit?_Verbum.
1772 626 1843 699 Et
1871 626 2102 699 Verbum

526 701 629 756 hoc
667 701 793 771 quid
819 702 943 755 est?
969 695 1201 771 Joannes
1230 698 1372 752 dicat
1387 715 1431 771 _:_
1454 696 1588 771 Deus
1617 706 1723 751 erat
1772 695 2005 771 Verbum.
2039 698 2106 771 Et

528 767 760 827 Verbum
790 786 936 841 ergo,
970 778 1025 825 et
1052 770 1203 841 cujus
1232 778 1346 823 erat
1387 768 1651 841 Verbum,
1694 782 1799 822 non
1828 767 1932 841 duo
1954 809 1968 831 ,
2009 768 2105 822 sed

525 858 686 896 unum
720 837 1006 896 sunthon
1027 883 1041 905 ,
1073 837 1247 909 inquis
1284 857 1296 893 :
1326 840 1448 909 quia
1478 840 1694 894 verbum
1727 837 1993 909 posterius
2023 846 2107 892 est

521 928 587 965 eo
612 914 763 983 cujus
788 908 1307 983 estverbum,und_e
1331 908 1551 983 apparet
1568 908 1953 983 _Filium_Patre
1984 923 2104 983 esse

520 979 803 1038 minorem.
848 982 1019 1053 Negas
1051 983 1228 1051 itaque
1256 979 1581 1053 FiliumLDei
1610 980 1955 1053 ess_e__Deum.
1989 979 2103 1033 Non

518 1068 675 1124 nego,
705 1054 879 1124 inquis
904 1050 993 1107 :et
1019 1050 1416 1124 PatremDeum
1437 1051 1577 1124 dico,
1602 1060 1655 1105 et
1674 1050 1864 1124 Filium
1894 1050 2061 1124 Deum
2085 1066 2100 1115 ;

517 1120 613 1181 sed
644 1120 851 1179 Patrem
884 1124 1159 1192 majorem,
1186 1123 1377 1177 Filium
1400 1123 1680 1177 minorem.
1712 1120 1972 1192 Quamdiu
2005 1121 2105 1175 Pa-

519 1204 599 1249 ter
630 1195 818 1265 major,
841 1191 1008 1249 Filius
1038 1194 1251 1248 minor?
1282 1194 1372 1247 Dic
1396 1194 1543 1257 mihi,
1575 1193 1698 1261 quia
1727 1191 2100 1265 video._te_cal-

516 1266 695 1321 eulare
714 1262 858 1320 'vclle
898 1266 1247 1319 aeternitatem
1284 1282 1295 1316 :
1329 1274 1459 1331 quot
1499 1265 1652 1316 annis
1685 1262 1935 1328 prmcedit
1963 1262 2103 1317 Deus

518 1336 675 1392 Pater
700 1336 889 1401 Filium
923 1336 1116 1390 suum?
1145 1335 1246 1390 Ubi
1269 1334 1411 1389 diem
1442 1333 1729 1387 nativitatis
1759 1332 1877 1387 Filii
1909 1333 2000 1387 Dei
2028 1333 2101 1387 lc-

553 1408 676 1461 isti?
703 1407 820 1462 Filii
866 1408 953 1460 l)ei
985 1406 1105 1460 dico
1134 1448 1147 1471 ,
1196 1422 1301 1459 non
1339 1405 1458 1459 dico
1496 1404 1616 1458 Filii
1646 1404 1737 1457 Dei
1768 1414 1821 1457 et
1848 1404 2097 1459 hominis.

568 1478 617 1533 bi
669 1494 796 1548 ergo
840 1478 980 1548 diem
1031 1477 1320 1548 nativitatis
1362 1476 1527 1545 ipsius
1570 1474 1787 1548 legisti»?
1825 1472 1956 1528 Cum
1995 1490 2100 1544 quo

514 1545 891 1603 matbeniatico
916 1547 1183 1601 Creatoris
1208 1547 1445 1601 siderum
1472 1545 1931 1600 constellationem
1956 1561 2102 1614 quaa-

513 1621 652 1685 sisti,
682 1630 840 1689 atque
866 1618 1147 1673 tractasti?
1172 1618 1303 1685 Quae
1331 1627 1588 1689 tempora,
1618 1620 1952 1689 quasihoras,
1982 1633 2101 1685 qua:

514 1687 815 1755 momenta,
860 1704 995 1757 quos
1028 1704 1305 1752 numeros,
1338 1704 1470 1758 quas
1495 1688 1724 1741 minutas
1753 1687 1770 1718 ί
1798 1696 2099 1758 momento-

518 1778 634 1815 rum
665 1762 952 1827 nativitatis
984 1760 1156 1823 illius,
1188 1760 1277 1829 qui
1304 1757 1479 1813 omnia
1510 1758 1764 1819 condidit,
1795 1757 2101 1826 collegisti?

514 1830 872 1901 Conquiescat
902 1846 1051 1900 rogo,
1082 1830 1423 1901 conquiescat
1454 1829 1703 1901 haeretica
1733 1837 2101 1901 tua,_non_re-

515 1898 675 1972 ligio,
704 1901 798 1957 sed
829 1898 1135 1971 superstitio
1166 1919 1177 1953 :
1206 1898 1276 1972 de
1307 1900 1503 1972 Christi
1541 1900 1691 1953 initio
1707 1898 1893 1972 deﬁcit
1922 1899 2099 1972 calent

515 1969 664 2027 latio.
688 1973 818 2039 Quia
846 1969 964 2027 cum
988 1972 1198 2025 auditur
1219 1971 1333 2025 sine
1360 1970 1508 2024 initio
1535 1970 1822 2032 a'ternitas,
1854 1969 1997 2023 nulla
2025 1970 2101 2024 ibi

514 2044 767 2111 quaeritur
796 2053 943 2097 tetas.
978 2043 1032 2094 Si
1062 2043 1217 2096 Pater
1246 2042 1384 2095 Deus
1406 2083 1421 2107 ,
1449 2049 1502 2095 et
1531 2040 1696 2094 Filius
1724 2040 1864 2094 Deus
1890 2082 1904 2104 ,
1939 2040 2097 2094 Pater

512 2110 705 2184 major,
733 2112 900 2168 Filius
939 2114 1111 2167 minor
1143 2131 1153 2165 :
1183 2112 1291 2184 jam
1334 2128 1438 2165 non
1480 2126 1616 2164 unus
1645 2111 1822 2184 Deus,
1855 2110 1964 2184 sed
1991 2111 2099 2184 duo

512 2180 613 2238 dii.
639 2185 697 2240 Si
726 2184 831 2240 duo
861 2184 932 2238 dii
966 2193 1128 2250 sunt,
1160 2180 1284 2252 quid
1321 2192 1404 2239 est
1428 2197 1557 2251 ergo
1583 2182 1722 2251 quod
1763 2180 1892 2235 dicit
1921 2181 2100 2252 Domi-

512 2270 616 2312 IIIIS
644 2273 737 2325 per
770 2254 1104 2325 pr0phetam,
1132 2250 1260 2325 Ante
1287 2270 1364 2325 nte
1388 2250 1875 2325 non’est’formatus
1916 2250 2052 2325 Deus
2079 2292 2095 2317 ,

511 2337 559 2379 et
605 2322 716 2397 post
758 2322 837 2379 nte
870 2322 979 2379 non
1024 2327 1119 2378 erit
1166 2323 1316 2397 (Isai.
1362 2339 1523 2388 XLIII,
1568 2322 1703 2447 10??
1743 2322 1877 2389 Quid
1924 2323 2096 2389 dicis,

515 2397 754 2447 Ariane?
782 2396 874 2447 Cui
908 2397 1038 2447 istas
1066 2396 1287 2447 deputas
1317 2395 1515 2447 voces?
1549 2393 1604 2447 Si
1652 2395 1801 2447 ’atris
1827 2403 1949 2447 sunt
1974 2435 1988 2447 .
2016 2393 2096 2447 di-

515 2393 754 2452 Ari'ane?
782 2396 874 2450 Cui
908 2397 1038 2450 istas
1066 2393 1287 2464 deputas
1317 2395 1515 2448 voces?
1549 2393 1604 2447 Si
1631 2393 1801 2447 Patris
1827 2403 1949 2449 sunt
1974 2435 1988 2457 ,
2016 2393 2100 2447 di-

512 2467 702 2532 cendo,
731 2469 858 2521 Ante
887 2484 964 2520 me
988 2483 1087 2521 non
1112 2476 1182 2520 est
1207 2471 1451 2537 formatus
1476 2464 1715 2537 Deuslet
1754 2474 1864 2537 post
1894 2480 1971 2518 me
1997 2481 2099 2518 non

512 2539 608 2592 erit
636 2555 656 2593 :
686 2548 776 2593 aut
800 2539 915 2607 ipse
951 2538 1107 2592 Pater
1149 2534 1255 2591 nan
1284 2538 1425 2607 erit,
1472 2544 1563 2589 aut
1604 2534 1769 2607 Filius
1802 2535 1940 2589 Deus
1983 2551 2091 2589 non

511 2610 633 2663 erit.
677 2609 731 2665 Si
774 2604 916 2665 enim
959 2608 1060 2663 hoc
1104 2616 1305 2663 tantum
1348 2606 1583 2669 diceret,
1629 2604 1759 2661 Ante
1791 2622 1869 2659 me
1896 2623 1997 2659 non
2026 2616 2099 2660 est

511 2684 759 2803 Ciminius
786 2680 959 2744 Deus;
1000 2694 1096 2734 nec
1127 2678 1377 2741 adderet,
1410 2688 1457 2731 et
1485 2688 1595 2746 post
1621 2694 1699 2730 me
1734 2693 1834 2731 non
1861 2678 1955 2730 erit
1986 2693 2004 2730 :
2035 2677 2099 2731 li-

549 2768 697 2803 erum
729 2751 821 2803 tibi
854 2762 969 2803 erat
998 2750 1111 2803 haec
1151 2749 1314 2803 verba
1345 2749 1484 2803 Patri
1523 2747 1889 2802 tantummodo
1928 2748 2099 2803 anuli-

549 2768 697 2806 erum
729 2751 821 2807 tibi
854 2762 969 2806 erat
998 2750 1111 2805 haec
1151 2749 1314 2803 verba
1345 2749 1484 2803 Patri
1523 2747 1889 2802 tantummodo
1928 2748 2100 2816 appli—

511 2836 655 2876 cztre.
689 2822 818 2877 Cum
849 2831 1026 2877 autem
1059 2820 1297 2890 sequitur
1322 2830 1373 2874 et
1402 2820 1551 2883 dicit,
1585 2827 1799 2890 patulae
1826 2835 1924 2871 non
1951 2820 2045 2871 erit
2077 2834 2097 2872 :

510 2892 801 2947 secundum
832 2902 883 2946 te
908 2934 921 2957 ,
954 2903 1009 2944 ut
1035 2888 1184 2957 dixi,
1215 2895 1269 2945 et
1292 2906 1352 2945 se
1376 2890 1587 2944 Patrem
1619 2899 1671 2943 et
1701 2888 1893 2942 Filium
1940 2899 2098 2959 negat

513 2962 700 3017 Deum.
732 2962 860 3018 Item
894 2963 938 3016 si
968 2962 1087 3017 Filii
1116 2971 1242 3016 sunt
1271 2962 1384 3015 haec
1409 2961 1589 3025 verba,
1619 2959 1830 3013 Patrem
1862 2975 2015 3013 suum
2043 2968 2098 3014 et

512 3032 675 3087 Deum
718 3044 873 3103 negat
914 3042 967 3087 et
996 3033 1228 3103 Patrem.
1279 3031 1336 3086 Si
1372 3031 1515 3103 enim
1559 3048 1663 3085 non
1689 3030 1924 3103 diceret,
1967 3031 2098 3085 Ante

510 3118 589 3156 me
617 3122 718 3158 non
748 3100 818 3157 est
849 3108 1093 3174 formatus
1123 3102 1299 3174 Deus;
1342 3102 1444 3174 sed
1473 3111 1675 3174 tardum
1706 3100 1908 3174 diceret
1926 3143 1954 3174 ,_
1984 3112 2097 3174 post

510 3190 589 3227 me
624 3191 725 3228 non
754 3170 892 3228 erit:
922 3182 1101 3243 posset
1142 3172 1361 3243 forsitan
1399 3173 1500 3225 dici
1543 3172 1734 3225 Filium
1768 3170 1893 3223 illud
1934 3170 2096 3225 fuisse

510 3246 765 3299 locutum.
795 3242 949 3299 Modo
976 3254 1151 3299 autem
1184 3258 1304 3298 cum
1327 3242 1475 3305 dicit,
1506 3243 1633 3296 Ante
1652 3258 1730 3294 me
1755 3259 1856 3294 non
1885 3251 1956 3295 est
1983 3243 2094 3309 for-

508 3324 672 3368 matus
694 3315 845 3381 Deus,
861 3324 1029 3384 etpost
1046 3331 1123 3368 me
1143 3331 1243 3368 non
1264 3314 1385 3368 erit:
1399 3313 1610 3368 Patrem
1623 3327 1784 3384 suum
1799 3325 1895 3366 nec
1923 3312 2090 3384 Deum

508 3387 633 3439 dicit
658 3402 795 3453 esse,
828 3382 927 3441 nec
956 3386 1190 3440 Patrem.
1213 3384 1341 3439 Item
1367 3384 1410 3437 si
1435 3384 1603 3438 Patris
1630 3392 1755 3437 sunt
1775 3383 1888 3436 haec
1909 3382 2091 3444 verba;

506 3458 624 3526 quis
651 3457 798 3522 dicit,
830 3458 913 3511 cui
946 3457 1092 3517 dicit,
1123 3455 1290 3509 Filius
1315 3472 1454 3526 meus
1473 3471 1525 3508 es
1555 3468 1628 3517 tu,
1650 3470 1739 3526 ego
1768 3453 1915 3526 hodie
1944 3454 2095 3521 genui

506 3524 555 3598 te
578 3527 745 3598 (Paul.
775 3545 829 3592 ιι,
862 3529 916 3597 7)
935 3526 1225 3598 ?Auforte.
1246 3524 1387 3598 quod
1408 3525 1565 3598 absit,
1586 3524 2091 3598 ntettdacii_arguen-

466 3650 473 3655 .
506 3594 606 3654 dus
631 3609 713 3653 est
743 3594 924 3653 Deus?
961 3597 1068 3653 Sed
1097 3598 1141 3651 si
1171 3594 1291 3651 Filii
1324 3596 1483 3649 verba
1512 3607 1656 3659 sunt,
1690 3596 1808 3663 quis
1833 3594 1998 3657 dicit,
2025 3594 2093 3648 de

505 3684 611 3738 quo
630 3670 779 3735 dicit,
800 3668 954 3722 Pater
967 3685 1108 3723 meus
1131 3667 1434 3736 usquemodo
1451 3676 1688 3738 operetur
1706 3663 1883 3735 (Joan.
1902 3680 1955 3738 γ,
1978 3664 2093 3735 i7)?

507 3735 587 3793 An
618 3740 755 3794 forte
783 3750 836 3794 et
860 3740 1146 3809 injuriosus
1174 3735 1315 3792 Patri
1342 3735 1657 3804 iudicandus
1672 3744 1783 3809 est,
1816 3745 1869 3809 et
1901 3735 2081 3803 ingra-

506 3810 633 3863 tus?
662 3810 763 3866 Sed
798 3804 1049 3879 nuuiquid
1081 3810 1286 3878 ingrato
1310 3809 1577 3862 diceretur
1598 3848 1613 3873 ,
1661 3804 1878 3859 Postuta
1906 3822 1942 3879 ιι
1965 3822 2044 3858 me
2064 3848 2079 3870 ,

504 3890 549 3934 et
577 3882 705 3935 dabo
734 3882 821 3935 tibi
852 3877 1019 3951 gentes
1046 3881 1388 3951 Itarreditatem
1425 3888 1603 3951 guunt,
1650 3886 1697 3951 et
1728 3877 2093 3951 possessionem

506 3960 643 4005 tuam
669 3946 905 4007 terminos
929 3960 1075 4007 terra:
1102 3950 1273 4022 (Psnl.
1316 3966 1349 4004 II
1374 3992 1389 4016 ,
1420 3948 1477 4017 8)
1497 3949 1631 4022 ?_An
1660 3947 1794 4022 forte
1809 3946 2092 4022 Propheta

506 4030 598 4076 aut
628 4023 750 4090 quid
782 4024 982 4080 diceret
1016 4017 1278 4087 nescivit,
1323 4030 1414 4074 aut
1456 4019 1648 4090 fallere»
1678 4017 1877 4090 voluit;
1915 4026 2005 4090 aut
2034 4027 2093 4072 ut

506 4088 688 4145 mitius
715 4094 909 4159 aliquid
939 4094 1003 4145 de
1033 4093 1297 4157 Propheta
1328 4091 1589 4152 dicamus,
1626 4088 1841 4142 tinxisse
1868 4088 2092 4143 creden-

504 4163 605 4216 dus
632 4172 715 4217 est
740 4163 840 4216 sibi
864 4164 1001 4217 duos
1025 4162 1445 4223 confabttlantes,
1473 4160 1522 4213 id
1546 4168 1647 4225 est,
1679 4159 1889 4213 Patrem
1916 4170 1971 4212 et
1999 4159 2091 4213 Fi-

506 4234 667 4301 lium;
715 4242 769 4287 et
819 4234 975 4287 Patre
1013 4232 1242 4297 dicente,
1287 4232 1416 4301 Ante
1456 4247 1547 4301 me,
1575 4246 1675 4281 non
1721 4239 1792 4283 est
1837 4234 2089 4301 formatus

507 4300 661 4366 Deus,
691 4304 931 4374 adjunxit
956 4315 1010 4358 ct
1035 4300 1474 4374 Filiusdicendo,
1506 4300 1570 4374 Et
1589 4308 1697 4369 post
1726 4316 1804 4353 me
1823 4317 1923 4374 non
1952 4300 2091 4374 erit?

503 4374 710 4430 Mimica
751 4370 874 4429 Sunt
902 4384 955 4429 et
996 4372 1249 4442 iocularia
1278 4375 1297 4403 ¹
1329 4388 1446 4442 qua:
1476 4372 1681 4442 agimus
1704 4411 1718 4434 ,
1760 4386 1825 4442 an
1871 4370 2087 4442 divina?

504 4448 548 4500 0
578 4446 753 4501 scelus
779 4448 791 4500 !
822 4446 953 4515 proh
986 4440 1138 4498 dolor
1163 4444 1175 4497 !
1201 4440 1388 4511 Parce,
1414 4440 1591 4512 parce,
1623 4440 1871 4495 hmretica
1902 4441 2087 4515 impie-

507 4526 605 4569 tas.
639 4516 774 4569 Cum
807 4511 858 4570 tu
890 4516 1053 4569 Deum
1092 4530 1195 4567 non
1225 4511 1441 4582 capias,
1475 4528 1569 4567 nos
1615 4511 1940 4582 quoquegad
1976 4511 2089 4565 hla-

505 4586 798 4653 Sphemiam
830 4600 1107 4655 provocas.
1140 4584 1253 4639 Non
1280 4580 1388 4655 hoc
1417 4586 1570 4639 docet
1608 4580 1791 4655 sancta
1822 4580 2084 4637 Ecclesia.

509 4657 681 4723 Pater,
713 4654 869 4712 Pater
895 4665 1011 4723 est;
1041 4655 1229 4717 Filius,
1262 4654 1430 4709 Filius
1458 4662 1541 4709 est
1570 4674 1582 4705 :
1615 4662 1669 4707 et
1694 4654 1783 4723 ille
1814 4668 2087 4723 nunquam

506 4744 609 4782 non
643 4722 739 4783 fuit
766 4728 959 4793 Pater,
1000 4722 1061 4782 et
1108 4726 1210 4781 iste
1256 4741 1524 4795 nunquam
1571 4740 1674 4795 non
1725 4722 1823 4777 fuit
1866 4723 2032 4795 Filius
2070 4743 2083 4795 ς

503 4798 661 4853 ambo
690 4800 894 4860 :eterni,
920 4813 1020 4853 nec
1044 4807 1319 4866 coeperunt
1344 4794 1484 4861 eSse,
1510 4810 1606 4848 nec
1626 4794 2085 4866 desistunt.‘Quod

506 4868 660 4924 Pater
686 4870 936 4940 loquitur.
972 4863 1142 4940 Filius
1172 4866 1438 4940 loquitur,
1479 4866 1603 4940 quia
1632 4864 1867 4940 verbum
1908 4863 2085 4940 Patris

501 4949 584 4993 est
618 4958 642 5010 :7
660 4950 714 4995 et
737 4934 877 5010 quod
899 4940 1066 4995 Filius
1091 4934 1347 5010 loquitur,
1376 4934 1530 5010 Pater
1556 4935 1807 5010 lpquitur,
1832 4935 1952 5003 quia
1980 4934 2083 5010 Pa-

502 5018 584 5063 ter
609 5005 769 5066 Verbi
793 5020 895 5065 est.
929 5011 1102 5079 Ipsum
1131 5005 1363 5079 Verbum
1389 5007 1536 5072 dicit,
1576 5005 1737 5079 Veriie
1761 5020 1873 5079 q_ua:
1896 5007 2086 5079 egola-

502 5096 645 5147 quor,
672 5100 701 5135 a
728 5098 805 5134 me
825 5082 935 5151 ipso
953 5074 1062 5135 non
1088 5080 1266 5150 loquor
1286 5077 1464 5149 (Joan.
1496 5091 1606 5151 XIV,
1635 5074 1744 5147 10).
1772 5074 2080 5151 Concedite,

499 5146 704 5219 quaso,
736 5146 974 5207 Creatori
1014 5146 1161 5221 quod
1198 5146 1310 5219 ipse
1337 5149 1583 5221 przestitit
1620 5146 1881 5221 creatura;
1901 5188 1915 5212 ,
1946 5156 1999 5221 et
2029 5146 2081 5200 in

499 5217 763 5289 creatura,
800 5223 845 5276 si
874 5217 1115 5293 potesiis,
1145 5217 1315 5291 capite
1340 5220 1664 5293 Creatorem.
1696 5218 1831 5293 Ecce
1870 5217 2003 5293 ignis
2029 5227 2084 5272 et

502 5288 756 5359 splendor
782 5288 893 5349 dud
910 5302 1053 5357 sunt,
1078 5288 1225 5347 alter'
1242 5308 1307 5346 ex
1330 5292 1499 5345 altero
1519 5299 1620 5353 est,
1654 5303 1750 5342 nec
1775 5288 1888 5342 sine
1915 5288 2082 5344 altero

497 5363 632 5434 alter
659 5374 742 5419 est
771 5382 787 5421 :
817 5364 954 5434 ignis
979 5374 1149 5432 pater,
1181 5362 1432 5431 Splendor
1457 5362 1613 5415 ﬁlius.
1638 5360 1780 5434 ipse,
1804 5359 1848 5413 si
1879 5370 2075 5434 posset,

494 5430 718 5495 diceret,
748 5428 897 5502 Quod
930 5428 1081 5489 luceo
1105 5428 1257 5498 ,non
1286 5450 1314 5486 a
1360 5449 1445 5485 me
1487 5433 1599 5500 ipso
1638 5430 1789 5502 luceo
1814 5446 1828 5495 ;
1849 5428 1959 5502 sed
1990 5431 2077 5499 qui

495 5517 584 5558 me
630 5501 790 5568 misit,
841 5506 952 5573 ipse
1002 5504 1129 5559 mihi
1176 5504 1323 5558 dedit
1370 5514 1425 5557 ut
1467 5504 1694 5573 luceant.
1749 5501 1888 5573 ignis
1936 5502 2079 5573 enim

493 5575 836 5638 splendorem
863 5571 1043 5629 inittit.
1074 5576 1141 5629 Et
1164 5576 1302 5630 sicut
1331 5574 1497 5628 Filius
1521 5572 1589 5627 de
1615 5573 1727 5626 Deo
1752 5572 1909 5625 Patre
1930 5571 2076 5638 dicit,

544 5657 654 5703 ater
683 5662 874 5700 mecum
903 5656 975 5699 est
1002 5645 1112 5715 (Id.
1145 5661 1257 5714 xvr,
1288 5645 1413 5715 52);
1444 5644 1513 5697 ita
1544 5652 1597 5697 et
1626 5643 1877 5710 splendor
1898 5640 2081 5715 dicere

490 5729 695 5787 posset,
730 5718 866 5789 Ignis
894 5711 1100 5771 mecum
1127 5711 1250 5772 est.’
1276 5711 1566 5785 ExStingue
1596 5715 1790 5784 ignem,
1830 5711 2080 5783 splendor

548 5883 569 5907 ι
606 5874 771 5927 Phares
787 5886 915 5938 uss,
933 5874 1178 5927 minutias.

545 5940 569 5969 ³
600 5943 707 5989 llss.
732 5937 976 6004 omittunt,
999 5945 1044 5990 et
1057 5937 1316 6005 joculan'a.

1977 443 2342 501 APPENDIX.

3670 449 3819 506 UH

2220 567 2481 635 nusquam
2508 552 2731 635 parebit.
2772 551 2829 635 Si
2854 566 2981 625 ergo
3010 552 3147 626 ignis
3171 562 3226 635 et
3250 551 3542 635 Splendor,
3576 569 3735 635 pater
3756 571 3815 616 et

2216 625 2374 689 ﬁlius,
2400 640 2534 678 unus
2560 625 2676 679 sine
2701 625 2928 694 conjuge
2953 625 3124 694 pater,
3158 625 3295 683 alius
3320 630 3436 683 sine
3460 625 3633 685 matre
3665 632 3810 688 ﬁlius

2214 706 2330 760 est;
2362 710 2462 749 nec
2486 695 2645 749 dividi
2672 695 2807 749 alter
2843 697 2910 749 ab
2947 697 3117 752 altero
3147 708 3359 766 potest;
3392 710 3446 754 ct
3474 716 3597 755 cum
3629 703 3699 756 sit
3724 703 3811 757 al-

2216 778 2297 839 ter
2322 767 2608 839 exialtero,
2641 766 2849 820 initium
2880 775 3057 822 tamen
3085 769 3306 823 alterius
3336 786 3457 825 esse
3487 787 3592 826 non
3626 782 3810 839 potest

2213 838 2329 891 sine
2358 838 2563 902 altero;
2597 837 2699 891 hoc
2726 848 2902 891 autem
2934 852 3090 906 posse
3116 882 3129 902 ,
3173 854 3202 893 a
3246 841 3501 897 Creatore
3546 837 3808 898 tributqu

2214 916 2297 962 cst
2314 918 2571 963 creatura:
2597 926 2609 961 :
2638 908 2763 977 quid
2797 918 2973 977 potest
2998 911 3111 978 ipse
3139 909 3406 975 Creator?
3434 914 3669 970 Accedat
3702 915 3807 967 Pa-

2210 994 2396 1047 ganus,
2431 978 2650 1033 accedat
2692 979 3062 1042 Sabellianus,
3106 982 3325 1037 accedat
3365 985 3595 1038 Arianus
3630 1002 3642 1036 :
3677 1001 3811 1039 con-

2215 1051 2537 1124 templemur
2582 1051 2893 1124 lucernam,
2941 1051 3001 1124 in_
3036 1051 3146 1118 ipsa
3163 1053 3390 1124 ivideant
3428 1056 3568 1124 quod
3604 1056 3655 1108 in
3697 1057 3809 1111 Deo

2210 1120 2392 1175 videre
2419 1136 2521 1194 non
2550 1130 2793 1194 possunt.
2836 1121 3119 1194 Nonifaeio
3161 1123 3425 1192 injuriam.
3444 1120 3505 1179 ἐἰ
3533 1126 3711 1194 aliqua
3740 1143 3806 1182 ex

2211 1200 2360 1263 parte
2388 1190 3077 1263 tantiCreatorisrcupicns
3118 1190 3403 1250 ostendere
3434 1190 3759 1263 potestatem
3785 1239 3800 1261 ,

2214 1261 2350 1330 ignis
2380 1263 2492 1317 sive
2533 1262 2765 1316 lucernze
2795 1262 3013 1317 afferam
3060 1264 3323 1319 tantillam
3368 1261 3799 1321 similitudinem.

2210 1331 2476 1403 Scriptum
2499 1342 2579 1386 est
2599 1334 2763 1399 cnim,
2789 1332 3019 1386 Lucerna
3036 1335 3244 1403 pedibus
3264 1338 3387 1390 meis
3409 1340 3610 1390 verbum
3634 1348 3802 1403 tuum,

2208 1402 2446 1477 Domine,
2468 1412 2535 1477 _et
2562 1404 2731 1456 lumen
2757 1405 2951 1477 semjtis
2976 1402 3097 1457 meis
3126 1404 3295 1476 (Psal.
3330 1423 3511 1474 CXVIII,
3543 1409 3692 1477 105).
3738 1402 3805 1464 Et

2210 1474 2277 1547 de
2308 1474 2420 1529 Deo
2450 1474 2650 1547 dictum
2680 1483 2762 1547 est
2782 1516 2797 1539 ,
2833 1473 2983 1547 Ignis
3024 1473 3321 1532 consumens
3348 1473 3524 1547 (Deut.
3565 1473 3660 1543 Iv,
3691 1481 3801 1545 24;

2212 1544 2493 1620 Hebr._xu,
2526 1544 2642 1614 29).
2672 1544 2921 1599 Accedite
2951 1561 3099 1620 ergo,
3131 1559 3184 1601 et
3211 1544 3485 1603 lucernam
3513 1544 3803 1620 diligenter

2208 1615 2543 1670 considerate
2568 1658 2581 1680 ,
2631 1624 2943 1684 vestrasque
2985 1618 3154 1671 fatuas
3207 1621 3456 1673 tenebras
3498 1615 3799 1675 removete.

2209 1686 2453 1759 Paganus
2482 1688 2769 1759 i_ntueatur,
2803 1695 2858 1740 et
2886 1688 2989 1740 illic
3015 1688 3130 1759 sine
3159 1689 3406 1759 conjugio
3432 1706 3553 1745 esse
3584 1691 3800 1745 Patrem

2208 1756 2378 1812 discat
2404 1766 2458 1811 ct
2482 1756 2707 1820 Filium,
2748 1766 2801 1810 et
2837 1758 3107 1825 quomodo
3136 1756 3291 1813 natus
3321 1756 3401 1814 est
3429 1760 3597 1815 Filius
3627 1780 3639 1814 :
3674 1763 3797 1817 etsi

2207 1842 2382 1883 cmeus
2408 1844 2601 1901 nones
2626 1869 2639 1889 ,
2673 1827 2926 1901 ihivide;
2974 1830 3110 1882 inter
3138 1830 3312 1901 ignem
3354 1841 3408 1885 et
3450 1832 3797 1901 splendorem

2208 1913 2389 1967 quaere
2417 1898 2671 1952 medium.
2713 1898 2768 1952 Si
2812 1900 3013 1953 nullum
3042 1909 3123 1953 est
3153 1898 3419 1966 medium,
3464 1898 3670 1957 nullum
3717 1912 3800 1959 est

2207 1970 2533 2039 conjugiunt.
2576 1968 2695 2023 Noli
2736 1969 2874 2023 velle
2902 1972 3222 2038 perscrutari
3269 1972 3500 2026 medium
3529 2016 3541 2035 ,
3578 1991 3645 2028 ne
3678 1991 3795 2029 ma-

2207 2040 2629 2111 gntunpatiaris
2678 2040 3000 2093 incendium.
3046 2041 3278 2095 Accedat
3315 2043 3679 2111 Sabellianus,
3712 2046 3795 2099 vi-

2206 2110 2331 2165 deat
2370 2110 2504 2164 duos
2535 2112 2594 2186 iI_I_
2615 2125 2806 2176 unum,
2852 2114 3026 2181 ignem
3041 2123 3106 2186 _et
3135 2112 3493 2186 splendorem.
3522 2110 3796 2186 Numquid

2206 2196 2315 2255 non
2357 2189 2499 2255 recte
2544 2181 2723 2255 dicere
2766 2190 2940 2255 polest
2977 2182 3248 2255 splendor,
3296 2185 3403 2252 Ego
3444 2186 3494 2237 in
3540 2181 3697 2255 igne;
3737 2197 3794 2241 et

2212 2251 2348 2324 ignis
2374 2252 2426 2305 in
2450 2266 2570 2324 m_e_;
2601 2252 2737 2306 sicut
2756 2262 2809 2307 et
2829 2252 2994 2324 Filius
3016 2252 3162 2315 dicit,
3193 2253 3303 2324 Ego
3326 2251 3376 2307 in
3406 2251 3579 2320 Patre,
3601 2266 3647 2309 et
3680 2255 3791 2310 Pa-

2208 2332 2281 2375 ter
2309 2323 2360 2375 in
2391 2338 2469 2375 me
2496 2321 2677 2391 (Joan.
2705 2339 2809 2388 xlv,
2841 2322 2969 2392 10)?
2999 2321 3308 2379 Accedat'et
3333 2325 3577 2390 Arianus,
3606 2326 3791 2382 videat

2206 2402 2261 2447 et
2291 2393 2403 2462 ipse
2431 2393 2657 2466 alterum
2688 2409 2752 2447 ex
2783 2393 2951 2447 altero
2972 2435 2987 2460 ,
3017 2409 3117 2448 nec
3145 2404 3317 2450 tamen
3350 2396 3491 2449 nasci
3529 2411 3684 2466 posse
3711 2399 3790 2453 al-

2209 2472 2379 2535 terum
2410 2464 2525 2517 sine
2562 2464 2732 2517 altero
2762 2481 2774 2517 :
2809 2478 2965 2517 nemo
2994 2479 3179 2519 eorum
3222 2466 3391 2535 prior,
3426 2464 3585 2522 nemo
3614 2478 3791 2534 poste-

2204 2534 2342 2596 rior;
2376 2534 2543 2607 cotevi
2574 2544 2885 2607 suntpater
2920 2545 2973 2590 et
3015 2535 3187 2601 ﬁlius,
3228 2534 3485 2605 Splendor
3524 2547 3579 2592 et
3605 2540 3741 2607 ignis
3771 2557 3785 2592 :

2210 2619 2309 2659 nec
2338 2606 2473 2678 ignis
2495 2606 2610 2659 sine
2637 2606 2940 2678 splendore,
2974 2621 3072 2661 nec
3101 2607 3353 2674 Splendor
3377 2609 3493 2664 sine
3522 2606 3645 2678 igne
3669 2624 3790 2665 esse

2206 2684 2397 2743 potest.
2427 2676 2530 2729 Aut
2558 2688 2726 2742 certe,
2756 2677 2800 2730 si
2832 2676 3025 2746 placet,
3055 2678 3204 2732 mitte
3228 2694 3469 2746 manum,
3499 2676 3680 2735 divide
3706 2679 3788 2735 al-

2204 2754 2375 2821 terum
2417 2746 2482 2821 ab
2519 2746 2736 2821 altero;
2780 2746 3017 2821 ostende
3045 2747 3561 2821 mihiignemsine
3605 2752 3789 2821 Splen-

2204 2816 2353 2882 dore,
2383 2817 2466 2870 vel
2493 2814 2835 2889 splendorem
2864 2819 2979 2871 sine
3007 2818 3144 2889 igne.
3179 2814 3348 2884 Absit,
3377 2819 3517 2875 absit
3551 2839 3564 2875 :
3594 2814 3785 2876 ardere

2204 2887 2575 2959 tantummodo
2606 2889 2823 2955 poteris,
2858 2887 3108 2959 separare
3133 2890 3359 2944 alterum
3387 2891 3454 2945 ab
3480 2892 3651 2945 altero
3678 2908 3786 2947 non

2208 2960 2425 3027 poteris.
2468 2956 2616 3013 Sicut
2655 2959 2796 3012 enim
2835 2956 2968 3025 ignis
2998 2969 3052 3014 et
3083 2959 3335 3029 splendor
3358 2962 3494 3017 alter
3522 2978 3588 3017 ex
3618 2964 3785 3017 altero

2204 3038 2285 3083 est
2306 3071 2329 3101 ,ί
2355 3044 2451 3083 nec
2481 3038 2655 3101 tanien
2684 3044 2803 3084 esse
2829 3029 2961 3101 alter
2985 3030 3099 3085 sine
3129 3031 3298 3086 altero
3326 3042 3501 3101 potest
3530 3050 3541 3085 :
3577 3034 3644 3087 ita
3680 3035 3783 3087 Pa-

2206 3107 2288 3153 ter
2314 3100 2452 3155 Deus
2478 3109 2529 3154 et
2556 3099 2721 3154 Filius
2749 3101 2888 3153 Deus
2914 3100 3047 3155 alter
3070 3116 3135 3155 ex
3166 3099 3338 3156 altero
3359 3113 3459 3168 est,
3484 3120 3583 3157 nec
3609 3112 3784 3158 tamen

2203 3185 2322 3225 esse
2352 3172 2485 3243 alter
2509 3173 2626 3225 sine
2652 3170 2822 3243 altero
2857 3179 3046 3240 potest.
3087 3171 3201 3226 Non
3235 3173 3337 3227 illis
3364 3182 3514 3229 ortus
3553 3176 3639 3243 qui
3676 3190 3786 3230 non

2203 3249 2306 3315 est,
2343 3242 2435 3315 sed
2479 3242 2748 3315 aeternitas
2777 3251 2935 3311 atque
2965 3243 3257 3315 substantia
3285 3260 3388 3297 una
3416 3253 3516 3298 est.
3568 3245 3704 3315 Ignis
3732 3255 3785 3301 et

2203 3312 2455 3379 splendor
2476 3313 2795 3381 temporales
2819 3320 2942 3365 sunt
2965 3331 2976 3365 :
3002 3314 3157 3367 Pater
3176 3323 3351 3368 autem
3375 3324 3429 3370 et
3453 3312 3617 3369 FiliuS
3646 3317 3785 3371 Deus

2203 3384 2386 3436 :cterni
2404 3393 2545 3437 sunt.
2568 3384 2702 3437 Sunt
2718 3384 2858 3446 dico,
2882 3384 3001 3453 quia
3021 3384 3175 3437 Pater
3188 3393 3240 3437 et
3255 3384 3455 3449 Filius;
3478 3385 3620 3439 Deus
3640 3386 3781 3452 dico,

2203 3452 2326 3522 quia
2348 3468 2508 3507 unum
2553 3462 2693 3507 sunt.
2720 3452 2954 3507 Dualitas
2985 3456 3034 3507 in
3071 3456 3240 3523 prole,
3282 3457 3455 3510 unitas
3482 3456 3533 3509 in
3564 3457 3779 3512 deitate.

2203 3524 2443 3578 Alterum
2475 3523 2599 3578 facit
2628 3525 2782 3578 unius
2809 3525 3076 3588 nativitas,
3105 3525 3200 3579 sed
3222 3541 3383 3581 unum
3411 3528 3645 3581 ostendit
3666 3544 3784 3585 esse

2202 3593 2468 3648 divinitas.
2490 3595 2621 3648 Cum
2639 3594 2778 3659 dico,
2799 3594 3137 3666 Filius,alter
3155 3605 3236 3651 est
3265 3615 3277 3649 :
3306 3612 3428 3650 cum
3455 3596 3596 3663 dico,
3622 3598 3779 3666 Deus,

2202 3679 2339 3719 unus
2364 3674 2465 3720 est.
2495 3665 2644 3718 Alius
2681 3674 2797 3729 est,
2840 3666 2961 3735 quia
3005 3665 3171 3721 Filius
3202 3676 3324 3721 est:
3357 3667 3501 3722 aliud
3535 3683 3639 3722 non
3666 3665 3781 3735 est,

2199 3736 2321 3804 quia
2358 3736 2495 3788 Deus
2521 3744 2621 3789 est.
2654 3736 2986 3801 Erubescite,
3021 3738 3223 3792 Ariani.
3259 3737 3514 3793 Tunicam
3555 3740 3783 3793 hominis

2195 3806 2306 3873 jam
2330 3806 2550 3875 judicati
2580 3806 2631 3858 in
2674 3820 2834 3860 cruce
2861 3808 3140 3875 pendentis
3166 3810 3443 3863 carnifices
3484 3809 3639 3863 Pilati
3676 3825 3782 3864 non

2199 3877 2464 3960 suntausi
2492 3877 2842 3960 coInScindere
2865 3875 3120 3960 (ldunx,
3148 3878 3239 3960 24)
3273 3896 3285 3931 :
3316 3890 3368 3960 et
3394 3895 3490 3934 vos
3516 3880 3781 3960 conamini

2199 3946 2510 4020 cltaritatem
2548 3948 2638 4020 Dei
2662 3947 2717 4020 in
2744 3948 2882 4020 etelo
2906 3948 3141 4020 sedentis
3166 3991 3180 4015 ,
3215 3946 3325 4005 imo
3350 3950 3517 4020 ipsam
3550 3952 3781 4005 Charita-

2198 4027 2307 4094 te_m
2334 4018 2501 4071 Deum
2533 4017 2813 4094 dividerett
2855 4018 2957 4094 Sed
2986 4020 3287 4094 conamini;
3331 4017 3587 4094 quantum
3632 4033 3782 4094 pote-

2195 4089 2316 4152 stis,
2347 4088 2637 4151 conamini,
2670 4104 2763 4144 vos
2788 4088 2897 4157 jam
2929 4090 2981 4142 in
3014 4090 3276 4144 infernum
3301 4088 3482 4147 ruistis
3517 4111 3529 4145 :
3562 4088 3690 4147 nain
3718 4094 3782 4147 il-

2196 4159 2299 4232 l_am
2329 4159 2853 4232 tunicamnutiquam
2876 4161 3152 4232 rupipetis.
3181 4161 3310 4216 item
3340 4177 3438 4232 per
3463 4164 3781 4232 prophetam

2197 4178 2299 4212 tam
2329 4178 2559 4213 tumeant
2588 4178 2853 4227 nunquam
2876 4178 3152 4229 rumpens.
3181 4178 3310 4216 Item
3340 4178 3438 4232 per
3499 4178 3780 4232 ropnetatn

2197 4228 2455 4303 Dominus
2484 4228 2630 4295 dicit,
2667 4228 2790 4283 Non
2817 4239 2890 4284 est
2918 4229 3270 4303 Deus_absque
3297 4250 3376 4286 me
3402 4249 3421 4286 :
3448 4178 3585 4287 Beas
3601 4234 3780 4303 justus

2195 4310 2242 4354 et
2265 4301 2695 4374 saluangngnest
2719 4310 2999 4374 prieternte
3028 4300 3329 4374 (Iani-xcv,
3359 4303 3512 4374 2|).g7
3592 4300 3615 4374 θ’
3659 4373 3670 4374 7
3777 4335 3783 4347 ν

2264 4370 2489 4425 CAPUT
2530 4371 2640 4425 VII.
2684 4399 2756 4410 -—-
2803 4371 2856 4427 9.
2898 4370 3083 4425 Contra
3131 4370 3433 4428 Sabellium.
3456 4372 3555 4429 Hie
3582 4373 3780 4429 Sabel-

2194 4440 2376 4514 lianns
2393 4443 2651 4514 exsultat.
2687 4440 2756 4496 Ut
2798 4442 2939 4514 enim
2980 4458 3144 4497 unum
3175 4445 3525 4514 eumdentqne
3563 4445 3782 4502 Patrem

2193 4512 2437 4566 ostendat
2475 4521 2530 4567 et
2556 4512 2772 4576 Filium,
2802 4512 2993 4566 talibus
3022 4529 3080 4567 se
3124 4512 3635 4570 testimoniis—credit
3662 4532 3782 4571 mu-

2192 4583 2315 4636 niri.
2345 4584 2542 4637 Contra
2569 4584 2748 4637 Ariani
2775 4624 2789 4648 ,
2822 4594 2884 4636 ut
2927 4583 3151 4651 probent
3193 4586 3351 4639 alium
3379 4600 3499 4641 esse
3526 4587 3741 4641 Patrem
3762 4626 3781 4652 ,

2191 4654 2351 4724 alium
2380 4652 2602 4717 Filium,
2645 4654 2744 4707 alia
2777 4653 3048 4724 proferunt
3092 4655 3391 4711 testimonia
3417 4698 3431 4719 ,
3460 4666 3515 4711 et
3557 4659 3779 4724 dicunt,

2191 4722 2255 4797 In,
2281 4733 2483 4797 tantum
2509 4724 2645 4779 alius
2674 4733 2755 4797 est
2777 4722 2957 4797 Pater,
2976 4725 3112 4797 alius
3135 4725 3325 4797 Filius,
3349 4737 3402 4781 et
3428 4728 3567 4782 alius
3588 4722 3780 4797 major,

2191 4794 2323 4848 alius
2372 4795 2575 4857 minor;
2625 4804 2681 4847 ut
2710 4794 2868 4848 Pater
2911 4795 3050 4849 dicat
3080 4796 3245 4862 Filio,
3296 4796 3429 4851 Dedi
3468 4808 3513 4851 te
3540 4800 3591 4852 in
3620 4794 3781 4853 lucem

2188 4868 2411 4936 gentium
2460 4864 2479 4936 (
2508 4862 2591 4927 Id.
2625 4880 2780 4936 thix‘,
2906 4883 2920 4930 ;
2958 4875 3011 4918 et
3046 4866 3213 4921 Filius
3239 4867 3414 4931 dicat,
3447 4868 3604 4922 Pater
3649 4870 3782 4923 misit

2188 4932 2266 5010 ine
2294 4935 2311 5004 (
2335 4932 2490 4988 Joan‘.
2520 4949 2636 5010 vIu,
2664 4935 2730 4989 19
2757 4932 2798 5005 ).
2826 4932 3091 5002 Quantum
3117 4938 3373 5010 intelligo,
3392 4939 3486 5010 iux
3520 4941 3623 4993 ista
3654 4955 3781 5010 gen-

2191 5006 2321 5058 tium
2354 5014 2460 5077 tam
2490 5005 2631 5077 clara
2658 5012 2742 5058 est
2768 5015 2927 5072 atque
2956 5008 3259 5077 perspicua,
3291 5005 3348 5063 ut
3390 5008 3632 5064 hmretici
3658 5005 3782 5065 cam

2189 5076 2642 5148 comprehendere
2670 5090 2773 5129 non
2800 5077 3038 5131 valentes
3078 5076 3238 5147 atque
3262 5080 3572 5148 perspicere
3597 5122 3612 5145 ,
3640 5080 3782 5136 unde

2186 5148 2369 5220 caecati
2399 5190 2413 5213 ,
2467 5146 2670 5220 nonin
2712 5162 2833 5220 eam
2846 5152 3064 5220 possint
3104 5146 3417 5216 ambulare,
3470 5150 3566 5205 sed
3606 5152 3784 5220 potius

2187 5218 2459 5289 oberrare.
2512 5217 2741 5289 Arianus
2788 5217 2959 5284 aliud,
3008 5218 3343 5273 Sabellianus
3398 5221 3567 5277 aliud.
3607 5217 3783 5289 Quale

2186 5288 2379 5343 bellum
2402 5289 2426 5342 ?
2456 5287 2594 5355 Quid
2617 5287 2683 5342 ad
2715 5287 2829 5341 hate
2855 5289 3195 5362 Catholicus?
3222 5294 3407 5354 Arma,
3444 5287 3784 5362 inquit,'qu:e

2189 5368 2440 5429 portant,
2472 5374 2587 5413 mea
2627 5367 2751 5413 sunt
2781 5377 2794 5413 :
2829 5358 2958 5413 mihi
3005 5361 3265 5427 militant;
3295 5362 3455 5415 ambo
3500 5358 3697 5416 contra
3726 5378 3784 5417 se

2189 5439 2443 5499 pugnant,
2474 5430 2567 5483 sed
2589 5444 2687 5500 pro
2712 5445 2797 5483 me
2831 5446 2843 5484 :
2871 5430 3070 5485 utinam
3104 5434 3261 5487 ambo
3283 5432 3533 5487 deﬁciant
3556 5476 3568 5496 ,
3599 5445 3653 5488 ct
3674 5450 3781 5487 non

2185 5502 2319 5555 alter
2348 5501 2413 5555 ad
2444 5502 2668 5555 alterum
2714 5509 2987 5567 transeat,
3018 5502 3109 5557 sed
3160 5504 3225 5557 ad
3254 5504 3369 5557 me!
3402 5503 3680 5559 Proferam
3729 5513 3784 5558 et

2185 5588 2284 5640 ego
2309 5571 2505 5641 aliquid
2527 5612 2543 5637 ,
2571 5570 2711 5625 unde
2740 5572 2951 5639 utrique
2984 5574 3366 5641 percutiantur.
3398 5574 3477 5628 Tu
3498 5617 3510 5639 ,
3538 5576 3742 5628 Ariane
3764 5616 3781 5637 ,

2184 5643 2315 5715 dieis
2344 5643 2598 5711 majorem
2625 5656 2743 5695 esse
2766 5642 2853 5715 qui
2880 5643 3059 5715 mittit,
3093 5644 3356 5699 minorem
3382 5647 3469 5715 qni
3498 5646 3730 5698 mittitur
3764 5663 3778 5697 :

2184 5714 2455 5781 interrogo
2488 5724 2536 5765 te
2561 5724 2614 5767 et
2636 5729 2760 5785 ego,
2793 5712 2921 5778 Quis
2954 5725 3034 5767 est
3057 5715 3247 5783 major,
3281 5716 3370 5785 qui
3400 5712 3683 5783 pra-cedit,
3710 5731 3781 5769 an

2183 5786 2270 5851 qui
2303 5784 2652 5851 prmeeditnr‘?
2683 5787 2808 5837 lteIn
2842 5785 2961 5852 quis
2990 5795 3071 5838 est
3102 5784 3403 5854 Inajor,’cui
3441 5797 3783 5854 pra'paratur

2184 5854 2383 5921 aliquid
2430 5855 2696 5917 venienti,
2728 5870 2791 5925 an
2848 5855 2935 5923 qui
2990 5865 3255 5925 prmparat
3296 5875 3310 5912 :
3355 5858 3443 5911 cui
3487 5858 3784 5911 exhibetur

2187 5926 2444 5994 ofﬁcium,
2480 5942 2545 5980 an
2580 5926 2668 5998 qui
2713 5924 2971 5981 exhibet?
3005 5924 3193 5999 Utique
3219 5928 3263 5985 si
3302 5927 3579 5985 hominum
3605 5941 3783 6001 genus
