4072 6428
228 411 370 472 1118

223 523 916 600 interroges,_respondebit
945 524 1097 600 illum
1121 540 1240 600 esse
1257 525 1538 600 majorem,
1561 521 1652 600 qui
1669 537 1804 594 prae-

223 594 456 668 ceditur,
483 594 576 652 cui"
616 594 958 668 priniparatur,
985 597 1072 651 vel
1107 595 1470 668 cuigoflicium
1497 594 1800 668 exhibetur.

221 667 305 725 Tu
350 667 474 724 inde
501 668 582 722 vis
618 665 848 736 probare
889 667 1150 722 minorem
1199 665 1394 722 Filium
1417 708 1432 733 ,
1459 667 1580 736 quia
1607 667 1803 721 missus

223 747 306 794 est
337 757 349 793 :
379 753 480 809 ego
526 737 752 793 ostendo
791 752 911 792 eum
951 739 1041 808 qui
1069 737 1252 803 misit,
1303 737 1606 806 praecedere
1653 737 1802 809 illum

221 825 378 880 quem
407 807 553 880 misit
569 825 584 880 ;
613 823 712 863 nec
740 807 1330 880 alterum’eorumdico
1355 809 1612 880 majorem
1641 807 1802 880 ,_qu_ia

223 877 327 952 non
360 879 531 952 audeo
543 879 730 952 dicere
755 879 1150 952 veiminorem.
1167 879 1341 952 Alsaias
1369 877 1628 952 prepheta
1649 877 1802 944 dicit,

229 949 352 1004 Haec
382 951 502 1003 dicit
533 950 777 1004 Dominus
798 949 995 1004 Christo
1015 966 1124 1004 meo
1155 949 1406 1016 Domino',
1439 951 1584 1018 cujus
1619 965 1804 1018 appre-

225 1021 391 1092 hendi,
411 1022 668 1092 desieram
691 1029 786 1092 ,ut
828 1021 1092 1089 subjiciam
1121 1031 1236 1074 ante
1259 1021 1440 1088 [aciem
1474 1021 1582 1092 ejus
1611 1029 1800 1090 gentes.

221 1087 358 1162 Ecce
375 1091 484 1162 jam
503 1091 636 1146 Filio
653 1091 814 1144 misso
827 1087 1008 1146 comes
1023 1099 1108 1147 est
1123 1087 1299 1146 Pater.
1323 1087 1511 1145 Adhuc
1529 1087 1756 1159 sequere
1784 1107 1798 1144 :

223 1160 288 1214 Et
311 1160 462 1216 dorsa
482 1178 658 1229 regum
693 1171 903 1232 vertam,
927 1171 970 1214 et
993 1163 1221 1230 aperiam
1254 1171 1371 1216 ante
1393 1163 1722 1232 eumjanuas,
1754 1167 1804 1216 et

221 1243 381 1302 portae
396 1249 496 1286 non
513 1233 812 1304 claudeniar
833 1231 984 1302 (Isai.
1007 1249 1128 1298 ην,
1151 1233 1226 1304 1).
1250 1233 1389 1288 Ecce
1420 1233 1508 1286 ille
1535 1235 1624 1301 qui
1645 1233 1803 1286 mise-

219 1313 341 1367 rat,
373 1317 674 1372 prmcursor
719 1303 888 1358 factus
915 1313 1013 1358 est.
1043 1303 1189 1372 Quis
1209 1304 1350 1358 enim
1389 1304 1566 1372 major
1586 1311 1676 1357 aut
1706 1317 1801 1356 su-

221 1375 400 1444 perior
427 1383 552 1430 ante
597 1374 857 1428 minorem
890 1373 1079 1444 januas
1102 1375 1306 1444 aperit?
1333 1374 1416 1428 vel
1451 1373 1718 1444 quomodo
1747 1373 1802 1444 id

217 1441 381 1500 faciat
420 1485 434 1510 ,
467 1443 598 1515 Auisi
647 1441 920 1513 paululum
966 1441 1178 1515 quoque
1223 1441 1615 1514 praecesserit?
1663 1443 1800 1515 Audi

215 1515 421 1578 adhuc,
457 1513 526 1568 Et
556 1525 746 1584 portre,
779 1515 948 1584 inquit
971 1513 995 1580 ,⁷
1013 1513 1114 1570 non
1139 1513 1455 1570 claudentur.
1481 1515 1758 1584 Quomodo
1777 1514 1802 1566 ἲ

219 1584 333 1656 Ego
359 1594 476 1639 ante
505 1595 552 1640 te
579 1585 660 1640 ibo
690 1589 708 1656 (
735 1584 898 1651 Ibid.,
929 1586 964 1640 2
989 1585 1033 1656 ).
1057 1585 1218 1641 Vides
1242 1586 1720 1656 quiaquimiserat,
1747 1591 1803 1640 et

213 1657 521 1722 comitatur,
558 1666 612 1711 et
647 1657 902 1726 praecedit
934 1673 946 1708 :
975 1657 1166 1720 mittit,
1197 1666 1250 1711 et
1287 1671 1392 1712 non
1419 1657 1661 1711 discedit.
1697 1656 1799 1726 Pa-

217 1741 342 1781 rum
371 1736 456 1781 est
485 1728 604 1797 quia
627 1725 731 1781 non
761 1726 1006 1792 discedit,
1038 1728 1257 1797 insuper
1284 1736 1337 1782 et
1379 1726 1649 1797 praecedit.
1680 1725 1799 1797 iam

213 1805 272 1868 tu
301 1795 546 1868 discerne
578 1799 668 1868 qui
693 1798 761 1851 sit
783 1797 974 1866 major,
1006 1799 1095 1868 qui
1123 1795 1300 1866 potior
1327 1815 1340 1850 :
1371 1795 1470 1868 ego
1509 1797 1652 1852 enim
1678 1795 1798 1850 nul-

214 1867 324 1921 lam
352 1867 723 1924 discretionem
753 1869 906 1923 video
923 1909 937 1934 ,
971 1868 1064 1923 sed
1087 1868 1263 1936 potius
1287 1867 1640 1938 {equalitatem
1665 1882 1797 1922 con-

212 1939 406 2009 §picio.
433 1938 595 2009 Filius
620 1939 830 1994 dicitde
850 1939 1025 2008 Patre,
1045 1939 1186 1993 Misit
1202 1956 1280 1992 me
1301 1937 1319 2009 (
1339 1937 1498 1994 Joan.
1533 1953 1644 2004 vm,
1671 1939 1736 2009 16
1757 1939 1796 2005 ).

215 2007 378 2080 Pater
417 2008 554 2080 Filio
579 2009 740 2077 dicit,
773 2009 884 2080 Ego
911 2017 1028 2064 ante
1068 2019 1114 2064 te
1139 2011 1239 2064 ibo.
1267 2007 1504 2065 R‘eccdat
1528 2009 1594 2064 de
1623 2008 1800 2062 medio

211 2076 550 2150 discordiosa
596 2076 870 2136 calamitas
902 2099 914 2134 :
942 2081 1219 2150 aequalitas
1261 2081 1362 2134 hoc
1385 2081 1634 2144 exhibet,
1691 2093 1800 2132 non

211 2147 591 2222 disparilitas;
583 2151 771 2206 Adhuc
795 2147 1023 2222 sequere
1039 2192 1054 2217 ,
1083 2159 1140 2204 ut
1169 2152 1364 2222 clarius
1402 2159 1655 2222 appareat
1679 2150 1797 2222 quis

205 2219 467 2292 cuidiciat
497 2241 509 2275 :
543 2220 656 2292 Ego
683 2231 798 2275 ante
828 2219 887 2275 te'
901 2223 981 2274 ibo
1001 2263 1016 2286 ,
1048 2227 1098 2273 et
1137 2221 1386 2292 gloriosos
1426 2231 1584 2292 terrae
1627 2219 1798 2272 humi-

205 2289 370 2360 liabo.
401 2290 496 2346 Hic
523 2289 639 2346 esto
671 2300 722 2344 et
763 2299 816 2344 tu
836 2333 850 2357 ,
896 2289 1306 2360 paganefAudi
1348 2290 1472 2358 quid
1503 2289 1646 2360 dicat
1671 2304 1796 2360 pros

205 2359 396 2429 pheta.
430 2360 546 2414 Non
593 2361 724 2415 mihi
754 2376 854 2430 ego
883 2359 1024 2430 quod
1058 2361 1200 2415 volui
1226 2361 1412 2430 scripsi
1444 2379 1456 2412 :
1485 2359 1652 2414 codex
1681 2401 1696 2424 ,
1743 2359 1799 2415 in

203 2445 322 2502 guo
347 2430 463 2502 haec
482 2430 680 2502 scripta
715 2431 979 2500 leguntur,
1005 2431 1056 2484 in
1093 2432 1324 2485 armario
1352 2430 1520 2486 Judzci
1549 2431 1796 2502 habetur.

204 2499 466 2571 inimicus
494 2499 646 2555 meus
667 2499 817 2556 testis
841 2510 924 2556 est
945 2516 1126 2566 meus;
1151 2502 1218 2557 ab
1243 2502 1360 2571 ipso
1383 2517 1599 2570 quaere:
1623 2501 1796 2571 aperi,

205 2569 351 2642 lege,
382 2579 436 2626 et
460 2571 640 2627 crede.
669 2572 836 2642 Darsa
861 2613 876 2636 ,
899 2571 1070 2642 inquit
1093 2613 1107 2635 ,
1129 2569 1304 2642 regum
1331 2569 1520 2626 vertam
1542 2615 1557 2636 ,
1601 2569 1797 2642 et’glo-

204 2641 376 2725 riosos
403 2651 552 2698 terra:
577 2641 1090 2725 humiliaboLNonue
1119 2641 1274 2713 reges
1307 2651 1466 2698 terra:
1490 2643 1638 2725 vides
1651 2641 1798 2725 ,iqui

203 2719 342 2783 ante
367 2712 825 2783 persequebantur
848 2711 1374 2777 Christianos,'nunc
1403 2729 1524 2769 esse
1552 2711 1800 2768 christia-

207 2782 566 2854 nos‘tiNonnc
615 2784 762 2839 vides
795 2799 889 2839 eos
929 2785 1018 2854 qui
1065 2783 1415 2838 humiliabant
1456 2784 1794 2850 Ecclesium,

203 2851 444 2924 humiles
463 2855 663 2924 intrare
679 2855 730 2908 in
751 2851 1075 2910 Ecclesium?
1105 2855 1454 2910 Noune'nunc
1478 2854 1626 2910 vides
1647 2855 1792 2924 ipsos

205 2921 414 2996 habere
441 2923 750 2979 defensores
773 2967 786 2990 ,
815 2941 948 2995 quos
974 2933 1096 2980 ante
1127 2925 1354 2982 habebat
1383 2921 1792 2996 persecutores?

211 2989 350 3066 1:390,
381 2994 584 3064 inquit,
630 3005 747 3049 ante
771 2989 816 3049 te
831 2989 924 3050 ibo
948 3037 960 3060 ,
991 3007 1038 3050 et
1061 2997 1307 3066 gloriosos
1328 2989 1474 3050 terra:
1498 2996 1794 3050 humiliabo.

207 3062 403 3138 {ortas
445 3062 601 3138 cereas
627 3075 882 3138 caruerunt
908 3108 938 3138 ,ί
973 3076 1020 3119 et
1059 3062 1216 3138 nectes
1242 3067 1430 3138 ferreos
1458 3068 1795 3138 confringant.

209 3131 280 3186 Et
305 3134 437 3188 dabo
483 3137 569 3189 tibi
599 3137 858 3191 thesauros
887 3131 1204 3191 absconditos
1223 3131 1312 3203 ,ἐι
1347 3131 1796 3192 ανεαηα’δεεέειοο

206 3219 347 3278 rum,
374 3215 428 3278 u_t
451 3207 581 3278 scias
602 3209 726 3278 quia
752 3223 842 3278 ego
868 3225 985 3278 sum
1005 3205 1161 3274 Deus,
1180 3209 1267 3276 qui
1287 3223 1406 3262 uoco
1433 3224 1612 3278 nomen
1632 3219 1795 3276 tuum,

210 3273 353 3349 Qeus
383 3273 797 3349 Israelj'lstti.’
818 3294 943 3342 xnv,
967 3277 1022 3344 2,
1048 3279 1082 3334 5
1111 3278 1152 3349 ).
1181 3273 1375 3334 Audiat
1428 3273 1796 3340 Sabellianus,

211 3344 358 3419 Deus
379 3346 526 3419 dicit,
555 3344 665 3402 Deo
685 3348 831 3419 dicit.
861 3351 1001 3418 Ergo
1025 3344 1132 3419 duo
1151 3359 1318 3419 sunt;
1348 3350 1437 3419 qui
1460 3350 1610 3414 dicit,
1637 3359 1690 3404 et
1711 3349 1798 3403 cui

205 3415 358 3470 dicit.
388 3417 582 3490 Audiat
615 3427 669 3490 et
695 3418 924 3490 Arianns
939 3415 968 3472 ἐ
997 3418 1108 3490 Ego
1137 3418 1278 3474 Deus
1305 3415 1320 3486 ,
1352 3415 1400 3473 et
1429 3437 1530 3474 non
1556 3429 1627 3474 est
1664 3419 1800 3490 alius

209 3497 358 3560 extra
387 3503 466 3542 me
492 3488 693 3560 (Ibid.,
728 3490 823 3558 5).
853 3489 950 3544 Diu
973 3488 1140 3545 estex
1166 3505 1272 3560 quo
1300 3499 1486 3560 contra
1515 3490 1644 3544 istas
1663 3489 1798 3546 duas

209 3555 446 3630 intereses
470 3555 723 3630 certando
744 3555 944 3623 laboro,
973 3569 1026 3613 et
1051 3555 1196 3629 pene
1207 3575 1326 3614 sum
1353 3559 1621 3630 fatigatus.
1643 3560 1796 3628 Veni,

209 3627 440 3700 Domine
466 3644 648 3696 meus,
691 3628 816 3685 Jesu
868 3627 1138 3700 proeliator
1185 3627 1508 3698 fortissime,
1551 3627 1799 3700 princeps

205 3698 482 3770 exercitus
513 3701 721 3756 Domini
750 3703 840 3770 qui
869 3698 1152 3756 diabolum
1195 3703 1366 3756 vicisti
1408 3713 1462 3756 et
1502 3698 1756 3756 sarculum
1780 3743 1796 3768 ,

209 3769 548 3844 Appreltende
573 3788 715 3824 arma
743 3769 1023 3844 discutiam
1041 3814 1056 3838 ,
1087 3781 1133 3827 et
1157 3789 1386 3844 exsurge
1407 3773 1462 3826 in
1485 3771 1801 3844 adjutorium

208 3839 339 3914 mihi
369 3839 388 3914 (
416 3840 560 3914 Paul.
589 3857 768 3914 xxxuv,
795 3843 830 3896 2
853 3843 897 3912 ).
926 3843 1279 3914 Processurus
1310 3839 1392 3899 'ad
1423 3839 1664 3912 praelium
1687 3884 1702 3908 ,
1745 3851 1800 3898 et

207 3913 459 3984 victurus,
493 3913 544 3966 in
576 3913 775 3967 mundo
804 3913 1060 3968 mundum
1087 3955 1102 3979 ,
1147 3917 1351 3978 oravit;
1391 3929 1498 3969 non
1549 3923 1800 3984 tanquam

209 3983 423 4054 virtutis
449 3983 716 4052 impotens
736 4025 750 4054 ,
785 3999 906 4038 cum
934 3993 1074 4040 esset
1099 3985 1466 4054 omnipotens;
1497 3984 1592 4039 sed
1623 3983 1681 4039 ut
1703 3999 1801 4040 uo-

209 4051 576 4124 bis_,propter
619 4053 758 4123 quod
784 4063 1002 4110 venerat
1026 4098 1040 4119 ,
1071 4051 1385 4110 humilitatis
1427 4055 1798 4124 magisterium

209 4121 511 4194 exhiberet.
543 4125 608 4178 Et
636 4121 760 4194 quid
790 4124 964 4178 dixit?
989 4125 1166 4192 Pater,
1195 4125 1420 4194 clariﬁca
1445 4123 1494 4180 F
1496 4121 1640 4180 ilium
1657 4135 1799 4180 tuum

211 4193 232 4264 (
261 4191 602 4265 Joan_xvu,t
631 4191 670 4265 )L
695 4195 846 4250 Modo
874 4196 1102 4250 Arianus
1123 4191 1436 4252 maledictus
1464 4197 1612 4264 dicit,
1637 4196 1799 4251 Vides

207 4263 338 4333 auia
355 4263 530 4319 minor
549 4263 652 4330 est,
676 4275 730 4320 et
753 4265 1048 4323 claritatem
1065 4282 1168 4321 non
1188 4266 1426 4330 haberet,
1451 4267 1554 4322 nisi
1584 4263 1798 4322 Patrem

207 4335 474 4406 petisset?
494 4335 774 4406 Exspecta,
799 4335 978 4402 homo,
999 4337 1123 4406 quid
1147 4335 1366 4392 festinas
1383 4337 1502 4394 ?Tu
1527 4337 1798 4393 hominem

207 4405 382 4478 vides,
417 4406 470 4461 in
495 4405 797 4478 qua‘l‘orma
823 4423 926 4461 non
945 4405 1131 4478 solum
1159 4407 1350 4474 Patre,
1383 4409 1478 4464 sed
1505 4419 1559 4464 et
1593 4409 1799 4478 angelis

205 4475 528 4548 minoruest’
555 4475 575 4548 (
607 4475 898 4548 Psal.rvtu,
925 4477 998 4544 6)
1032 4497 1043 4531 :
1075 4479 1234 4532 homo
1259 4488 1447 4548 paret,
1482 4479 1622 4533 Deus
1648 4475 1808 4533 latet-

205 4543 295 4602 Tu
345 4545 475 4601 mihi
501 4543 736 4603 ostendis
761 4543 1032 4604 hominem
1060 4543 1310 4604 humilem
1343 4566 1356 4602 :
1386 4550 1532 4617 aperi
1572 4549 1757 4604 oculos
1777 4591 1794 4616 ,

201 4627 266 4690 et
293 4617 416 4690 vide
445 4617 612 4673 Deum
651 4618 965 4690 sublimem.
999 4635 1106 4673 non
1143 4619 1347 4690 angelis
1373 4621 1635 4674 minorem
1655 4661 1670 4683 ,
1703 4621 1798 4676 sed

208 4685 360 4743 Patri
393 4691 676 4758 atqualem.
700 4688 884 4760 Pater,
913 4690 1102 4760 inquit,
1135 4685 1326 4760 Filium
1357 4699 1496 4744 tuum
1525 4691 1752 4758 clari/ica
1775 4707 1794 4744 .'

203 4773 340 4830 ecce
369 4757 653 4830 minorem.
680 4759 870 4815 Adhuc
893 4757 1118 4830 sequere
1137 4801 1152 4824 ,
1189 4757 1256 4815 Ut
1281 4769 1327 4815 et
1357 4761 1518 4815 Filius
1549 4757 1662 4814 tuus
1687 4763 1798 4814 cta-

206 4829 378 4902 rjﬁcet
405 4838 454 4882 te
480 4828 500 4899 (
523 4829 681 4884 Joan.
711 4843 848 4896 xvu,
868 4831 904 4902 il
931 4828 994 4902 )E
1028 4845 1152 4886 ecce
1181 4831 1460 4901 aequalem.
1495 4831 1798 4886 Invenimus

211 4899 410 4956 Filium
452 4910 828 4968 agnoscentem
865 4899 1075 4956 Patrem
1095 4943 1112 4968 ,
1155 4899 1312 4971 atque
1339 4911 1578 4958 orantem
1599 4943 1614 4964 ,
1641 4903 1799 4972 eique

207 4973 590 5043 conjunctuni,
632 4987 740 5043 non
776 4979 833 5024 ut
869 4972 1154 5043 putabatur
1195 4974 1480 5043 ingratum.
1513 4973 1797 5043 Videamus

207 5039 338 5110 quid
367 5040 436 5097 de
467 5039 601 5096 Filio
626 5039 766 5112 dicat
793 5050 848 5095 et
874 5039 1049 5096 Pater.
1082 5039 1368 5112 Assum'psit
1392 5043 1543 5098 Jesus
1588 5042 1799 5098 Petrum

207 5109 260 5166 et
289 5111 538 5166 Iacobum
567 5121 614 5166 et
641 5109 891 5166 Joannem
919 5113 1127 5182 fratrem
1156 5109 1310 5236 ejus—3
1333 5114 1598 5183 Evangelii
1637 5115 1798 5168 verba

208 5183 388 5236 sunt).
412 5192 457 5235 et
484 5181 624 5236 duxit
668 5182 784 5236 illos
829 5183 882 5236 in
911 5191 1130 5236 montem
1173 5199 1424 5236 excesum
1450 5200 1710 5236 seorsum.
1750 5193 1798 5236 et

208 5183 388 5254 sunt),
412 5192 457 5235 et
484 5181 644 5254 duxit
668 5182 784 5237 illos
829 5183 882 5236 in
911 5181 1130 5254 montem
1173 5181 1424 5238 excelsum
1450 5181 1673 5238 seorsum
1695 5225 1710 5250 ,
1750 5193 1800 5238 et

209 5247 718 5327 transﬁguratusjest
745 5263 862 5308 ante
902 5269 1006 5307 eos.
1035 5251 1102 5327 Et
1145 5254 1458 5320 resplenduit
1493 5256 1648 5327 facies
1689 5247 1798 5324 ejus

213 5325 348 5378 sicut
371 5325 448 5395 sol
473 5365 488 5389 ,
517 5325 806 5380 uestimenta
853 5335 1016 5395 autem
1037 5324 1158 5395 eius
1200 5328 1334 5395 facta
1373 5324 1502 5379 sunt
1529 5325 1645 5380 alba
1669 5327 1798 5379 sicut

217 5396 330 5448 nix.
365 5394 429 5448 Et
453 5411 563 5466 ecce
606 5396 842 5466 apparuit
867 5395 969 5449 illis
996 5393 1208 5466 Moyses
1229 5406 1274 5449 et
1301 5395 1444 5449 Elius
1481 5413 1594 5450 cina
1618 5412 1674 5450 eo
1719 5397 1796 5450 lo-

217 5415 330 5448 mx.
365 5415 429 5448 ιιι
453 5415 563 5448 εσσε
606 5415 636 5448 ιι
675 5415 842 5466 paruit
867 5415 969 5449 ιιιιδ
996 5415 1200 5464 moyses
1229 5415 1274 5449 ει
1301 5415 1444 5449 ιιιιακ
1481 5415 1594 5450 cum
1618 5415 1674 5450 eo
1719 5415 1796 5450 ιο-

216 5475 427 5538 quentes
453 5467 468 5534 (
492 5415 678 5519 Matth).
706 5483 842 5532 xvu,
877 5467 970 5520 1-5
1002 5466 1041 5537 ).
1071 5465 1280 5538 Moyses
1307 5475 1361 5522 et
1390 5467 1532 5538 Elias
1560 5509 1574 5534 ,
1609 5467 1716 5522 Lex
1746 5475 1799 5538 et

210 5533 504 5608 Pmphetu:
534 5537 920 5608 ;loquebautur
944 5533 1064 5592 cum
1086 5533 1194 5608 illo,
1219 5539 1340 5608 quia
1371 5537 1528 5592 locuti
1560 5533 1712 5592 erant
1732 5536 1800 5592 de

213 5607 349 5673 illo;
379 5607 732 5678 ostendebant
757 5623 925 5678 quem,
963 5607 1358 5678 praedixerant,
1391 5608 1800 5664 manifestahaut

219 5689 382 5748 quem
417 5677 886 5748 prophetaverant.
913 5677 1285 5748 Loqucbantur
1319 5699 1332 5734 :
1373 5689 1544 5746 putas,
1573 5679 1694 5748 quid
1725 5681 1800 5734 lo-

221 5747 562 5818 quebantur?
587 5749 656 5820 Ut
676 5749 848 5820 Judaei
879 5747 1340 5820 convincerentur,
1366 5751 1554 5820 Pagani
1579 5747 1799 5804 conver—

223 5817 486 5885 terentur,
501 5818 773 5893 Blanichmi
793 5817 1270 5893 rcoufundereutur,
1295 5817 1538 5876 limi-elici
1566 5823 1799 5893 compri-

221 5901 518 5960 merentur,
548 5889 804 5950 Catholici
846 5890 1306 5954 conﬁrmarentur.
1335 5889 1796 5966 Loquebatttnlcs
1845 5959 1850 5962 _

1078 405 1486 466 TRKCTATUS
1523 401 1888 466 ADVERSUS
1923 403 2228 478 QUINQUE
2267 405 2620 466 HIERESES.

3365 415 3505 476 ιιιι

1915 530 1969 578 et
1989 525 2178 594 gratia,
2206 524 2466 600 asperitas
2491 523 2760 600 et_lenita§
2784 565 2800 592 ,
2829 531 3004 581 terror
3025 535 3082 584 et
3107 531 3466 590 mansuetudo
3483 571 3501 600 ,

1911 593 2236 672 praeceptum
2263 593 2314 649 et
2339 593 2660 672 adjutorium
2679 637 2711 672 ,Α
2727 595 3108 672 ferramentum
3133 609 3192 655 et
3221 593 3499 672 medicus,

1911 665 2098 736 umbra
2120 674 2174 720 et
2203 666 2313 736 lux,
2345 679 2521 734 prteoo
2544 675 2599 720 et
2617 665 2806 736 judex,
2835 670 3100 724 sententia
3123 679 3178 725 et
3198 665 3504 729 misericor;

1912 735 2036 807 dias
2052 735 2120 790 Et
2151 735 2290 807 quid,
2303 745 2424 804 post
2450 737 2562 792 lucc
2580 737 2604 791 ?
2623 737 2956 807 Respondeas
2981 750 3145 794 autem
3167 739 3356 796 Petrus
3375 743 3505 800 dixit

1910 806 1978 860 ad
2006 806 2230 878 Jesumr:
2255 806 2474 878 Domine
2496 849 2509 872 ,
2549 806 2736 862 bonum
2771 817 2844 862 est
2871 809 3014 864 nobis
3039 812 3120 865 hic
3151 829 3259 866 esse
3277 828 3300 878 ,'
3347 815 3394 868 si
3429 815 3505 870 eis

1911 878 2158 952 faciamus
2180 877 2261 930 hic
2282 878 2380 952 tria
2406 877 2752 952 tabernacula,
2781 879 3056 952 tibiiunum
3075 923 3090 947 ,
3119 881 3294 952 Moysi
3321 901 3498 952 unum,

1911 946 1959 1018 et
1971 946 2100 1001 Elia:
2116 964 2272 1002 unum
2283 949 2300 1018 (
2311 947 2478 1002 Matth
2492 987 2504 1002 .
2523 963 2688 1018 xxvu,
2703 949 2782 1018 4).
2796 949 2932 1017 Quid
2944 946 3098 1018 dicis,
3117 946 3299 1008 sancte
3309 946 3501 1011 Petrei

1911 1017 2138 1097 Mundus
2165 1019 2391 1097 parturit
2417 1021 2458 1084 ⁸,
2499 1027 2560 1097 _et
2589 1027 2645 1074 tu
2672 1017 2948 1097 secretum
2979 1017 3157 1092 petis?
3179 1023 3341 1097 Vides
3369 1041 3498 1097 ergo

1909 1096 1987 1165 tot
2005 1099 2196 1165 gentes
2228 1091 2279 1143 in
2303 1105 2465 1165 unum
2498 1092 2520 1122 ⁸
2549 1091 2886 1165 convenisse,
2917 1099 2972 1165 et
2987 1091 3052 1148 tu
3079 1095 3318 1165 requiem
3348 1091 3499 1164 qua:-

1909 1159 1984 1213 ris
2004 1159 2028 1212 'l
2053 1159 2214 1214 Vides
2245 1161 2494 1216 tenebras
2523 1159 2708 1215 mundi
2733 1201 2748 1224 ,
2778 1171 2832 1216 et
2858 1171 2912 1216 tu
2939 1163 3118 1219 lumen
3157 1159 3452 1222 abscondis
3475 1169 3500 1220 ‘t

1911 1227 2078 1283 Nemo
2120 1230 2345 1303 accendit
2372 1232 2660 1303 lucernam,
2701 1241 2750 1286 et
2781 1234 2924 1300 ponit
2948 1251 3060 1288 eam
3083 1235 3176 1288 sub
3197 1237 3385 1303 modio,
3411 1237 3498 1292 sed

1909 1317 2062 1375 super
2085 1301 2472 1375 candelabrum,
2493 1309 2548 1354 ut
2568 1302 2734 1356 luceat
2753 1304 2986 1358 omnibus
3009 1306 3096 1375 qui
3121 1307 3178 1360 in
3203 1307 3353 1360 domo
3370 1301 3496 1362 sunt

1907 1369 2012 1439 (Id.
2056 1387 2105 1426 v.
2159 1373 2267 1432 l5).
2303 1370 2406 1426 ista
2441 1371 2631 1426 domus
2682 1381 2821 1428 totus
2848 1384 2930 1430 est
2958 1369 3186 1431 mundus
3217 1394 3232 1430 :
3263 1378 3498 1434 lucerna:

1908 1441 2174 1517 accensio,
2205 1441 2364 1517 Verbi
2409 1451 2493 1497 est
2517 1442 2852 1517 incarnatio»:
2884 1445 3260 1502 candelabrum
3293 1457 3492 1517 autem,

1907 1512 2078 1584 erucis
2122 1520 2208 1584 est
2261 1512 2458 1580 lignum
2496 1529 2508 1564 :
2544 1513 2766 1584 iuccrua
2811 1515 2864 1570 in
2913 1512 3491 1584 candelabro'lucens,

1906 1579 2148 1656 Christus
2177 1583 2227 1636 in
2245 1597 2402 1656 cruce
2422 1581 2678 1656 pendens.
2711 1583 2874 1638 Nemo
2903 1587 3132 1640 accendit
3149 1587 3424 1656 lucernam,
3449 1579 3496 1644 et

1909 1654 2061 1724 ponit,
2077 1669 2188 1706 eam
2211 1651 2303 1706 sub
2329 1653 2520 1724 modio,
2547 1653 2634 1707 sed
2653 1669 2806 1724 super
2831 1657 3210 1724 candelabrum,
3247 1669 3302 1712 ut
3329 1651 3496 1714 luceat

1908 1723 2138 1776 omnibus
2160 1724 2318 1790 quiin
2345 1723 2493 1777 domo
2522 1732 2658 1777 sunt.
2682 1723 2870 1780 Vidisti
2893 1733 2968 1790 tu,
2996 1723 3272 1782 videamus
3297 1738 3354 1784 et
3371 1745 3490 1788 nos.

1907 1793 2167 1866 Tenebrae
2197 1801 2338 1866 sunt,
2361 1793 2831 1866 inopioﬂ'endamus
2861 1796 2915 1850 in
2941 1797 3186 1866 Paganis,
3217 1815 3324 1854 non
3344 1814 3493 1854 erre-

1906 1878 2025 1916 mus
2055 1864 2108 1916 in
2136 1863 2438 1920 haereticis:
2485 1864 2660 1919 luceat
2705 1867 2858 1921 nobis
2907 1863 3146 1933 lucerna,
3179 1869 3369 1924 doceat
3395 1883 3494 1924 nos

1907 1934 2140 2010 Verbum
2171 1935 2224 1988 in
2246 1949 2435 2010 carne.
2471 1935 2758 1990 Videamus
2799 1937 2924 2010 quid
2965 1937 3093 2010 dicit
3115 1940 3450 2010 Evangelista
3473 1979 3490 2006 ,

1905 2003 2186 2075 videamus
2215 2003 2258 2075 si
2287 2005 2578 2058 admissum
2614 2016 2697 2059 est
2732 2003 3012 2060 consilium
3053 2007 3196 2064 Petri
3229 2003 3490 2075 :Zdhuc,

1906 2073 2110 2143 inquit,
2138 2090 2196 2126 eo
2235 2074 2493 2140 loquente,
2527 2091 2638 2127 ecce
2663 2075 2816 2129 nubes
2845 2077 3014 2130 lucida
3049 2079 3358 2132 obumbravit
3385 2073 3488 2135 eos.

1907 2143 1975 2216 Et
2002 2160 2112 2198 ecce
2141 2159 2238 2197 uox
2265 2144 2330 2198 de
2351 2144 2479 2197 nube
2505 2143 2675 2216 dicens
2702 2144 2722 2216 (
2747 2144 2835 2198 Id.
2853 2161 2966 2202 xvu
2983 2187 2996 2208 ,
3029 2148 3063 2202 5
3097 2151 3136 2216 ).
3165 2149 3363 2204 Omnes
3390 2165 3491 2204 au-

1905 2215 1990 2268 dia
1993 2227 2133 2289 mus,
2157 2229 2317 2289 nemo
2333 2229 2489 2269 aures
2507 2215 2736 2270 claudat.
2753 2216 2984 2289 Audiant
3003 2215 3198 2289 Pagani
3223 2217 3488 2289 irrisores,

1905 2284 2125 2340 audiant
2149 2283 2318 2338 Judazi
2351 2295 2738 2358 persecutores,
2770 2286 2986 2358 audiant
3017 2283 3291 2344 Miiiiichati
3316 2283 3486 2358 phanJ

1905 2364 2192 2410 tasmatum
2223 2357 2596 2423 somniatores,
2629 2356 2844 2412 audiant
2875 2357 3110 2414 hatretici
3137 2356 3350 2414 erronei
3381 2361 3490 2414 litio

1941 2434 2152 2497 atores;
2181 2425 2415 2492 audiant,
2445 2437 2500 2480 et
2521 2427 2754 2482 maxime
2782 2427 3000 2484 audiant
3023 2429 3182 2484 etiam
3207 2428 3488 2497 Catholici,

1941 2442 2152 2489 atores;
2181 2442 2415 2492 audiant,
2445 2442 2500 2480 et
2521 2443 2754 2482 maxime
2782 2442 3000 2484 audiant
3023 2442 3182 2484 euam
3207 2442 3488 2497 uatuouct,

1904 2442 2094 2551 ﬁdeles
2122 2497 2214 2551 Dei
2235 2497 2488 2551 cultores.
2515 2497 2606 2552 lsti
2636 2497 2852 2554 audiant
2871 2509 2928 2554 ut
2953 2501 3302 2568 instruantur,
3331 2501 3406 2555 illi
3431 2511 3490 2555 ut

1905 2567 2241 2639 corrigantur
2273 2585 2286 2639 :_
2317 2575 2408 2639 aut
2447 2569 2540 2639 isti
2587 2569 2802 2624 audiant
2841 2585 2910 2624 ne
2955 2567 3296 2639 seducautur,
3325 2571 3400 2624 illi
3431 2581 3490 2625 ut

1905 2638 2214 2708 puniantur.
2262 2637 2398 2705 Quid
2428 2638 2556 2692 dicit
2583 2654 2683 2693 vox
2729 2639 2796 2694 de
2834 2641 3018 2696 nube?
3063 2641 3166 2696 Hic
3205 2637 3289 2696 est
3316 2640 3490 2696 Filius

1903 2725 2046 2785 meus
2069 2709 2374 2785 _dil_ectus_in
2403 2725 2502 2785 quo
2527 2709 2650 2785 mihi
2675 2709 2797 2785 bene
2818 2712 3099 2785 comptacui
3122 2711 3324 2785 (Ibid,
3343 2722 3389 2766 et
3408 2727 3486 2785 tu,

1907 2779 1976 2836 17
1997 2779 2038 2850 ).
2059 2778 2172 2850 libi
2219 2780 2348 2850 estis
2376 2781 2464 2848 qui
2495 2779 2848 2836 adversamini
2878 2778 3012 2838 Filio
3043 2778 3176 2838 Dei?
3221 2778 3378 2838 Pater
3403 2782 3488 2838 di-

1905 2851 1980 2904 cit
1997 2847 2016 2912 ’,
2047 2849 2149 2902 Hic
2175 2859 2246 2903 est
2293 2847 2460 2903 Filius
2485 2867 2622 2905 meus
2647 2867 2666 2904 :
2691 2861 2745 2906 et
2785 2861 2838 2906 tu
2867 2854 3002 2908 dicis
3024 2895 3038 2918 ,
3071 2852 3184 2908 Non
3216 2853 3374 2909 habet
3399 2853 3489 2908 Fi-

1907 2921 2038 2991 iium
2066 2921 2228 2974 Deus.
2258 2919 2339 2976 Tu
2367 2935 2589 2990 pagane,
2617 2921 2744 2991 quid
2769 2933 2880 2978 stas
2901 2922 3032 2978 foris
3059 2933 3111 2980 et
3141 2923 3488 2980 murmuras?

1903 2989 2048 3045 Intra
2075 2992 2176 3062 huc
2204 2991 2256 3044 in
2287 2989 2528 3046 scholam
2547 2989 2660 3055 Dei,
2682 2993 2832 3062 aperi
2854 3009 3012 3049 aures
3031 2995 3212 3050 cordis
3241 2997 3335 3062 tui,
3366 2995 3486 3048 audi

1905 3077 2093 3136 vocem
2117 3061 2353 3136 Domini,
2382 3070 2436 3136 et
2459 3063 2606 3136 disce
2635 3061 2833 3136 Filium
2859 3065 2972 3120 Dei.
3010 3066 3146 3133 Quid
3174 3061 3358 3136 agetis,
3391 3065 3488 3120 ιιι-

1907 3132 2040 3206 diri,
2073 3133 2160 3206 qui
2189 3133 2457 3206 occidistis
2487 3134 2678 3188 Filium
2709 3135 2841 3189 Dei?
2866 3137 2980 3202 Quo
3015 3132 3243 3206 fugietis,
3276 3137 3364 3191 ubi
3393 3151 3488 3190 vos

1906 3203 2284 3276 abscondens?
2310 3203 2410 3268 Qui
2435 3215 2666 3276 imoutes
2687 3245 2701 3269 ,
2734 3221 2852 3274 qum
2881 3215 3042 3275 petrae
3069 3203 3230 3276 super
3256 3223 3352 3262 vos
3399 3222 3491 3262 ca-

1905 3288 2047 3327 sura:
2093 3274 2258 3328 sunt?
2295 3276 2362 3328 Et
2401 3275 2444 3328 si
2473 3275 2526 3328 in
2555 3277 2780 3330 cavernis
2820 3274 3079 3344 petrarum
3108 3274 3192 3334 vos
3217 3278 3492 3332 absconde-

1905 3345 2035 3418 rifis,
2067 3343 2187 3418 inde
2212 3345 2476 3399 extraham
2513 3361 2598 3418 vos
2622 3386 2638 3412 ,
2666 3346 2788 3400 dicit
2808 3343 3060 3402 Dominus
3087 3347 3313 3418 (Jerem.
3346 3365 3489 3415 χιιι,

1905 3413 2053 3496 16)Γ
2083 3413 2191 3496 Sed
2230 3423 2284 3469 et
2317 3429 2412 3468 vos
2454 3417 2665 3496 venite,
2713 3419 2941 3496 intrate,
2987 3413 3266 3496 consilium
3311 3413 3490 3496 meum

1904 3483 2084 3559 audite
2104 3526 2118 3548 ,
2161 3485 2445 3559 desperare
2478 3483 2650 3559 nolite
2681 3503 2692 3540 :
2721 3483 2958 3559 quoniam
2989 3497 3105 3542 sunt
3144 3489 3366 3559 reliquiae
3395 3489 3493 3542 ho—

1904 3555 2031 3608 mini
2067 3553 2280 3626 paciﬁca
2315 3553 2510 3626 (Psal.
2539 3553 2814 3626 xxxvt,'57
2837 3556 2879 3626 ).
2911 3557 3168 3624 Sicvistis,
3198 3553 3490 3624 occidiStis,

1906 3625 2218 3698 sanguinem
2254 3625 2454 3698 ‘Cliristi
2491 3625 2699 3698 fudistis
2727 3669 2742 3692 ,
2776 3625 2843 3681 in
2877 3627 3114 3698 periculo
3156 3631 3285 3684 estis
3308 3671 3325 3698 ,
3357 3629 3494 3684 Filio

1907 3695 2288 3752 Deiiucreduli
2317 3696 2508 3751 fuistis.
2539 3697 2682 3761 Quid
2723 3713 2850 3766 ergo
2877 3695 3053 3754 Iacere
3079 3715 3220 3756 nunc
3246 3695 3456 3756 habetis
3475 3742 3492 3764 .

1908 3767 2012 3822 nisi
2051 3767 2454 3840 ut_ct_'edentes_
2477 3767 2813 3836 baptizemini
2834 3809 2852 3840 ν,
2881 3779 2935 3824 et
2963 3769 3154 3824 bibatis
3180 3771 3492 3840 sanguinem

1906 3852 2089 3908 quem,
2119 3837 2363 3892 fudistis?
2411 3837 2526 3892 Non
2579 3847 2663 3892 est
2705 3839 2844 3908 quod
2889 3839 3197 3895 horrentis:
3239 3837 3387 3896 fusus
3411 3852 3494 3896 est

1907 3907 2132 3982 sanguis
2153 3908 2366 3982 medici,
2395 3909 2641 3982 etlaclus
2667 3907 2749 3964 est
2779 3910 3224 3966 medicamentum
3261 3911 3494 3982 phrene-

1907 3977 2442 4052 tici.Quid_d_ubitatis
2456 3979 2478 4032 ?
2492 3977 2717 4052 Gustata,
2729 3989 2783 4052 et
2801 3981 2976 4047 videte,
2992 3983 3228 4052 quoniam
3244 3977 3412 4037 suavis
3425 3991 3497 4036 est

1907 4046 2342 4124 Dominus(Psal.
2365 4065 2549 4124 xxxiii,
2562 4047 2642 4124 _9)_.
2661 4046 2892 4124 Quid,tu
2913 4046 3225 4124 manichice,
3243 4053 3496 4124 quamdiu

1909 4120 2276 4192 phaniasrnata
2317 4120 2642 4192 somniahis?
2669 4121 2866 4192 Engila
2887 4163 2900 4185 ,
2933 4131 2989 4176 et
3015 4123 3167 4188 vide;
3209 4120 3386 4180 nubila
3417 4133 3498 4178 to-

1907 4189 2091 4266 nanti.
2111 4189 2244 4257 Quid
2265 4191 2485 4266 tehan
2508 4189 2606 4266 _Hic
2621 4201 2692 4246 est
2711 4189 2878 4266 Filius
2893 4209 3030 4266 meus
3047 4193 3259 4250 dilectus
3281 4194 3493 4266 (Matth.

1907 4261 2111 4332 {11.17;
2142 4277 2272 4332 xvn,
2305 4261 2396 4332 5).
2425 4260 2557 4316 Vide
2589 4262 2638 4315 in
2672 4271 2812 4316 terra
2843 4263 3111 4318 hominem
3139 4260 3343 4330 verum,
3372 4265 3496 4320 audi

1907 4330 1974 4386 de
1994 4332 2137 4402 caelo
2175 4330 2550 4386 Deum'verum
2597 4351 2623 4400 ε,
2644 4332 2762 4388 vide
2792 4334 2844 4387 in
2875 4344 3014 4388 terra
3041 4335 3270 4389 hominis
3298 4335 3460 4390 lilium
3479 4376 3495 4402 ,

1906 4399 2032 4456 audi
2056 4401 2125 4458 de
2151 4402 2286 4476 cutio
2313 4403 2408 4457 Dei
2436 4417 2554 4476 esse
2593 4399 2807 4476 Filium.
2837 4403 3132 4476 Utrumque
3161 4421 3346 4460 verum
3375 4399 3498 4462 esse

1906 4485 2168 4541 cognosce
2188 4514 2202 4538 ,
2232 4471 2282 4526 id
2312 4483 2430 4538 est,
2463 4473 2627 4528 Deum
2657 4483 2709 4528 et
2737 4475 3002 4530 hominem
3025 4471 3264 4541 [Filium
3310 4477 3404 4532 Dei
3443 4485 3499 4532 et

1907 4540 2072 4597 ﬁlium
2100 4543 2331 4616 hominis
2352 4559 2516 4616 unum
2539 4545 2890 4616 eamdemque
2917 4540 3035 4602 esse
3061 4547 3228 4602 Deum
3253 4557 3306 4602 et
3327 4548 3500 4602 homi-

1907 4613 2328 4686 ngmsAguosce
2355 4613 2625 4668 hominem
2647 4657 2661 4680 ,
2692 4623 2746 4686 et
2774 4613 3004 4686 placabis
3037 4618 3222 4672 Deum.
3260 4617 3400 4672 Cave
3432 4633 3500 4672 ne

1907 4681 2148 4758 offendas
2186 4683 2238 4737 in
2285 4691 2452 4758 petra,
2489 4694 2542 4739 et
2567 4681 2785 4758 mortis
2825 4687 3040 4758 patiaris
3082 4688 3330 4742 ruinam:
3374 4687 3497 4758 quia

1906 4753 2046 4823 quod
2082 4762 2135 4808 tu
2163 4753 2396 4826 somnias
2417 4796 2432 4820 ,
2461 4756 2664 4826 vanitas
2695 4766 2774 4810 cst
2797 4753 2982 4826 {quod
3025 4759 3164 4814 Dens
3193 4753 3497 4826 tonat,'vc-

1907 4827 2037 4878 ritas
2066 4835 2166 4880 est.
2200 4825 2356 4895 Audi,
2391 4835 2444 4879 tu
2472 4825 2802 4893 Sabelliane,
2837 4825 2958 4881 audi
2988 4829 3054 4884 de
3080 4829 3216 4883 caelo
3241 4825 3450 4884 Patrem
3479 4869 3494 4895 ,

1907 4895 2028 4949 vide
2057 4895 2107 4948 iu
2138 4905 2277 4948 terra
2307 4894 2490 4950 Filium
2513 4939 2526 4958 ,
2561 4907 2613 4952 et
2659 4899 2762 4952 noli
2799 4897 2999 4962 dicere,
3040 4898 3181 4954 Idem
3214 4907 3298 4953 est
3335 4894 3500 4964 Pater

1907 4965 1996 5034 qui
2021 4965 2205 5019 Filius.
2235 4966 2402 5027 Audi,
2430 4977 2482 5021 et
2510 4977 2560 5021 tu
2595 4969 2814 5032 Ariane,
2844 4977 2896 5022 et
2927 4969 2976 5022 in
2999 4967 3157 5024 Patre
3187 4979 3242 5024 et
3284 4969 3334 5022 iu
3363 4969 3500 5024 Filio

1909 5035 2017 5089 noli
2037 5050 2235 5107 errare
2255 5079 2268 5100 ,
2300 5037 2394 5091 sed
2421 5053 2646 5107 sequere
2677 5040 2930 5092 unitatem
2957 5078 2971 5104 ,
2999 5049 3054 5094 et
3087 5039 3207 5096 vide
3249 5039 3500 5094 divinita-

1909 5115 2016 5159 tem
2035 5104 2074 5158 ⁵.
2096 5107 2336 5173 Domine,
2366 5104 2640 5163 audiamus
2665 5108 2790 5176 quid
2819 5108 2951 5163 dicis
2977 5109 3042 5164 de
3071 5109 3207 5165 Filio
3239 5120 3328 5165 tuo
3353 5128 3365 5163 :
3403 5109 3502 5164 Hic

1907 5185 2001 5241 est,
2035 5177 2226 5246 inquit,
2257 5177 2425 5232 Filius
2456 5196 2610 5231 meus.
2647 5177 2776 5233 Vide
2805 5179 2858 5234 in
2885 5185 3024 5234 terra
3050 5181 3279 5235 hominis
3308 5179 3495 5246 lilium,

1907 5247 2031 5322 audi
2067 5247 2134 5322 de
2171 5249 2309 5302 caelo
2355 5249 2446 5322 Dei
2479 5263 2609 5322 _c§_se
2649 5247 2860 5322 Filiun'i.
2901 5249 3048 5304 Meus
3077 5252 3284 5306 dilectus
3307 5253 3358 5304 in
3402 5269 3500 5322 quo

1907 5318 2032 5393 mihi
2062 5319 2180 5393 bene
2208 5319 2507 5393 contplarui.
2533 5317 2598 5372 Et
2625 5319 2794 5393 quid?
2821 5319 2998 5391 Ipsum
3025 5323 3212 5376 audite.
3241 5322 3353 5378 Deo
3379 5317 3501 5393 gra-

1911 5389 2028 5442 tias.
2063 5389 2296 5444 lntouuit
2323 5398 2644 5458 praeceptum
2675 5389 2799 5458 Dei,
2827 5389 2881 5446 et
2916 5403 3176 5448 remotum
3213 5403 3293 5449 est
3321 5389 3498 5450 cousi-

1905 5457 2035 5514 lium
2085 5460 2248 5515 Petri.
2300 5457 2510 5514 Gratias
2551 5459 2665 5530 tibi,
2699 5461 2837 5519 Deus
2875 5461 3082 5533 Virtus;
3137 5465 3334 5537 gratias
3383 5463 3498 5533 tibi,

1971 5636 1988 5666 ί
2024 5641 2230 5698 Quatuor
2251 5641 2354 5684 Mss.
2365 5669 2380 5698 ,
2402 5635 2543 5698 perit.

1969 5699 1990 5728 ³
2023 5695 2218 5754 Quidam
2239 5705 2342 5756 Ms.,
2365 5695 2418 5748 in
2435 5697 2633 5748 malum.

1975 5759 1995 5789 ³
2028 5756 2194 5807 Plures
2211 5765 2338 5818 Mss,
2363 5757 2597 5810 nubecula
2617 5765 2763 5811 tonat.

1913 5819 2228 5932 Dgnqgidau;
2255 5827 2367 5883 ais,
2393 5819 2479 5874 sed
2508 5833 2674 5886 quone
2709 5833 2754 5876 et
2776 5823 2884 5876 vide
2908 5825 3218 5879 divinitatem.
3251 5833 3455 5891 sequere
3473 5866 3494 5898 ,

2085 5895 2130 5932 θ.
2150 5895 2178 5931 0
2234 5917 2243 5932 .

2085 5895 2130 5948 c,
2150 5895 2243 5932 etc.
