4126 6426
537 335 683 396 ηις

537 450 784 508 exstincta
810 445 952 514 quies
977 445 1104 501 lucis
1131 442 1311 501 incolis
1337 450 1620 514 pararetur.

606 516 833 578 CAPUT
860 517 976 574 Xll.
997 547 1069 559 —
1085 516 1244 573 Certe
1270 530 1399 586 ergo
1427 531 1459 587 a
1481 516 1629 572 nullo
1653 531 1884 587 unquam
1913 517 2124 573 concuti

533 594 622 649 vel
662 589 865 648 moveri
903 596 1191 659 potuerunt
1224 601 1389 657 regna
1422 586 1513 659 dei
1547 586 1844 644 Manichaei.
1884 588 1941 645 Si
1980 589 2124 644 enim

532 670 857 730 potuerunt,
889 658 1143 715 mentitus
1170 666 1252 713 est
1278 658 1523 725 dicendo,
1553 675 1659 713 non
1687 673 1846 728 posse
1870 675 2030 730 regna
2059 660 2125 714 il-

534 729 588 791 la
612 735 681 790 ab
709 733 886 803 aliquo
913 730 1258 803 concuti._Et_
1268 729 1313 783 si
1338 743 1605 803 concussa
1624 738 1749 785 sunt
1776 729 2120 795 necessitate,

533 812 628 860 aut
664 800 896 866 timore;
939 816 1050 857 non
1090 800 1193 856 erit.
1230 801 1391 866 Deus,
1431 802 1521 871 qui
1564 801 1642 856 sic
1680 803 1890 856 concuti
1929 803 2120 871 potuit.

533 876 667 931 Nam
696 874 936 929 videmus
957 873 1114 927 deum
1136 871 1411 926 Manichaei
1433 872 1723 927 secundum
1746 871 1992 927 eumdem
2014 872 2123 927 Ma-

533 947 795 1001 niehmum
839 945 982 998 malo
1025 943 1357 999 necessitatis
1398 957 1666 1013 pressum,
1711 959 1833 998 cum
1876 943 2022 997 labes
2057 958 2123 1000 ac

453 1055 456 1058 .
531 1017 753 1071 vastitas
790 1015 1044 1070 adversus
1083 1014 1275 1068 saecula
1315 1013 1430 1083 ejus
1468 1014 2121 1084 impenderet,raliudque

571 1087 674 1141 uod
715 1087 910 1141 faceret
948 1100 1056 1140 non
1096 1084 1338 1147 haberet,
1368 1083 1572 1154 partem
1610 1100 1760 1138 suam
1791 1083 1857 1138 ad
1888 1083 2119 1155 pugnam

571 1104 674 1141 “OG
715 1104 910 1141 Iaceret
948 1104 1056 1140 non
1097 1104 1338 1147 nuberet,
1368 1104 1572 1154 partem
1610 1104 1760 1138 suam
1791 1104 1857 1138 au
1888 1104 2117 1155 pugnam

443 1172 455 1223 ξ
532 1104 747 1213 dedisse
776 1166 834 1211 ut
862 1156 945 1211 vel
977 1156 1080 1211 hoc
1098 1156 1259 1209 modo
1279 1156 1509 1225 quietem
1531 1155 1664 1208 lucis
1688 1156 1875 1210 incolis
1895 1171 2117 1225 compa-

438 1245 449 1267 ί
530 1237 695 1284 raret.
727 1229 842 1297 Ipsa
864 1242 993 1282 vero
1020 1241 1143 1297 pars
1167 1226 1303 1296 ejus,
1326 1226 1427 1295 hoc
1446 1232 1529 1280 est
1547 1267 1561 1289 ,
1586 1225 1874 1297 deflumine
1895 1226 2074 1281 lumen
2098 1268 2113 1292 ,

531 1300 600 1355 de
626 1296 767 1356 bono
792 1299 1012 1363 bonum,
1042 1297 1111 1352 de
1136 1305 1321 1351 sancto
1344 1306 1609 1365 sanctum,
1637 1296 1703 1351 de
1729 1305 1930 1352 aeterno
1958 1307 2118 1352 acter-

532 1386 682 1437 num,
708 1371 776 1427 de
800 1371 909 1424 Deo
939 1368 1099 1432 Deus,
1126 1366 1193 1422 de
1218 1367 1581 1436 omnipotente
1607 1368 1964 1437 omnipotens,
1994 1382 2118 1423 cor-

530 1449 684 1511 rupta
726 1441 812 1506 sit,
861 1439 1178 1493 mortiﬁcata
1217 1437 1318 1503 sit,
1364 1438 1668 1511 commixta
1693 1439 1761 1493 sit
1805 1453 1900 1508 per
1941 1440 2118 1494 omnia

529 1508 713 1567 mundi
753 1525 976 1580 corpora
1018 1524 1049 1563 a
1091 1522 1301 1564 summo
1341 1523 1510 1580 usque
1549 1508 1616 1563 ad
1656 1509 1819 1564 imum
1846 1550 1860 1568 .
1906 1524 1937 1563 a
1974 1510 2119 1567 coelo

530 1598 701 1651 usque
730 1583 796 1637 ad
826 1579 1061 1637 stercora
1085 1620 1100 1646 ,
1128 1587 1187 1651 ut
1211 1586 1267 1634 et
1291 1579 1602 1651 meretrices
1641 1580 1692 1633 in
1725 1580 1948 1636 theatris
1980 1591 2033 1634 et
2064 1582 2116 1636 in

529 1649 665 1709 locis
690 1652 1015 1724 turpioribus
1044 1650 1306 1724 turpiores
1333 1649 1593 1724 haberent
1618 1651 1681 1724 _in
1714 1665 1774 1707 se
1802 1666 2117 1724 oppressum

529 1724 722 1789 Deum,
750 1720 838 1794 qui
864 1722 1077 1778 liberari
1094 1721 1243 1794 forte
1264 1734 1372 1775 non
1396 1720 1586 1794 possit.
1615 1722 1750 1794 Dicit
1771 1720 1912 1777 enim
1934 1722 1988 1794 in
2013 1722 2117 1778 ﬁne

528 1795 696 1862 ipsius
721 1791 981 1864 epistolae,
1004 1791 1147 1848 unde
1175 1807 1339 1847 unum
1366 1791 1650 1864 capitulum
1672 1792 1781 1862 jam
1802 1793 2075 1861 posuimus
2095 1834 2112 1860 ,

529 1864 701 1934 ipsam
729 1862 819 1921 Dei
848 1872 1051 1933 partem
1080 1878 1198 1931 quae
1224 1862 1510 1934 commixta
1536 1871 1638 1929 est,
1668 1878 1775 1918 non
1802 1872 1967 1918 totam
1993 1880 2117 1934 pos-

529 1933 590 1991 se
617 1935 857 1991 revocari
884 1935 947 1988 ad
973 1934 1250 1991 pristinam
1280 1933 1598 1987 libertatem.

599 2005 825 2062 CAPUT
863 2003 1004 2059 Xlll.
1031 2034 1103 2075 -έ
1128 2005 1265 2075 Ecce
1302 2003 1524 2075 victoria
1551 2045 1567 2069 ,
1607 2018 1733 2059 ecce
1769 2004 2071 2075 triumphus
2096 2047 2113 2073 ,

526 2077 738 2145 qualem
764 2075 891 2131 fecit
914 2074 1187 2147 Manichtci
1233 2074 1383 2147 deus.
1414 2074 1555 2147 Nam;
1575 2084 1698 2145 post
1721 2076 1968 2147 amissam
1995 2092 2118 2147 par-

529 2155 639 2202 tem
674 2161 826 2204 suam
856 2147 908 2200 in
938 2146 1085 2200 luctu
1112 2153 1229 2212 est,
1259 2146 1396 2200 sicut
1424 2145 1745 2201 Manichacus
1771 2146 1911 2202 idem
1936 2145 2062 2202 dicit
2097 2166 2112 2203 :

524 2217 702 2272 velum
732 2226 915 2272 contra
944 2231 1004 2272 se
1035 2216 1219 2278 habet,
1250 2215 1391 2284 quod
1418 2216 1656 2272 dolorem
1685 2217 1801 2287 ejus
1831 2226 2112 2287 temperet,

524 2303 595 2342 ne
619 2289 1013 2357 corruptionem
1039 2287 1205 2356 partis
1230 2301 1340 2341 sua:
1364 2287 1556 2342 videat.
1583 2288 1751 2343 llodie
1772 2290 1913 2344 enim
1936 2289 2112 2344 divina

524 2373 683 2428 quam
708 2366 1092 2414 commemorat
1112 2357 1435 2424 substantia,
1449 2358 1687 2426 subiacet
1705 2360 1849 2426 genti
1872 2361 2115 2415 tenebra-

523 2445 666 2495 rum,
707 2439 769 2484 ut
804 2431 971 2484 lutum
1010 2429 1190 2498 ﬁgulo.
1231 2428 1346 2483 Hoc
1380 2429 1434 2483 in
1470 2430 1646 2499 primo
1684 2430 1820 2486 libro
1853 2430 2114 2488 Thesauri

524 2514 711 2556 eorum
744 2501 1000 2568 scriptum
1026 2507 1126 2554 est.

592 2569 820 2653 QAPUT
857 2570 998 2626 XIV.
1018 2600 1089 2653 -τ-
1106 2569 1518 2653 Qualis‘interea
1550 2570 2030 2653 t_urpitudo,_quar_n
2057 2572 2112 2629 in

523 2640 714 2697 eodem
744 2641 1020 2713 Thesauro
1045 2641 1184 2713 inte_r
1212 2648 1404 2713 caetera
1436 2640 1692 2713 turpiajn
1719 2640 1948 2713 septimo
1977 2645 2114 2700 libro

522 2713 756 2782 scripsit,
782 2714 861 2784 sic
884 2712 1068 2768 dicens
1092 2730 1105 2765 :
1127 2711 1271 2784 Tunc
1295 2712 1468 2784 beatus
1493 2712 1581 2784 ille
1604 2711 1791 2781 Pater,
1807 2715 1893 2784 qui
1916 2715 2113 2770 lucidas

522 2799 675 2856 naves
695 2783 850 2856 habet
877 2784 1152 2856 diversoria
1176 2790 1223 2856 et
1248 2782 1537 2856 habitacula
1560 2782 1834 2838 secundum
1858 2787 2114 2856 magnitu-

523 2853 666 2908 dines
688 2855 730 2921 ⁸,
762 2871 855 2924 pro
881 2854 1033 2909 insita
1057 2853 1152 2907 sibi
1175 2853 1439 2925 clementia
1463 2857 1560 2923 fert
1586 2870 1751 2925 opem,
1781 2872 1884 2925 qua
1910 2853 2111 2912 eruitur

521 2925 839 2999 et_liberatur
861 2924 924 2999 ab
947 2925 1117 2999 impiis
1138 2924 1428 2999 retinaculis
1456 2933 1503 2985 et
1525 2926 1773 2999 angustiis
1783 2924 1939 2999 atque
1959 2945 2113 2999 ango-

521 2994 662 3050 ribus
706 3011 814 3050 sua:
839 2993 1344 3051 vitalis'substantiae.
1377 2993 1561 3065 Itaque
1595 2993 1831 3051 invisibili
1857 2993 1950 3052 suo
1985 2993 2111 3053 nutu

520 3066 641 3120 illas
667 3082 787 3121 suas
814 3066 1037 3131 virtutes,
1068 3081 1181 3136 qua:
1202 3068 1256 3119 in
1281 3065 1561 3121 clarissima
1585 3067 1679 3121 hac
1704 3069 1819 3123 navi
1842 3068 2106 3137 habentur,

522 3137 851 3209 transfigurat
874 3178 888 3201 ,
916 3153 1102 3209 easque
1129 3153 1306 3205 parere
1330 3137 1454 3209 facit
1487 3137 1710 3209 adversis
1739 3140 2065 3209 potestatibus
2090 3183 2107 3209 ,

521 3222 637 3275 qua:
664 3206 719 3260 in
755 3206 969 3278 singulis
997 3208 1235 3261 caelorum
1260 3208 1501 3262 tractibus
1538 3206 1786 3265 ordinatae
1812 3220 1947 3266 sunt.
1984 3206 2112 3276 Qua:

520 3278 760 3350 quoniam
797 3294 878 3350 ex,
902 3287 1112 3346 utroque
1152 3294 1276 3332 sexu
1317 3279 1658 3350 masculorum
1700 3297 1760 3334 ac
1807 3282 2111 3350 feminarum

521 3349 839 3424 consistunt,
864 3349 976 3424 ideo
1007 3349 1273 3424 praedictas
1300 3349 1711 3424 virtutespartim
1739 3352 1904 3423 specie
1928 3369 2111 3424 puero-

519 3420 925 3494 rum_inve_stium
945 3421 965 3450 ¹
990 3436 1166 3494 parere
1183 3419 1327 3489 jubet
1342 3420 1521 3494 generi
1549 3419 1775 3477 adverso
1784 3419 2107 3494 feminarum,

520 3490 705 3559 partim
732 3491 983 3561 virginum
1011 3490 1295 3544 lucidarum
1325 3492 1491 3560 forma
1515 3494 1687 3561 generi
1712 3490 1966 3548 contrario
1995 3490 2109 3550 ma?-

518 3562 780 3633 sculorum
805 3562 1006 3633 :sciens
1034 3578 1118 3633 eas
1146 3576 1317 3614 omnes
1343 3561 1547 3615 hostiles
1576 3572 1874 3632 potestates,
1908 3577 2112 3633 propter

518 3630 795 3706 ingenitam
823 3632 917 3706 sibi
943 3630 1629 3706 letalemﬂetspurcissimam
1658 3630 2110 3706 concupiscentiam

502 3702 764 3772 facillime
792 3703 927 3772 capi,
951 3710 1109 3775 atque
1136 3701 1314 3775 iisdem
1339 3702 1595 3775 speciebus
1622 3701 1972 3775 pulcherrimis
1997 3721 2112 3775 qua:

520 3782 771 3841 apparent
796 3772 1079 3841 mancipari
1097 3813 1113 3837 ,
1154 3774 1346 3841 hocque
1373 3772 1519 3827 modo
1544 3772 1769 3829 dissolvi.
1801 3776 1988 3832 Sciatis
2011 3772 2109 3831 au-

524 3851 623 3896 tem
651 3844 785 3897 hunc
808 3842 1036 3898 eumdem
1061 3852 1291 3898 nostrum
1315 3841 1513 3897 beatum
1535 3843 1741 3900 Patrem
1762 3847 1856 3901 hoc
1879 3848 2012 3901 idem
2032 3864 2113 3903 es-

518 3929 574 3968 se
590 3954 606 3980 ,
645 3915 782 3986 quod
806 3915 958 3986 etiam
984 3929 1090 3969 sua:
1124 3915 1332 3968 virtutes
1350 3955 1365 3980 ,
1391 3915 1602 3986 quasob
1629 3918 1962 3972 necessariam
1986 3935 2110 3973 cau-

517 3999 633 4057 sam
648 3985 997 4057 transformat
1022 3986 1077 4057 in
1107 4000 1379 4057 puerorum
1412 3993 1458 4039 et
1486 3985 1735 4057 virginum
1762 3988 2110 4045 intemeratum

518 4054 920 4109 similitudinem.
952 4055 997 4108 1]
1002 4054 1121 4109 titur
1141 4064 1306 4130 autem
1329 4055 1410 4130 his
1431 4054 1670 4127 tanquam
1690 4060 1909 4130 propriis
1931 4061 2106 4130 armis,

520 4132 671 4195 atque
698 4142 788 4195 per
811 4141 895 4180 eas
919 4141 1065 4179 suam
1088 4126 1304 4195 complet
1327 4125 1653 4180 voluntatem.

588 4193 820 4272 CAPUT
856 4194 973 4250 XV.
1008 4225 1078 4272 1—-
1112 4193 1312 4272 IIarum
1348 4211 1463 4272 uero
1510 4196 1747 4252 uirtutum
1785 4199 2068 4257 divinarum
2090 4243 2107 4272 ,

521 4278 637 4334 quae
657 4266 727 4320 ad
748 4267 911 4342 instar
933 4267 1156 4338 conjugii
1181 4276 1355 4342 contra
1366 4266 1576 4342 inferna
1596 4285 1779 4342 genera
1799 4266 2109 4342 statuuntur,

519 4350 729 4407 quaeque
752 4336 1095 4410 alacritateac
1121 4336 1365 4410 facilitate
1390 4336 1445 4391 id
1470 4336 1606 4410 quod
1630 4340 1979 4410 cogitaverim,
2001 4336 2112 4399 mo;

520 4417 689 4465 mento
712 4410 883 4481 eodem
908 4409 1125 4481 efﬁciunt
1142 4448 1157 4474 ,
1187 4407 1489 4481 plenw__sunt
1518 4407 1707 4465 lucidté
1729 4427 1895 4467 naves.
1926 4411 2109 4481 Itaque

524 4491 641 4550 cum
658 4479 788 4532 ratio
799 4479 1087 4550 paposcerit
1108 4487 1161 4529 ut
1178 4479 1413 4550 masculis
1430 4489 1710 4550 appareant
1724 4481 1909 4537 etedem
1924 4479 2113 4541 sancta:

522 4547 752 4616 uirtutes,
771 4546 928 4623 illico
955 4549 1109 4623 etiam
1133 4564 1279 4602 suam
1308 4546 1515 4623 effigiem
1550 4550 1802 4622 virginum
1825 4553 2111 4623 pulcherri-

518 4634 720 4673 marum
761 4618 936 4697 habitu
973 4618 1355 4673 demonstrant.”
1387 4618 1591 4697 Rursus
1627 4618 1747 4697 cum
1788 4618 1857 4678 ad
1899 4628 2114 4697 feminas

520 4698 722 4764 uentum
757 4689 932 4764 fuerit,
975 4699 1327 4764 postponentes
1361 4693 1589 4764 speciem
1614 4689 2110 4764 virginumfpuero-

436 4810 445 4830 Α
517 4776 636 4813 rum
674 4761 937 4815 investium
965 4762 1182 4828 speciem
1211 4761 1501 4816 ostendunt.
1537 4761 1650 4816 Hoc
1676 4761 1843 4819 autem
1873 4761 1981 4822 visu
2018 4769 2112 4822 de-

435 4864 447 4875 .
518 4846 642 4908 coro
675 4831 884 4908 illarum
911 4832 1066 4885 ardor
1082 4840 1139 4908 et
1167 4833 1571 4908 concupiscentia
1597 4835 1772 4889 crescit
1795 4877 1809 4900 ,
1841 4846 1990 4908 atque
2018 4839 2113 4895 hoc

439 4914 449 4923 '
519 4899 673 4983 modo
692 4902 945 4983 vinculum
964 4899 1673 4983 pessimarumcogitationum
1691 4922 1865 4983 earum
1879 4899 2108 4983 solvitur,
2134 4912 2135 4915 “

519 4973 728 5041 uittaque
760 4973 932 5027 anima
959 4990 1072 5043 quae
1099 4973 1386 5028 earumdem
1416 4974 1648 5029 membris
1685 4978 1943 5033 tenebatur
1968 5021 1982 5043 ,
2015 4973 2112 5035 hac

520 5043 783 5119 occasione
809 5044 980 5119 laxata
1007 5044 1205 5119 evadit,
1235 5055 1284 5099 et
1306 5061 1397 5100 suo
1424 5045 1825 5119 purissimoraeri
1846 5050 2111 5119 miscetur;

519 5111 611 5167 ubi
638 5114 835 5189 penitus
849 5115 1057 5189 ablatio
1074 5117 1260 5189 anima:
1287 5111 1562 5189 ascendunt
1596 5117 1664 5170 ad
1690 5118 1885 5173 lucidas
1921 5111 2109 5189 naves,

519 5198 636 5264 quis
669 5184 764 5239 sibi
791 5185 859 5239 ad
880 5187 1205 5240 vectationem
1226 5186 1247 5218 ³
1268 5196 1416 5258 atque
1441 5186 1509 5241 ad
1534 5203 1641 5242 sure
1664 5190 1843 5258 patria:
1865 5184 2113 5264 transfreL

522 5255 762 5310 tationem
789 5266 906 5313 sunt
934 5266 1255 5328 praeparatae.

587 5451 607 5526 ξ
641 5455 1209 5526 laudunensispeclesiae
1224 5456 1380 5508 codex
1395 5495 1409 5518 ,
1440 5470 1601 5509 secum
1629 5459 2113 5526 magnitudinist‘or-

521 5515 759 5585 beiensis,
782 5530 907 5585 cum
928 5518 1144 5585 editione
1167 5526 1290 5585 sm,
1321 5515 1484 5571 secum
1514 5515 1882 5585 magnitudines.
1907 5530 1958 5575 In
1989 5515 2113 5576 libro

523 5579 780 5646 de_Natura
798 5580 926 5646 _Boni_,
950 5592 1056 5642 cap.
1075 5580 1155 5643 44,
1181 5580 1378 5646 legitur,
1403 5596 1488 5634 seu
1508 5579 1876 5646 nmgnitudines.

588 5643 610 5705 ξ
640 5642 1047 5705 Corbeiensis_Ms.
1065 5655 1093 5691 a
1114 5642 1326 5693 secunda
1356 5657 1521 5705 manu,
1540 5642 1797 5705 puerorum
1818 5648 1869 5698 in
1890 5648 2072 5700 vestitu.

588 5704 611 5734 ³
641 5709 702 5774 tn;
713 5710 919 5774 tractatu
940 5702 1004 5752 de
1025 5710 1196 5774 natura
1220 5707 1330 5774 Boni
1349 5742 1363 5765 ,
1388 5702 1605 5774 capﬁit,
1631 5714 1678 5755 Β.
1708 5716 1761 5759 et
1794 5716 1902 5760 Lor.
1929 5715 2109 5774 ferunt,

524 5765 862 5828 erectationem
883 5765 1182 5828 (mendose);
1208 5774 1261 5828 et
1281 5767 1377 5827 hic,
1403 5765 1705 5819 euectimiem.
1721 5776 2009 5827 Auctoritate
2031 5765 2106 5827 tr;

526 5826 673 5890 mea.
693 5835 807 5880 Ven.
832 5826 1036 5895 ubique,
1059 5826 1382 5893 tectatiortem,
1398 5831 1694 5895 scripsimus.
1758 5841 1817 5884 nt.

1638 328 1728 387 ne
1766 328 1923 387 rma
1959 289 2235 387 coma
2259 325 2693 387 mmemos.

3688 340 3834 403 ηιξ

2270 431 2289 441 “
2306 441 2536 526 CAPUT
2562 442 2706 526 XV‘I.
2730 472 2802 486 —
2824 440 2895 500 Id
2919 458 3033 501 vero
3056 446 3193 515 quod
3213 448 3381 526 adhuc
3405 450 3606 508 adversi
3629 459 3843 526 generis

2232 513 2467 595 maculas
2479 523 2705 595 portat,
2748 533 2837 595 per
2874 526 3025 595 cestus
3063 513 3210 595 atque
3246 523 3441 595 calores
3476 513 3839 595 particulatim

2232 585 2696 661 descendit,‘_atque
2723 585 2990 661 arboribus
3017 585 3308 661 ueterisque
3337 585 3734 661 plantationibus
3763 614 3835 654 ac

2230 656 2354 735 satis
2394 656 2625 710 omnibus
2663 658 2928 735 miscetur,
2975 669 3023 715 et
3059 656 3310 735 coloribus
3338 656 3546 721 diversis
3570 669 3831 735 inficitur.

2231 724 2301 780 Et
2321 743 2419 795 quo
2444 736 2589 808 pacto
2610 744 2672 808 ea:
2687 729 2784 783 ista
2806 724 2991 801 magna
3011 740 3057 785 et
3078 732 3360 808 clarissima
3379 737 3494 791 navi
3509 724 3693 808 ﬁgura:
3709 756 3824 807 pue

2228 814 2403 878 rarum
2421 799 2486 878 .ct
2504 799 2753 869 uirginum
2778 799 2957 878 parent
2980 804 3248 878 contrariis
3275 799 3599 874 potestatibus
3627 799 3744 878 qua:
3771 825 3835 861 νη

2226 869 2363 948 cmlis
2390 868 2624 948 degunt,
2667 868 2875 948 quaeque
2910 873 3114 948 igneam
3147 868 3329 931 habent
3371 868 3650 943 naturam
3675 890 3838 948 atque

2226 955 2291 993 ea:
2331 940 2433 1015 ista
2471 949 2674 1015 aspectu
2719 940 3085 1015 decoro,'citte
3128 962 3248 1011 pars
3287 962 3402 1015 qute
3438 949 3493 1002 in
3527 940 3831 1005 earumdem

2226 1008 2460 1087 membris
2480 1008 2708 1087 habetur,
2737 1008 2919 1087 lazcata
2931 1008 3192 1087 deducitur
3208 1008 3503 1087 per'calores
3522 1020 3576 1074 in
3592 1029 3784 1074 terram
3806 1036 3832 1075 :

2226 1080 2400 1158 eodem
2424 1082 2573 1135 modo
2598 1083 2866 1158 etiamillu
2890 1085 3139 1158 altissima
3162 1080 3320 1142 uirtus
3345 1105 3458 1158 qua:
3480 1090 3533 1143 in
3558 1091 3675 1145 navi
3698 1093 3833 1144 vita-

2226 1149 2350 1229 lium
2376 1168 2623 1222 aquarum
2652 1154 2861 1221 habitat,
2890 1157 2944 1209 in
2969 1156 3300 1229 similitudine
3326 1149 3593 1229 puerorum
3622 1179 3684 1214 ac
3709 1163 3820 1214 vir-

2224 1222 2397 1301 ginum
2424 1231 2711 1277 sanctarum
2736 1241 2827 1301 per
2846 1242 2964 1301 suos
2980 1228 3192 1298 angelos
3213 1222 3430 1301 apparet
3455 1232 3534 1285 his
3560 1232 3828 1301 potestati-

2225 1291 2336 1373 bus,
2362 1310 2577 1373 quorum
2596 1304 2779 1348 natura
2801 1291 3087 1373 frigida‘es't
3108 1291 3257 1373 atque
3276 1291 3503 1365 humida,
3529 1291 3741 1373 quaeque
3762 1304 3822 1358 in

2224 1363 2360 1441 caelis
2388 1364 2637 1441 ordinata:
2663 1363 2810 1421 suntf
2830 1363 2893 1420 Et
2921 1368 3121 1438 quidem
3156 1363 3233 1425 his
3261 1387 3375 1441 qua:
3416 1363 3616 1438 ferniitte
3656 1363 3777 1427 sunt
3800 1416 3822 1441 ,

2223 1433 2277 1487 in
2304 1434 2623 1513 ipsisforma
2654 1433 3201 1513 puerorum-apparet;
3231 1433 3471 1496 masculis
3496 1459 3632 1508 vero,
3664 1433 3827 1513 virgil-

2223 1519 2364 1558 num.
2398 1504 2512 1559 Hac
2548 1522 2661 1560 vero
2691 1511 2968 1564 mutatione
2984 1504 3045 1564 et
3073 1504 3355 1567 diversitate
3384 1504 3715 1574 personarum
3739 1504 3826 1568 di-

2222 1576 2455 1655 vinarum
2480 1592 2539 1630 ac
2568 1578 3043 1655 pulcherrimarum,
3074 1581 3295 1655 humida:
3322 1584 3616 1655 frigidaeque
3643 1587 3829 1654 stirpis

2224 1646 2475 1724 principes
2510 1648 2723 1724 masculi
2750 1666 2837 1705 seu
2864 1651 3065 1724 femina:
3088 1646 3350 1724 solvuntur
3372 1646 3565 1724 ,vatqu'e
3600 1655 3657 1708 id
3683 1646 3826 1724 quod

2222 1716 2275 1791 in
2311 1717 2436 1791 ipsis
2468 1727 2541 1772 est
2571 1717 2748 1791 uitale,
2786 1716 2960 1790 fugit:
2984 1723 3118 1790 quod
3155 1740 3270 1778 vero
3306 1716 3824 1791 resederit,laa:dtum

2222 1787 2484 1868 deducitur
2511 1789 2579 1868 ad
2605 1787 2795 1844 terram
2819 1787 2909 1862 per
2931 1787 3125 1864 frigora
3149 1836 3165 1863 ,
3194 1804 3242 1849 et
3272 1796 3465 1850 cunctis
3490 1787 3639 1851 terra:
3660 1814 3822 1868 gene-

2221 1856 2358 1911 ribus
2388 1859 2711 1914 admiscetur.

2291 1926 2517 2006 QAPUT
2546 1929 2708 2006 XYll.
2730 1931 2952 2006 —_Quis
2976 1949 3084 1990 non
3106 1934 3299 1998 rideat,
3320 1937 3404 1992 vel
3429 1938 3611 2006 potius
3631 1937 3822 1994 doleat

2220 2005 2275 2053 et
2302 1998 2604 2072 detestetur,
2624 2003 2782 2057 istum
2811 1998 3101 2072 hominem,
3140 2015 3248 2061 tam
3276 1998 3544 2061 horrenda
3572 2016 3627 2063 et
3650 2024 3821 2064 exse—

2220 2071 2435 2149 crabilia
2461 2070 2757 2149 _de_divina
2796 2070 3097 2149 substantia
3135 2075 3460 2149 dicentem?
3491 2078 3631 2149 Ergo
3680 2079 3817 2134 sub-

2222 2141 2594 2215 stantize__lucis
2612 2153 2859 2215 aeternae,
2889 2148 3023 2214 parti
3055 2147 3169 2211 Dei,
3200 2149 3251 2202 in
3282 2141 3601 2215 captivitate,
3632 2149 3685 2203 in
3717 2165 3822 2204 ea-

2218 2209 2565 2287 lamitatibus,
2608 2214 2673 2287 in
2704 2209 2988 2280 aerumnis,
3031 2218 3085 2271 in
3130 2209 3430 2287 pressaris,
3471 2220 3522 2272 in
3558 2209 3822 2277 sordibus

2219 2289 2379 2349 atque
2419 2283 2752 2356 immunditia
2776 2329 2793 2353 ,
2824 2283 3383 2345 secundum'vestrum
3409 2303 3637 2345 errorem
3662 2332 3676 2356 ,
3709 2306 3819 2344 ve-

2220 2359 2392 2427 stram
2415 2355 2998 2427 consti_tutionem,non
3024 2367 3235 2427 poterat
3258 2361 3655 2427 aliterquotidie
3676 2361 3818 2413 sub-

2221 2425 2418 2499 veniri,
2450 2425 2551 2479 nisi
2578 2425 2767 2482 beatus
2794 2428 2969 2494 Pater,
2998 2425 3087 2499 qui
3117 2446 3278 2487 naves
3303 2425 3509 2485 lucidas
3534 2431 3694 2485 habet
3721 2432 3815 2485 di-

2218 2495 2451 2578 versoria
2481 2538 2495 2562 ,
2524 2511 2681 2578 quem
2711 2499 2922 2578 tertium
2957 2495 3189 2578 legatum
3213 2501 3493 2571 appellatis
3512 2543 3528 2567 ,
3558 2510 3614 2556 et
3638 2505 3813 2555 virtus

2218 2564 2475 2619 altissima
2509 2564 2732 2622 virtutes
2759 2584 2883 2624 suas
2907 2569 2958 2625 in
2982 2564 3179 2625 diversi
3200 2564 3365 2627 sc'x'us
3387 2564 3628 2626 naturam
3656 2587 3812 2626 com-

2218 2643 2388 2690 mutet
2414 2653 2432 2708 ;
2456 2652 2589 2706 quas
2610 2639 2821 2707 quidem
2846 2642 3188 2696 intemeratas
3208 2642 3413 2708 dicitis,
3438 2642 3533 2696 sed
3556 2650 3731 2697 tamen
3754 2649 3820 2696 ut;

2218 2706 2579 2782 meretricum
2597 2706 2747 2763 more
2776 2711 3168 2779 pulchritudine
3199 2727 3293 2768 sua
3329 2706 3629 2782 principum
3660 2723 3819 2768 teneo

2218 2775 2434 2853 brarum
2460 2778 2670 2853 letalem
2693 2790 2746 2835 et
2767 2775 3162 2853 spurcissimam
3184 2775 3668 2853 concupiscentiam
3687 2798 3816 2839 con-

2218 2846 2347 2901 fusa:
2367 2849 2596 2904 invicem
2618 2846 2905 2906 accendant
2932 2852 2972 2907 ³.
2994 2852 3112 2908 Non
3133 2855 3276 2909 enim
3294 2846 3571 2909 invenietis
3588 2870 3776 2909 verum
3792 2895 3814 2921 ,

2214 2932 2323 2993 quo
2345 2925 2542 2993 tantam
2578 2921 3025 2993 pulchritudinem
3059 2923 3344 2993 aliquando
3366 2924 3644 2980 honestius
3665 2926 3818 2981 dice-

2214 2989 2366 3060 retis.
2409 2990 2475 3044 Et
2499 3005 2601 3060 qua
2642 3006 2801 3047 causa
2840 2992 2942 3048 hoc
2981 2989 3225 3050 faciunt?
3249 2994 3322 3052 Ut
3348 2996 3427 3050 eis
3454 2995 3508 3050 in
3537 2995 3816 3051 libidinem

2216 3059 2529 3135 concitatis,
2544 3063 2876 3135 occasionem
2904 3064 3235 3121 liberationis
3256 3066 3488 3135 reperiat
3511 3068 3812 3122 substantia

2215 3129 2412 3184 divina.
2430 3130 2569 3213 Quid
2584 3133 2735 3220 aliud,
2746 3143 2921 3220 sonat,
2944 3136 3123 3220 nisiut
3141 3138 3301 3220 etiam
3322 3129 3418 3207 per
3431 3137 3813 3220 genitalia-dre-

2215 3216 2433 3255 monum
2469 3201 2581 3278 vias
2605 3203 2860 3278 evadendi
2875 3206 3122 3278 inveniat
3144 3201 3593 3278 divina'maiestas
3613 3207 3638 3260 ?
3666 3208 3816 3262 Deus

2214 3285 2410 3349 magne
2431 3311 2444 3337 ,
2474 3272 2917 3349 subvenianimis
2956 3278 3057 3349 ista
3086 3278 3258 3349 turpia
3298 3272 3632 3334 credentibus
3656 3318 3673 3344 ,
3704 3278 3817 3334 ista

2216 3340 2443 3420 nefanda
2466 3344 2821 3420 sectantibus.
2871 3345 2999 3413 Quis
3027 3347 3144 3403 hate
3174 3340 3291 3420 non,
3322 3349 3603 3405 exhorreat
3626 3340 3815 3420 {rogo

2213 3413 2365 3491 vos?“
2376 3412 2512 3491 Quis
2537 3424 2843 3491 lugeamus
2862 3412 3146 3491 estut‘ista
3169 3419 3535 3491 credat,irogo
3558 3420 3698 3491 vos?

2285 3481 2512 3561 CAPUT
2549 3485 2737 3561 XVIII.
2759 3517 2832 3561 ές
2858 3487 2966 3543 Sed
2994 3498 3141 3545 certe
3167 3481 3556 3561 respon'deaiur
3583 3490 3714 3545 mihi
3739 3490 3811 3546 ab

2214 3553 2280 3609 iis
2307 3555 2604 3629 qui__ipsum
2637 3557 2983 3629 Manichmum
3024 3553 3320 3629 sequuntur
3343 3580 3357 3614 :
3383 3560 3440 3616 Si
3467 3562 3607 3616 Deus
3634 3562 3813 3615 incor-

2214 3624 2480 3693 ruptibilis
2506 3636 2607 3691 est,
2634 3628 2720 3682 vel
2744 3629 2918 3683 omnis
2942 3624 3131 3685 natura
3152 3631 3348 3686 summi
3372 3631 3495 3687 boni
3523 3631 3811 3686 inviolabi-

2216 3693 2302 3762 lis,
2318 3697 2756 3772 _lmm_ac_u_labilis,
2778 3699 3064 3772 inadibilis,
3089 3700 3577 3772 incoinquinabilis,
3602 3702 3814 3757 incom-

2215 3764 2629 3835 prehensibilis,
2669 3769 2796 3838 quid
2835 3764 3060 3838 poterat
3087 3771 3263 3827 facere
3291 3764 3428 3826 'mali
3466 3764 3653 3827 natura
3684 3773 3812 3828 huic

2215 3844 2383 3913 tanta;
2403 3846 2642 3913 naturae,
2668 3840 2715 3913 si
2742 3841 2904 3895 nollet
2932 3841 3568 3913 eumAiIlaipugnare,‘ne
3592 3843 3657 3896 ad
3685 3852 3807 3896 tan-

2216 3914 2327 3980 tum
2352 3907 2584 3963 dedecus
2608 3908 3001 3966 deduceretur?
3028 3911 3139 3967 Hoc
3160 3907 3298 3979 dixi,
3315 3912 3452 3980 Quid
3474 3911 3671 3968 factura
3694 3920 3817 3967 erat

2218 3977 2343 4052 Deo
2360 3993 2490 4052 gens
2518 3980 2856 4052 tenebrarum
2877 4021 2890 4043 ,
2923 3982 2968 4037 si
2995 3983 3160 4037 nollet
3183 3977 3304 4038 cum
3328 3977 3417 4037 illa
3445 3997 3681 4052 pugnare
3702 3983 3727 4034 ?
3750 3983 3812 4038 Si

2216 4048 2568 4124 mihi_di_cit_ur
2591 4090 2606 4113 ,
2636 4051 2776 4124 Nihil
2804 4069 2817 4104 ε
2847 4067 3031 4124 quaero
3060 4069 3158 4108 cur
3187 4052 3345 4110 hodie
3369 4048 3485 4124 ejus
3513 4048 3636 4122 pars
3659 4094 3673 4115 ,
3703 4053 3812 4107 hoc

2138 4128 2141 4131 '
2215 4126 2319 4194 est,
2347 4118 2462 4194 D_e_i,
2494 4120 2545 4194 in
2573 4121 2982 4194 calamitatibus,
3011 4123 3063 4178 in
3087 4125 3377 4194 pressuris,
3397 4118 3453 4178 in
3476 4118 3808 4193 captivitate,

2216 4189 2271 4263 in
2313 4189 2643 4256 subiectione
2683 4191 2753 4246 sit
2788 4189 3116 4258 constituta",
3153 4203 3213 4249 ut
3241 4189 3613 4263 tam'turpit'er
3639 4195 3809 4248 etiam
3854 4238 3869 4249 .

2217 4258 2510 4335 liberetur,
2541 4270 2595 4315 et
2620 4277 2720 4335 nec
2746 4263 2822 4317 sic
2849 4263 3059 4319 liberari
3087 4273 3199 4319 tota
3223 4266 3418 4335 possit;
3447 4258 3528 4319 vel
3555 4265 3670 4334 ipse
3696 4263 3807 4318 Pa-

2216 4336 2300 4384 ter
2320 4371 2335 4396 ,
2379 4338 2439 4406 u_t
2475 4332 2673 4406 luctum
2688 4332 2902 4406 habeat
2929 4332 3243 4406 memoratui
3265 4335 3426 4406 partis
3454 4349 3565 4389 sua:
3578 4332 3757 4406 causa
3784 4373 3805 4400 ,

2216 4414 2379 4524 quieuit.
2413 4401 2614 4526 Ineptum
2656 4403 2979 4461 Manichaaus
3023 4405 3077 4460 in
3123 4407 3236 4461 suis
3269 4401 3424 4462 libris
3463 4404 3813 4476 apertissime

2216 4484 2326 4526 orae
2367 4481 2470 4525 Icat

2253 4481 2470 4525 reedtcat

2216 4484 2512 4617 Ρηἒὲιὲῧῖ
2551 4542 2695 4617 XIX.
2722 4544 2896 4617 —Ait
2919 4545 3156 4616 quidam,
3192 4546 3345 4602 Nihil
3369 4547 3414 4601 ei
3443 4546 3558 4617 fieri
3583 4552 3806 4615 poterat,

2216 4610 2308 4689 sed
2332 4623 2387 4689 ut
2414 4614 2692 4689 ostenderet
2719 4610 3087 4685 prtescientiam
3125 4610 3181 4673 se
3212 4617 3397 4672 habere
3436 4610 3811 4689 cogitationum

2216 4682 2506 4754 principum
2543 4682 2896 4751 tenebrarum,
2947 4696 2994 4741 et
3042 4695 3097 4740 ut
3143 4697 3446 4743 monstraret
3483 4682 3614 4742 nihil
3652 4705 3706 4741 se
3737 4689 3811 4740 ti—

2216 4769 2373 4829 mere,
2403 4764 2671 4829 propterea
2706 4758 2965 4829 pugnavit.
3015 4756 3113 4829 Ctti
3151 4774 3252 4829 ego
3301 4757 3438 4824 dixi,
3481 4758 3583 4826 Qui
3633 4757 3813 4828 potuit

2215 4824 2569 4897 cogitationes
2593 4824 2894 4897 principum
2942 4824 3285 4884 tenebraer
3340 4824 3523 4884 videre
3547 4872 3562 4894 ,
3597 4824 3662 4883 ac
3708 4843 3813 4883 ne-

2217 4894 2416 4948 minem
2463 4894 2675 4967 timere,
2708 4894 2873 4967 quare
2911 4914 3017 4953 non
3047 4900 3179 4954 vidit
3228 4901 3430 4954 luctum
3472 4899 3576 4953 sibi
3630 4897 3812 4953 immi-

2217 4972 2430 5039 nentem
2450 4965 2519 5020 de
2542 4968 2706 5035 partis
2729 4965 2844 5023 suae
2876 4968 3223 5036 infelicitate,
3270 4984 3431 5039 quam
3474 4969 3638 5024 hodie
3667 4969 3809 5038 pati-
3858 5022 3867 5037 ,

2216 5035 2340 5111 tur?
2369 5036 2537 5103 Quam
2567 5045 2771 5111 partem
2792 5043 2938 5093 suam
2958 5055 3230 5111 nunquam
3259 5035 3492 5111 recipiet
3518 5035 3812 5111 integram,

2215 5106 2337 5175 quia
2365 5106 2609 5180 remanet
2656 5109 2781 5164 inde
2830 5110 3026 5176 aliquid
3050 5152 3065 5174 ,
3089 5106 3103 5111 ’
3134 5112 3273 5166 sicut
3302 5106 3418 5180 ipse
3462 5109 3594 5165 dicit
3618 5106 3817 5179 [quod

2216 5178 2431 5250 purgari
2455 5192 2559 5233 non
2582 5180 2798 5250 poterit,
2829 5190 2883 5234 et
2911 5181 2964 5234 in
2991 5181 3153 5250 globo
3195 5178 3540 5237 tenebrarum
3570 5178 3625 5235 in
3651 5178 3819 5235 aiter—

2215 5263 2350 5322 num_
2398 5248 2756 5322 damnabitur.
2811 5248 3018 5322 Magna
3050 5253 3425 5322 praescientia,
3497 5252 3583 5308 vel
3631 5251 3817 5322 potius

2218 5318 2520 5391 inscientia,
2550 5330 2606 5376 et
2644 5322 2838 5377 misera
2868 5318 3176 5389 inﬁrmitas,
3215 5322 3318 5378 hoc
3351 5331 3435 5378 est
3459 5318 3837 5391 totum'quod-

2216 5390 2488 5445 neminem
2511 5392 2750 5447 timebat.
2780 5391 2944 5464 certe
2972 5393 3017 5447 si
3056 5408 3115 5448 se
3144 5394 3281 5449 tueri
3302 5393 3482 5464 aliquo
3510 5390 3814 5464 modonon

2218 5470 2444 5532 poterat,
2477 5473 2690 5531 rcgarct
2720 5472 2780 5517 ut
2804 5463 2903 5518 sibi
2935 5474 3249 5532 parceretur
3283 5478 3352 5518 ne
3379 5463 3444 5519 ad
3475 5474 3685 5519 tantum
3707 5463 3808 5517 de-

2215 5529 2379 5587 decus
2410 5529 2683 5603 integritas
2706 5533 2796 5588 illa
2820 5543 2876 5589 et
2899 5529 3063 5589 decus
3091 5536 3331 5591 omnium
3360 5545 3810 5591 ornamentorum
3891 5551 3909 5586 ἰ

2218 5603 2622 5671 perduceretur.
3898 5614 3909 5650 ῖ

2279 5715 2298 5746 ι
2315 5714 2429 5783 ,δίᾳ-Δ
2445 5715 2696 5783 Vaticanus
2733 5723 2816 5768 Ms.
2854 5714 3189 5783 Qisterciensis
3220 5732 3342 5773 vero
3377 5727 3431 5771 et
3472 5718 3816 5783 Corbeiensis,

2215 5775 2672 5891 invicem
2692 5779 2976 5832 accendant.
3001 5787 3078 5836 Β.
3106 5789 3159 5837 et
3180 5790 3313 5847 tam,
3337 5784 3551 5848 conﬂate
3572 5788 3618 5835 et
3646 5775 3817 5837 ἱππειὰ
