4072 6444
529 356 670 417 ΗΠ

598 469 827 529 CAPUT
870 466 1063 526 XXVI.
1090 490 1163 509 ιι·-
1197 462 1307 523 Nos
1356 473 1533 522 autem
1592 466 1874 524 Dominum
1923 482 2107 522 verum

529 544 802 601 hominem
843 541 1145 610 suscepisse
1182 538 1477 603 credimus,
1506 546 1560 593 et
1586 539 1638 594 in
1670 540 1786 610 ipso
1826 538 2107 610 visibiliﬁter

532 614 851 673 invisibilem
892 609 1195 666 bomwbus
1233 610 1564 681 apparuisse,
1606 610 1659 664 in
1688 609 1804 681 ipso
1830 611 1971 681 inter
2012 609 2113 681 Ito-

531 689 707 742 mines
731 692 1105 740 conversatum
1138 681 1324 746 fuisse,
1351 682 1403 734 iu
1427 679 1544 748 ipso
1568 681 1633 735 ab
1673 679 1979 736 hominibus
2007 680 2106 733 hu-

532 772 690 815 mana
716 755 1026 825 pertuliSse,
1072 754 1124 808 in
1157 754 1273 825 ipso
1309 754 1555 825 homines
1576 752 1822 825 docuisse
1846 768 1875 806 a
1920 750 2111 821 quibus

533 840 676 884 esset
694 822 1075 888 recedendum,
1098 824 1222 894 quid
1242 831 1385 879 esset
1417 822 1812 893 perferendum,
1836 838 1942 892 quo
1966 828 2109 877 esset

536 898 876 954 tendendum.
905 896 1096 950 Totum
1126 904 1302 949 autem
1326 894 1426 949 hoc
1450 894 1589 949 nulla
1620 894 1741 949 fecit
1768 894 2109 950 necessitate.

539 971 690 1027 Unde
718 970 828 1038 ipse
855 968 983 1021 dicit
1010 984 1024 1019 ς
1060 965 1277 1034 Propter
1310 968 1405 1020 hoc
1448 981 1526 1019 me
1580 962 1733 1020 Pater
1760 965 1926 1037 diligit
1947 965 2114 1038 ,__quia

534 1054 624 1112 ego
652 1034 782 1109 pono
801 1041 1023 1092 animum
1046 1053 1230 1112 meum,
1251 1045 1308 1091 ut
1331 1040 1511 1091 iterant
1531 1052 1731 1112 sumant
1750 1034 1912 1091 illam.
1943 1034 2110 1089 Nemo

536 1108 666 1166 tollit
696 1126 806 1164 eam
827 1128 859 1164 a
893 1124 991 1172 nte,
1016 1108 1106 1162 sed
1135 1126 1224 1179 ego
1246 1125 1378 1179 pono
1417 1125 1527 1162 eam
1549 1125 1580 1161 a
1614 1125 1694 1161 me
1716 1111 1864 1179 ipso:
1894 1115 2115 1179 patrata-

538 1193 635 1235 tam
665 1182 821 1236 habeo
872 1179 1093 1252 ponendi
1140 1178 1269 1252 ctua,
1300 1189 1359 1252 et,
1390 1187 1697 1252 potestatem
1748 1178 1906 1252 habeo
1933 1179 2115 1231 iterum

532 1253 763 1307 sumendi
792 1249 904 1324 eam
928 1249 1189 1324 (Joau‘._x,
1223 1251 1310 1324 ΓΙ,
1342 1250 1452 1324 18).
1480 1249 1748 1324 Nontergo
1778 1251 1899 1324 mali
1925 1263 2114 1324 neces-

534 1332 689 1378 suate
714 1323 889 1377 amisit
912 1320 1052 1375 eam.
1084 1321 1260 1376 Voluit
1284 1321 1449 1385 enim,
1478 1328 1535 1375 ut
1562 1322 1645 1375 illa
1671 1337 1788 1391 qum
1816 1322 1865 1375 in
1904 1320 2115 1389 passio-

534 1409 603 1449 ne
650 1394 766 1463 ejus
813 1393 944 1448 facta
975 1400 1131 1458 sunt,
1160 1393 1336 1446 omnia
1384 1394 1569 1445 tierent
1618 1391 1684 1446 ad
1714 1393 1994 1447 humanam
2022 1406 2118 1463 na-

535 1462 707 1519 turam
738 1464 1053 1529 docendam,
1084 1478 1186 1518 non
1214 1463 1280 1517 ad
1311 1476 1459 1516 suam
1490 1463 1759 1518 tuendam.
1786 1463 1936 1518 Sicut
1972 1462 2115 1516 enim

537 1551 637 1607 nos
666 1538 753 1607 qui
781 1552 846 1591 ex
873 1536 1123 1607 animatet
1140 1548 1367 1607 corpore
1397 1542 1720 1607 constamus,
1775 1549 1896 1589 cum
1948 1533 2115 1587 simus

535 1604 829 1662 invisibiles
871 1605 1160 1661 secundum
1201 1606 1469 1669 animam,
1522 1604 1756 1659 visibiles
1806 1613 1980 1660 autem
2031 1618 2118 1659 se-

533 1676 765 1732 cundum
810 1692 1005 1746 corpus
1032 1718 1047 1741 ,
1095 1677 1274 1731 omnia
1317 1691 1437 1746 qua:
1476 1674 1757 1731 visibiliter
1794 1675 1906 1731 sive
1949 1674 2118 1746 bono-7

536 1748 613 1803 ris
641 1757 694 1802 et
734 1745 1119 1803 beneﬁciorum
1172 1745 1461 1816 accipimus
1482 1789 1497 1813 ,
1523 1746 1635 1801 sive
1662 1746 2000 1801 contumelia:
2031 1745 2115 1801 vel

538 1818 746 1885 injurize
774 1820 1025 1889 patimur,
1058 1817 1124 1872 ad
1150 1819 1382 1873 animam
1422 1833 1539 1887 qua:
1568 1817 1847 1872 invisibilis
1868 1826 1968 1882 est,
1997 1826 2116 1871 tan-

537 1904 698 1959 quam
744 1890 809 1943 ad
844 1889 1137 1959 principem
1167 1904 1389 1943 necesse
1416 1899 1499 1943 est
1547 1898 1604 1943 ut
1630 1891 1924 1944 referamus
1945 1931 1959 1954 ,
1992 1891 2116 1958 quia

541 1960 656 2030 ipsa
700 1961 911 2029 corpori
939 1960 1301 2030 principatur;
1333 1974 1455 2015 nam
1491 1968 1689 2015 etcum
1732 1962 1898 2014 simus
1923 1975 2116 2014 secun-

540 2028 668 2085 dum
696 2028 1306 2096 animam'immo‘rtales,
1337 2046 1458 2086 cum
1490 2031 1685 2085 mortui
1714 2031 1923 2101 corpori
1956 2030 2119 2084 fueri-

540 2114 681 2165 mus,
708 2116 805 2155 nos
833 2102 1027 2155 mortui
1058 2101 1288 2156 dicimur
1317 2119 1329 2156 :
1359 2102 1429 2155 ita
1460 2109 1515 2156 et
1539 2101 1796 2156 Dominus
1816 2100 2118 2156 Secundum

537 2186 753 2227 carnem
769 2181 824 2227 et
849 2171 1074 2225 formam
1101 2174 1241 2227 servi
1264 2188 1423 2243 quam
1443 2174 1715 2243 suscipere
1741 2173 1990 2241 dignatus
2014 2185 2117 2241 est,

539 2253 591 2298 et
640 2243 991 2298 contumelias
1040 2258 1251 2311 passus,
1309 2253 1364 2298 et
1405 2243 1633 2309 vincula,
1677 2253 1732 2299 et
1769 2243 2010 2313 ﬂagella,
2066 2252 2120 2298 et

539 2323 780 2368 mortuus
802 2329 920 2368 esse
945 2312 1346 2379 manifestatur;
1388 2322 1446 2367 ut
1491 2315 1669 2368 omnia
1700 2314 1931 2370 veridice
1973 2312 2123 2368 Veri-

541 2391 644 2456 tas,
668 2392 723 2439 et
760 2384 889 2456 nihl!
929 2384 1065 2456 falso
1089 2384 1276 2456 fecisse
1304 2384 1592 2440 credatur:
1616 2385 1742 2455 quia
1774 2393 2035 2456 potestate
2058 2399 2121 2440 ac

539 2454 818 2510 voluntate
844 2454 1078 2509 Verbum
1105 2469 1230 2509 caro
1256 2454 1453 2510 factum
1480 2465 1582 2522 ρει,
1606 2454 1659 2510 et
1704 2454 1875 2519 natus,
1908 2467 1961 2510 et
1992 2471 2117 2525 pas-

543 2536 657 2591 sus,
687 2535 740 2581 et
762 2534 1023 2590 mortuus,
1055 2532 1110 2579 et
1136 2527 1449 2589 resurrexit.
1479 2528 1622 2581 nulla
1654 2542 1748 2582 sua
1776 2528 2117 2594 necessitate,

541 2596 639 2667 sed
665 2597 939 2651 voluntate
962 2606 1017 2652 et
1042 2605 1304 2667 potestate
1332 2615 1345 2655 ;
1370 2596 1521 2667 cujus
1556 2600 1696 2653 nulla
1730 2614 1853 2667 pars
1878 2598 2120 2667 aliquan-

543 2666 616 2739 do
659 2667 988 2739 deprtedata,
1018 2667 1161 2739 nulla
1205 2683 1345 2724 nunc
1392 2666 1560 2739 uSque
1603 2666 1812 2739 captiva
1864 2666 1979 2733 est,
2012 2683 2121 2739 non

539 2737 712 2812 solum
730 2737 953 2805 ‘divinze,
980 2738 1072 2793 sed
1100 2753 1200 2794 nec
1220 2739 1385 2812 ipsius
1411 2737 1651 2812 mortalis
1666 2737 1826 2812 quam
1846 2738 2081 2812 suscepit
2105 2755 2119 2793 :

541 2808 636 2880 sed
663 2823 763 2863 nec
791 2818 1025 2880 unquam
1044 2812 1163 2880 capi
1207 2808 1424 2880 poterit,
1472 2810 1575 2866 nisi
1606 2808 1779 2867 ab'eis
1805 2811 1895 2880 qui
1923 2812 1972 2867 ei
2004 2808 2122 2879 iper

539 2876 998 2953 Iidem__vol_iterint
1044 2876 1243 2935 mundo
1283 2880 1461 2953 corde,
1501 2883 1772 2953 conjungi.
1823 2876 1939 2937 Non
1982 2876 2122 2953 sicut

541 2948 675 3027 deus
692 2948 965 3006 Maniehtei
988 2991 1003 3017 ,
1032 2953 1123 3027 qui
1158 2952 1496 3012 necessitatis
1519 2948 1661 3010 malo
1692 2948 1928 3027 pressus,
1959 2952 2121 3027 hodie

542 3017 630 3097 hic
649 3028 917 3097 exparte,
939 3017 1082 3097 quod
1110 3036 1305 3096 negare
1326 3039 1435 3081 non
1462 3017 1708 3097 possunt;
1736 3027 1789 3081 in
1817 3017 2045 3082 miseriis
2070 3032 2126 3080 et

542 3089 935 3148 calamitatibus
960 3089 1249 3150 volutatur.

873 3162 1086 3248 Χῃινιι.
1109 3196 1197 3248 _--
1238 3165 1543 3248 lntelligitet
1566 3180 1723 3248 sane,
1756 3167 1818 3248 tsi
1861 3166 2082 3248 potestis
2105 3208 2122 3235 ,

541 3232 886 3320 etiant‘inter
910 3234 1069 3320 ipsos
1108 3232 1639 3320 Ii‘omineshquantum
1666 3232 1821 3320 distet
1861 3232 2003 3320 inter
2032 3232 2125 3291 ne-

541 3303 1314 3377 cessitatemtetvoluntatem.
1358 3303 1417 3362 Si
1443 3310 1582 3377 quis,
1615 3309 1760 3362 verbi
1787 3306 1986 3377 gratia,
2015 3321 2127 3362 mc-

540 3373 645 3449 rito
672 3374 874 3449 peccati
904 3374 985 3449 sui
1010 3375 1064 3429 in
1097 3391 1364 3442 carcerem
1392 3373 1613 3449 jubente
1635 3373 1836 3449 iustitia
1863 3378 2123 3448 mittatur,

540 3444 679 3519 allus
708 3445 846 3499 adsit
872 3445 955 3501 vir
981 3456 1196 3519 sanctus
1216 3487 1231 3513 ,
1263 3449 1351 3519 qui
1381 3444 1922 3519 eumdem'earcerem
1952 3444 2128 3519 ingre;

541 3513 716 3570 diatur
743 3525 963 3599 propter
987 3518 1129 3599 illius
1154 3513 1570 3574 consolationem
1603 3529 1693 3575 aut
1720 3513 2122 3599 liberationde

541 3586 799 3696 numquid
848 3588 1007 3643 ambo
1050 3588 1102 3643 in
1147 3604 1360 3646 carcere
1401 3606 1465 3645 ex
1503 3605 1605 3644 una
1650 3604 1807 3646 causa
1854 3591 2126 3645 constituti

542 3666 661 3696 cum
729 3655 819 3696 "In
846 3660 1039 3696 micam:
1059 3669 1137 3696 nc!
1193 3661 1281 3696 illa
1311 3662 1727 3696 διιηνηορηρ-’ἷιιο
1756 3676 1964 3696 nmnnm
1995 3663 2126 3696 nali-

541 3655 715 3733 sunt?
724 3655 819 3733 ille
846 3660 1039 3733 missus
1059 3669 1159 3733 851.
1193 3661 1727 3733 ille_iugressus;'ille
1756 3676 1966 3733 pmnam
1995 3663 2127 3731 pati-

543 3733 646 3802 tur,
671 3727 771 3802 ille
816 3730 1232 3786 misericordiam
1273 3727 1416 3786 facii.
1463 3731 1555 3787 Ille
1598 3727 1868 3802 ingressus
1897 3739 1979 3787 est
1996 3727 2126 3788 cum

540 3799 743 3870 voluit,
773 3813 1019 3870 egressus
1046 3810 1130 3857 est
1172 3803 1383 3870 quando
1411 3803 1604 3868 voluit;
1647 3799 1734 3857 ille
1764 3804 1863 3857 nisi
1896 3804 2127 3859 interve-

542 3868 720 3945 niente
764 3868 1088 3945 indulgentia
1118 3868 1263 3927 nullo
1285 3872 1406 3943 jure
1430 3874 1895 3945 poteritliberari.
1926 3874 1995 3928 Et
2026 3874 2127 3931 hoc

541 3938 786 4014 homines
804 3938 976 4014 facere
993 3951 1231 4014 possunt,
1250 3938 1302 3998 et
1323 3938 1577 4014 pra-stant
1598 3944 1762 4000 libere
1787 3944 2125 4014 beneficium,

541 4022 663 4064 cum
698 4010 1113 4088 aliquandosibi
1148 4014 1281 4069 nihil
1320 4010 1535 4088 cupiant
1576 4016 1837 4088 praestari.
1889 4010 2128 4088 Cogitate

543 4093 671 4150 ergo
692 4080 807 4151 jam
843 4082 887 4157 si
919 4083 1060 4157 Dens
1083 4094 1261 4157 potest
1317 4080 1448 4157 pati,
1471 4080 1699 4155 aliqilam
1732 4080 2123 4154 necessitatem,

543 4163 663 4204 cum
714 4152 919 4220 possint
959 4152 1202 4209 homines
1247 4152 1384 4211 bene
1427 4152 1601 4213 facere
1648 4158 1939 4221 voluntate,
1982 4152 2128 4214 milia

543 4221 789 4298 mercede
814 4222 1096 4298 conducti,
1142 4226 1287 4281 nulla
1330 4228 1647 4298 necessitate
1672 4229 1952 4298 compulsi.
1994 4228 2127 4284 Nul-

543 4290 648 4345 lam
688 4306 818 4368 ergo
844 4296 1231 4368 necessitatem,
1256 4298 1449 4367 patitur
1477 4296 1618 4353 Deus
1638 4340 1652 4365 ,
1685 4290 1859 4368 neque
1890 4299 2127 4354 necessi-

544 4370 652 4417 tate
683 4363 805 4419 facit
829 4380 946 4435 quae
973 4367 1117 4435 facit,
1144 4367 1238 4424 sed
1256 4363 1471 4425 summa
1496 4378 1551 4425 et
1580 4363 1832 4427 ineffabili
1855 4370 2129 4428 voluntate

544 4446 609 4488 ac
616 4440 1026 4561 ἕὲῗῧῑῗπωάχν
1286 4476 1291 4479 ⁷
1802 4514 1814 4527 ·

1032 4507 1116 4561 lli.
1155 4541 1225 4553 —
1255 4506 1320 4561 Et
1347 4518 1523 4561 tamen
1552 4527 1647 4561 vos
1676 4528 1814 4561 main

932 4507 1116 4565 XVIII.
1155 4541 1225 4553 —
1254 4506 1320 4567 Et
1347 4518 1523 4569 tamen
1552 4527 1647 4570 vos
1676 4514 1906 4570 maxime
1932 4530 2126 4571 secun-

545 4573 673 4661 dum
703 4592 940 4661 errorem
982 4589 1216 4637 vestrum
1241 4600 1367 4661 -non
1388 4583 1650 4661 debuistis
1672 4598 1943 4661 Opponere
1970 4586 2125 4661 istam

546 4646 1016 4730 contradictionem
1044 4692 1058 4717 ,
1090 4667 1192 4730 qua
1226 4654 1420 4730 dicitis,
1452 4656 1588 4730 Quid
1611 4646 1812 4730 facturi
1854 4658 2129 4730 erantin-

545 4714 646 4798 (ἱειξί
680 4716 999 4798 Ὀιιιιξᾳοηδρ
1039 4714 1203 4798 nollet
1247 4726 1314 4798 ab
1361 4714 1439 4782 eis
1462 4714 1622 4798 wpati?
1663 4727 1784 4798 quia
1834 4728 2127 4784 secundum

545 4789 780 4872 equdem
807 4788 1495 4872 Manichzeiblasphemias,
1508 4788 1751 4854 Christus
1776 4815 1991 4872 carnem
2022 4815 2128 4856 non

547 4857 749 4939 habuit,
780 4875 879 4939 dcc
906 4861 1101 4939 aliquid
1129 4881 1157 4939 a
1187 4857 1397 4939 Judaais
1427 4857 1614 4939 passus
1651 4880 1751 4925 est.
1789 4870 1877 4927 Sic
1902 4871 2043 4926 enim
2073 4872 2126 4925 in

547 4930 1141 5011 epistdlaFundamenti
1170 4938 1296 4993 dicit
1324 4955 1338 4992 :
1375 4930 1618 4995 Inimicus
1640 4942 1843 5011 quippe,
1875 4941 1960 5010 qui
1988 4958 2130 4996 eum-

546 4999 1014 5084 demﬂalontorem
1026 5014 1279 5084 laetorum
1306 5019 1496 5080 patrem
1531 4999 1842 5084 cruci/iniisse
1866 4999 1920 5067 se
1956 5030 2132 5084 spera-

546 5076 633 5138 uit,
659 5076 766 5152 ipse
787 5083 860 5152 est
880 5076 1314 5152 molliusque
1328 5090 1547 5152 tempore
1572 5076 1712 5137 aliud
1738 5093 1906 5135 actum
1931 5076 2023 5150 est,
2053 5092 2129 5137 at-

545 5154 640 5230 que
662 5142 802 5230 aliud
821 5142 1091 5230 ostensum.
1114 5142 1362 5230 Princeps
1387 5142 1561 5222 itaque
1587 5142 2130 5230 tenebrarumal’lixus

549 5215 840 5300 estrcrucih
864 5216 1114 5300 idemque
1160 5215 1398 5293 spineam
1442 5215 1695 5300 coronam
1727 5227 1969 5300 portavit
2005 5242 2127 5283 cum

549 5295 657 5367 suis
712 5295 877 5367 sociis
890 5332 919 5367 ,_
959 5299 1280 5367 et__vestein
1313 5297 1615 5352 coccineam
1658 5295 1872 5361 habuit;
1918 5310 2129 5353 acetum

549 5358 705 5442 etiam
752 5369 810 5442 et
851 5358 931 5442 fel
960 5359 1113 5442 bibit,
1143 5363 1284 5435 quod
1330 5358 1870 5442 quidamDominum
1917 5376 2131 5442 potasse

551 5426 786 5507 arbitrati
814 5440 939 5507 sunt
967 5448 980 5485 :
1012 5426 1176 5507 atque
1202 5426 1377 5492 omnia
1402 5454 1518 5507 qua:
1554 5438 1641 5494 hic
1683 5426 1947 5496 sustinere
1985 5441 2131 5497 visus

552 5505 653 5584 est,
691 5501 1031 5584 tenebrarum
1078 5501 1300 5584 ducibus
1355 5501 1581 5581 irrogata
1631 5520 1776 5579 sunt,
1823 5511 1914 5584 qui
1964 5511 2132 5569 clavis

549 5570 708 5623 etiam
742 5580 794 5624 et
819 5571 999 5630 lancea
1030 5578 1292 5634 vulnerati
1313 5590 1454 5636 sunt.

1094 5678 1163 5738 τ-
1187 5650 1383 5738 inquid
1400 5668 1528 5738 ergo
1551 5654 1840 5738 Opponitis,
1868 5656 2127 5738 dicentes,

717 5711 902 5800 facturi
922 5727 1076 5800 erant
1103 5707 1530 5800 Judzei'Cbrisib,
1562 5707 1611 5800 si
1627 5707 1813 5800 'nollet
1827 5707 1919 5783 ab
1929 5707 2020 5785 eis
2031 5707 2130 5800 E51

790 5785 865 5872 de
894 5789 1144 5872 passione
1165 5792 1330 5872 ipsius
1360 5795 1429 5849 ita
1458 5781 1721 5865 sentiatis,
1748 5781 1803 5872 ut
1823 5781 2131 5872 non'ipsilnl

549 5850 718 5915 Deum
751 5850 964 5930 passum
986 5850 1197 5935 aliquid
1210 5850 2131 5947 ίηιοοτροέεέὶιοζὶέἁ’ᾖίῖίὶιὲἱρἑὲῆ

1616 351 1704 409 DE
1740 351 1899 410 FIDE
1933 340 2211 411 CONTRA
2246 347 2679 408 MANICHAEOS.

2221 466 2559 522 tenebrarum
2587 462 2676 521 illa
2702 462 2883 519 omnia
2913 474 3124 534 passum
3150 463 3383 533 putetis?
3410 462 3610 523 Contra
3639 465 3805 526 ﬁdem

2215 546 2391 608 autem
2422 546 2659 594 nostram
2686 535 2954 608 quomodo
2978 538 3076 590 ista
3104 537 3414 606 opponitisl

2285 606 2509 665 CAPUT
2548 606 2720 664 XXXI
2743 638 2812 649 —
2841 607 2950 663 Nos
2972 608 3114 663 enim
3144 608 3430 674 credimus,
3462 617 3523 666 ut
3547 609 3602 665 in
3629 610 3811 668 Evan-

2215 679 2655 751 gelioscriptum
2709 687 2810 746 est,
2861 678 3272 751 quia_Cbristus
3324 680 3489 735 voluit
3543 683 3697 751 pati,
3749 692 3806 739 et

2215 748 2427 821 (quando
2448 748 2615 806 voluit
2643 765 2829 821 passus
2854 748 2953 805 est.
2977 748 3089 821 Non
3112 751 3254 804 enim
3275 752 3489 821 quando
3514 748 3803 810 voluerunt

2214 820 2382 877 Judaei
2403 864 2418 888 ,
2467 819 2765 892 passionem
2798 822 2964 891 ipsam
2994 819 3252 894 fecerunt.
3296 819 3562 878 Volebam
3585 825 3805 894 quidem

2216 901 2399 965 tenere
2418 902 2472 965 et
2495 893 2757 955 occidere,
2781 900 2837 948 et
2850 892 3138 965 secundum
3158 892 3486 948 voluntatem
3511 892 3666 949 suam
3696 897 3804 963 jam

2217 962 2548 1047 perfecerant
2574 962 3318 1047 scelus.Aquodcomtbantur,
3347 976 3401 1047 et
3424 966 3531 1047 ian!
3553 968 3636 1047 nti.
3653 962 3808 1047 ςγέηι

2218 1036 2587 1090 immanissimi
2618 1036 2839 1105 peccati,
2871 1036 2990 1105 quia
3022 1036 3292 1102 volebant,
3325 1036 3533 1091 etiamsi
3562 1036 3697 1092 nihil
3729 1036 3809 1092 fo-

2215 1106 2415 1161 cissent
2460 1123 2473 1161 :
2520 1116 2711 1178 tamen
2745 1106 2832 1161 ille
2871 1106 2959 1178 qui
2991 1115 3305 1178 potestatem
3346 1105 3530 1162 habuit
3576 1108 3811 1178 ponendi

2217 1178 2449 1232 animam
2479 1192 2628 1232 suam
2655 1176 2834 1237 (Joan.
2866 1174 3040 1244 en),
3072 1177 3284 1245 quando
3308 1179 3477 1233 voluit
3502 1174 3598 1233 eos
3628 1178 3807 1235 facere

2255 1249 2497 1311 ermisit;
2529 1249 2616 1316 qui
2658 1246 2953 1318 legionibus
2985 1249 3305 1317 Angelorum
3335 1250 3502 1318 potuit
3527 1250 3719 1319 jubere
3750 1258 3807 1305 ut

2251 1319 2384 1375 υάςιιί
2414 1320 2645 1389 perirent
2668 1360 2697 1383 ,
2726 1319 2810 1375 vel
2836 1334 2941 1374 uno
2970 1320 3134 1375 verbo
3158 1334 3257 1375 suo
3284 1335 3474 1376 omnes
3499 1321 3808 1378 interimere

2247 1387 2432 1442 Matth.
2458 1406 2599 1445 \XVI.
2633 1390 2749 1445 53).

2306 1398 2432 1442 atth.
2458 1406 2599 1451 \XVI,
2633 1398 2749 1451 55).

2219 1390 2432 1460 (Matth.
2458 1406 2599 1451 \XVI,
2633 1390 2749 1462 53).

2234 1529 2249 1533 Α
2288 1459 2513 1533 ΟΑᾹΡΗΤ
2542 1461 2730 1516 XXXI.
2774 1472 2845 1503 ‘-—-
2888 1461 3143 1516 Dominus
3171 1477 3300 1533 ergo
3336 1461 3583 1519 Christus
3610 1476 3806 1519 secun-

2217 1529 2342 1586 dum
2368 1530 2639 1604 hominem
2663 1548 2819 1604 quem
2850 1534 3103 1602 suscepit,
3135 1529 3324 1604 passus
3352 1543 3434 1589 est
3465 1553 3479 1589 :
3510 1544 3566 1589 et
3601 1534 3808 1588 nullum

2219 1602 2517 1657 membrum
2563 1602 2691 1671 ejus
2718 1603 2875 1658 hodie
2911 1602 3191 1659 tenetur}
3221 1604 3420 1660 Judteis
3448 1605 3533 1661 vel
3564 1606 3808 1660 mortalis

2219 1675 2458 1745 corporis
2483 1674 2622 1744 quod
2651 1684 2978 1745 susceperat,
3025 1677 3164 1730 sicut
3202 1691 3361 1745 supra
3388 1674 3643 1731 diximus.
3675 1675 3806 1730 Nam

2218 1744 2351 1799 deus
2372 1753 2569 1813 vester,
2599 1761 2631 1799 ο
2652 1744 2925 1801 Maniclnei
2942 1788 2958 1812 ,
2981 1747 3099 1801 labe
3124 1762 3187 1802 ac
3200 1744 3449 1801 vastitate
3468 1747 3809 1816 impendente

2221 1831 2436 1888 pressus
2453 1825 2535 1871 est
2560 1830 2583 1881 ;'
2606 1833 2710 1870 non
2729 1817 2894 1872 libera
2912 1818 3183 1873 voluntate
3199 1818 3533 1887 processitad
3554 1833 3807 1888 pugnam,

2218 1887 2311 1960 sed
2341 1889 2656 1960 necessitate
2685 1888 2991 1960 compulsus
3020 1898 3136 1960 est;
3181 1886 3279 1943 nec
3326 1886 3582 1957 prmstarc
3607 1886 3807 1958 aliquid

2218 1958 2404 2023 voluit,
2460 1958 2553 2013 sed
2598 1958 2847 2015 resistere
2890 1959 3203 2016 conabatur.
3250 1960 3350 2027 Qui
3400 1961 3562 2014 etiam
3613 1960 3669 2013 in
3714 1973 3810 2013 sua

2220 2029 2536 2095 substantia,
2570 2045 2674 2085 non
2702 2032 2756 2085 in
2780 2040 3031 2100 suscepto
3061 2030 3272 2085 mortali
3297 2045 3541 2098 corpore,
3571 2029 3811 2085 devora-

2220 2107 2305 2154 tus
2324 2110 2483 2172 atque
2508 2102 2826 2156 commixtus
2851 2111 2934 2156 est
2957 2120 2970 2156 :
2998 2101 3087 2172 qui
3118 2118 3180 2156 ex
3216 2110 3362 2170 parte
3388 2101 3539 2156 hodie
3568 2109 3805 2172 tenetur,

2224 2186 2289 2243 ex
2334 2171 2483 2243 parte
2523 2173 2574 2227 in
2605 2172 2764 2242 globo
2806 2188 3018 2242 semper
3048 2172 3333 2227 tenebitur.
3376 2171 3438 2225 Et
3476 2180 3661 2243 tamen
3688 2171 3809 2243 quis

2221 2240 2358 2298 ferat
2385 2254 2490 2297 tam
2538 2240 2880 2298 incredibiles
2911 2240 3290 2313 blasphemias,
3322 2256 3446 2314 quas
3472 2240 3561 2297 isti
3587 2240 3656 2295 de
3686 2242 3805 2311 ipsa

2222 2315 2468 2383 passione
2496 2314 2703 2368 Domini
2734 2314 2970 2384 proferre
2998 2312 3101 2368 non
3128 2312 3413 2368 dubitant?

2295 2384 2519 2440 CAPUT
2541 2381 2756 2439 XXXII}
2789 2416 2857 2426 —
2884 2385 3081 2440 Omnes
3108 2385 3369 2453 Apostoli,
3399 2396 3584 2438 omnes
3609 2381 3809 2452 lingua

2221 2456 2510 2511 rationales
2537 2456 2819 2510 Dominum
2850 2456 3116 2511 Christum
3150 2470 3364 2526 passum
3395 2470 3513 2509 esse
3542 2453 3807 2526 clamant;

2222 2529 2395 2582 omnis
2421 2542 2549 2580 sana
2582 2527 2711 2582 fides
2736 2528 3005 2582 Christum
3036 2542 3130 2597 pro
3155 2525 3312 2580 nobis
3340 2540 3556 2596 passum
3587 2525 3811 2597 conilte-

2223 2606 2308 2652 tur
2338 2617 2350 2651 :
2400 2607 2454 2653 et
2496 2597 2813 2652 Manicbmus
2845 2596 3056 2668 iniquus
3099 2597 3370 2652 daemones
3396 2597 3511 2668 illas
3536 2596 3810 2665 passiones

2225 2669 2417 2723 asserit
2450 2669 2755 2740 pertulisse.
2787 2668 2901 2740 Non
2932 2666 3073 2723 enim
3103 2679 3381 2740 propterea
3408 2666 3539 2722 dicit
3564 2680 3660 2740 eos
3686 2680 3811 2740 pas-

2222 2754 2331 2803 sos,
2371 2736 2491 2809 quia
2538 2738 2605 2793 de
2636 2739 2765 2808 ipsis
2796 2739 3052 2794 Dominus
3090 2736 3456 2809 triumphavit,
3503 2744 3560 2809 et
3588 2736 3658 2809 de
3684 2736 3811 2809 ipsis

2221 2825 2321 2865 nos
2361 2807 2454 2880 per
2476 2807 2787 2897 patientiam
2815 2809 3143 2937 triumphare
3170 2807 3355 2866 docuit
3381 2827 3395 2864 :
3426 2807 3524 2867 sed
3551 2807 3678 2881 quia
3708 2807 3812 2865 Do-

2223 2882 2428 2935 minum
2456 2880 2728 2937 Christum
2760 2890 2957 2937 necant
2999 2880 3229 2937 labuisse
3252 2896 3473 2937 carnem
3501 2881 3807 2937 mortalem.

2223 2882 2428 2955 mutum
2456 2880 2728 2955 Christum
2760 2890 2957 2955 negant
2981 2880 3229 2955 habuisse
3252 2896 3473 2940 carnem
3501 2880 3807 2955 mortalem.

2224 2950 2428 3023 Quibus
2474 2953 2719 3020 dicimus,
2751 2953 2809 3009 Si
2835 2950 2941 3009 non
2980 2952 3208 3009 habebat
3249 2970 3465 3010 carnem
3510 2952 3811 3023 mortalem,

2223 3022 2350 3095 quid
2379 3033 2494 3080 erat
2523 3025 2665 3096 quod
2696 3032 2981 3096 tenuerunt
3017 3023 3220 3079 Judtei?
3267 3025 3393 3096 quid
3426 3030 3549 3079 erat
3590 3022 3733 3096 quod
3763 3023 3812 3096 in

2224 3090 2383 3151 cruce
2415 3090 2719 3165 pendebat?
2746 3096 2872 3166 quid
2910 3096 3181 3151 confixum
3210 3090 3326 3152 erat
3349 3095 3513 3150 clavis
3540 3090 3768 3163 in‘liguo
3792 3090 3816 3144 τ

2226 3167 2348 3237 quid
2404 3176 2487 3220 est
2529 3181 2843 3236 percussum
2893 3167 3096 3233 lancea,
3131 3167 3272 3221 unde
3314 3166 3548 3237 sanguis,
3579 3172 3635 3218 et
3679 3176 3811 3237 aqua

2226 3233 2624 3305 profluxitTSi
2664 3238 2803 3292 enim
2853 3238 2966 3292 visa
3007 3246 3136 3292 sunt
3183 3245 3385 3293 tantum
3416 3233 3553 3291 'lieri
3584 3245 3639 3290 et
3682 3233 3816 3305 facta

2226 3302 2331 3363 non
2358 3317 2500 3371 sunt,
2522 3308 2889 3377 phantasmata
2910 3318 3063 3362 erant
3086 3325 3099 3373 ;
3124 3308 3275 3377 quod
3302 3309 3451 3363 nel'as
3476 3316 3558 3361 est
3578 3302 3817 3361 credere.

2297 3378 2524 3434 CAPUT
2553 3378 2791 3434 XXXIII.
2820 3409 2891 3419 —
2916 3378 2972 3434 Si
3001 3388 3175 3433 autem
3202 3394 3327 3435 vere
3358 3378 3493 3433 facta
3519 3386 3645 3430 sunt
3669 3419 3684 3444 ,
3714 3391 3815 3430 non

2227 3458 2404 3523 tamen
2430 3451 2481 3505 in
2508 3466 2669 3523 write
2697 3451 2940 3523 mortali,
2967 3450 3061 3523 sed
3090 3452 3143 3505 in
3178 3451 3289 3523 ipsa
3321 3450 3509 3523 divina
3524 3448 3813 3523 substantia

2226 3520 2363 3577 facta
2406 3536 2526 3577 esse
2576 3521 2785 3587 dicitis,
2835 3518 3143 3577 mutabilem
3188 3518 3308 3578 esse
3367 3520 3542 3575 dicitis
3587 3518 3816 3573 divinam

2228 3592 2577 3648 substantiam
2597 3635 2612 3660 ,
2641 3605 2696 3647 et
2722 3592 2988 3648 visibilem
3024 3594 3232 3647 carneis
3266 3592 3433 3647 oculis
3455 3634 3469 3658 ,
3496 3598 3553 3645 et
3576 3589 3813 3660 palpabi-

2229 3662 2332 3718 lem
2364 3665 2571 3719 carneis
2617 3664 2881 3727 manibus,
2927 3672 2982 3718 et
3025 3664 3404 3721 vulnerabilem
3446 3662 3590 3717 ferto
3642 3678 3657 3715 :
3704 3674 3817 3731 quze

2227 3748 2416 3789 rursus
2441 3736 2587 3789 nefas
2617 3743 2699 3789 est
2725 3735 2965 3791 credere.
3012 3734 3081 3789 Et
3123 3734 3243 3790 ideo
3289 3735 3414 3789 dum
3452 3734 3605 3787 timet
3647 3731 3819 3786 dicere

2227 3803 2570 3876 Manichznus,
2595 3806 2719 3876 quia
2746 3807 2845 3860 ista
2876 3804 3010 3860 facta
3038 3821 3141 3860 non
3170 3815 3326 3871 sunt;
3367 3813 3423 3860 et
3443 3805 3640 3858 iterum
3668 3803 3815 3857 timet

2230 3874 2429 3943 dicere,
2470 3879 2592 3946 quia
2615 3874 2673 3932 iu
2716 3876 2895 3933 divina
2932 3876 3227 3932 substantia
3272 3876 3408 3931 facta
3434 3882 3589 3938 sunt;
3633 3882 3818 3946 etnon

2228 3947 2342 4019 vult
2380 3942 2646 4015 ceniiteri,
2688 3949 2809 4019 quia
2842 3962 2941 4019 nec
2971 3947 3266 4017 intelligere
3308 3946 3526 4019 potuit,‘
3552 3942 3820 4019 quomodo

2228 4017 2393 4073 Filius
2433 4019 2529 4075 Dei
2571 4035 2663 4091 per
2691 4015 2868 4091 quem
2896 4017 3029 4091 facta
3067 4015 3192 4091 sunt
3222 4015 3441 4091 omnia,
3485 4015 3608 4091 sine
3642 4015 3818 4085 aliqua

2229 4090 2523 4160 mutatione
2555 4086 2639 4147 vel
2661 4086 3093 4160 coinquinatione
3126 4088 3322 4144 divina:
3348 4086 3817 4160 substanticesnze,

2228 4159 2501 4217 hominem
2528 4177 2651 4216 cum
2684 4156 2842 4216 earn'e
2871 4160 3167 4229 susceperit
3213 4179 3225 4213 :
3258 4170 3476 4215 coaetus
3508 4167 3591 4212 est
3619 4156 3818 4229 dicere,

2229 4232 2351 4302 quia
2381 4248 2486 4289 non
2510 4232 2773 4297 Christus,
2803 4230 2896 4287 sed
2926 4227 3173 4302 princeps
3195 4233 3684 4302 tenebrarumcum
3709 4227 3819 4281 suis

2228 4298 2389 4358 sociis
2416 4304 2503 4358 illa
2530 4305 2705 4358 omnia
2747 4298 2945 4372 passus'
2970 4310 3069 4357 est.
3111 4298 3329 4358 Miseri!
3381 4315 3482 4355 non
3518 4298 3817 4372 timetisne

2229 4372 2435 4428 dicatur
2461 4375 2610 4429 vobis
2645 4375 2695 4428 in
2718 4369 2938 4444 judicio,
2967 4373 3078 4443 Ego
3102 4387 3197 4428 eos
3225 4372 3463 4437 liberavi,
3488 4384 3589 4441 pro
3621 4369 3822 4444 quibus

2227 4459 2419 4525 passus
2444 4461 2591 4556 sum;
2634 4440 2735 4512 ite,
2756 4445 2846 4500 ille
2870 4459 2965 4500 vos
3004 4440 3217 4514 liberet,
3258 4444 3345 4500 cui
3372 4440 3517 4499 meas
3553 4440 3823 4496 ascribitis

2227 4530 2499 4556 “RQQIHHD;

2297 4530 2532 4572 8810116ἣῖ

2227 4531 2789 4658 ῳὲλοέῧῖΧΧΧΝ.
2810 4617 2881 4628 -
2894 4586 3079 4658 Dicitis
3100 4601 3292 4658 magno
3312 4599 3517 4651 errore,
3530 4582 3629 4658 sed
3647 4589 3823 4658 tamen

2229 4656 2423 4724 dicitis,
2449 4658 2714 4713 Christum
2736 4657 2974 4728 quotidie
2992 4659 3160 4727 nasci,
3185 4653 3419 4728 quotidie
3437 4655 3567 4726 pati,
3589 4653 3825 4728 quotidie

2229 4730 2386 4784 mori.
2409 4722 2677 4798 Numquid
2697 4722 2832 4785 forte
2858 4731 2912 4785 in
2940 4722 3004 4786 iis
3028 4731 3115 4799 qui
3140 4722 3383 4794 credunt,
3408 4722 3463 4784 et
3488 4722 3827 4799 projlomine

2229 4800 2397 4872 ipsius
2422 4794 2789 4856 tribuiationes
2831 4794 3165 4872 mortemque
3211 4794 3520 4871 patiuntur?
3568 4794 3713 4872 Non,
3743 4795 3853 4872 ine,

2230 4866 2435 4942 quium,
2451 4872 2542 4927 sed
2558 4873 2608 4925 in
2624 4873 2936 4942 cucurbitis,
2950 4881 3005 4927 et
3025 4866 3296 4941 in'porris,
3317 4881 3368 4926 et
3386 4872 3438 4942 in
3458 4866 3758 4939 portulaca,
3777 4871 3831 4920 et

2231 4941 2283 5019 in
2305 4943 2511 4999 cteteris
2532 4941 3036 5019 hUjUSlllOleCUUS.
3054 4943 3233 5019 magna
3253 4941 3500 5019 ridicula,
3514 4953 3710 5019 magna
3727 4951 3829 5019 ca;-

2232 5014 2365 5069 citas
2397 5032 2410 5068 :
2441 5009 2685 5084 superius
2714 5015 3049 5083 passionibus
3076 5009 3379 5069 daanonum
3404 5010 3538 5084 ,_hic
3568 5009 3831 5082 passioni-

2231 5084 2331 5140 bus
2358 5082 2564 5140 olerum
2598 5082 2841 5155 homines
2865 5084 3156 5140 liberantur
3181 5099 3209 5136 a
3236 5082 3492 5155 peccatis.

2306 5155 2530 5213 CAPUT
2576 5154 2797 5211 XXXV.
2842 5186 2917 5197 —
2963 5156 3091 5212 Item
3133 5146 3254 5211 cuni
3284 5156 3362 5210 eis
3400 5153 3656 5219 dicimus,
3698 5146 3836 5220 Quid

2234 5226 2437 5282 factura
2464 5238 2579 5304 erat
2597 5228 2717 5304 _Deo
2739 5243 2886 5304 gens
2898 5229 3237 5304 tenebrarum
3261 5266 3291 5304 ,_
3320 5225 3566 5304 si_noll_et
3593 5239 3720 5279 cum
3750 5222 3833 5304 illa

2233 5298 2509 5425 Bugnarc?
2550 5298 2760 5383 Dicunt,
2807 5298 2947 5382 Nihil
2996 5300 3110 5383 fieri
3148 5299 3318 5382 potuit
3362 5298 3474 5352 Deo
3514 5298 3841 5377 incorrupti-

2275 5370 2349 5424 ιιι.
2382 5370 2498 5425 Non
2525 5386 2666 5425 enim
2697 5387 2741 5425 sa
2768 5386 2888 5425 auis
2913 5371 3060 5425 verbi
3086 5378 3277 5425 gratia.
3310 5370 3579 5425 snhaeram
3606 5374 3840 5422 vitream

2275 5366 2498 5442 ili.tNon
2525 5372 2666 5427 enim
2697 5370 2741 5425 si
2768 5371 2888 5442 quis
2913 5371 3060 5427 verbi
3086 5366 3277 5441 gratia,
3310 5370 3579 5442 sphaeram
3606 5366 3840 5422 vitream

2234 5441 2462 5497 solidam
2494 5442 2756 5512 unguibus
2779 5438 3012 5497 lacerare
3033 5438 3289 5512 voluerit,
3304 5438 3507 5512 aliquid
3527 5438 3579 5512 ei
3599 5448 3841 5512 unquam

2234 5511 2397 5569 faciet
2421 5506 2620 5569 saevitia
2651 5514 2905 5583 unguium
2926 5528 3163 5568 suorum.
3187 5510 3295 5568 Sed
3322 5513 3367 5568 si
3395 5506 3480 5567 vel
3510 5510 3676 5583 talem
3698 5506 3839 5583 sub-

2234 5588 2485 5667 stantiam
2515 5578 2751 5667 divinam
2774 5585 2863 5667 isti
2884 5601 3003 5667 esse
3028 5585 3307 5667 fingerent,
3342 5578 3840 5667 momnis-Saevum

2234 5658 2411 5727 gentis
2456 5658 2797 5713 tenebrarum
2848 5657 2969 5712 talis
2994 5656 3060 5712 ad
3108 5653 3254 5711 illam
3279 5664 3423 5711 esset
3448 5697 3466 5723 ,
3495 5653 3683 5727 quales
3713 5658 3841 5727 sunt

2236 5722 2444 5805 ungues
2463 5730 2749 5805 lacerantis
2776 5728 2842 5784 ad
2863 5728 3127 5799 sphaeram
3153 5729 3398 5805 vitream,
3415 5722 3535 5805 non
3565 5722 3703 5805 dens
3732 5723 3838 5805 hia.

2236 5793 2429 5872 nicbmi
2463 5801 2620 5872 hodie
2652 5804 2860 5872 luctum
2895 5793 3176 5872 pateretur
3200 5799 3268 5855 de
3296 5798 3460 5872 partis
3484 5812 3598 5853 suae
3628 5793 3842 5872 abscis-

2234 5871 2387 5933 slone
2428 5869 2516 5934 vel
2557 5871 2844 5935 amissione
2888 5866 3089 5947 {quam
3127 5866 3339 5945 partem
3365 5868 3572 5942 dicunt,
3619 5880 3754 5925 cum
3782 5866 3838 5925 in
