2063 3219
184 189 256 219 1119

186 244 317 282 tractibus
328 246 371 273 vel
390 245 419 273 in
433 244 522 274 herbis
534 247 622 281 fuerit,
638 248 666 276 id
687 251 738 282 est,
760 248 786 275 in
801 247 916 279 melone,
931 246 974 274 vel

184 280 257 313 beta,
271 281 313 309 vel
324 281 419 319 talibus
433 283 522 315 rebus,
535 287 562 310 et
577 280 735 319 principium
746 291 822 311 suum
837 288 863 311 et
873 282 974 319 medie-

186 320 267 343 tatem
283 322 309 344 et
323 318 401 344 linem
412 323 508 350 nosse;
524 318 583 346 cum
596 324 684 347 autem
696 320 727 346 ad
740 327 847 346 carnem
863 318 973 350 venerit,

185 358 293 390 omnem
309 353 509 390 intelligentiam
522 355 642 382 amittere
657 364 664 382 :
683 358 711 382 ut
723 359 865 390 propterea
889 354 976 388 magi-

185 391 242 414 ster
258 388 411 425 horninibus
420 389 566 422 missussit,
580 391 641 425 quia
654 388 732 417 stulta
748 388 840 417 inrillis
853 388 923 416 facta
934 392 976 425 est

184 430 247 460 pars
262 423 324 455 Dei;
339 428 365 460 et
379 428 516 460 propterea
530 423 628 453 nou’sit
638 426 736 453 missus
746 425 905 457 melonibus,
914 423 976 460 quia

184 459 332 492 sapientein
348 458 446 485 habent
461 460 587 487 animam.
896 467 901 471 '

220 493 334 530 CAPUT
350 493 469 521 XXXVI.
489 510 526 516 ——
546 497 610 530 Quis
625 497 673 524 ista
685 496 777 525 credat
789 496 831 523 vel
844 494 878 522 ab
889 495 976 521 homi-

184 528 262 555 nibus
275 529 415 567 aliqnaudp
425 551 432 563 ,
448 529 489 567 vel
511 528 578 558 inter
600 532 721 559 homines
735 539 813 567 posse
827 530 899 567 dici?
910 566 913 567 ν
923 529 976 557 Sed

183 568 273 604 tamen
288 565 423 604 quomodo
441 566 506 604 nihil
520 567 581 604 mali
598 567 695 604 patitur
708 565 852 594 substantia
874 566 915 593 dei
931 573 977 592 ve-

184 602 234 632 tri,
251 607 312 626 cum
333 605 359 627 et
380 602 405 627 in
422 603 507 635 pomis
521 602 624 635 ligatur.
641 607 668 630 et
682 603 708 630 in
722 610 801 630 carne
815 605 973 633 exctccatur,

184 635 225 672 vel
241 642 300 661 cum
317 636 409 672 volens
430 637 517 664 redire
529 637 652 672 dejicitur
665 638 698 665 ad
720 643 804 665 terras
816 645 830 664 a
846 642 923 672 gente
937 640 975 663 tc-

178 670 346 708 uebrarum‘l
368 671 420 698 Sed
433 673 455 698 si
475 672 539 700 nihil
552 670 576 700 ei
591 674 650 700 mali
662 674 772 708 contigit
786 673 826 700 vel
837 670 974 708 contingit,

184 704 259 742 @lsa
275 706 363 742 onmia
386 711 448 734 sunt
470 716 529 741 qua;
551 709 712 736 Manichatus
726 704 793 735 dixit
815 709 841 735 in
857 704 975 742 Epistula

183 740 371 773 Fundamenti,
386 749 446 776 quae
459 740 537 777 caput
549 749 590 771 est
604 745 722 771 omnium
736 751 861 771 vanarum
875 740 975 770 fabula-

183 782 258 814 rum;
285 777 327 814 vel
352 777 376 803 in
400 777 546 811 Thesauro,
571 780 614 814 qui
634 780 775 807 thesaurus
796 785 836 806 est
856 779 975 806 omnium

183 811 375 849 turpitudinum
391 817 417 839 et
430 811 664 849 blasphemiarum,
681 816 721 842 vel
736 816 761 842 in
775 814 879 842 etetcris
889 814 976 840 omni-

182 846 329 885 buslibris,
343 848 368 874 iu
383 849 477 885 quibus
488 846 559 877 iauta
571 851 728 885 loquacitate
738 850 802 877 nihil
813 849 882 876 aliud
896 856 975 885 quam

180 881 365 918 infelicitatem
379 881 534 912 substantite
550 881 616 918 Dei,
635 894 712 918 quatn
728 886 898 913 commixtam
906 881 977 910 'dicit

183 894 365 909 nnencnatem
379 894 534 912 substantiae
550 894 596 913 uel
609 908 616 918 ,
654 894 712 913 nam
728 894 898 913 commixtam
912 894 976 910 (non

183 917 348 951 principibus
363 920 542 953 tenebrarum,
557 926 583 948 et
594 922 618 948 in
633 894 728 948 divinis
742 920 884 947 virtutibus
898 919 976 946 tristi-

179 953 257 985 tiam,
271 958 382 991 propter
392 955 466 991 illam
478 963 599 991 magnam
614 956 818 983 sollicitudinem
833 960 861 982 ut
877 955 975 982 libere-

184 991 237 1021 tur,
251 989 374 1025 aflirmat.
392 989 457 1017 Nam
477 989 569 1018 revera
589 992 654 1018 nihil
671 992 750 1024 mali,
764 996 808 1018 aut
823 992 917 1025 potuit,
932 993 977 1016 aut

183 1024 280 1057 poterit
290 1025 343 1062 pati
353 1025 503 1062 substantia
517 1027 579 1059 Dei;
596 1035 645 1054 nec
665 1027 779 1062 aliquem
796 1024 875 1053 habet
888 1026 977 1062 inimi-

181 1066 260 1098 οῑῌῐιι
277 1060 321 1094 (Illi
335 1060 391 1098 cjus
404 1065 506 1098 partem
519 1062 662 1096 ingenitam
677 1060 830 1097 corrumpat
842 1070 848 1087 :
865 1061 912 1098 sed
926 1060 976 1087 ho-

182 1096 346 1131 minessunt
362 1096 415 1122 Deo
430 1097 470 1123 vel
484 1098 571 1130 potius
589 1098 640 1124 sibi
662 1098 760 1124 inimici
773 1096 793 1131 ,⁷
807 1104 859 1123 non
874 1096 977 1122 obtem—

182 1130 452 1167 perandoprteceptis
468 1132 525 1165 Dei,
541 1137 568 1160 et
580 1130 809 1167 Cupiditatibus'se
819 1132 905 1167 potius
918 1138 978 1158 cor-

183 1165 349 1200 rumpendo,
365 1174 415 1192 non
434 1167 525 1194 Deum.

220 1199 333 1227 CAPUT
345 1201 476 1229 XXXVII.
490 1217 526 1222 ——
539 1203 656 1230 Duorum
669 1210 733 1230 vero
745 1202 977 1230 Testamentorum

183 1235 353 1271 concordiam
369 1238 481 1271 simplici
493 1239 570 1266 octtlo
586 1238 723 1266 intendere
734 1238 755 1265 si
769 1237 882 1270 velletis,
897 1244 913 1263 0
924 1236 979 1264 Μαι

183 1270 290 1303 nichtci,
312 1270 436 1300 facillime
452 1273 585 1301 videretis.
608 1273 710 1301 Rabide
729 1274 799 1301 enitn
821 1272 935 1300 ferimini
951 1272 977 1299 in

183 1305 210 1332 id
225 1306 294 1340 quod
316 1308 441 1344 scriptum
466 1313 516 1342 est,
543 1308 730 1344 Spirituerei
755 1309 881 1344 ferebatur
903 1315 979 1343 super

183 1348 275 1378 aquam
297 1342 374 1376 (Gen.
388 1351 406 1375 I,
431 1343 478 1377 2);
499 1348 535 1376 et,
566 1344 633 1371 Vidit
657 1343 725 1371 Deus
745 1342 804 1378 quia
827 1343 918 1370 bonum
935 1342 980 1370 est

183 1375 275 1416 (ΕΜ.)
291 1378 352 1413 10);
365 1382 404 1416 et,
416 1375 497 1416 Adam
508 1375 549 1416 ubi
560 1388 584 1416 es
596 1380 701 1416 (14.71".
712 1378 739 1416 9)
748 1375 759 1405 ‘?
768 1383 807 1416 ct1
816 1378 884 1416 Deus
893 1377 979 1416 zeians

184 1410 280 1452 (Exod.
292 1410 410 1452 xx',’_5)r;
425 1418 460 1446 et,
473 1415 538 1452 ignis
553 1410 617 1442 edax
631 1415 718 1452 (Deut.
730 1410 771 1452 ἰγῘ
792 1413 857 1450 2i);
873 1418 910 1446 ct,
924 1413 980 1452 gla-

183 1445 241 1485 dius
255 1456 324 1475 meus
337 1445 393 1485 (Id.
405 1445 493 1483 xxxii:
501 1449 556 1485 42),
570 1455 597 1477 et
615 1445 712 1477 caetera
726 1450 787 1477 talia
801 1458 809 1476 ε
826 1445 877 1485 non
891 1445 978 1485 coiisi-

183 1481 320 1519 derantes,
332 1481 393 1519 quia
405 1485 427 1511 si
443 1481 509 1512 alius
523 1481 559 1512 ita
572 1493 659 1513 caecus
672 1486 716 1519 sit,
736 1490 764 1512 ut
781 1484 979 1519 reprehendere

182 1517 251 1556 velit
260 1518 322 1556 illud
339 1517 442 1556 Domini
456 1520 526 1555 quod
542 1521 568 1548 in
584 1517 724 1556 Evangelia
737 1517 835 1548 dictum
849 1524 901 1552 est,
917 1518 978 1546 Non

177 1553 280 1588 jurabis
293 1562 337 1588 per
350 1554 441 1581 cretum
454 1553 594 1589 ,ἠιιοηίίιυι
608 1553 680 1583 sedes
698 1560 734 1583 est
754 1556 801 1582 Dei
813 1564 822 1587 ;
841 1563 919 1590 neque
934 1562 979 1589 per

182 1592 285 1626 terram,
303 1589 425 1626 eueniant
439 1590 574 1617 scabellum
593 1595 628 1618 est
651 1592 742 1626 pedum
761 1591 816 1626 ejus
829 1590 935 1625 (Matth.
949 1598 976 1625 ν,

183 1623 244 1660 ξ5);
261 1629 289 1660 et
301 1624 352 1651 hoc
371 1625 441 1652 dicat
455 1626 525 1660 quod
539 1633 586 1654 vos
599 1623 664 1654 mira
685 1623 818 1657 dementia
831 1623 920 1653 dicere
934 1623 978 1653 so-

183 1658 253 1697 ictis,
268 1658 479 1697 Ubi_eratDeu‘s
493 1666 634 1697 antequam
650 1666 721 1689 esset
731 1662 829 1697 etclam
844 1665 870 1687 ct
884 1661 977 1697 terra?

182 1693 236 1721 Aut
258 1695 329 1731 quod
353 1696 479 1730 scriptum
494 1700 545 1730 est,
564 1693 604 1723 'Et
625 1698 731 1724 miratus
754 1701 790 1724 est
810 1696 885 1723 Iesus
899 1695 974 1731 (Luc.

182 1736 236 1762 vn,
254 1730 301 1766 _9);
325 1738 384 1757 cum
399 1731 489 1758 mirari
505 1739 585 1759 nemo
598 1732 691 1763 soleat,
708 1732 758 1758 nisi
775 1732 808 1758 de
822 1739 852 1758 re
864 1739 923 1766 qua:
938 1731 975 1758 illi

181 1768 240 1801 erat
253 1764 383 1800 incognita
401 1775 407 1792 ε
421 1767 513 1793 videre
525 1771 614 1794 autem
627 1767 687 1801 quia
701 1767 799 1793 bonum
812 1770 862 1798 est,
872 1764 930 1792 'non
942 1766 977 1792 sit

182 1799 338 1836 ignorantis,
360 1801 407 1828 sed
432 1801 492 1836 quia
513 1802 610 1836 placuit
630 1799 655 1829 ei
668 1802 737 1836 quod
758 1801 829 1828 fecit.
845 1802 897 1828 Aut
911 1801 975 1827 illud

182 1835 253 1871 q_uod
276 1836 401 1870 scriptum
426 1835 467 1863 est
489 1835 593 1865 dicente
610 1835 730 1870 Domino,
750 1837 812 1869 Quis
835 1844 875 1862 me
897 1836 975 1871 tetigit

184 1869 314 1908 (Id._v_tn,_
323 1870 427 1908 ἀξίη-ει
438 1872 471 1899 de
485 1871 597 1905 Lalaro,
614 1872 662 1899 Ubi
677 1872 794 1908 posuistis
808 1879 864 1898 eum
877 1870 886 1906 (
895 1869 973 1898 latin.

182 1912 208 1932 ιι
221 1926 228 1943 ,
242 1905 277 1943 54
330 1905 438 1943 εις-ξαρ
448 1908 502 1934 veni
513 1916 562 1934 non
573 1905 771 1943 pacemriuittere
783 1915 857 1943 super
871 1905 973 1940 terram,

183 1941 227 1967 sed
240 1941 353 1979 giadiuut
367 1941 471 1978 (Matth.
484 1951 511 1973 χ,
527 1941 590 1979 5i);
603 1948 643 1979 et,
659 1942 749 1978 Ignem
759 1941 817 1969 veni
834 1943 931 1979 mittere
948 1943 975 1979 in

182 1977 303 2015 mundum
316 1977 395 2015 (Luc.
409 1986 454 2015 xu,
471 1978 533 2015 49);
545 1977 582 2012 et,
602 1978 666 2015 Veni
678 1977 704 2005 ut
717 1979 759 2014 qui
771 1985 824 2015 (non
838 1977 974 2015 vident-vi-

183 2012 266 2049 deant,
284 2018 306 2039 et
318 2011 360 2048 aui
373 2013 455 2040 vident
471 2011 530 2041 σαιὶὶ
541 2014 603 2048 ﬁant
616 2014 704 2049 (Joau.
717 2011 761 2049 ix,
770 2013 814 2049 39)
827 2021 834 2046 ;
851 2018 887 2046 ct,
909 2011 975 2040 Ven-

184 2047 234 2074 dite
243 2055 282 2074 res
297 2054 408 2085 vestras,
418 2053 441 2075 et
455 2050 528 2085 emite
545 2049 612 2076 vobis
621 2047 722 2085 'gladios
735 2047 894 2085 (Luciixxn,
907 2048 952 2085 ag)
965 2057 972 2082 ;

182 2084 374 2119 etApostolus,
387 2083 447 2110 Zelo
463 2084 509 2111 Dei
523 2093 564 2111 ros
579 2083 632 2111 zelo
645 2084 676 2119 (ll
690 2083 747 2111 Cor.
759 2092 796 2117 xt,
810 2084 856 2118 2);
871 2088 908 2116 et,
921 2083 973 2110 Ile-

182 2118 303 2154 tjglabitur
325 2119 363 2145 ira
393 2119 440 2146 Dei
461 2120 492 2146 de
514 2120 575 2146 caelo
596 2118 672 2154 super
701 2128 799 2146 ontnem
822 2119 975 2154 impietatem

183 2153 269 2187 (Rom.
282 2162 300 2186 I,
313 2154 373 2188 18);
390 2161 416 2182 et
430 2159 523 2182 eastern
540 2153 722 2182 inume’rabilia
735 2155 768 2181 ab
779 2155 835 2189 ipso
850 2154 972 2188 Domino,

182 2189 224 2215 vel
238 2190 271 2216 ab
282 2190 416 2224 Apostolis
428 2190 497 2217 dicta
519 2190 562 2217 vel
580 2190 658 2223 facta,
674 2198 731 2225 qua:
746 2190 912 2225 insanissime
931 2197 975 2224 po-

183 2228 272 2251 terunt
294 2225 414 2252 homines
433 2232 557 2252 accusare
578 2233 631 2252 non
652 2224 839 2260 intelligentes.
865 2224 931 2252 Nam
947 2228 974 2252 et

183 2260 255 2286 avari
268 2260 308 2286 vel
322 2260 443 2295 ﬂagitiosi
457 2265 567 2295 possunt
581 2261 657 2288 aliter
669 2261 790 2295 accipere
804 2260 874 2295 quod
889 2260 973 2287 Domi-

183 2303 233 2323 nus
248 2295 293 2328 ait,
309 2296 375 2322 utsi
396 2296 454 2331 quis
474 2296 604 2323 dimiserit
617 2303 676 2331 quas
695 2296 784 2328 habet,
809 2296 971 2331 septuplum,

183 2335 228 2357 aut
240 2332 317 2358 etiam
343 2330 494 2365 centuplum
517 2332 542 2358 in
564 2332 613 2359 hoc
630 2331 727 2359 saeculo
739 2330 850 2366 accipiat
866 2330 971 2366 (Matth.

184 2374 240 2398 xtx,
262 2366 325 2402 29);
340 2372 384 2393 aut
397 2367 418 2394 si
432 2367 526 2401 aliquis
539 2374 648 2395 uxorem
660 2388 667 2400 ,
682 2367 804 2394 ancillam
814 2388 822 2400 ,
835 2367 878 2394 vel
893 2367 972 2394 etiam

182 2403 336 2438 meretrices
355 2402 488 2430 dimittere
507 2407 615 2438 propter
635 2403 775 2430 Dominum
788 2402 869 2435 velit,
883 2409 930 2438 spe
946 2402 973 2429 il-

182 2437 234 2463 lius
249 2437 476 2473 multiplicationis
491 2438 579 2471 faciat,
596 2445 648 2466 non
668 2446 758 2465 amore
774 2437 894 2473 justitice.
908 2437 973 2473 Pos-

182 2476 245 2499 sunt
257 2472 335 2499 etiam
351 2472 469 2509 horrere,
492 2474 561 2501 male
582 2474 760 2509 intelligentes
777 2472 849 2508 quod
871 2473 916 2505 ait,
941 2472 972 2500 Si

181 2508 238 2543 quis
253 2516 303 2534 non
315 2508 501 2535 manducauerit
513 2517 614 2536 carnem
628 2508 720 2542 meam,
735 2514 760 2536 et
770 2509 855 2535 biberit
868 2509 972 2542 sangui-

182 2542 238 2569 item
245 2551 340 2580 (meum,
354 2552 406 2580 twn
419 2543 516 2580 habebit
526 2544 552 2570 in
564 2552 590 2571 se
599 2545 675 2571 vitam
688 2544 776 2580 ({oan.
789 2552 825 2577 vt,
834 2542 891 2580 54).
902 2543 971 2580 Nam

202 2579 251 2606 uod
274 2579 320 2611 ait,
347 2578 398 2612 Qui
413 2578 504 2614 dixerit
526 2580 600 2614 fratri
620 2588 677 2613 suo,
694 2579 787 2612 Fatue,
802 2587 858 2606 reus
870 2578 916 2606 erit
930 2587 972 2614 ge-

182 2586 251 2640 quoa
274 2586 320 2611 ait,
347 2586 396 2612 unt
413 2586 504 2606 autem
526 2586 600 2614 [ram
620 2588 677 2613 sua,
694 2586 787 2612 ratue,
802 2587 858 2606 reus
872 2586 916 2606 erit
930 2587 971 2614 ge-

201 2621 271 2642 ennw
289 2614 354 2650 ignis
380 2612 486 2651 (Matth.
511 2622 537 2648 v,
557 2614 603 2649 22)
628 2624 634 2642 :
654 2615 675 2642 si
696 2614 888 2651 dicantrstulti,
903 2615 971 2642 Ecce

181 2657 231 2684 pro
250 2650 368 2678 convicio
380 2650 529 2685 gehennam
544 2651 660 2677 minatur
670 2671 677 2683 ,
693 2658 772 2685 quem
786 2650 873 2677 dicitis
888 2651 970 2677 mise-

181 2686 313 2713 ricordem
332 2688 470 2721 ignoscere
490 2690 596 2720 peccata
609 2695 615 2712 :
630 2693 718 2713 nonne
733 2686 854 2720 ignorant
868 2685 911 2712 ubi
925 2693 970 2712 ca-

181 2725 228 2756 put
249 2720 381 2755 habeant,
400 2725 427 2749 et
441 2726 527 2749 tamen
543 2720 642 2756 aliquid
657 2721 706 2749 sibi
721 2721 842 2748 videntur
861 2720 971 2748 dicere?

180 2757 234 2784 Aut
251 2757 384 2792 quomodo
399 2761 451 2784 tam
466 2758 562 2785 tnultas
579 2758 681 2784 animas
695 2757 828 2785 nccaudas
841 2756 970 2783 dmmoui-

181 2792 232 2820 bus
245 2793 271 2820 in
287 2793 374 2828 porcis
390 2793 497 2819 tradidit
513 2792 586 2827 (Luc.
604 2800 661 2828 vm,
679 2792 737 2828 52),
753 2792 893 2828 cumrtalcs
912 2793 969 2819 ani-

181 2836 240 2856 mas
262 2827 356 2856 dicatis
380 2836 438 2855 esse
461 2836 599 2862 porcorum
619 2829 711 2862 quales
734 2832 795 2855 sunt
813 2827 971 2855 hominum?

181 2864 234 2891 Aut
246 2864 378 2899 quomodo
392 2864 524 2893 arborem,
543 2865 567 2890 in
583 2872 633 2898 qua
646 2863 756 2896 fruetus,
771 2864 832 2898 quia
847 2872 899 2891 non
914 2868 972 2891 erat

181 2898 295 2935 tempus,
304 2908 356 2937 non
367 2900 480 2937 invenit,
487 2899 567 2926 verbo
576 2899 676 2937 aridam
686 2899 747 2937 fecit
758 2898 852 2937 (Marc.
862 2907 901 2937 ιι,
913 2899 970 2937 15),

181 2940 261 2973 (tuam
272 2936 386 2967 animam
398 2935 588 2971 intelligentem
601 2935 687 2965 dicitis
698 2935 815 2965 habere?

909 163 1097 216 APPENDIX:

1739 191 1822 221 ’1150

1067 243 1180 281 CAPUT
1193 243 1338 273 XXXVIII.
1358 259 1394 266 —
1413 245 1482 273 Ecce
1503 246 1601 281 quanta
1615 245 1774 281 iniquissimi
1795 254 1822 277 et

1029 280 1097 316 caici
1108 280 1229 307 homines
1242 281 1275 307 de
1288 281 1383 308 divinis
1393 282 1505 316 eloquiis
1514 280 1627 316 possunt
1640 280 1739 316 dicere,
1753 284 1822 313 sicut

1029 323 1076 342 vos
1092 315 1118 341 in
1134 323 1164 342 ca
1178 323 1237 350 qua:
1252 316 1362 351 mystice
1380 315 1452 344 facta
1470 315 1531 344 sunt
1543 318 1584 345 vel
1598 318 1668 345 dicta
1683 319 1709 345 in
1722 315 1821 346 veteri-

1029 351 1079 377 bus
1100 351 1186 377 Libris
1207 351 1358 385 ignorantes
1381 352 1504 383 ferimini,
1522 358 1551 379 ut
1571 358 1672 380 temere
1691 355 1821 382 accusetis

1029 385 1098 420 quod
1114 393 1165 413 non
1181 387 1334 421 intelligitis.
1352 387 1413 414 Hrec
1425 392 1513 415 autem
1526 395 1585 415 cum
1598 388 1632 415 de
1646 389 1719 416 Novo
1726 389 1822 417 Testa-

1029 426 1120 460 mento
1134 422 1208 460 vobis
1222 422 1339 460 objecta__
1347 422 1453 460 fuerint,
1480 422 1567 460 dicitis
1580 423 1669 451 divina
1691 429 1718 451 et
1742 425 1821 460 spiri-

1031 457 1111 483 tualia
1125 457 1273 490 signiﬁcare
1290 467 1297 484 :
1319 458 1422 485 Veteris
1435 462 1522 485 autetn
1538 459 1700 486 Testamenti
1715 457 1822 488 satietas

1026 491 1131 530 litteras
1143 492 1252 530 ﬁgurate
1265 501 1342 530 posse
1357 494 1441 528 accipi
1455 494 1566 529 negatis,
1577 501 1637 521 cum
1652 500 1679 522 et
1694 495 1750 530 ipse
1764 495 1818 523 D0-

1030 528 1118 565 r_niu_ns
1142 529 1253 562 ligni-ate
1281 529 1341 556 inde
1365 528 1613 563 quaedam’dixerit,
1633 535 1661 557 et
1684 528 1821 565 apostolus

1029 562 1126 601 Paulus
1147 564 1241 601 omnia
1250 562 1399 601 illiipopulo
1415 565 1441 591 in
1457 565 1536 599 ﬁgura
1558 562 1708 601 contigisse
1722 567 1821 594 scribat

1029 597 1051 632 (I
1076 597 1134 635 Cor.
1154 607 1188 635 ις,
1215 600 1270 635 ll).
1294 597 1358 627 Nam
1382 604 1410 627 et
1436 597 1491 634 ipse
1513 597 1644 634 regulam‘
1657 607 1818 634 monstrans,

1029 634 1109 660 multa
1126 634 1186 661 inde
1204 636 1334 669 exposuit.
1359 635 1412 663 Sed
1427 635 1495 663 forte
1510 636 1598 663 dicitis
1611 637 1688 663 solita
1703 637 1820 665 vanitate

1028 672 1055 695 et
1069 669 1164 696 obtuso
1175 670 1255 697 corde
1272 675 1363 697 contra
1389 671 1469 698 Deum
1484 671 1526 698 vel
1548 672 1665 705 Apostoli
1677 673 1821 700 auctorita-

1030 709 1082 731 tem
1098 705 1245 739 loquentes,
1263 705 1366 742 veteris
1378 706 1616 734 To-stamentidicta
1633 708 1728 742 exponi
1740 715 1818 742 pror-

1027 746 1075 766 sus
1090 748 1143 778 nou
1152 748 1242 775 posse,
1256 741 1341 778 solum
1357 746 1444 769 autem
1457 742 1558 769 Novum
1575 743 1601 769 in
1615 742 1710 770 talibus
1723 741 1821 778 exponi

1028 782 1116 813 posse.
1126 776 1217 813 Ettion
1230 776 1468 813 consideratisnon
1479 786 1525 805 vos
1537 778 1636 805 habere
1645 778 1708 813 quid
1719 776 1817 811 dicere,

1029 810 1050 836 si
1071 811 1105 838 ab
1119 811 1178 847 aliis
1193 812 1281 846 impiis
1301 812 1376 839 vobis
1395 812 1514 844 dicatur,
1528 813 1612 840 Vetus
1625 810 1711 847 potius
1724 814 1821 847 exponi

1027 852 1116 883 posse,
1132 846 1233 873 Novum
1245 854 1296 873 non
1312 855 1400 881 posse.
1416 848 1489 875 Mens
1503 852 1589 875 autem
1600 846 1664 875 sana
1679 846 1821 883 utrumque

1029 880 1226 918 Testamentum
1240 880 1413 909 considerans
1423 904 1430 914 ,
1449 891 1622 918 quaecumque
1637 884 1662 915 in
1677 892 1730 911 uno
1745 880 1821 911 inve-

1028 917 1097 952 ucrit
1120 918 1311 951 expositionem
1333 917 1482 952 admittere,
1507 919 1564 945 sine
1586 918 1666 946 dubio
1686 919 1712 946 in
1738 920 1821 946 altero

1028 951 1182 989 declarabit.
1199 953 1308 980 Multum
1323 958 1432 988 apparet
1453 954 1584 987 imperitia
1597 959 1696 988 vestra,
1715 955 1757 981 vel
1771 962 1820 989 po-

1028 987 1082 1014 tius
1095 988 1203 1024 malitia.
1230 987 1364 1016 Attendite
1387 989 1412 1015 in
1433 989 1542 1016 Actibus
1563 989 1663 1021 Leucii,
1688 987 1754 1024 quos
1771 987 1821 1017 sub

1028 1023 1338 1059 noniincApostolorum
1353 1023 1465 1057 scribit,
1481 1024 1567 1059 qualia
1584 1025 1636 1051 sint
1650 1023 1710 1059 qtae
1723 1025 1820 1058 accipi-

1030 1058 1062 1094 tis
1076 1057 1109 1094 de
1124 1058 1363 1094 illaximillaruxorc
1381 1059 1472 1094 Egetis
1487 1057 1496 1087 ἐ
1512 1062 1573 1094 'qute
1587 1067 1646 1086 cum
1659 1057 1744 1086 nollet
1763 1057 1820 1086 ma-

1028 1092 1080 1119 rite
1094 1093 1211 1120 debitqu
1228 1093 1351 1126 reddere,
1372 1092 1431 1121 cuin
1453 1092 1594 1128 Apostolus
1613 1095 1717 1127 dixerit,
1741 1094 1821 1121 Uxori

1027 1128 1066 1163 uir
1078 1127 1188 1155 debitum
1199 1130 1302 1159 reddat.
1318 1130 1432 1156 similiter
1445 1135 1468 1156 et
1478 1127 1545 1156 uxor
1559 1130 1611 1157 viro
1626 1129 1683 1163 (Μ.
1698 1137 1731 1156 vtt
1743 1151 1750 1161 ,
1772 1130 1820 1163 5);

1029 1162 1074 1190 illa
1096 1165 1264 1198 supposuerit
1285 1165 1380 1192 marito
1403 1173 1451 1192 suo
1470 1166 1591 1191 ancillam
1612 1162 1687 1192 suam
1702 1165 1820 1192 Eueliam

1028 1199 1146 1231 nomine,
1159 1207 1293 1227 exornans
1303 1208 1372 1232 eam,
1388 1200 1455 1227 sicut
1468 1200 1503 1227 ibi
1517 1200 1643 1234 scriptum
1659 1204 1709 1231 est,
1724 1200 1821 1227 adver-

1030 1234 1108 1261 sariis
1124 1234 1262 1262 lenociniis
1276 1240 1302 1262 et
1316 1236 1491 1263 l‘ucationibus
1502 1256 1508 1266 ,
1523 1240 1550 1262 et
1564 1243 1621 1262 eam
1637 1240 1715 1263 nocte
1729 1243 1777 1270 pro
1792 1242 1822 1263 se

1029 1270 1154 1297 vicariam
1170 1278 1331 1305 supponens,
1355 1275 1384 1298 ut
1405 1271 1449 1297 illc
1473 1271 1604 1303 nesciens,
1629 1278 1689 1297 cum
1708 1278 1739 1298 ea
1763 1275 1822 1298 tan-

1030 1312 1109 1339 quam
1134 1313 1193 1332 cum
1217 1314 1298 1333 uxore
1319 1306 1519 1333 concumberet.
1536 1306 1573 1333 lbi
1592 1306 1672 1333 etiam
1693 1306 1821 1340 scriptum

1030 1344 1088 1372 est,
1103 1341 1173 1375 quod
1194 1349 1254 1369 cum
1270 1341 1363 1368 eadem
1378 1341 1520 1369 Maximilla
1542 1346 1567 1368 ct
1582 1341 1725 1375 lphidatnia
1740 1342 1820 1369 simul

1030 1375 1114 1412 issent
1135 1376 1168 1404 ad
1191 1377 1352 1404 audiendum
1369 1377 1517 1411 apostolum
1532 1376 1680 1408 Andream,
1694 1377 1820 1412 puerulus

1030 1411 1137 1445 quidam
1152 1412 1298 1447 speciosus,
1318 1420 1397 1447 quem
1410 1412 1465 1439 vnit
1480 1412 1591 1439 Leucins
1613 1412 1654 1439 vel
1672 1412 1764 1445 Deum,
1780 1412 1821 1439 vel

1031 1450 1104 1474 certe
1116 1447 1240 1482 angelum
1261 1448 1388 1482 intelligi,
1404 1447 1630 1475 commcndavcrit
1649 1454 1694 1474 eas
1708 1448 1821 1475 Andreae

1030 1482 1151 1516 apostolo
1169 1491 1174 1508 :
1189 1487 1214 1509 et
1227 1483 1376 1518 porrexerit
1395 1483 1428 1510 ad
1449 1482 1602 1517 praetorum]
1625 1482 1724 1517 Egetis,
1738 1488 1764 1510 et
1779 1483 1819 1509 in-

1030 1525 1137 1551 gressus
1152 1518 1298 1545 cubiculum
1312 1525 1414 1550 eorum,
1427 1518 1533 1545 ﬁnxerit
1547 1525 1638 1544 vocem
1651 1518 1820 1551 muliebrem,

1030 1553 1104 1586 quasi
1118 1553 1270 1580 Maximillae
1284 1553 1475 1580 murmurantis
1490 1553 1522 1580 de
1534 1552 1671 1580 doloribus
1684 1559 1764 1580 sexus
1779 1553 1821 1580 l'e-

1029 1587 1120 1620 miuei,
1136 1592 1163 1615 et
1175 1587 1326 1623 lphidamite
1337 1588 1531 1623 respondentis.
1546 1588 1610 1621 Qum
1621 1588 1750 1622 colloquia
1759 1595 1821 1615 cum

1028 1623 1149 1650 audisset
1173 1623 1277 1658 Egetes,
1297 1624 1409 1651 credens
1432 1631 1478 1651 eas
1504 1623 1538 1650 ibi
1561 1631 1630 1656 esse,
1657 1623 1820 1650 discesserit.

1028 1658 1096 1692 Quid
1111 1658 1143 1686 ad
1158 1658 1207 1686 hoc
1220 1659 1316 1692 dicitis,
1329 1667 1394 1694 rogo
1404 1659 1469 1686 vos?
1482 1659 1569 1692 Quare
1580 1666 1631 1685 non
1643 1658 1729 1685 timuit
1739 1658 1821 1685 Maxi-

1027 1694 1101 1720 milla
1119 1702 1166 1729 per
1180 1695 1362 1728 turpissimum
1378 1695 1538 1721 lenocinium
1557 1694 1660 1720 ancilltc
1671 1701 1726 1720 sua:
1740 1694 1822 1728 ligare

1026 1729 1129 1756 animas
1151 1729 1177 1756 in
1193 1729 1294 1755 carne?
1317 1729 1383 1756 Cum
1404 1734 1491 1756 autem
1513 1728 1584 1755 illum
1610 1729 1746 1763 puerulum
1766 1733 1820 1756 tam

1027 1764 1139 1798 turpiter
1149 1765 1264 1791 credatis
1278 1771 1337 1791 esse
1351 1765 1502 1796 mentitum,
1518 1764 1576 1798 quis
1591 1763 1665 1790 vobis
1680 1763 1770 1790 credat
1781 1764 1821 1790 lo-

1027 1799 1297 1853 ᾳιιθιιιίὺιις,⁹(ιυ3η(10
1307 1799 1329 1826 si
1342 1798 1517 1832 mentiamiui,
1538 1799 1678 1826 Dominum
1689 1806 1738 1826 vos
1751 1798 1818 1826 dici-

1027 1835 1059 1853 Iic
1072 1834 1167 1853 imilari

1026 1835 1060 1861 tis
1072 1834 1184 1861 imitari‘l

1061 1869 1174 1897 CAPUT
1187 1869 1308 1897 XXXIX.
1321 1885 1357 1891 —
1369 1869 1422 1897 Sed
1432 1878 1479 1897 vos
1492 1870 1638 1897 temeritate
1647 1869 1718 1904 pleni
1732 1868 1819 1897 adhuc

1025 1904 1120 1932 irruite
1134 1906 1160 1932 in
1177 1910 1281 1933 veteres
1295 1906 1388 1939 Libros
1398 1926 1405 1938 ,
1418 1910 1446 1933 ut
1461 1914 1519 1941 qua:
1532 1905 1641 1933 nescitis
1651 1925 1658 1937 ,
1671 1905 1759 1940 potius
1774 1912 1818 1941 ac:

1025 1947 1119 1967 cusare
1138 1948 1216 1975 quam
1234 1941 1338 1969 discere
1360 1940 1493 1968 laborctis.
1516 1941 1687 1968 Considerate
1709 1948 1768 1975 qua:
1783 1940 1819 1967 ibi

1025 1976 1151 2003 miracula
1166 1977 1229 2003 sint.
1248 1977 1276 2004 Si
1296 1977 1430 2004 miraculis
1447 1976 1511 2004 Novi
1524 1976 1685 2004 Testamenti
1700 1975 1819 2003 delecta-

1025 2011 1089 2038 mini
1103 2032 1109 2043 ,
1124 2011 1159 2038 ibi
1174 2012 1271 2038 mortui
1287 2013 1373 2046 primo
1397 2012 1514 2039 suscitati
1526 2033 1533 2045 ,
1551 2012 1586 2038 ibi
1610 2011 1709 2045 leprosi
1734 2011 1819 2045 primo

1025 2047 1155 2080 mandati,
1171 2051 1199 2074 et
1213 2047 1263 2074 alia
1277 2048 1357 2074 multa
1372 2055 1431 2082 qutc
1445 2048 1585 2082 diligenter
1599 2050 1626 2073 et
1641 2046 1683 2081 pie
1696 2053 1819 2081 quaaren-

1025 2082 1096 2109 tibus
1116 2081 1151 2109 ad
1171 2082 1351 2109 aediﬁcandam
1376 2081 1455 2110 Iidem
1478 2081 1657 2109 innotescunt.
1680 2081 1707 2109 Si
1729 2086 1818 2108 autem

1025 2117 1102 2144 bonis
1128 2119 1268 2152 praeceptis
1293 2118 1480 2150 delcctamini,
1510 2118 1546 2145 ibi
1572 2117 1695 2152 primitus
1720 2117 1818 2151 scripta

1025 2157 1087 2180 sunt
1100 2153 1144 2180 illa
1158 2153 1210 2179 duo
1222 2157 1351 2188 praecepta
1361 2174 1368 2185 ,
1385 2161 1444 2188 qua:
1455 2153 1604 2180 sublimiter
1619 2153 1745 2179 Dominus
1758 2152 1817 2188 lau-

1025 2188 1071 2224 dat
1080 2188 1112 2215 dc
1123 2188 1256 2223 diligendo
1267 2187 1321 2215 Deo
1331 2193 1358 2215 et
1366 2187 1486 2222 proximo
1498 2188 1604 2224 (Matth.
1614 2195 1682 2220 χχιι,
1694 2188 1738 2219 57,
1752 2187 1797 2223 59)
1809 2196 1815 2214 :

1025 2223 1061 2250 ibi
1074 2224 1229 2251 dimittenda
1242 2224 1350 2255 domus,
1368 2229 1506 2258 parentes,
1522 2224 1583 2257 lilii,
1598 2228 1625 2250 et
1639 2228 1734 2258 ctctera
1755 2230 1818 2258 pro-

1024 2264 1083 2299 pter
1100 2259 1320 2299 [)οιι[ιίιιιιιιι-(1ς1λ
1338 2257 1400 2292 xix,
1417 2259 1461 2294 29)
1472 2259 1629 2299 __:_‘ibi._u0n
1651 2257 1838 2299 reddendtun_

1025 2293 1122 2321 iunium
1139 2303 1187 2328 pro
1200 2293 1270 2321 male
1287 2293 1373 2329 (Rom.
1397 2302 1432 2321 xn
1446 2293 1456 2326 ,⁷
1470 2294 1531 2329 17),
1556 2294 1593 2321 ibi
1615 2293 1745 2329 orandum
1767 2293 1816 2329 prd

1025 2330 1138 2357 inimicis
1152 2329 1256 2365 (Matth.
1272 2337 1297 2362 ν,
1313 2330 1374 2364 44),
1391 2330 1425 2357 ibi
1438 2330 1545 2357 inimico
1556 2328 1744 2365 ignoscendum
1755 2349 1762 2361 ,
1772 2328 1814 2365 ibi

1024 2363 1270 2392 tradendamaxilla
1281 2365 1313 2392 ad
1324 2366 1504 2399 accipiendam
1515 2363 1617 2398 alapam
1632 2363 1706 2400 (Luc.
1717 2371 1754 2396 vt,
1768 2363 1814 2395 27;

1025 2400 1118 2427 Matth.
1133 2409 1166 2433 v,
1186 2401 1232 2436 59)
1249 2410 1255 2427 :
1277 2405 1303 2428 et
1322 2408 1495 2436 quascumque
1516 2401 1541 2427 in
1556 2400 1629 2427 Novo
1645 2399 1815 2436 Testamento

1024 2441 1155 2472 praecepta
1169 2434 1246 2468 sunt,
1260 2444 1313 2463 non
1330 2434 1416 2463 solum
1437 2434 1472 2463 ibi
1486 2435 1608 2472 mandata
1619 2455 1626 2468 ,
1641 2434 1694 2472 _s_cd
1708 2435 1788 2472 etiam
1799 2442 1815 2461 a

1024 2469 1122 2499 sanctis
1144 2472 1208 2499 viris
1231 2472 1304 2499 omni
1327 2472 1461 2507 vigilantia
1483 2471 1625 2504 completa.
1641 2469 1773 2507 Numquid
1789 2473 1816 2497 et

1024 2507 1074 2534 hoc
1090 2508 1187 2542 poterit
1200 2507 1289 2535 dicere
1300 2505 1398 2534 malitia
1409 2511 1507 2539 vestra,
1523 2505 1815 2542 qutecumqueqbonaet

1023 2540 1162 2578 magniﬁca
1175 2543 1210 2570 ibi
1224 2543 1323 2578 scripta
1337 2547 1408 2575 sunt,
1423 2543 1486 2569 falsa
1500 2540 1558 2569 esse
1576 2545 1603 2578 et
1615 2540 1734 2576 apposita
1746 2561 1753 2573 ,
1769 2540 1813 2568 illa
1841 2573 1843 2577 ι

1023 2577 1087 2606 vero
1100 2587 1158 2614 qua}
1169 2586 1221 2606 non
1238 2577 1412 2614 intelligentes
1428 2578 1525 2614 putatis
1545 2577 1613 2604 tnala
1623 2597 1630 2609 ,
1645 2579 1814 2614 ea__tantutu-

1023 2611 1178 2643 modo'vera
1190 2614 1268 2641 csse?
1285 2611 1392 2640 chetis
1405 2611 1475 2640 enim
1489 2613 1627 2640 advertere
1637 2632 1644 2645 ,
1658 2612 1761 2646 aliquos
1775 2611 1814 2638 si-

1024 2650 1122 2677 militer
1134 2650 1230 2685 impios
1240 2649 1274 2676 ita
1285 2648 1319 2676 de
1333 2648 1406 2676 Novo
1421 2648 1592 2685 Testamento
1612 2647 1699 2675 facere
1713 2654 1792 2682 posse
1805 2668 1813 2682 ,

1023 2690 1053 2713 ut
1065 2693 1237 2721 qua‘cumque
1246 2684 1280 2712 ibi
1293 2688 1423 2721 suntqntc
1436 2692 1488 2721 non
1502 2684 1679 2721 intelligentes
1700 2687 1813 2721 putavea
1832 2708 1836 2721 τ

1024 2718 1164 2753 rintniala,
1176 2718 1207 2748 ea
1217 2718 1422 2755 reprehendant,
1434 2726 1460 2748 et
1470 2720 1559 2747 dicant
1572 2720 1628 2755 ipsa
1640 2718 1674 2746 ibi
1686 2725 1750 2755 esse
1757 2718 1813 2744 sola

1023 2764 1104 2789 vrra;
1122 2757 1169 2793 illa
1189 2753 1277 2783 autem
1291 2756 1388 2793 (omnia
1408 2764 1467 2792 qutc
1483 2756 1517 2793 ibi
1534 2753 1814 2793 aperte-magniﬁcam

1023 2797 1095 2825 Sunt,
1113 2792 1200 2819 dicant
1213 2799 1272 2819 esse
1287 2792 1350 2819 l‘alsa
1362 2814 1368 2823 ,
1378 2788 1462 2826 Iatque
1481 2792 1514 2818 ab
1527 2788 1812 2818 alitatoribus'Domini

1024 2828 1153 2864 apposita.
1169 2834 1201 2854 ne
1214 2828 1301 2854 omnia
1316 2828 1468 2855 viderentur
1478 2827 1599 2864 fugienda
1613 2835 1619 2853 :
1633 2830 1662 2864 ut_
1676 2829 1704 2852 et
1722 2830 1768 2864 vos
1777 2826 1815 2864 ,ει

1024 2858 1252 2901 illi-talicugcilate
1269 2864 1405 2901 percussi,
1419 2864 1472 2898 jam
1488 2858 1596 2901 jddica_ti
1608 2858 1815 2901 et'damnatiiu-

1024 2899 1141 2938 giantini.
1159 2897 1274 2926 'l‘andcni
1295 2900 1399 2938 vigilate
1409 2897 1425 2932 ,⁷
1437 2904 1463 2927 et
1477 2906 1492 2926 a
1504 2897 1672 2938 blasphemiis
1687 2897 1815 2938 conquie-

1025 2932 1109 2971 icite,
1129 2938 1208 2971 atque
1231 2932 1348 2964 omniain
1367 2938 1519 2966 sanctarum
1537 2932 1724 2966 canonicam
1741 2932 1815 2963 Scri-

1218 3007 1222 3009 ~
1233 3015 1237 3016 ν
1250 3000 1313 3020 _;;:,'.-.
1327 2999 1416 3014 -ιμῖνιτ-ἰί
1428 3002 1451 3019 ’κη

1389 3027 1405 3032 μ’
1434 3018 1490 3029 ,κμ-
