4126 6462
491 390 624 450 UB!

487 514 761 576 pturarum
785 539 802 567 ,
829 500 872 556 si
891 497 1180 576 Christiani
1217 507 1336 576 esse
1355 494 1617 576 cogitatis
1639 535 1656 562 ,
1693 495 2065 576 auctoritatem

483 563 705 644 recipito
723 589 738 638 ;
759 563 814 628 et
841 587 958 644 quin
979 586 1084 644 non
1110 567 1399 644 intelligitis
1417 609 1433 633 ,
1456 563 1716 622 accusare
1750 566 1913 620 nolite
1933 606 1949 633 ,
1975 563 2070 620 sed

485 638 662 716 potius
679 638 872 716 eorum
884 641 1206 716 intellectum
1229 638 1547 716 desiderate.

556 714 781 771 CAPUT
803 713 914 768 XL.
936 741 1009 751 —
1030 710 1163 765 Nam
1183 709 1340 778 quale
1359 717 1442 763 est
1460 709 1618 763 etiam
1645 706 1794 772 illud,
1817 704 1957 776 quod
1984 720 2072 761 re-

484 787 871 842 surrectionem
893 782 1066 836 carnis
1088 777 1289 859 negatis
1305 779 1328 832 ?
1346 779 1539 833 Paulus
1559 779 1830 859 apostolus
1851 777 2066 859 clamat,

488 858 778 913 Seminatur
818 855 872 906 in
909 852 1226 922 corruptione
1249 891 1263 914 ,
1296 851 1619 922 resurgetoini
1651 850 2067 922 incorruptione;

485 929 758 982 seminatur
781 925 835 978 in
858 919 1180 986 contumelia,
1209 930 1379 990 surget
1409 921 1461 973 in
1489 920 1653 990 gloria
1675 937 1694 984 ;
1713 919 1990 972 seminatur
2006 919 2068 990 in

483 998 794 1065 inﬁrmitate,
825 1003 992 1063 surget
1021 994 1075 1046 in
1097 987 1795 1065 uirtutefsetninaturcorpps
1822 987 2061 1056 animale,

482 1059 651 1137 surget
676 1081 860 1134 corpus
885 1059 1146 1134 spirituale
1171 1063 1215 1185 si
1237 1061 1442 1142 Co_r._xv
1459 1103 1473 1128 ,
1497 1059 1704 1131 42-44).
1730 1060 1798 1113 Et
1823 1075 1915 1113 vos
1936 1073 2066 1114 con-

487 1148 562 1185 tra
591 1135 912 1185 reclamatis.
936 1149 1151 1185 carnem
1197 1147 1408 1185 tomuus
1439 1146 1542 1185 non
1570 1145 1725 1185 nosse
1759 1144 2060 1185 resumere.

487 1133 912 1199 tra'reclamatis,
936 1149 1151 1188 carnem
1181 1133 1408 1185 hominis
1439 1146 1542 1185 non
1570 1145 1725 1199 posse
1759 1144 2060 1198 resurgere,

483 1218 534 1261 et
560 1223 676 1262 eam
703 1205 1036 1281 tenebrarum
1059 1202 1566 1281 princ_ipenl_liabere
1598 1208 1871 1281 auctorem
1891 1216 1923 1281 λ
1940 1215 2064 1281 cum

482 1277 726 1330 eamdem
755 1275 1036 1344 Apostolus
1057 1269 1296 1344 membra
1315 1271 1514 1344 Christi
1533 1281 1585 1326 et
1616 1271 1869 1344 templum
1891 1269 2062 1339 Spiri-

486 1359 570 1401 tus
591 1346 757 1400 sancti
786 1341 903 1400 esse
927 1345 1086 1398 dicat.
1114 1342 1352 1408 Nescitis,
1378 1341 1578 1411 inquit,
1607 1341 1727 1409 quia
1746 1355 1960 1409 corpora
1982 1355 2064 1393 ve-

481 1430 587 1470 stra
612 1415 832 1492 membro
869 1425 985 1492 sunt
1014 1413 1198 1492 (illristi
1231 1411 1340 1483 (Id.
1376 1427 1451 1478 vr,
1481 1411 1609 1492 45)?
1638 1411 1790 1478 Quod
1827 1425 1932 1492 non
1960 1411 2063 1492 uti-

482 1505 586 1556 que
625 1486 916 1556 secundum
960 1485 1317 1556 infirmitatem
1361 1485 2057 1556 praesentiscorruptionis,

482 1551 599 1626 qua:
621 1557 688 1611 de
705 1555 908 1626 peccati
933 1554 1202 1623 originalis
1228 1568 1381 1622 pinna
1408 1551 1681 1626 descendit
1703 1592 1719 1618 ,
1740 1551 1842 1626 sed
1868 1566 2061 1626 secun-

480 1621 607 1682 dum
651 1621 992 1696 adoptionem
1023 1621 1241 1696 intumo
1272 1622 1678 1696 resurrectionis
1721 1621 1849 1696 dicit
1882 1622 2063 1696 :_sicut

481 1699 605 1752 alibi
647 1700 718 1751 ait
741 1692 770 1763 ,’
784 1696 852 1749 Et
880 1696 978 1766 ipsi
1017 1696 1070 1748 in
1108 1694 1247 1748 nobis
1285 1694 1654 1766 ingemiscimus
1678 1731 1707 1766 ,Α
1740 1692 2062 1766 adeptionem

481 1761 852 1838 exspectantes,
875 1761 1284 1838 resurrectionem
1308 1761 1708 1838 corporiinostri
1735 1761 1910 1830 (Rom.
1944 1777 2058 1828 vm,

482 1833 596 1905 ‘25)".
625 1839 761 1893 Alibi
789 1833 947 1891 etiam
985 1836 1226 1890 eamdem
1251 1849 1465 1889 carnem
1485 1833 2061 1905 _Ecclesiao_compara-

483 1902 578 1973 vit,
606 1924 726 1962 cum
747 1908 814 1961 dc
835 1906 1079 1975 conjugio
1099 1905 1438 1974 loqueretur,
1468 1902 1649 1975 dicens
1680 1921 1692 1956 :
1725 1902 1889 1954 Nemo
1929 1903 2061 1975 enim

482 1996 706 2048 unquam
734 1973 947 2048 carnem
969 1973 1128 2048 suain
1151 1973 1275 2048 odio
1293 1976 1478 2048 habet_;
1512 1974 1605 2048 sed
1645 1975 1810 2048 nutrit
1826 1981 1886 2048 iet
1915 1973 2060 2048 [ovet

483 2043 594 2102 eam
617 2091 632 2115 ,
661 2050 788 2124 sicut
816 2045 1043 2124 Christus
1079 2043 1358 2124 Ecclesium
1393 2043 1611 2124 (ξῑιςψεεἶ
1639 2059 1669 2096 v
1689 2084 1703 2108 ,
1747 2043 1882 2124 29)..
1906 2043 2059 2121 Quod

483 2113 732 2187 ergo’alio
761 2119 877 2171 loco
901 2116 1046 2179 dicit,
1072 2113 1200 2168 Caro
1220 2113 1784 2187 concupiscitndversus
1802 2113 2054 2187 spiritum,

480 2183 688 2260 spiritus
715 2197 880 2260 autem
912 2188 1147 2239 adversus
1188 2183 1388 2238 carnem
1417 2183 1642 2260 ((ἔᾳιιζι.Δ
1662 2201 1694 2238 v
1717 2227 1731 2250 ,
1779 2183 1869 2260 1η
1891 2201 1904 2247 ;
1930 2199 2057 2260 _non

479 2254 694 2313 carnem
718 2257 962 2321 damnat,
989 2265 1045 2309 ut
1082 2271 1198 2308 eam
1221 2254 1467 2324 tanquam
1498 2255 1763 2309 inimicam
1789 2254 2059 2308 existime-

481 2345 632 2394 mus;
661 2329 752 2383 sed
787 2327 1037 2381 admonet
1072 2327 1278 2394 potius,
1307 2335 1361 2378 ut
1387 2325 1730 2394 subjugemus
1758 2324 1910 2378 nobis
1938 2340 2058 2379 eam

481 2399 548 2453 ad
578 2400 716 2454 bona
741 2413 900 2467 opera
927 2395 1295 2464 concipienda,
1314 2407 1365 2467 et
1391 2396 1662 2463 parienda,
1687 2403 1744 2448 ut
1761 2395 1906 2467 velut
1929 2410 2059 2449 con-

476 2469 573 2540 jux
601 2465 805 2538 spiritui
845 2469 1039 2540 serviat
1081 2484 1094 2519 :
1129 2467 1269 2540 quod
1293 2466 1421 2520 dicit
1449 2481 1555 2540 rion
1582 2480 1738 2540 posse
1764 2465 1877 2520 fieri
1899 2505 1913 2528 ,
1952 2467 2056 2520 nisi

479 2536 650 2610 gratia
679 2540 771 2593 Dei
811 2554 906 2608 per
931 2538 1110 2592 Jesum
1149 2536 1414 2610 Christum
1460 2536 1744 2610 Dominum
1793 2545 2052 2610 nostrum.

479 2605 594 2664 Non
626 2611 767 2665 enim
795 2605 978 2662 datura
1017 2607 1192 2662 carnis
1211 2647 1226 2671 ,
1256 2607 1348 2661 sed
1393 2621 1548 2675 ptena
1589 2607 1705 2675 ejus
1734 2605 1887 2660 nobis
1914 2607 2058 2660 relu-

479 2690 686 2746 ctatur;
714 2679 832 2750 quia
872 2687 1090 2749 peccato
1131 2677 1421 2731 meruimus
1457 2691 1577 2750 esse
1607 2677 1885 2750 mo_rtales_._
1921 2676 2054 2750 Nam

479 2754 672 2806 iterum
697 2747 843 2811 dicit,
869 2747 1061 2818 Corpus
1086 2747 1574 2818 vesti-uniotemplum
1593 2756 1663 2800 est
1692 2748 1746 2801 in
1773 2747 1911 2800 vobis
1941 2747 2055 2816 Spi-

478 2823 605 2876 ritus
631 2823 792 2875 sancti
822 2820 861 2890 (l
887 2817 1005 2874 Cor.
1038 2817 1254 2890 V519).
1286 2817 1354 2890 Et
1393 2827 1567 2890 tamen
1609 2833 1728 2871 cum
1775 2818 2054 2890 ipsaﬂcaro

477 2901 700 2961 propter
747 2887 1063 2961 praesentem
1113 2887 1708 2961 i_utirmitatem_feuum
1758 2888 2054 2961 appelletur

483 2957 633 3035 (lani.
662 2957 1095 3035 XL,'6_)_;_creditis
1115 2958 1372 3035 Joannem
1400 2959 1465 3012 de
1487 2957 1612 3035 fcno
1628 2973 1815 3011 aurum
1843 2958 2050 3035 fecisse,

479 3028 660 3089 etnon
691 3028 907 3085 creditis
938 3031 1106 3084 Deum
1138 3030 1554 3096 omnipotentem
1582 3029 1650 3082 de
1681 3043 1906 3096 corpore
1933 3028 2052 3081 ani-

480 3104 605 3156 mali
653 3102 925 3169 spirituale
971 3114 1163 3166 corpus
1210 3097 1383 3153 facere
1428 3100 1619 3167 posse?
1663 3097 1794 3152 Nam
1839 3107 2056 3167 propter

477 3174 647 3242 ipsam
674 3169 1143 3242 commutationem
1175 3169 1351 3222 carnis
1371 3210 1386 3232 ,
1415 3184 1534 3242 qua;
1557 3169 1728 3242 l'utupa
1755 3177 1837 3222 est
1855 3209 1868 3231 ,
1915 3184 2054 3236 quo-

478 3237 619 3296 niam
644 3242 711 3296 de
737 3242 835 3294 ista
862 3254 1020 3293 carne
1047 3239 1262 3292 caeleste
1287 3252 1480 3307 corpus
1509 3238 1644 3307 Deus
1671 3237 1902 3291 facturus
1933 3248 2013 3292 est
2035 3279 2051 3305 ,

477 3312 691 3382 quando
717 3313 917 3382 erimus
938 3305 1407 3382 aequalesAngelis
1428 3307 1518 3361 Dei
1550 3305 1762 3382 (.ilatth:
1786 3323 1914 3371 xxu,
1939 3308 2051 3378 50),

478 3377 756 3454 propterea
784 3377 1060 3454 veijssime
1085 3378 1376 3454 dicitidem
1397 3377 1689 3454 apostolus,
1721 3377 1921 3454 Carohet
1945 3377 2058 3432 san-

475 3447 592 3526 guis
615 3449 944 3526 regnumnlgei
971 3467 1070 3503 non
1098 3448 1418 3526 possidebunt
1439 3447 1490 3526 il
1516 3447 1633 3501 Cor.
1664 3463 1731 3502 xv
1755 3490 1770 3526 τ
1795 3448 1909 3526 5_0).

547 3517 769 3578 CAPUT
814 3519 945 3575 XLI.
977 3549 1048 3559 —
1095 3519 1200 3574 Sed
1246 3535 1351 3572 non
1393 3518 1584 3571 mirum
1632 3517 1774 3587 quod
1818 3517 1887 3572 ita
1927 3518 2055 3574 caeci

477 3596 638 3660 estis,
670 3602 726 3646 ut
753 3608 856 3646 non
881 3605 1034 3660 posse
1060 3590 1127 3642 ab
1157 3590 1523 3660 omnipotente
1553 3588 1672 3660 Deo
1691 3589 1788 3641 ista
1815 3588 1926 3642 fieri
1954 3605 2055 3658 pu-

479 3658 634 3718 tetisi
667 3680 786 3717 cum
833 3658 990 3716 etiam
1032 3660 1218 3714 dicatis
1265 3658 1556 3725 mundum,
1596 3659 1680 3712 vel
1721 3660 1896 3713 omnia
1935 3675 2056 3728 quae

477 3735 614 3790 facta
644 3743 784 3796 sunt,
816 3748 920 3786 non
946 3732 1181 3799 potuisse
1206 3730 1360 3783 aliter
1384 3728 1560 3782 facere
1591 3729 1753 3782 Deum
1776 3770 1790 3795 ,
1818 3731 1915 3783 nisi
1944 3745 2056 3784 ma-

475 3820 579 3874 gna
618 3813 673 3858 ct
712 3801 998 3874 miserabili
1030 3799 1375 3874 necessitate,
1426 3807 1480 3874 et
1509 3799 1608 3874 nisi
1646 3809 1789 3854 esset
1833 3801 2054 3874 materia

475 3869 594 3944 quae
630 3875 777 3928 illum
816 3873 881 3926 ad
909 3872 1271 3944 operationem
1297 3869 1479 3944 mupdi
1503 3869 1778 3944 adjuvaret
1800 3912 1814 3937 ,
1855 3879 1910 3924 ut
1934 3870 2057 3944 inde

477 3940 656 4015 posset
681 3940 1060 4015 partem_suam
1103 3941 1352 4015 liberare.
1383 3940 1578 4010 Eligite
1606 3956 1734 4015 ergo
1762 3956 1904 3995 nunc
1927 3940 2056 4015 quid

473 4011 626 4085 sequi
647 4011 820 4069 velitis
843 4031 855 4065 :
889 4013 1052 4085 Deum
1079 4012 1254 4085 minus
1274 4018 1544 4085 potentem
1567 4019 1623 4085 et
1649 4011 1936 4075 infirmum,
1964 4012 2055 4081 qui

477 4081 793 4140 necessitate
823 4081 989 4151 partis
1017 4097 1128 4136 suae
1152 4083 1206 4136 in
1228 4084 1438 4136 miseria
1460 4083 1758 4135 constitutae
1782 4123 1797 4147 ,
1829 4097 1859 4135 a
1882 4090 2054 4135 mate-

476 4157 556 4210 ria
580 4170 736 4224 quam
761 4154 877 4223 ipse
903 4167 1009 4207 non
1039 4153 1274 4224 fecerat,
1305 4161 1362 4206 ut
1385 4152 1655 4224 mundqu
1683 4151 1882 4206 faceret
1906 4153 2056 4224 adju-

479 4234 562 4279 tus
586 4220 686 4288 cst;
711 4220 967 4278 anDeum
993 4223 1413 4292 omnipotentem
1441 4221 1526 4290 qui
1551 4220 1690 4273 nulla
1713 4223 2049 4290 necessitate,

476 4295 569 4350 sed
615 4294 828 4366 propria
856 4293 1127 4366 voluntate
1165 4301 1218 4347 et
1246 4305 1450 4344 summa
1498 4298 1756 4366 potestate
1779 4331 1794 4354 ,
1841 4293 1967 4345 dixit
1991 4300 2057 4366 Aet

475 4360 764 4434 facta'sunt
785 4407 799 4430 ,
832 4363 1086 4418 mandavit
1113 4372 1158 4416 et
1197 4371 1366 4416 creata
1401 4371 1519 4414 sunt
1562 4360 1730 4430 (Psal.
1771 4376 1919 4414 xxxn
1941 4404 1955 4428 ,
1985 4361 2053 4426 9;

478 4435 605 4489 Gen.
629 4452 666 4500 ι,
699 4437 777 4504 5);
802 4436 886 4503 qui
910 4443 1050 4488 vocat
1075 4450 1132 4486 ea
1155 4447 1270 4503 qua:
1292 4449 1393 4484 non
1418 4441 1533 4484 sunt
1557 4472 1570 4496 ,
1603 4440 1844 4501 tanquam
1869 4449 1926 4486 ea
1946 4448 2058 4502 qua:

474 4517 592 4559 sunt
623 4505 794 4574 (Rom.
826 4521 901 4574 iv,
928 4505 1038 4574 Π).

428 4575 522 4616 ο*
545 4571 771 4630 CAPUT
796 4573 957 4628 XLII.
985 4571 1056 4613 —'——
1082 4572 1190 4627 Vos
1218 4585 1346 4643 ergo
1373 4571 1644 4637 homines,
1665 4571 1767 4643 qui
1810 4572 1910 4626 ista
1958 4572 2058 4627 im-

474 4648 670 4718 pietate
692 4643 964 4718 Manichtei
993 4643 1122 4718 estis
1164 4642 1410 4711 decepti,
1445 4642 1899 4718 fugite,_fes_tinate
1929 4643 2056 4718 dum

477 4713 628 4782 iicet,
674 4730 741 4770 ne
778 4713 1173 4771 damnationem
1220 4722 1473 4768 :nteruam
1502 4714 1569 4768 ab
1597 4713 1689 4767 illo
1711 4713 1854 4782 justo
1876 4714 2057 4783 judice

473 4787 808 4842 mercantini.
837 4786 1098 4841 Poeniteat
1135 4798 1229 4838 vos
1256 4792 1591 4854 peccatorum
1630 4795 1962 4850 vestrorum,
2011 4785 2058 4838 si

475 4859 668 4928 cupitis
694 4857 930 4922 liberari;
959 4867 1012 4911 et
1037 4854 1201 4928 nolite
1230 4855 1422 4928 audire
1443 4854 1760 4928 Maniclueos
1785 4855 2020 4928 dicentes
2039 4894 2056 4920 ,

477 4925 592 4983 Non
616 4943 894 4997 peccamus
919 4942 1015 4981 nos
1034 4967 1050 4992 ,
1075 4925 1183 4997 hoc
1208 4933 1306 4989 est,
1337 4925 1528 4979 animae
1556 4925 1687 4979 lucis
1706 4966 1721 4992 ,
1749 4925 1844 4979 sed
1875 4934 2057 4993 peccat

473 4996 986 5070 genstenebrarum.
1009 4996 1084 5070 __Si
1116 4997 1256 5070 enim
1291 4997 1361 5049 ita
1382 5005 1480 5060 est,
1511 5011 1675 5070 quare
1699 5009 1796 5049 nos
1820 5006 2021 5070 terrent
2040 5035 2056 5060 ,

479 5066 536 5123 ut
555 5069 632 5124 eis
655 5067 972 5124 credamus?
1003 5067 1116 5120 Non
1143 5067 1284 5121 enim
1315 5075 1535 5136 possunt
1561 5066 1759 5129 dicere,
1787 5067 1909 5134 quia
1937 5066 2060 5118 inti-

477 5139 668 5195 delitas
692 5155 799 5193 non
824 5147 907 5192 est
927 5145 1198 5208 peccatqu
1221 5155 1244 5208 ί
1269 5153 1390 5191 cum
1417 5138 1670 5208 scriptum
1703 5137 1801 5202 sit,
1835 5137 1933 5200 Qui
1960 5153 2061 5190 non

479 5211 654 5274 credit,
677 5211 792 5280 jam
805 5206 1065 5280 judicatus
1095 5218 1166 5280 est
1188 5206 1372 5277 (Joan.
1400 5223 1476 5280 ut,

550 5277 776 5335 CAPUT
803 5279 986 5333 XLIII.
1012 5309 1083 5318 --
1110 5279 1165 5334 Si
1193 5295 1320 5348 ergo
1347 5277 1629 5348 infidelitas
1653 5284 1925 5346 peccatum
1957 5286 2058 5344 est,

481 5358 536 5405 et
581 5367 687 5405 non
737 5361 918 5420 peccat
966 5349 1066 5404 nisi
1115 5347 1663 5420 gens’tcncbrarum,
1695 5357 1860 5402 restat
1891 5357 1947 5401 ut
1995 5351 2062 5404 ab

481 5422 628 5476 omni
658 5419 875 5490 peCcato
917 5436 1039 5490 pars
1067 5419 1196 5474 lucis
1236 5419 1483 5472 immunis
1519 5419 1833 5473 inveniatur.
1849 5420 2062 5475 ‘Omnes

483 5507 611 5560 ergo
649 5491 714 5545 ad
742 5507 962 5560 regnum
994 5492 1252 5556 redeunt,
1282 5491 1403 5558 quia
1431 5490 1527 5559 ipsi
1561 5505 1667 5543 non
1714 5500 1934 5557 peccant
1968 5509 1979 5543 :
2009 5499 2064 5546 et

483 5507 541 5546 er
579 5507 611 5545 Ο
649 5507 714 5545 30
742 5507 962 5560 regnum
994 5507 1217 5546 redeunt
1239 5531 1252 5556 ,
1282 5507 1403 5558 quia
1431 5507 1527 5559 lpSl
1561 5507 1667 5543 IiOﬂ
1714 5507 1934 5557 peccant
1968 5509 1979 5543 Σ
2009 5507 2059 5546 ει

483 5507 613 5616 niﬁil
644 5563 930 5617 timendum
959 5571 1042 5618 cst
1068 5561 1222 5615 alicui
1249 5562 1440 5615 anima:
1464 5601 1479 5625 ,
1520 5560 1642 5629 quia
1672 5560 1802 5614 nihil
1835 5570 2017 5630 peccat
2044 5578 2059 5615 :

481 5645 536 5687 et
563 5633 694 5687 falsa
734 5644 857 5686 sunt
883 5649 1003 5703 qua:
1035 5632 1350 5687 Manichacus
1379 5631 1538 5696 dicit,
1571 5633 1884 5703 succisivam
1925 5632 2064 5703 lucis

479 5713 687 5772 partem
707 5745 722 5770 ,
757 5703 857 5758 hoc
881 5701 998 5767 est,
1026 5704 1230 5757 animas
1261 5703 1592 5772 peccatriccs,
1611 5701 1849 5756 damnari
1877 5701 1939 5756 ad
1970 5717 2062 5756 cu.

479 5771 708 5828 stodiam
745 5775 918 5843 globi,
963 5782 1022 5827 ut
1063 5773 1238 5842 aliqua
1263 5771 1536 5829 securitas
1567 5771 1760 5843 divinis
1806 5773 1983 5842 regnis
2010 5773 2063 5828 in

475 5845 713 5914 pericqu
752 5841 1060 5902 constitutis
1103 5841 1320 5901 tandem
1373 5841 1658 5918 aliquando
1702 5841 2060 5918 comparetur.

1588 382 1676 439 DE
1717 380 1874 438 FIDE
1904 376 2177 438 CONTRA
2213 377 2647 436 MANICH/EOS.

3629 385 3795 444 “52

2177 491 2404 566 Necesse
2440 501 2679 566 estergo
2715 498 2774 566 ut
2801 495 2892 547 aut
2919 503 3044 566 pars
3089 491 3225 549 lucis
3249 501 3468 564 peccet,
3517 504 3612 551 aut
3639 513 3783 566 pars

2176 563 2537 638 tenebrarum.
2569 562 2760 638 Sed__si
2789 578 2914 632 pars
2942 564 3075 638 lucis
3101 562 3283 633 peccat
3302 608 3318 631 ,
3361 567 3504 622 Deus
3533 562 3723 635 peccat
3745 611 3772 638 ,

2173 633 2316 703 quod
2363 634 2513 706 nefas
2549 643 2632 688 est
2666 633 2894 706 dicere;
2933 635 2980 689 si
3029 644 3208 690 autem
3254 651 3379 706 pars
3419 633 3776 695 tenebraruui

2174 713 2396 778 peccat,
2423 705 2553 778 ipsa
2584 712 2805 778 vocatur
2829 703 2897 759 ad
2928 720 3147 778 regnum
3198 703 3294 775 per
3322 723 3445 762 eum
3474 709 3567 778 qui
3595 709 3766 777 dixit,

2175 774 2299 828 Non
2321 775 2438 848 veni
2470 790 2647 848 vocare
2660 777 2858 845 justas,
2881 774 3342 848 ised’peccatOres;
3370 774 3532 848 quia',
3562 797 3665 834 non
3692 774 3774 836 est

2173 861 2301 920 opus
2318 846 2465 920 sanis
2499 845 2760 920 medicus,
2794 847 2890 920 sed
2923 847 3059 920 male
3083 845 3628 920 habentibus—(Matth.
3668 867 3723 906 ix
3747 891 3768 920 ,

2178 916 2286 984 15).
2307 916 2410 970 Illa
2436 925 2613 970 autem
2640 915 2894 971 divinitas
2916 917 2984 971 de
3008 916 3288 973 divinitate
3311 961 3328 986 ,
3357 915 3531 974 et‘lux
3577 915 3766 976 dein——

2171 987 2334 1067 mine,
2362 988 2697 1042 tenebrarum
2723 988 2907 1058 generi
2929 987 3263 1067 degenerans
3291 989 3348 1044 in
3376 999 3638 1046 aeternum
3676 1007 3771 1049 so-

2169 1065 2361 1111 ciatur.
3185 1065 3197 1077 ⁸

2241 1125 2464 1183 CAPUT
2493 1126 2678 1184 XLIV.
2707 1156 2779 1168 -—
2805 1128 2849 1182 0
2873 1127 3248 1185 detestandum
3293 1131 3490 1187 mentis
3519 1147 3768 1190 errorem

2170 1197 2294 1270 talia
2322 1199 2684 1270 credentium!
2730 1199 2935 1253 Veilem
2968 1210 3141 1256 tamen
3188 1211 3245 1256 ut
3271 1203 3619 1259 attenderetis
3646 1246 3660 1270 ,
3706 1212 3767 1260 et

2169 1267 2350 1338 videre
2380 1269 2587 1324 velletis
2609 1310 2625 1335 ,
2653 1285 2774 1324 eum
2797 1285 2957 1338 quem
2987 1271 3299 1327 naturaliter
3326 1289 3593 1327 summum
3639 1267 3764 1329 ina-

2168 1337 2276 1412 lum
2305 1353 2423 1412 esse
2464 1339 2668 1412 dicitis,
2703 1337 2828 1412 non
2845 1355 3006 1412 posse
3045 1343 3158 1397 tieri
3195 1352 3255 1396 ut
3295 1344 3468 1397 malus
3494 1346 3585 1400 sit.
3609 1345 3764 1412 Quo-

2169 1409 2311 1479 niam
2338 1410 2384 1463 si
2414 1410 2666 1479 quidquid
2695 1409 2852 1478 facit,
2884 1411 2961 1466 sie
2985 1411 3111 1466 facit
3136 1422 3189 1466 ut
3217 1427 3248 1467 a
3281 1424 3468 1468 natura
3495 1430 3591 1469 sua
3617 1409 3762 1472 rece-

2167 1478 2296 1553 dere
2324 1487 2378 1533 et
2401 1478 2757 1553 aliterlfacere
2777 1483 3094 1553 nonpossit,
3127 1497 3344 1550 prorsus
3367 1485 3496 1538 nihil
3527 1495 3753 1553 peccat:

2168 1550 2214 1601 si
2243 1559 2420 1620 autem
2450 1550 2582 1604 nihil
2613 1561 2812 1620 peccat,
2839 1551 2966 1606 nihil
2989 1553 3111 1606 mali
3139 1553 3262 1606 facit
3289 1565 3380 1608 :et
3409 1550 3538 1610 ideo
3553 1558 3598 1610 si
3625 1557 3762 1612 nihil

2169 1621 2292 1695 mali
2322 1618 2484 1695 facit,_
2496 1618 2702 1695 nonest
2727 1623 2908 1695 utique
2931 1623 3118 1677 malus.
3146 1623 3332 1678 Restat
3351 1626 3530 1694 itaque
3551 1636 3607 1680 ut
3635 1641 3763 1695 pars

2170 1689 2286 1764 Dei,
2316 1706 2432 1759 qua:
2454 1691 2593 1764 Deus
2621 1689 2950 1760 intelligitur,
2974 1709 3130 1762 quam
3158 1695 3389 1748 animam
3412 1689 3609 1764 dicitis,
3635 1689 3762 1752 sola

2166 1759 2238 1812 sit
2263 1762 2614 1835 reaomniuiu
2647 1759 3022 1835 peccatorum]
3049 1772 3103 1835 et
3130 1764 3306 1818 omnia
3332 1765 3420 1819 illa
3449 1782 3568 1835 qua:
3594 1759 3759 1822 accu-

2165 1830 2329 1902 sanda
2357 1832 2694 1902 insanissime
2716 1834 2914 1902 putatis
2934 1875 2948 1898 ,
2977 1835 3028 1887 in
3056 1833 3214 1888 deum
3246 1830 3481 1890 vestruni
3508 1836 3762 1892 refunda-

2166 1899 2254 1954 tis.
2287 1900 2392 1956 Sed
2435 1903 2561 1971 quid
2593 1899 2787 1957 veritas
2825 1904 3058 1957 clamat?
3093 1903 3299 1973 Corpus
3344 1921 3466 1960 cum
3505 1909 3760 1964 exanime

2165 1981 2249 2047 est
2277 1986 2498 2040 peccare
2536 1989 2640 2047 non
2671 1989 2848 2047 posse,
2866 1973 2968 2047 sed
2992 1989 3084 2047 per
3106 1975 3285 2047 ipsum
3311 1990 3470 2044 posse
3496 1979 3707 2047 peccari
3739 1993 3756 2032 :

2165 2042 2396 2117 animam
2427 2058 2575 2110 vero,
2611 2042 3210 2117 irrationalemiquidem
3242 2042 3462 2114 peccare
3485 2042 3589 2102 non
3623 2063 3758 2117 pos-

2163 2125 2256 2176 se;
2289 2112 2410 2188 quia
2456 2129 2554 2188 uec
2593 2123 2854 2188 prazcepta
2894 2112 3113 2188 rationis
3140 2112 3317 2188 potest
3354 2112 3759 2188 accipere,'ue-

2164 2197 2265 2249 que
2285 2182 2350 2236 ad
2373 2184 2750 2257 beatitudinem
2769 2182 3058 2252 pervenire
3075 2226 3090 2250 ,
3120 2182 3213 2240 sed
3238 2187 3289 2240 iu
3314 2201 3412 2240 suo
3441 2182 3758 2257 g'raduser-

2163 2267 2288 2307 vare
2332 2253 2572 2326 ordinem
2617 2262 2820 2308 natura:
2866 2271 3025 2326 quem
3072 2257 3343 2325 acceperit
3384 2274 3398 2308 :
3434 2253 3753 2315 rationalem

2163 2331 2339 2376 autem
2364 2364 2378 2388 ,
2409 2325 2530 2398 quia
2561 2333 2733 2392 potest
2755 2324 2900 2380 recte
2919 2324 3556 2398 Afaetorum’rationabiiia
3604 2346 3750 2398 prae-

2162 2402 2314 2462 cepta
2343 2395 2638 2463 percipere,
2661 2405 2716 2449 et
2736 2403 2883 2450 recte
2912 2395 3060 2450 factis
3082 2396 3146 2450 ad
3173 2406 3428 2454 aeternam
3459 2395 3748 2454 beatitudi-

2166 2478 2289 2538 nem
2315 2465 2621 2538 pervenire;
2646 2466 2689 2519 si
2715 2464 3108 2538 hocpeccaudo
3134 2467 3382 2534 noluerit,
3406 2468 3552 2538 juste
3576 2470 3642 2524 ad
3669 2470 3751 2524 in-

2160 2532 2639 2610 ferioradamnari;
2667 2537 2787 2606 quia
2818 2532 2955 2591 inter
2982 2537 3152 2607 ipsam
3179 2548 3231 2593 et
3262 2532 3428 2593 Deum
3454 2555 3562 2595 non
3592 2555 3748 2610 sepa-

2113 2615 2120 2624 ‘
2163 2605 2648 2677 rat_ni_si__\:ol_tii_itas
2675 2605 2855 2677 prava.

2231 2674 2454 2752 CAPUT
2483 2674 2642 2752 XLV.
2663 2674 2736 2752 {-
2758 2676 2973 2748 Legite,
3001 2677 3308 2752 Manichtni,
3337 2689 3401 2752 et,
3416 2680 3562 2752 omni
3608 2681 3745 2752 vigi-

2159 2744 2320 2820 lantia
2340 2748 2459 2820 ista
2485 2747 2733 2820 discutite
2752 2788 2767 2812 ,
2796 2744 2859 2802 et
2887 2749 3056 2817 magis
3081 2744 3354 2820 magisque
3391 2751 3551 2820 legite
3585 2744 3746 2820 atq'ue

2160 2814 2437 2887 discutite;
2479 2817 2572 2871 sed
2609 2818 2792 2887 animo
2815 2814 3001 2887 aeqqu
3048 2834 3152 2873 non
3172 2814 3358 2874 animo
3386 2814 3622 2876 inimico.
3649 2814 3749 2877 Le-

2160 2886 2265 2962 gite
2280 2886 2421 2962 illud
2442 2886 2945 2962 attendentes,_quia
2967 2889 3068 2943 erit
3092 2889 3245 2945 vobis
3270 2892 3323 2946 in
3349 2890 3529 2946 futuro
3543 2892 3746 2962 judicio

2159 2957 2259 3009 ista
2277 2955 2550 3032 Scriptura
2572 2960 2741 3032 testis,
2775 2959 2819 3013 si
2840 2955 3197 3032 agnoscentes
3222 2976 3345 3016 vera
3373 2976 3494 3016 esse
3518 2955 3636 3032 qua:
3663 2963 3749 3018 di-

2161 3035 2244 3103 cta
2271 3036 2428 3103 sunt_,
2456 3028 2522 3082 ad
2553 3030 2727 3103 sinum
2757 3028 3233 3103 matrisEcclesim
3275 3028 3554 3103 catholicai
3577 3074 3593 3097 ,
3625 3049 3746 3103 qua:

2159 3097 2272 3150 sola
2299 3097 2572 3152 veritatem
2600 3099 2756 3154 docet
2777 3141 2793 3166 ,
2823 3101 2965 3154 omni
2993 3115 3152 3155 cursu
3192 3116 3297 3156 non
3343 3097 3743 3158 festinaveri'tis.

2230 3166 2456 3242 QAi’UT
2483 3168 2663 3222 XLVI.
2691 3200 2764 3242 έ
2785 3170 3026 3242 Judicate
3054 3170 3267 3227 tandem
3295 3182 3387 3227 aut
3407 3173 3604 3242 eligite,
3639 3173 3750 3228 Ma-

2161 3234 2371 3312 niclnei,
2400 3241 2736 3312 quem_sequi
2761 3241 2940 3307 vultis,
2965 3241 3175 3295 Patrem
3207 3234 3520 3312 ingenitum,
3550 3243 3748 3299 Filium

2159 3307 2490 3377 unigenitum
2513 3349 2525 3373 ,
2552 3307 2804 3378 Spiritum
2831 3322 3069 3366 sanctum
3109 3313 3164 3366 in
3196 3307 3371 3367 Pairis
3397 3321 3452 3368 et
3477 3313 3590 3366 Filii
3622 3315 3751 3367 uui-

2163 3386 2267 3431 tate
2287 3393 2632 3452 communem
2649 3421 2676 3452 ,_
2689 3397 2856 3452 unum
2899 3382 3066 3435 Deum
3089 3383 3506 3452 omnipotentem
3523 3425 3537 3451 ,
3564 3385 3748 3439 incor-

2150 3448 2466 3521 ruptibilem
2493 3490 2507 3513 ,
2558 3449 2864 3506 inadibilem
2889 3493 2904 3518 ,
2949 3448 3436 3508 incommutabilem
3463 3495 3477 3519 ,
3517 3448 3703 3508 verum
3729 3495 3747 3521 ,

2161 3517 2380 3582 bonum,
2413 3528 2678 3594 sanctum,
2711 3521 3048 3586 clementem,
3071 3522 3272 3590 justum
3291 3565 3308 3590 ,
3335 3524 3427 3594 qui
3453 3517 3558 3579 non
3585 3517 3749 3580 habet

2160 3597 2339 3663 partes
2358 3629 2372 3653 ,
2414 3590 2533 3658 quia
2573 3606 2708 3663 unus
2732 3600 2846 3658 est;
2887 3606 3059 3663 neque
3084 3593 3202 3661 ejus
3230 3590 3482 3662 particula
3509 3595 3747 3663 separari

2161 3655 2229 3734 ab
2250 3673 2315 3712 eo
2337 3655 2528 3734 potest,
2552 3661 2673 3728 quia
2698 3655 3065 3730 inseparabilis
3085 3655 3186 3726 est;
3211 3655 3385 3734 neque
3408 3655 3607 3734 aliquid
3629 3666 3750 3734 ejus

2163 3727 2436 3800 immutari
2460 3727 2634 3797 potest
2657 3771 2674 3796 ,
2706 3727 2831 3799 quia
2856 3741 2995 3786 totus
3025 3727 3468 3790 incommuiabilis
3497 3727 3579 3789 est
3602 3727 3749 3800 rne-

2161 3814 2264 3868 que
2298 3800 2380 3853 vel
2424 3799 2610 3874 leviter
2647 3803 2919 3870 quodlibet
2967 3802 3437 3874 ejusfsubstantia':
3479 3799 3751 3874 corrumpi

2162 3878 2366 3945 potest,
2396 3871 2516 3938 quia
2547 3878 2686 3945 totus
2724 3871 3138 3942 iucorruptibilis
3166 3883 3288 3928 est:
3321 3875 3412 3945 qui
3456 3875 3617 3930 voluit
3638 3916 3653 3939 ,
3695 3871 3754 3931 et

2161 3938 2299 3994 facta
2336 3949 2460 3993 sunt
2497 3942 2670 3995 omnia
2713 3938 3260 4016 quaecumquesunt,
3285 3938 3753 4016 qurecumque’vi-

2161 4019 2319 4084 vunt,
2347 4025 2700 4084 quaecumque
2721 4013 3042 4084 intelligunt;
3072 4014 3185 4082 ipse
3211 4013 3356 4069 enim
3379 4013 3585 4070 summa
3623 4017 3756 4071 sub-

2163 4081 2376 4155 stantia,
2409 4095 2615 4155 summa
2653 4082 2781 4147 vita,
2809 4081 3015 4138 summa
3041 4081 3237 4140 veritas
3264 4094 3355 4155 est
3385 4103 3399 4140 :
3427 4088 3514 4155 qui
3543 4101 3752 4155 praece-

2160 4151 2272 4275 pit,
2304 4159 2357 4204 et
2383 4151 2624 4206 ordinata
2669 4162 2792 4206 sunt
2817 4155 2994 4207 omnia
3022 4155 3133 4207 suis
3173 4153 3305 4208 locis
3334 4165 3387 4209 et
3416 4151 3752 4226 témporibus

2199 4236 2338 4275 oua:
2375 4221 2462 4275 nui
2510 4223 2817 4275 rationalem
2857 4232 3155 4275 creaturam
3186 4225 3329 4275 omni
3363 4237 3566 4275 caetera:
3593 4241 3750 4275 creat-

2199 4236 2338 4286 oua;
2375 4221 2462 4290 qui
2510 4223 2817 4278 rationalem
2857 4232 3155 4278 creaturam
3186 4225 3329 4278 omni
3363 4221 3566 4280 caeteras
3593 4241 3750 4280 crea-

2164 4292 2590 4364 turrepraplicere
2606 4293 2863 4364 dignatus
2889 4303 3007 4358 est;
3036 4295 3124 4362 qui
3161 4296 3212 4350 ei
3254 4310 3347 4364 per
3379 4295 3678 4362 superbiam
3709 4311 3746 4352 a

2163 4363 2271 4434 suis
2304 4362 2508 4434 legibus
2537 4361 2806 4417 voluntate
2834 4363 2994 4434 lapsae
3019 4361 3074 4418 ei.
3095 4361 3316 4419 visibilia
3342 4361 3613 4434 sequenti,
3641 4367 3749 4419 mi-

2162 4433 2502 4506 sericorditer
2523 4447 2618 4506 per
2642 4446 2767 4506 suos
2791 4433 3069 4506 ministros
3082 4450 3149 4506 ac
3176 4451 3272 4505 per
3295 4449 3353 4489 se
3380 4433 3549 4506 ipsum
3574 4437 3750 4506 signis

2163 4501 2476 4574 quibusdam
2503 4503 2778 4557 visibiliter
2797 4512 2850 4558 et
2869 4504 3124 4572 exemplis
3144 4501 3197 4559 et
3224 4501 3499 4574 praeceptis
3519 4501 3751 4561 (lenien-

2163 4573 2341 4645 stratis
2364 4572 2555 4641 quibus
2593 4588 2912 4645 consurgere
2938 4574 3166 4640 valeret,
3206 4572 3367 4645 atque
3396 4572 3462 4629 ad
3491 4586 3753 4632 :eternam

2162 4644 2323 4696 vitam
2355 4653 2733 4716 renovaretur,
2774 4644 2918 4714 loqui
2943 4645 3190 4714 dignatus
3212 4644 3330 4702 est:
3363 4660 3522 4716 quem
3550 4647 3751 4716 prmdi—

2163 4720 2250 4768 cat
2276 4712 2534 4766 catholica
2563 4714 2711 4768 fides.

2235 4783 2458 4837 CAPUT
2488 4781 2693 4857 XLI/il.
2713 4814 2787 4825 —
2810 4785 2891 4840 An
2913 4785 3059 4840 illum
3093 4786 3257 4842 Deum
3284 4785 3375 4857 qui
3397 4785 3534 4842 falso
3556 4786 3755 4844 dicitur

2168 4854 2522 4921 incorruptus,
2557 4855 2675 4921 quia
2702 4865 2887 4923 postea
2927 4857 3193 4912 invenitur
3231 4854 3374 4912 malo
3413 4859 3749 4914 necessitatis

2164 4939 2502 4995 Oppressus;
2527 4924 2764 4978 timidum
2785 4967 2800 4992 ,
2833 4926 2954 4995 quia
2985 4928 3293 4982 imminente
3335 4928 3455 4982 labe
3491 4943 3553 4982 ac
3578 4930 3747 4982 vasti—

2170 5003 2275 5049 tate
2294 4993 2600 5068 compulsus
2625 4995 2689 5048 ad
2722 4993 2917 5068 bellum
2943 5007 3062 5062 est;
3092 4998 3402 5068 ignorantiae
3433 4997 3669 5067 plenum,
3702 4999 3750 5054 si

2167 5081 2291 5139 su:e_
2306 5067 2440 5139 parti
2471 5064 2595 5139 quid
2622 5066 2928 5139 contingere
2951 5064 3148 5137 posset,
3183 5068 3368 5123 videre
3398 5064 3501 5123 non
3536 5069 3750 5139 potuit;

2166 5135 2456 5208 crudelem,
2482 5136 2524 5188 si
2551 5135 2846 5204 praevidens
2870 5135 3137 5193 miseriam
3165 5139 3393 5193 futuram
3421 5135 3588 5207 partis
3615 5135 3751 5208 sum,

2167 5215 2220 5262 et
2246 5207 2333 5274 qui
2363 5221 2483 5279 cum
2517 5220 2585 5279 ea
2625 5221 2845 5279 securus
2872 5217 3052 5277 posset
3080 5211 3390 5279 quiescere,
3423 5218 3600 5264 tamen
3629 5207 3754 5266 eam

2168 5279 2310 5331 misit
2351 5275 2417 5330 ad
2443 5277 2812 5349 miserabiiem
2849 5275 3114 5349 pugnami
3152 5280 3384 5345 malum,
3420 5281 3467 5334 si
3495 5294 3616 5335 cum
3649 5280 3753 5334 sibi

2169 5349 2279 5402 fieri
2301 5347 2473 5419 amuli
2500 5356 2683 5402 natura
2708 5349 2836 5402 nihil
2853 5347 3056 5419 posset,
3076 5360 3252 5406 tamen
3276 5359 3498 5406 conatus
3520 5359 3604 5406 est
3629 5365 3752 5406 cani

2168 5419 2282 5488 ipse
2307 5417 2515 5491 delere;
2550 5417 2911 5487 temerarium,
2944 5422 3030 5488 qui
3050 5437 3212 5476 ausus
3241 5432 3324 5475 est
3348 5422 3600 5491 congredi
3627 5436 3754 5475 cum

2169 5506 2251 5555 ea,
2279 5505 2306 5542 a
2336 5505 2436 5555 qua
2468 5490 2580 5557 ejus
2612 5505 2732 5558 pars
2757 5499 2811 5544 et
2836 5492 3040 5559 captiva
3075 5503 3364 5556 teneretur,
3393 5490 3523 5547 ct’iu
3551 5491 3756 5560 sempi-

2170 5571 2375 5613 ternum
2422 5561 2808 5626 macularelur;
2855 5563 3320 5626 cotnmutabilem,
3365 5564 3488 5632 quia
3528 5563 3640 5632 jam
3682 5577 3753 5616 ex

2169 5640 2319 5702 parte
2347 5639 2576 5702 mutatus
2605 5641 2685 5684 est
2714 5649 2726 5684 :
2756 5633 3175 5701 oorruptibilem,
3203 5634 3324 5702 quia
3354 5633 3468 5702 jam
3493 5648 3559 5687 ex
3596 5639 3749 5701 parte

2170 5701 2621 5768 incretricantem,
2667 5717 2736 5756 ex
2777 5713 2924 5772 parte
2961 5701 3434 5773 mentientem,“
3465 5712 3613 5773 parte
3638 5703 3752 5756 bla-

2171 5773 2556 5845 sphemantcm,
2589 5773 2792 5827 scelera
2819 5774 2995 5828 omnia
3023 5791 3089 5829 ex
3119 5783 3266 5845 parte
3294 5772 3592 5835 facientem,
3625 5773 3752 5845 quia

2173 5843 2258 5900 his
2286 5843 2531 5903 omnibus
2557 5859 2621 5900 ex
2650 5852 2802 5914 parte
2826 5842 3144 5905 commixtus
3173 5854 3286 5915 est;
3310 5845 3600 5915 lugentem,
3630 5842 3752 5908 velo
