4126 6430
279 386 424 448 1153

280 504 529 561 luctuoso
558 507 784 566 tectum;
821 501 1180 572 subjacentem
1214 503 1492 561 daemoniis
1519 510 1578 559 ut
1603 503 1773 558 lutum
1802 502 1866 557 ﬁ-

277 577 410 648 gqu
430 617 445 639 ,
475 583 530 628 et
554 588 723 648 usque
749 572 817 629 ad
847 582 1050 644 turpem
1079 589 1359 648 personam
1393 575 1712 648 necessitate
1745 589 1866 648 per-

284 645 524 709 ductum.
563 653 620 698 ut
658 645 710 698 in
750 659 942 713 pueros
976 655 1030 700 et
1055 646 1285 715 virgines
1329 646 1732 715 transﬁguratus
1758 645 1867 715 daeo

281 732 506 776 monutn
543 715 818 770 libidinem
843 713 1186 780 accenderet,
1229 731 1385 786 quem
1413 713 1666 786 praedicat
1701 713 1868 769 Mani-

282 788 487 846 chains.
517 787 622 840 Ant
649 795 816 851 certe,
846 788 889 839 si
919 796 1110 856 potest,
1139 797 1295 857 neget
1313 787 1635 857 conscientia
1666 795 1862 850 vestra,

283 867 425 916 teste
455 858 606 912 vobis
631 871 759 910 vero
799 855 1166 928 Deoiaaterno,
1196 855 1286 928 qui
1315 873 1501 912 omnes
1537 855 1868 926 judicaturus

284 939 390 994 est,
416 943 574 998 unum
596 927 999 998 istorumrvobis
1027 929 1154 997 ipsis
1183 927 1392 998 negate.

357 997 587 1055 CAPUT
627 997 856 1053 XLVIII.
884 1029 955 1038 ——
989 996 1060 1053 Si
1079 996 1405 1054 autem—vera
1441 1007 1564 1053 sunt
1592 1013 1710 1068 qua:
1740 996 1871 1053 dici-

284 1086 431 1136 mus,
463 1069 674 1124 tandem
719 1069 990 1139 respicite,
1034 1069 1244 1124 tandem
1271 1069 1464 1132 videte,
1509 1070 1560 1122 in
1600 1084 1702 1139 qua
1741 1068 1870 1122 estis

284 1151 460 1198 morte
487 1140 777 1194 constituti.
815 1138 1062 1195 Humiles
1101 1150 1292 1205 estote,
1325 1141 1368 1194 si
1395 1139 1589 1208 optatis
1615 1138 1866 1202 liberari,

285 1223 341 1268 et
363 1213 526 1266 nolite
546 1210 772 1280 superbe
797 1219 852 1265 et
876 1211 1036 1280 impie
1057 1210 1256 1278 dicere,
1281 1226 1374 1265 vos
1397 1212 1539 1280 ipsos
1563 1223 1681 1264 esse
1702 1210 1868 1264 Deum

286 1283 727 1353 omnipotentem.
756 1281 870 1335 Hoc
897 1283 1036 1336 enim
1063 1281 1267 1353 dicitis,
1286 1297 1405 1336 cum
1433 1281 1870 1353 auimas_vestras
1895 1311 1906 1320 -

287 1351 468 1425 partes
487 1353 603 1425 ejus
627 1367 747 1407 esse
766 1353 1084 1425 asseveratis
1113 1351 1267 1425 :_non‘
1297 1353 1436 1425 enim
1456 1353 1621 1425 Deus
1643 1351 1696 1425 in
1720 1359 1872 1425 parte

286 1421 482 1493 inajor,
505 1423 557 1478 in
578 1432 729 1494 parte
745 1423 918 1477 minor
931 1432 1032 1478 est.
1052 1423 1158 1479 Sed
1176 1425 1351 1494 potius
1365 1423 1524 1478 dicite
1539 1421 1710 1487 vobis,
1734 1423 1872 1494 Deus

287 1492 736 1550 incctnmutabilis
771 1502 874 1562 est,
911 1508 1010 1549 nos
1037 1493 1440 1549 connnutabiles
1475 1507 1696 1548 sumus:
1733 1492 1872 1546 Deus

287 1564 708 1635 iucorruptibilis
735 1573 816 1619 est
835 1605 850 1627 ,
878 1580 976 1618 nos
1003 1565 1378 1635 cupiditatibus
1404 1563 1870 1635 nostriscorrum-

287 1636 466 1707 pimnr
488 1632 664 1690 :‘Deus
686 1632 1146 1705 incoinquinabi'lis
1165 1644 1266 1700 est,
1296 1651 1396 1707 nos
1425 1634 1653 1705 peccatis
1675 1632 1872 1707 nostris

289 1703 698 1776 coinquinatum
731 1723 744 1759 :
778 1703 917 1760 Deus
939 1707 1053 1776 ipsa
1082 1706 1340 1776 sapientia
1371 1703 1472 1772 est,
1505 1719 1604 1758 nos
1632 1704 1776 1758 stulti
1805 1703 1873 1756 ad

286 1778 604 1847 sapientiam
643 1777 924 1845 pervenire
952 1792 1208 1832 conamur
1239 1795 1254 1831 :
1285 1777 1424 1831 Deus
1451 1777 1565 1847 ipsa
1592 1783 1791 1828 aeterna
1819 1781 1874 1827 et

287 1845 442 1905 beata
473 1848 578 1902 vita
605 1856 704 1911 est,
740 1862 841 1903 nos
875 1849 1106 1916 peccatis
1144 1847 1342 1902 nostris
1375 1845 1555 1900 miseri
1581 1859 1792 1908 sumus,
1812 1851 1874 1916 et

289 1926 536 1987 optamus
574 1917 688 1972 ﬁeri
722 1917 863 1973 beati
877 1914 902 1972 “;
927 1933 1032 1972 non
1058 1932 1184 1988 ergo
1208 1932 1390 1988 sumus
1414 1931 1539 1988 pars
1562 1914 1875 1988 substantias

289 1985 426 2057 ejus.
457 1989 513 2044 Si
537 1990 680 2044 enim
708 1997 884 2057 partes
907 1988 1022 2057 ejus
1041 1985 1190 2052 estis,
1217 1996 1272 2042 et
1296 1985 1578 2041 hac—tanta
1605 1985 1868 2057 patimini,

289 2056 458 2114 restat
485 2068 540 2113 ut
565 2069 620 2113 et
643 2056 756 2129 ipse
779 2058 888 2127 jam
917 2056 985 2113 ex
1015 2067 1163 2128 parte
1191 2057 1305 2112 haec
1333 2058 1508 2129 omnia
1529 2056 1788 2129 patiatur,
1813 2063 1876 2129 _et

289 2130 518 2200 amplius
553 2125 678 2199 pati'
703 2125 966 2201 potuerit,
997 2125 1138 2201 quod
1168 2130 1282 2198 ejus
1307 2127 1743 2201 cantingit_parti,
1773 2125 1874 2178 nisi

291 2196 397 2270 per
429 2196 657 2255 vestram
705 2196 975 2254 iniseriam
1015 2196 1129 2270 'sibi,
1170 2196 1491 2268 provideret.
1520 2196 1729 2270 ‘V‘idete
1773 2209 1871 2270 vos

289 2264 420 2341 ergo
447 2271 574 2340 quid
602 2270 732 2326 estis
759 2288 772 2322 :
805 2271 847 2323 si
881 2278 1058 2341 partes
1086 2264 1222 2341 ejus.
1257 2270 1398 2341 Deus
1420 2266 1596 2341 _estis;
1633 2267 1677 2319 si
1707 2264 1874 2335 geniti

290 2337 480 2396 ab'illo
501 2342 652 2407 estis,
678 2337 921 2396 similiter
948 2340 1087 2394 Deus
1113 2337 1242 2395 estis
1267 2356 1281 2394 :
1309 2337 1434 2407 quid
1463 2346 1606 2390 tanta
1628 2344 1876 2407 peceato-

289 2425 410 2466 rum
459 2405 797 2481 corruptione
841 2411 1159 2478 turpamini?
1205 2407 1261 2481 Si
1299 2405 1480 2481 autem
1510 2406 1642 2481 _I‘aeti
1679 2405 1876 2481 abillo

291 2483 424 2537 estis
443 2523 457 2545 ,
488 2482 590 2536 hoc
618 2477 964 2545 conﬁtemini,
992 2490 1046 2535 et
1074 2496 1178 2535 non
1198 2480 1307 2549 jam
1334 2479 1485 2534 eritis
1509 2477 1802 2549 Manifcliaei.

362 2551 588 2607 CAPUT
625 2552 810 2607 XLIX.
833 2581 905 2594 —-—
927 2547 1247 2605 Manichazus
1271 2551 1413 2604 enim
1444 2549 1578 2602 duas
1605 2547 1733 2600 dicit
1756 2561 1876 2601 esse

291 2631 526 2685 naturas,
555 2639 714 2676 unam
740 2623 933 2676 bonam
959 2631 1014 2676 et
1041 2621 1260 2676 alteram
1283 2621 1475 2673 malam
1500 2635 1513 2671 :
1539 2620 1730 2672 bonam
1757 2632 1876 2686 quae

289 2693 417 2748 fecit
443 2693 725 2756 mundum,
768 2694 960 2748 malam
990 2691 1056 2746 de
1083 2707 1186 2761 qua
1225 2692 1392 2746 Iactus
1419 2698 1519 2761 est
1541 2688 1786 2761 mundus.
1819 2687 1876 2761 Si

293 2773 469 2817 autem
515 2778 610 2818 vos
655 2765 794 2819 Deus
838 2763 982 2826 fecit,
1013 2757 1119 2816 non
1148 2761 1348 2815 invenit
1386 2758 1709 2814 Manichzeus
1736 2757 1876 2812 unde

291 2848 389 2888 vos
427 2833 568 2889 Deus
610 2834 812 2890 fecerit.
855 2832 912 2888 Si
951 2834 1092 2887 enim
1132 2831 1199 2885 de
1233 2847 1292 2885 se
1331 2832 1446 2900 ipso
1474 2845 1570 2884 vos
1597 2828 1740 2892 fecit,
1775 2827 1876 2882 hoc

291 2905 424 2958 estis
451 2904 592 2974 quod
615 2905 747 2974 ipse.
775 2903 890 2958 Non
918 2917 1048 2974 ergo
1074 2901 1333 2974 debuistis
1360 2910 1503 2955 tanta
1536 2907 1874 2974 peccatorum

292 2970 881 3043 corruptione'turpari,
913 2970 1050 3027 sicut
1072 2972 1182 3042 jam
1213 2972 1411 3026 dictum
1441 2979 1558 3043 est.
1595 2970 1651 3025 Si
1695 2978 1873 3043 autem

289 3044 359 3098 de
383 3039 557 3099 alieno
586 3060 681 3097 vos
707 3039 998 3110 fecit,nou
1028 3039 1094 3096 ad
1133 3043 1282 3096 illum
1317 3042 1622 3111 pertinetis;
1652 3040 1770 3111 quia
1799 3039 1878 3093 sic

289 3129 387 3168 vos
412 3115 536 3169 fecit
554 3113 824 3183 quomodo
849 3112 1124 3168 mundum.
1154 3113 1211 3166 Si
1236 3110 1412 3166 autem
1439 3127 1537 3166 nec
1557 3111 1626 3165 de
1645 3125 1716 3183 se
1735 3110 1872 3178 ipso,

290 3200 391 3240 nec
417 3185 485 3240 de
511 3181 687 3239 alieno
714 3199 810 3238 vos
841 3183 986 3249 fecit,
1014 3183 1106 3238 sed
1139 3190 1342 3236 tantum
1368 3181 1751 3250 omnipotentia
1779 3194 1875 3234 sua

291 3256 477 3318 voluit,
507 3263 562 3309 et
589 3254 712 3309 facti
743 3255 902 3318 estis;
932 3253 1031 3308 hoc
1060 3253 1220 3307 dicite
1249 3251 1558 3314 Maniebmo,
1591 3259 1645 3304 et
1673 3265 1874 3303 renun—

291 3325 418 3380 tiate
441 3325 558 3394 ejus
586 3324 772 3378 errori.
799 3323 896 3394 Sic,
907 3323 1061 3394 decet
1083 3323 1223 3394 enim
1249 3323 1680 3394 Omnipotentem
1700 3319 1876 3374 facere

289 3410 409 3464 qua:
437 3391 685 3457 voluerit,
709 3394 846 3447 sicut
872 3393 1141 3448 Catholica
1172 3391 1476 3464 dixit,_ilp’se
1500 3393 1647 3457 dixit,
1670 3401 1718 3464 et
1739 3395 1878 3464 facta

288 3458 440 3529 sunt;
466 3466 574 3535 ipse
597 3463 852 3535 mandavit
879 3474 924 3517 et
951 3472 1118 3516 creata
1143 3473 1270 3535 sunt
1288 3458 1645 3535 (Psel._xxxn,
1671 3458 1749 3532 9).
1785 3459 1877 3512 Di-

290 3536 398 3589 cite
424 3531 597 3598 vo'bis,
639 3532 755 3586 Non
795 3547 977 3586 sumus
1011 3540 1191 3602 partes
1225 3531 1361 3601 ejus,
1391 3531 1483 3584 sed
1507 3546 1690 3584 sumus
1709 3531 1876 3596 opera

291 3605 428 3676 ejus.
464 3603 631 3660 Dicite
646 3602 804 3658 vobis
822 3643 837 3670 ,
870 3602 928 3658 Si
956 3602 1097 3657 Deus
1125 3603 1444 3657 necessitate
1470 3615 1658 3671 passus
1685 3607 1789 3666 est,
1821 3605 1876 3652 et

1754 383 2115 445 APPENDIX.

3413 387 3556 447 1154

1977 504 2204 578 evadere
2227 505 2383 564 aliter
2405 520 2513 566 non
2541 506 2732 578 potuit,
2775 503 2880 578 nisi
2925 503 3099 578 partis,
3131 519 3242 562 suae
3279 516 3554 577 pateretur

1976 575 2352 661 detrimentum
2371 594 2385 644 ;
2413 575 2838 661 qnisZaliquando
2857 578 3052 661 poterit
3071 577 3140 633 de
3152 575 3349 635 talibus
3371 596 3560 661 neces-

1976 648 2220 720 sitatibus
2243 648 2491 704 liberari?
2530 648 2781 720 Antiquis
2807 649 2909 702 erit
2936 649 3026 719 qui
3057 659 3364 720 pretegatur
3389 666 3419 704 a
3448 652 3557 706 Deo

1977 732 2084 790 non
2107 718 2314 773 valente
2337 735 2395 774 se
2422 720 2592 790 ipsum
2623 718 2900 789 protegere
2920 718 3082 774 ?'Aut
3109 718 3320 789 quando
3358 736 3444 776 me
3487 721 3557 777 de

1978 786 2080 844 hac
2121 786 2458 845 necessitate—
2477 786 2799 860 captivitatis
2840 791 3033 859 poterit
3078 786 3324 854 liberare,
3353 791 3441 860 qui
3473 807 3560 846 me

1977 860 2032 914 in
2063 861 2280 928 integris
2319 861 2498 931 regnis
2539 862 2810 916 custodire
2853 876 2958 914 non
3001 862 3210 930 potuit?
3257 861 3370 915 Non
3415 864 3558 916 enim

1977 939 2287 1001 peccantem
2317 947 2402 985 me
2422 932 2545 986 inde
2573 933 2804 998 dimisit,
2838 931 2929 985 sed
2958 931 3024 985 ad
3056 940 3266 1000 peccata
3294 933 3407 1000 ipsa
3430 934 3445 963 ¹
3473 948 3560 986 me

1977 1003 2143 1056 misit.
2189 1005 2296 1056 Aut
2335 1003 2546 1072 quando
2580 1003 2708 1057 mihi
2739 1003 2789 1056 in
2820 1003 3008 1057 alienis
3037 1002 3410 1056 miserabiliter
3434 1017 3562 1056 con-

1977 1075 2161 1128 stituto
2193 1071 2445 1144 prodesse
2471 1075 2685 1144 poterit,
2716 1075 2802 1142 qui
2831 1081 2886 1126 ut
2924 1073 3023 1127 sibi
3053 1073 3345 1144 prodesset,
3380 1087 3463 1126 me
3491 1071 3561 1127 ad

1978 1153 2177 1198 tantam
2198 1143 2498 1214 perniciem
2536 1144 2701 1208 dedit,
2734 1159 2802 1198 ne
2834 1151 3108 1211 pugnaret.
3141 1143 3198 1196 Si
3236 1143 3561 1212 incorrupti-

1979 1214 2099 1269 bilis
2125 1223 2208 1269 est
2235 1216 2348 1284 ipse
2376 1216 2533 1280 Deus,
2573 1215 2699 1284 quid
2739 1215 2785 1268 ei
2825 1215 3024 1267 Iactura
3054 1222 3170 1267 erat
3196 1214 3282 1266 illa
3311 1214 3433 1268 mali
3465 1228 3561 1266 na-

1981 1294 2120 1347 tura,
2151 1287 2195 1340 si
2221 1285 2384 1340 nollet
2409 1301 2530 1341 cum
2562 1286 2648 1338 illa
2676 1300 2927 1354 pugnare,
2955 1299 3194 1354 nemine
3215 1298 3314 1352 ego
3338 1284 3415 1338 sic
3438 1298 3562 1338 cru-

1981 1357 2189 1411 ciarer?
2217 1359 2322 1410 Aut
2346 1371 2464 1425 qum
2491 1357 2589 1410 ista
2619 1353 2892 1426 injustitia,
2913 1363 2970 1408 ut
2988 1353 3054 1408 ad
3078 1354 3293 1424 globum
3315 1355 3560 1426 damner,

1978 1440 2098 1480 eum
2129 1428 2218 1482 ille
2249 1437 2305 1480 ut
2338 1423 2496 1480 modo
2521 1423 2900 1495 aliquantulum
2925 1423 3146 1480 securus
3180 1426 3248 1479 sit
3270 1464 3285 1490 ,
3319 1439 3417 1495 ego
3445 1423 3562 1495 luet;

1981 1508 2130 1553 tanta
2177 1496 2504 1552 sustineam?
2547 1493 2702 1551 Certe
2750 1497 2997 1565 quoniam
3041 1505 3096 1550 et
3134 1510 3234 1564 ego
3276 1493 3392 1565 sum
3421 1493 3565 1562 quod
3634 1498 3646 1514 ‘

1981 1568 2116 1636 ipse,
2144 1569 2392 1638 quoniam
2423 1582 2547 1636 pars
2576 1567 2690 1636 ejus
2717 1564 2857 1630 sem,
2888 1566 3032 1619 nullo
3061 1567 3112 1619 in
3141 1565 3316 1635 regnis
3335 1564 3564 1638 ejns__in-

1979 1634 2221 1708 signibus
2266 1634 2534 1706 indigente
2588 1634 2682 1691 aut
2732 1637 2945 1691 inlirmo
2991 1634 3303 1708 constituto,
3337 1634 3564 1708 _vicibus

1981 1706 2139 1764 istam
2176 1709 2446 1762 miseriam
2478 1707 2755 1775 patiamur,
2783 1716 2839 1760 ut
2866 1717 2918 1760 et
2945 1721 3042 1773 ego
3062 1706 3442 1775 aliquantulum
3480 1719 3567 1758 re-

1982 1780 2273 1849 quiescam,
2301 1787 2356 1832 et
2383 1792 2544 1848 regna
2570 1779 2670 1849 illa
2689 1777 2804 1831 sine
2832 1777 3070 1849 periculo
3099 1776 3301 1844 possint
3331 1789 3449 1849 esse
3476 1791 3569 1842 pa-

1982 1845 2120 1904 cata.
2143 1845 2467 1919 Quanquam
2480 1848 2769 1903 timendum
2797 1849 2963 1919 sitne
2986 1847 3084 1919 ista
3111 1857 3302 1919 natura
3322 1845 3447 1919 mali
3470 1859 3572 1898 nec

1983 1921 2038 1973 in
2065 1915 2222 1990 globo
2247 1915 2362 1990 ipso
2392 1918 2596 1973 inclusa
2631 1916 3191 1990 custodiri_possit._Si
3220 1917 3363 1990 enim
3391 1915 3570 1990 incor-

1983 1986 2136 2059 rupta
2163 1986 2326 2060 regna
2355 1990 2612 2057 eorrupit,
2656 1987 3051 2060 etainviolatam
3093 1987 3185 2040 Dei
3217 1986 3570 2060 substantiam

1981 2056 2202 2115 violavit
2218 2056 2251 2126 ;’
2261 2056 2529 2131 quomodo
2546 2073 2672 2128 pars
2692 2058 2785 2131 illa
2808 2059 2957 2119 lucis,
2987 2056 3087 2131 hoc
3109 2065 3213 2131 est,
3235 2057 3426 2131 animm
3446 2069 3572 2124 pec-

1985 2132 2231 2195 catrices,
2278 2126 2397 2201 quae
2441 2126 2640 2184 vitiata:
2683 2128 2841 2201 globo
2881 2127 3229 2201 custodiendo
3279 2126 3572 2201 inliguntur

1985 2202 2212 2257 inlirmzr.
2238 2195 2528 2256 ac-debiles
2550 2241 2565 2264 ,
2596 2195 2862 2266 quomodo
2885 2213 2991 2252 non
3013 2196 3366 2251 absorbentur
3393 2195 3460 2248 ab
3484 2210 3568 2261 ea,

1985 2281 2044 2326 ut
2070 2273 2262 2328 iterum
2284 2287 2446 2341 regna
2472 2271 2557 2324 illa
2581 2270 2756 2341 divina
2777 2270 2924 2341 nullo
2945 2267 3286 2341 jamvaleute
3311 2266 3573 2341 obsistere

1983 2353 2093 2398 tota
2137 2335 2457 2398 conturh'et?
2503 2341 2633 2407 Quis
2661 2340 2805 2395 enim
2831 2335 3162 2407 jam'audeat
3187 2337 3476 2406 procedere
3504 2335 3573 2389 ad

1984 2413 2218 2480 bellum,
2259 2413 2472 2484 quando
2497 2427 2618 2467 eum
2644 2411 2734 2464 illa
2765 2419 2916 2484 parte
2939 2424 3072 2484 qure
3097 2414 3571 2484 processerat‘tam

1984 2485 2165 2554 inique
2193 2475 2372 2538 actum
2401 2491 2504 2550 est,
2531 2490 2592 2535 ut
2636 2496 2732 2551 pro
2765 2475 2885 2554 ejus
2926 2475 3115 2554 requie
3152 2479 3234 2532 sui
3279 2478 3466 2554 cives’
3505 2475 3573 2554 ad

1985 2547 2366 2625 sempiternam
2413 2547 2554 2623 globi
2602 2547 2899 2625 custodiam
2943 2547 3358 2625 damnarentur?
3386 2549 3496 2625 Aut
3524 2547 3569 2625 si

1985 2616 2308 2696 non'potest
2341 2616 2689 2694 perrumpere
2726 2621 2965 2696 globum,
2994 2629 3054 2674 ut
3082 2620 3149 2673 ad
3174 2618 3406 2696 lucidum
3439 2616 3571 2696 illud

1987 2687 2268 2751 tectorium
2319 2687 2688 2750 damnatarum
2732 2687 3038 2744 animarum
3084 2689 3394 2760 perveniat,
3447 2687 3576 2760 quid

1984 2782 2120 2836 opus
2145 2781 2261 2821 eam
2284 2776 2366 2820 est
2391 2763 2600 2832 contegi
2624 2761 2926 2816 divinorum
2949 2758 3286 2836 damnatione
3304 2758 3573 2836 membro-

1985 2827 2145 2892 rum?
2181 2837 2236 2892 Si
2265 2845 2440 2890 autem
2480 2827 2656 2904 potest
2684 2845 3032 2901 perrumpere
3060 2831 3329 2904 globum,
3365 2829 3486 2904 quis
3524 2827 3574 2881 ei

1985 2910 2198 2963 resistet
2241 2899 2597 2975 sauciusfqui
2645 2899 2878 2975 integros
2905 2899 3245 2975 _saueiavit!“
3271 2899 3430 2975 absit
3467 2907 3572 2951 tam

1985 2979 2160 3048 gravis
2185 2986 2238 3032 et
2263 2988 2370 3032 tam
2409 2969 2778 3048 abominanda
2805 2970 3158 3048 blaspbemia.
3201 2969 3384 3048 Nolite.
3419 2970 3572 3048 istam

1985 3038 2319 3118 iniquitatem
2365 3047 2431 3118 ad
2473 3060 2630 3100 aures
2663 3049 2880 3118 _vestras
2927 3038 3250 3118 admittere;
3279 3039 3443 3118 nolite
3485 3038 3575 3091 tali

1985 3109 2198 3190 negotio
2228 3117 2502 3172 mortifero
2528 3113 2957 3190 vos‘implicare.
2990 3110 3176 3190 Fugite
3205 3109 3574 3190 blanieliwum,

1987 3173 2408 3244 ctuadveritatis
2457 3173 2939 3242 catholicae'ubera
2984 3173 3098 3238 toto
3136 3173 3403 3236 desiderio
3443 3192 3575 3234 con-

1988 3260 2182 3316 volate.

2051 3419 2068 3484 ξ
2102 3418 2432 3484 cistereiensis
2454 3423 2555 3484 blS.,
2579 3413 2699 3484 ipse.
2730 3389 2738 3404 ⁵
2822 3469 2833 3480 ,
2912 3483 2917 3484 ί
3138 3466 3194 3484 ,Α
3223 3463 3369 3484 “mm,

2048 3481 2070 3510 ί
2101 3478 2233 3525 Idem
2255 3477 2410 3525 codex
2429 3511 2444 3535 ,
2469 3482 2521 3537 ut
2544 3466 2660 3537 'ejus
2694 3469 2858 3537 requie
2880 3469 3095 3537 succincti
3111 3466 3194 3537 _ad
3217 3466 3574 3529 sempiternam,

1988 3545 2084 3591 etc.
2109 3539 2195 3588 Alii
2217 3545 2347 3600 Mss,
2392 3529 2444 3588 ut
2475 3529 2590 3598 ejus
2617 3529 2781 3597 φασιώέ
2817 3530 2938 3582 nulli
2965 3530 3040 3582 sui
3075 3529 3215 3582 cives.

293 3729 1874 3754 Μ

1982 3704 3578 3738 W2

991 3775 1446 3874 ADMONITIO
1487 3809 1570 3870 IN
1613 3798 2298 3870 COMMONITOBIUM
2339 3791 2860 3869 SUBSEQUENS.

1735 3951 2130 3968 ﬂ

361 4073 472 4129 Sub
516 4071 797 4142 Augustini
837 4069 1052 4124 nomine
1080 4065 1349 4136 vulgatum
1389 4073 1474 4120 est
1518 4064 1573 4119 in
1619 4060 1931 4133 Appendice
1971 4058 2039 4114 ad
2083 4056 2348 4112 decimum
2396 4059 2601 4106 tomum
2637 4059 2860 4142 operum
2991 4039 3274 4142 augustiai
3318 4036 3569 4142 editionis
3636 4037 3647 4045 '

293 4165 543 4238 perfecta:
585 4131 915 4218 avnn01586.
949 4159 1103 4215 Circa
1145 4131 1286 4214 idem
1334 4167 1544 4227 tempus
1591 4131 1907 4210 fuit—etiam
1953 4157 2272 4223 procurante
2315 4144 2543 4199 Duronio
2593 4142 2645 4195 in
2695 4138 2822 4194 tomi
2858 4135 3028 4238 quinti
3066 4133 3354 4238 Annalium
3395 4131 3580 4238 Eccle-

293 4225 628 4314 siasticorum
666 4253 971 4324 Appendice
1017 4251 1340 4322 publicatum
1386 4266 1452 4306 ex
1497 4257 1682 4305 vetere
1724 4245 1908 4302 codice
1949 4242 2257 4302 Gervasiani
2299 4237 2511 4307 collegii
2543 4231 2893 4290 ‘Parisiensis.
2938 4228 3090 4284 Nune
3137 4227 3351 4283 demum
3399 4225 3579 4296 prodit

237 4347 246 4354 ’
294 4351 622 4420 recognitum
655 4319 960 4416 diligentius
995 4319 1063 4400 a—d
1101 4344 1375 4415 exemplar
1419 4343 1561 4414 quod
1605 4342 1659 4396 in
1698 4339 2016 4396 bibliotheca
2062 4338 2256 4407 reginae
2294 4332 2580 4388 Cltristina:
2622 4335 2946 4392 asservatur,
2977 4338 3184 4398 necnon
3221 4321 3286 4376 ad
3327 4319 3576 4420 Prosperi

293 4412 566 4513 cujusdam
603 4456 670 4497 ex
717 4412 1022 4496 Illanichaeis
1068 4412 1313 4495 conversi
1359 4412 1882 4502 Anatbematismos,
1930 4444 2070 4502 quos
2117 4426 2283 4486 edidit
2327 4422 2642 4483 Sirmondus
2687 4421 2745 4477 in
2794 4427 2941 4476 temo
2987 4415 3162 4488 primo
3215 4412 3575 4471 Conciliorum

296 4532 501 4593 Gallim.

296 4640 3582 4686 Μ

1051 4768 2799 4926 COMMONITORIUM

1817 4997 2048 5057 γυωο

349 5157 764 5246 SANCTI
835 5155 1489 5243 AUGUSTINI
1561 5153 2095 5240 EPISCOPI
2147 5148 2728 5238 ECCLESI/E
2783 5125 3525 5230 CATHOLIC/E,

889 5333 1196 5392 QUOMODO
1237 5335 1336 5382 SIT
1377 5334 1687 5380 AGENDUM
1729 5333 1863 5381 CUM

1982 5330 2269 5380 LNICEBIB
2311 5329 2421 5385 QUI
2463 5323 2993 5375 CONYEBTUNTUR.

1729 5488 2149 5545 WG+

367 5635 502 5689 Cum
539 5631 833 5705 Manichzei,
861 5633 950 5703 qui
979 5643 1362 5692 convertuntur
1381 5675 1394 5698 ,
1425 5644 1481 5690 et
1503 5649 1636 5705 quos
1661 5635 1887 5704 pcenitet

294 5704 459 5774 ltujus
485 5703 849 5759 nefandissimi
889 5707 1106 5771 erroris,
1148 5703 1607 5761 anathemaverint
1635 5703 1881 5762 eamdem

295 5775 544 5831 haeresim
576 5775 868 5830 secundum
891 5775 1114 5831 formam
1144 5777 1279 5830 infra
1307 5778 1578 5844 scriptam.
1615 5776 1886 5832 libellum-

295 5862 406 5918 que
450 5845 656 5918 dederit
699 5846 1060 5918 unusquisque
1101 5848 1667 5904 eorumeonfessionis
1691 5857 1744 5904 et
1773 5864 1885 5917 pte-

298 5916 537 5978 nitentize
564 5931 674 5976 suae
698 5916 868 5986 atque
884 5918 1236 5979 anathematis
1259 5933 1468 5992 eorum,
1496 5930 1683 5992 petens
1709 5916 1881 5980 inEc-

1989 5637 2150 5691 eIesia
2184 5633 2269 5688 vel
2308 5631 2695 5696 catechumeni,
2722 5630 2803 5684 vel
2835 5629 3142 5700 paenitentis
3173 5627 3381 5692 locum;
3406 5625 3473 5700 _si
3503 5623 3578 5700 _Ii-

1989 5706 2160 5762 bellus
2180 5705 2295 5775 ejus
2317 5704 2567 5775 episeopo
2592 5695 2867 5771 plaetierit,
2893 5707 3122 5775 euque
3148 5697 3462 5775 susceperit,
3486 5695 3576 5750 (let

1989 5779 2038 5833 ei
2069 5769 2611 5846 epistolam'cum'die
2636 5783 2685 5829 et
2727 5773 2966 5846 consule,
2997 5769 3056 5826 ut
3076 5769 3374 5846 _nequede
3414 5782 3576 5846 supe-

1989 5837 2132 5903 riore
2151 5857 2392 5915 tempore
2412 5847 2640 5916 aliquam
2665 5845 2986 5916 molestiam,
3009 5843 3089 5896 vel
3108 5837 3328 5916 publicis
3351 5837 3575 5916 legibus,

1990 5919 2077 5982 vel
2105 5910 2385 6001 disciplina
2427 5910 2791 5981 ecclesiastica
2830 5915 3081 5991 patiatur.
3109 5910 3196 5973 Ἐι
3234 5919 3358 5982 post
3400 5910 3576 5981 ipsum
