4072 6426
539 509 704 572 diem,
754 502 801 562 si
844 499 1109 573 aliquibus
1161 493 1371 573 indiciis
1418 489 1768 573 manichayus
1795 480 2122 573 apparuerit,

754 551 1389 645 iustitiae—severinttem,
1426 577 1544 645 qua}
1589 551 2124 645 talibus

771 621 987 710 Εἱῖῖιῖ
1029 621 1108 696 ab
1131 621 1274 710 ejus?
1299 621 1592 710 consortio,
1616 630 1716 710 _vel
1757 626 2010 710 amicitia,
2042 621 2127 675 vel

579 702 885 786 uocumque.
903 702 1472 786 societate-(ibt‘istiani
1501 702 1906 786 semabstineant,
1935 710 2126 786 secun-

579 738 875 786 uocumque
903 738 1159 769 summa“:
1186 738 1470 763 uuuauum
1501 738 1557 760 ac
1583 738 1906 763 αυσιηιυι...ν,
1935 738 2099 750 ..νυ-,η

540 738 669 852 nam
713 785 1055 857 apostolicam
1104 777 1476 857 disciplinam1
1511 773 1650 857 (_Tit.
1683 788 1758 854 ιιι,
1793 766 2128 857 mintlo‘m.

542 845 864 918 nicndeiitur
892 864 1092 919 autem,
1121 852 1207 922 qui
1239 845 1494 922 epistolas
1513 845 1580 900 ab
1610 845 2121 922 episc_0p9_accepef

541 910 959 998 iii-nitr'eligiosis
986 910 1262 998 catholicis
1279 910 1474 998 'yicinis
1498 959 1512 982 ,
1550 910 2126 970 vel'cohabitatoribus

541 991 674 1067 suis,
704 991 822 1054 sive
840 997 1072 1061 clericis,
1098 996 1212 1067 sive
1238 991 1406 1067 laicis,
1428 1004 1526 1067 per
1547 1000 1772 1056 quorum
1797 996 1925 1067 erga
1949 995 2012 1067 se
2037 995 2128 1067 cur

544 1052 674 1130 iis?
706 1052 1046 1140 frequentem
1059 1052 1075 1140 ί
1092 1064 1160 1120 ad
1206 1052 1530 1140 audientiam
1551 1052 1845 1140 A'sermonis
1869 1052 1961 1140 Dei
2027 1093 2050 1140 ἶ
2059 1058 2128 1140 ξι

541 1120 1116 1213 iﬁ'éiu’til'lééiiiabgio
1149 1134 1369 1213 possint
1414 1132 1752 1213 innotescere
1781 1136 1924 1206 :'nec
1956 1120 2128 1213 lfacilc

541 1197 892 1268 admittuntur
919 1210 984 1264 ad
1015 1197 1377 1277 Baptismum,
1390 1203 1434 1256 si
1460 1197 1827 1277 catechumeni
1851 1201 1994 1257 sunt,
2029 1206 2130 1277 nec

543 1285 609 1339 ad
632 1271 1141 1340 reconciliationem,
1171 1277 1216 1332 si
1239 1271 1762 1345 pmnitentiailociun
1783 1271 2126 1345 acceperunt,

544 1337 936 1422 nisiipcriculo
980 1337 1168 1404 mortis
1224 1337 1464 1414 urgente,
1501 1342 1585 1422 vel
1637 1341 1682 1422 si
1725 1353 1819 1393 eos
1860 1337 2131 1403 aliquanto

544 1411 787 1494 tempore
819 1422 1070 1492 probatos
1090 1435 1210 1494 esse
1240 1411 1550 1494 cognoverit
1579 1411 2010 1494 cpiscopusnper
2034 1420 2131 1461 θος

544 1479 671 1552 rum.
689 1479 1070 1558 testiinonium,
1103 1491 1295 1562 quibus
1308 1479 1523 1543 'fucrint
1551 1479 1929 1538 commendati.

542 1613 708 1660 Forma
725 1619 846 1671 ergo
862 1603 1129 1671 secundum
1146 1599 1500 1671 quam‘debent
1517 1595 1643 1671 hanc
1657 1593 1904 1671 haeresim,
1924 1590 2008 1654 qui
2024 1599 2132 1639 cor-

917 1661 1519 1730 riguntur,'anathemare,
1539 1661 1630 1708 ista
1650 1664 1724 1707 est
1745 1671 1760 1708 :

617 1774 871 1842 l.-—Qui
898 1771 1069 1828 credit
1112 1770 1246 1842 duas
1288 1782 1408 1823 esse
1451 1775 1688 1842 naturas,
1721 1758 2134 1842 diversis__prin-

544 1847 698 1916 cipiis
717 1831 1026 1909 existentes,
1055 1858 1213 1897 unam
1236 1841 1428 1916 bonam
1456 1836 1597 1916 quod
1619 1844 1700 1916 est
1721 1835 1881 1916 Deus,
1909 1831 2136 1914 alteram

547 1902 741 1973 malam
781 1930 939 1986 quam
980 1902 1088 1968 non
1125 1910 1326 1966 creavit
1363 1902 1534 1974 Deus,
1563 1908 1844 1986 habentem
1870 1902 2136 1986 principes

545 2003 674 2044 suos
708 1996 764 2043 et
794 1973 936 2041 inala
975 1999 1071 2039 sua
1107 1998 1228 2054 quae
1263 1997 1367 2036 non
1407 1973 1609 2036 creavit
1649 1979 1788 2033 Deus
1809 2016 1826 2044 ,
1851 1973 2137 2030 anathema

545 2062 633 2115 sit.

617 2129 682 2185 ll.
717 2159 790 2172 —
821 2127 921 2196 Qui
976 2124 1148 2182 credit
1194 2122 1328 2178 duas
1381 2130 1597 2196 naturas
1645 2119 1846 2196 bellum
1893 2115 2032 2196 inter
2059 2129 2136 2196 se

545 2202 796 2273 gessisse,
832 2186 892 2253 Et
921 2205 1133 2273 partem
1171 2205 1375 2250 natura:
1396 2193 1510 2273 pei
1542 2192 1595 2247 in
1622 2190 1809 2273 eodem
1833 2188 1970 2273 bello
1992 2186 2137 2273 prin-

546 2257 756 2341 cipibus
783 2257 1136 2341 tenebrarum
1171 2274 1227 2320 et
1265 2265 1512 2341 omnibus
1547 2262 1797 2341 gentibus
1833 2257 1907 2341 ad
1944 2259 2137 2341 malum

547 2329 791 2397 naturam
836 2339 1224 2410 pertinentibus
1261 2335 1424 2390 fuisse
1462 2329 1778 2410 permirtum
1803 2371 1820 2397 ,
1860 2337 1915 2384 et
1952 2329 2136 2410 ab_eis

550 2415 719 2469 teneri
745 2399 1044 2481 colligatam
1064 2409 1106 2474 ⁸,
1137 2399 1490 2481 oppressam,
1519 2404 1846 2481 inquinatam
1868 2399 2058 2480 ,χιιιοᾴ
2082 2406 2138 2453 et

549 2484 696 2539 credi
727 2483 852 2537 facit
871 2469 1119 2536 naturam
1147 2469 1241 2534 Dei
1266 2493 1387 2534 esse
1412 2469 1724 2532 mutabilem
1748 2480 1803 2528 et
1824 2469 2138 2540 coinquina-

549 2555 733 2619 bilem,
765 2553 1048 2607 anathema
1071 2551 1159 2605 sit.

621 2610 821 2680 ut.'—-
852 2624 951 2690 Qui
990 2622 1167 2678 credit
1211 2625 1416 2690 partem
1470 2617 1569 2690 Dei
1601 2615 1817 2690 ligatam
1865 2620 1920 2667 et
1965 2610 2139 2690 inqui-

549 2704 734 2752 natam
763 2682 934 2750 tene-ri
963 2695 1015 2748 in
1041 2682 1374 2747 daemonibus
1392 2731 1407 2754 ,
1457 2696 1513 2744 et
1556 2687 1613 2742 in
1646 2682 1902 2741 euntibus
1928 2682 2136 2754 anima-

550 2767 726 2834 libus,
775 2761 1174 2834 fruticumque‘
1204 2759 1517 2834 generibus,
1561 2766 1618 2813 et
1656 2772 1751 2834 per
1788 2770 1941 2810 escas
1971 2753 2167 2834 Mani»

551 2824 822 2893 chzeorum
858 2824 1158 2891 Electorum
1186 2824 1320 2887 solvi
1347 2838 1507 2900 atque
1532 2824 1778 2900 purgari,
1810 2835 1865 2881 ut
1890 2824 2140 2900 credatur

552 2923 677 2979 pars
705 2909 798 2962 Dei
821 2907 1018 2978 polluta
1045 2904 1211 2979 teneri
1239 2904 1291 2957 in
1317 2895 2136 2979 cucumeribus,_et_melonibus,

553 2967 607 3053 et
633 2967 914 3053 radiculis,
934 2987 988 3032 et
1012 2975 1208 3053 porris,
1237 2985 1292 3028 et
1315 2969 1912 3053 quibusque-vilissimis
1941 2967 2139 3048 herbu-

553 3049 622 3104 lis
641 3091 655 3115 ,
687 3059 740 3103 et
763 3051 811 3103 ei
836 3038 1107 3102 subveniri
1137 3060 1258 3098 cum
1285 3038 1352 3099 ab
1376 3038 1574 3098 Electis
1599 3041 2013 3096 Manichaeorum
2038 3038 2139 3092 ista

554 3118 927 3183 comeduntnr,
959 3116 1242 3171 anathema
1268 3116 1354 3167 sit.

629 3189 718 3242 l\’.
765 3217 837 3230 ——
891 3178 992 3253 Qui
1049 3185 1221 3241 credit
1271 3184 1540 3238 hominem
1593 3178 2002 3253 primum,_qui
2057 3184 2144 3253 est

554 3260 852 3328 appellatus
894 3249 1100 3322 Adam,
1152 3270 1336 3328 nona
1380 3255 1489 3308 Deo
1538 3249 1789 3328 factumL
1813 3249 1906 3328 sed
1937 3265 1966 3302 a
1998 3249 2142 3328 prin-

555 3320 760 3398 cipibus
801 3320 1136 3383 tenebrarum
1178 3325 1412 3398 genitum
1439 3366 1453 3390 ,
1496 3333 1552 3378 ut
1589 3337 1716 3398 pars
1753 3321 1850 3398 Dei
1875 3361 1889 3385 ,
1930 3336 2048 3398 qua:
2086 3320 2142 3374 in

555 3391 740 3456 eorum
769 3400 1022 3454 membris
1047 3391 1251 3470 capti'va
1279 3395 1574 3470 tenebatur,
1593 3391 1870 3470 copiosius
1893 3401 1948 3445 et
1971 3391 2142 3445 abun-

555 3472 764 3526 dantius
796 3472 846 3526 in
875 3479 1016 3524 terra
1043 3463 1334 3530 teneretur,
1358 3476 1412 3520 et
1433 3466 1537 3518 isto
1558 3463 1715 3517 modo
1734 3470 1993 3525 creatum,
2017 3475 2142 3515 cum

556 3542 776 3597 masculi
790 3551 842 3597 et
857 3542 1066 3602 femina:
1082 3539 1346 3609 principes
1357 3537 1693 3609 tenebrarum
1705 3534 2138 3609 concubuissent,

557 3623 611 3668 et
642 3613 778 3668 fetus
807 3627 934 3667 suos
965 3603 1151 3680 majori
1182 3603 1402 3679 principi
1447 3603 2087 3680 tenebrarumdedissent
2122 3643 2138 3668 ,

555 3693 610 3738 et
635 3685 721 3739 ille
743 3700 930 3737 omnes
953 3675 1278 3736 comedisset
1299 3719 1316 3744 ,
1343 3675 1398 3732 et
1419 3692 1544 3730 cum
1569 3692 1664 3730 sua
1691 3675 1914 3744 conjuge
1940 3689 2138 3727 concu-

555 3753 756 3810 buisset
775 3795 790 3818 ,
821 3762 980 3823 atque
1008 3752 1078 3805 ita
1107 3750 1287 3823 exilia
1315 3748 1488 3823 Adam
1513 3754 1860 3823 generasset,
1894 3745 2062 3823 ligans
2089 3744 2143 3801 in

558 3825 652 3880 illo
677 3814 916 3896 magnam
947 3833 1146 3892 partem
1173 3822 1286 3896 Dei,
1311 3836 1428 3889 qua:
1451 3814 1606 3888 ligata
1631 3817 1801 3896 fuerat.
1822 3814 2142 3896 in_omnihus

556 3887 1072 3964 fetibus'principum
1101 3887 1436 3964 tenebrarum
1459 3930 1474 3958 ,
1498 3887 1636 3958 ’quos
1660 3887 1710 3942 ei
1739 3887 2143 3942 manducaudos

557 3963 841 4032 dederunt,
870 3966 1156 4020 anathema
1181 3963 1270 4019 sit.

634 4037 695 4090 ν.
738 4026 957 4102 -Ὀιιί
1013 4036 1184 4090 credit
1237 4032 1502 4102 principes
1563 4030 1900 4102 tenebrarum
1955 4026 2146 4096 ligatos

556 4122 675 4162 esse
729 4107 786 4161 in
828 4099 964 4162 ccelo
1015 4099 1270 4160 habentes
1321 4099 1479 4158 inse
1525 4102 1823 4170 colligatam
1877 4099 1934 4170 in
1982 4113 2146 4168 angu-

557 4178 674 4234 stiis
713 4187 871 4248 atque
909 4177 1196 4244 angoribus
1224 4175 1450 4248 _vitalem
1492 4172 1879 4248 substantiam,
1923 4169 2025 4222 hoc
2065 4177 2148 4223 est

557 4259 765 4318 partem
785 4239 911 4313 'Dci,
940 4239 1006 4301 ef
1023 4262 1087 4300 eo
1114 4246 1275 4318 modo
1300 4242 1510 4318 liberari
1541 4241 1608 4295 de
1635 4239 2143 4318 membriseorumn

556 4309 678 4375 cum
707 4309 907 4374 beatus
921 4319 1097 4384 Pater,
1126 4317 1218 4385 qui
1249 4315 1450 4370 lucidas
1477 4328 1639 4385 naves
1665 4311 1823 4385 habet
1852 4309 2148 4366 diversoria

557 4401 612 4446 et
646 4390 965 4454 habitacula,
1007 4389 1060 4444 id
1097 4383 1181 4443 est
1218 4387 1383 4441 solem
1423 4394 1476 4439 et
1512 4384 1692 4438 lunam
1715 4423 1729 4450 ,
1772 4383 1995 4436 virtutes
2023 4397 2148 4437 suas

559 4461 903 4530 transﬁgurat
931 4460 985 4513 in
1017 4459 1239 4512 feminas
1269 4456 1512 4530 pulchras
1536 4468 1667 4530 quas
1697 4458 1918 4522 opponit
1945 4467 2145 4530 concu-

559 4525 842 4602 piscendas
863 4530 1112 4585 masculis
1133 4525 1464 4600 prinéipibus
1485 4526 1822 4582 tenebrarum
1837 4566 1852 4591 ,
1875 4533 1929 4579 et
1952 4525 2005 4578 in
2028 4538 2151 4577 ma-

623 4670 641 4698 ι
675 4664 817 4725 Alias,
841 4661 1186 4714 auctoritatem.

622 4730 651 4802 ³.
678 4717 818 4788 Alias,
843 4738 960 4790 erga
979 4737 1031 4776 se
1054 4735 1276 4776 securam
1295 4723 1570 4787 frequenter
1601 4717 1899 4771 audientiam
1920 4717 2153 4772 sermonis

558 4796 665 4923 De?
678 4849 804 4923 alias
823 4849 1021 4923 legitur,
1046 4854 1093 4900 et
1108 4847 1172 4923 ab,
1189 4845 1258 4898 eis
1280 4843 1486 4900 tenam}
1507 4841 1793 4909 colligatum.

624 4912 647 4945 δ
679 4912 820 4974 Alias,
842 4912 1196 4976 fructuumque.

1461 371 1829 432 ADMONITIO
1867 368 1933 425 IN
1960 359 2508 430 SUBSEQ’UE‘NTEM
2545 359 2819 417 LIBRUM.

3681 357 3828 418 ll“

2235 474 2414 530 senlos
2445 474 2697 544 pulchros
2723 489 2858 544 quos
2883 472 3104 544 opponit
3129 471 3585 544 concupiscendos
3611 472 3828 533 femini!

2237 546 2562 616 principibus
2593 546 2930 602 tenebrarum
2955 587 2971 611 ,
3005 553 3061 600 ut
3098 561 3193 615 per
3223 546 3390 615 ipsam
3433 547 3828 616 concupiscen.

2239 619 2364 672 tiam
2392 618 2625 672 solvatur
2650 634 2714 670 ex
2739 619 2816 670 eis
2841 619 3011 672 vitalis
3037 617 3353 682 substantia,
3381 616 3433 670 id
3454 628 3538 672 est
3559 633 3687 687 pars
3708 619 3826 688 Dei,

2236 699 2299 772 et
2326 704 2391 744 ex
2432 704 2617 744 eorum
2655 688 2909 743 membris
2949 687 3170 744 liberata
3209 695 3497 758 purgetur,
3540 687 3824 748 anathema

2235 770 2326 816 Sil.

2310 832 2397 888 Vl.
2417 861 2489 872 —
2508 831 2609 899 Qui
2633 830 2800 887 credit
2827 836 3029 900 partem
3055 831 3149 885 Dei
3169 872 3184 896 ,
3213 845 3332 900 qua:
3356 829 3424 885 de
3443 832 3828 890 commixtione

2236 904 2408 973 gentis
2438 903 2773 961 tenebrarum
2806 918 2912 957 non
2957 902 3186 971 potuerit
3227 901 3439 974 liberari
3491 912 3652 970 atque
3698 921 3828 974 pur-

2235 972 2350 1043 gari
2375 1016 2388 1037 .
2421 974 2659 1028 damnari
2698 984 2750 1029 et
2791 975 2844 1029 in
2873 981 3130 1046 aeternum
3175 973 3316 1042 affigi
3356 972 3599 1029 horribili
3643 972 3826 1046 globo,

2238 1046 2326 1100 ubi
2372 1047 2654 1099 includitur
2693 1060 2824 1114 gens
2864 1045 3220 1107 tenebrarum,
3265 1046 3548 1098 anathema
3575 1045 3665 1100 sit.

2319 1116 2422 1170 VII.
2443 1146 2515 1155 —
2533 1115 2632 1183 Qui
2680 1116 2850 1190 credit
2892 1116 3101 1190 legem,
3148 1130 3266 1184 qua:
3293 1115 3413 1190 (lata
3441 1125 3524 1190 est
3547 1131 3646 1186 per
3675 1117 3828 1190 May.

2238 1200 2333 1244 seu
2359 1229 2374 1252 ,
2417 1203 2520 1241 non
2561 1201 2681 1241 esse
2724 1203 2752 1240 a
2799 1187 2938 1240 bono
2966 1188 2982 1218 ⁸
3029 1195 3083 1239 ct
3128 1200 3256 1240 vero
3305 1186 3416 1241 Deo
3460 1186 3638 1242 datam
3664 1230 3680 1252 ,
3732 1186 3829 1245 ure

2239 1258 2442 1327 Spiritu
2468 1258 2707 1328 Deiboni
2733 1266 2788 1312 et
2812 1258 2922 1311 veri
2950 1257 3153 1311 locutos
3177 1256 3474 1328 Prophetas
3497 1259 3588 1328 qui
3615 1261 3827 1315 fuerunt

2239 1329 2293 1384 in
2335 1330 2530 1398 populo
2559 1327 2758 1394 Israel,
2790 1338 2844 1383 et
2884 1330 2937 1382 in
2967 1342 3171 1382 canone
3197 1327 3592 1396 Scripturarum
3618 1331 3826 1386 divina-

2239 1416 2361 1482 rum
2387 1400 2650 1455 habentur
2676 1400 2816 1470 apud
2840 1399 3156 1454 catholicam
3183 1399 3476 1454 Ecclesiam
3502 1441 3519 1466 ,
3545 1401 3826 1458 anathema

2239 1480 2328 1526 Sil.

2314 1542 2447 1598 Vlll.
2479 1572 2552 1584 —-
2590 1542 2692 1612 Qui
2735 1542 2910 1612 credit
2949 1555 3056 1595 non
3097 1539 3349 1612 habuisse
3386 1556 3567 1595 veram
3611 1557 3830 1599 carnem

2241 1613 2434 1670 Filium
2463 1614 2556 1668 Dei
2581 1611 2860 1668 Dominum
2885 1611 3065 1667 Iesum
3089 1611 3360 1666 Christum
3381 1653 3396 1675 ,
3430 1629 3600 1682 neque
3646 1623 3828 1672 natum

2243 1700 2363 1742 esse
2391 1685 2460 1741 de
2494 1687 2695 1755 virgine
2723 1684 2884 1738 Maria
2907 1725 2922 1749 ,
2965 1699 3138 1752 neque
3180 1697 3359 1736 veram
3393 1695 3619 1738 mortem
3661 1684 3828 1741 fuisse

2244 1773 2590 1826 perpessum,
2637 1766 2692 1810 et
2743 1770 2775 1810 a
2814 1755 3036 1826 niortuis
3082 1755 3524 1826 resurrexisse‘,
3573 1755 3671 1810 sed
3719 1766 3830 1812 tan-

2244 1824 2522 1883 tummodo
2569 1828 2816 1897 spiritum
2877 1825 3043 1881 fuisse
3093 1824 3216 1880 sine
3264 1839 3461 1892 carne,
3520 1827 3599 1880 sic
3650 1837 3830 1882 autem

2243 1914 2504 1969 apparere
2528 1899 2764 1953 voluisse
2783 1939 2798 1962 ,
2828 1905 2890 1951 ut
2922 1905 3372 1969 caroiputaretur,
3402 1911 3520 1967 quae
3543 1913 3654 1969 non
3681 1908 3828 1966 erat,

2244 1981 2402 2040 atque
2446 1970 2548 2025 hoc
2586 1969 2744 2024 modo
2779 1968 3098 2040 contradicit
3137 1968 3459 2036 Evangelia,
3502 1968 3592 2022 ubi
3637 1968 3830 2040 legitur

2244 2037 2471 2096 Domino
2514 2041 2630 2110 ipso
2669 2040 2878 2094 dicente
2909 2079 2924 2105 ,
2977 2037 3151 2094 Videte
3187 2054 3369 2110 ntanus
3411 2054 3545 2092 mea:
3586 2049 3635 2092 et
3680 2037 3831 2110 pedes

2245 2128 2381 2166 meos
2400 2128 2421 2178 ,°
2443 2109 2644 2181 palpate
2664 2119 2712 2165 et
2733 2111 2911 2174 uidete,
2939 2110 3058 2181 quia
3078 2109 3285 2181 spfu'itu
3305 2125 3416 2163 ossa
3433 2118 3483 2181 et
3499 2109 3708 2164 carnem
3727 2127 3832 2164 non

2245 2182 2411 2246 habet,
2440 2179 2568 2236 sicut
2593 2197 2671 2234 me
2693 2181 2872 2235 videtis
2895 2180 3076 2233 habere
3101 2179 3406 2247 (bacasut,
3431 2180 3518 2251 59)
3547 2197 3560 2232 :
3584 2181 3677 2249 qui
3698 2195 3832 2251 ergo

2243 2253 2323 2309 sic
2350 2253 2631 2308 confitetur
2655 2251 2924 2305 Christum
2950 2251 3116 2322 Deum
3141 2291 3156 2316 ,
3188 2260 3248 2304 ut
3275 2266 3458 2322 verum
3483 2260 3537 2305 et
3561 2253 3833 2322 integrum

2243 2325 2404 2378 etiam
2432 2323 2702 2378 hominem
2729 2333 2907 2391 neget,
2941 2320 3223 2376 anathema
3255 2321 3344 2375 sit.

2316 2395 2408 2449 IX.
2445 2424 2514 2434 —
2543 2394 2642 2462 Qui
2690 2393 2860 2448 credit
2910 2392 3117 2446 Manem
3169 2393 3281 2446 sive
3323 2391 3693 2456 Manichteum,
3742 2393 3832 2463 qui

2244 2479 2406 2535 supra
2445 2466 2640 2532 scripta
2690 2463 2871 2518 omnia
2889 2503 2918 2535 ,_
2955 2477 3075 2531 quae
3122 2463 3464 2535 anathemate
3509 2473 3566 2535 et
3607 2464 3829 2518 damna-

2194 2597 2203 2604 ο
2244 2533 2391 2591 tione
2419 2544 2546 2592 sunt
2568 2535 2748 2605 digna,
2777 2533 3085 2603 prmdicavit
3109 2542 3163 2587 et
3189 2534 3400 2596 docuit,
3431 2534 3688 2603 Spiritum
3714 2550 3829 2590 san-

2244 2616 2388 2662 ctum
2421 2606 2671 2662 habuisse
2697 2605 3044 2673 paracletum,
3070 2618 3191 2658 cum
3213 2619 3276 2658 ea
3302 2605 3478 2658 omnia
3506 2605 3705 2660 docere
3728 2621 3834 2661 non

2246 2677 2738 2803 mtuerit‘Spiritus
2765 2676 3023 2740 veritatis,
3044 2675 3136 2730 sed
3163 2675 3380 2745 spiritus
3409 2675 3679 2742 falsitatis,
3706 2692 3832 2732 ana-

2307 2765 2424 2803 ema
2451 2764 2494 2803 st
2525 2789 2539 2803 .

2307 2765 2424 2803 ema
2451 2757 2539 2810 Sil,

2318 2819 2388 2874 Χ.
2423 2849 2496 2860 -
2524 2818 2593 2872 Et
2633 2817 2900 2888 praecipue
2941 2817 3054 2890 ipse
3093 2815 3270 2890 Manes
3311 2816 3423 2890 sive
3466 2815 3830 2890 ﬂanichaeus,

2245 2892 2336 2960 qui
2362 2905 2551 2946 omnes
2578 2886 2975 2960 suprascriptas
3003 2886 3350 2960 impietates'
3394 2896 3451 2943 et
3491 2889 3627 2942 alias
3675 2891 3834 2943 sacri-

2246 2959 2392 3031 legas
2439 2961 2875 3029 damnabilesque
2915 2959 3118 3013 fabulas
3157 2959 3336 3031 docuit
3387 2969 3442 3031 et
3492 2961 3830 3028 conscripsit,

2246 3029 2621 3088 et'credendas
2650 3031 2859 3085 miseris
2897 3031 3192 3098 persuasit,
3236 3029 3520 3084 intendens
3561 3031 3830 3098 spiritibus

2245 3103 2614 3158 seductoribus
2643 3111 2698 3157 et
2717 3102 2974 3156 doctrinis
2994 3099 3378 3155 daemoniorum
3401 3099 3833 3172 mendaciloquo-

2245 3189 2386 3242 rum,
2419 3174 2702 3229 anathema
2731 3173 2820 3228 sit.

2369 3332 2491 3378 Item
2509 3325 2659 3377 forma
2683 3324 2904 3389 epistolae
2915 3323 3157 3436 quamsdat
3177 3324 3434 3388 episcoPus
3448 3325 3718 3385 conversis,

2924 3401 2964 3436 IS
3032 3400 3062 3436 Θ
3133 3401 3148 3436 τ

2924 3400 3012 3437 1813
3032 3400 3109 3436 ρει.
3133 3401 3148 3436 τ

2323 3493 2574 3563 Quoniam
2603 3501 2650 3548 te
2681 3491 3078 3547 Manio/urorum
3103 3492 3396 3548 Auditorem
3429 3496 3638 3563 paenitet
3665 3498 3837 3564 fuisse,

2248 3566 2379 3620 sicut
2410 3566 2518 3634 ipse
2545 3568 2802 3635 confessus
2831 3581 2880 3618 es
2905 3606 2919 3628 ,
2951 3565 3220 3620 anathema
3247 3564 3418 3620 dicens
3447 3564 3773 3633 blasphemia}
3795 3573 3840 3620 et

2249 3636 2562 3705 impiissima:
2589 3645 2736 3701 atque
2763 3636 3176 3704 immundissimtr
3202 3635 3380 3688 Iiwresi
3405 3651 3583 3687 eorum
3609 3678 3623 3696 ,
3659 3653 3722 3689 ea:
3747 3651 3840 3704 qua

2251 3716 2300 3760 tc
2325 3708 2524 3759 nonnisi
2546 3706 2672 3773 ﬁdes
2694 3706 2940 3759 catholica
2964 3708 3158 3759 salvum
3179 3707 3302 3776 facit
3325 3722 3344 3766 ;
3368 3705 3570 3757 habebis
3592 3706 3728 3758 hanc
3747 3707 3842 3774 epi-

2251 3777 2437 3832 stolam
2461 3777 2702 3832 adversus
2727 3794 2830 3839 eos,
2858 3777 2944 3843 qui
2965 3777 3052 3830 tibi
3073 3777 3313 3841 temporis
3335 3777 3578 3840 prteteriti
3599 3793 3838 3842 errorem,

2248 3858 2492 3913 quantum
2518 3847 2585 3900 ad
2606 3848 2753 3900 istam
2777 3848 3022 3916 nefariam
3046 3847 3256 3915 pertinet
3278 3856 3480 3909 sectam,
3505 3848 3842 3916 objiciendth

2250 3920 2556 3989 putaverint,
2589 3934 2701 3985 quw
2723 3920 2912 3986 scripta
2938 3928 3009 3970 est
3035 3919 3117 3971 die
3146 3918 3233 3970 illo
3261 3926 3308 3969 et
3339 3916 3543 3989 consule
3567 3920 3681 3971 illo.

2324 3989 2522 4044 Electis
2551 4004 2679 4042 vero
2710 4004 2891 4042 eorum
2919 4027 2934 4053 ,
2966 3989 3053 4057 qui
3084 4004 3143 4042 se
3171 3987 3410 4041 converti
3439 3987 3629 4041 dicunt
3655 3988 3721 4043 ad
3751 4003 3842 4043 ca-

2252 4060 2504 4116 tholicam
2534 4060 2716 4124 tidem,
2753 4060 2958 4112 etiamsi
2987 4068 3039 4111 et
3066 4059 3161 4126 ipsi
3189 4057 3483 4112 secundum
3511 4064 3845 4128 superiorem

2255 4133 2478 4186 turritam
2505 4131 2748 4186 eamdem
2775 4129 3022 4184 h4uresim
3049 4129 3528 4194 anathemavcrint,
3559 4146 3665 4182 non
3693 4131 3849 4186 facile

2254 4203 2443 4258 danda:
2465 4213 2586 4256 sunt
2608 4202 2798 4256 littera:
2819 4219 2831 4252 :
2851 4200 2944 4254 sed
2965 4215 3084 4253 cum
3110 4200 3201 4254 Dei
3225 4201 3391 4254 servis
3409 4215 3526 4254 esse
3543 4200 3846 4268 debebunt,

2254 4274 2366 4328 sive
2392 4273 2618 4336 clericis,
2644 4273 2754 4324 sive
2782 4272 2928 4325 laicis
2952 4270 3004 4323 in
3032 4272 3356 4324 monasterio
3381 4271 3458 4324 vel
3480 4270 3846 4336 xenodocbio,

2255 4344 2427 4399 donec
2457 4354 2742 4413 appareant
2779 4344 2990 4412 penitus
3021 4342 3132 4408 ipsa
3162 4342 3529 4413 superstitione
3557 4341 3805 4413 caruisse
3831 4357 3847 4405 ;

2255 4427 2311 4478 et
2341 4426 2464 4470 tunc
2491 4411 2577 4470 vel
2608 4411 2940 4483 baptiaeutur
2966 4453 2980 4476 ,
3007 4413 3055 4466 si
3084 4429 3188 4466 non
3215 4411 3412 4468 fuerint
3441 4411 3692 4480 baptizati
3714 4453 3732 4478 ,
3763 4414 3851 4467 vel

2257 4486 2668 4542 reconcilientur
2692 4527 2706 4550 ,
2737 4486 2781 4540 si
2810 4484 3136 4555 poenitentiae
3164 4484 3676 4555 locum_acceperint
3703 4502 3716 4537 :
3749 4498 3851 4540 nec

2257 4560 2489 4627 acceptis
2518 4557 2626 4610 cito
2656 4553 2863 4623 litteris,
2898 4557 3012 4611 loca
3037 4556 3091 4610 in
3116 4555 3308 4625 quibus
3333 4553 3546 4610 fuerant
3570 4569 3850 4611 commen-

2253 4627 2390 4690 dati,
2419 4627 2694 4682 deserant.

2323 4780 2344 4813 ι
2377 4779 2518 4839 Alias,
2542 4773 2604 4828 ab'
2618 4790 2731 4830 uno.

2323 4844 2344 4874 ³
2376 4842 2518 4901 Alias,
2544 4838 2788 4892 retixisse.

2325 4904 2346 4936 ³
2377 4897 2533 4964 Alias,
2559 4902 2643 4966 qui
2664 4914 2824 4952 omnes
2846 4898 3043 4965 spiritus
3063 4897 3336 4962 impietatis.

565 5023 3842 5056 MM

1394 5125 1852 5193 ADMONITIO
1892 5125 1974 5188 IN
2031 5121 2660 5222 SUBSEQUENTEM
2701 5123 3028 5187 LIBRUM.

647 5392 1016 5449 Pronuntiavit
1041 5391 1169 5448 olim
1197 5390 1478 5454 Erasmus,
1511 5401 1618 5443 non
1649 5399 1768 5443 esse
1796 5383 2070 5457 probabile
2098 5382 2240 5438 hunc
2263 5381 2531 5452 dialogum
2561 5391 2683 5434 esse
2711 5375 3012 5447 Augustini,
3038 5374 3188 5446 cujus
3213 5387 3322 5428 non
3349 5372 3592 5429 meminit
3625 5374 3682 5429 in
3713 5373 3870 5430 libris

572 5487 1050 5544 Retractationum.
1085 5484 1224 5539 Nam
1255 5483 1394 5537 Actis
1423 5481 1788 5547 ecclesiasticis,
1821 5480 2022 5550 inquit,
2052 5481 2177 5532 solet
2199 5475 2324 5532 addi
2347 5476 2520 5542 locus,
2551 5473 2803 5528 interdum
2832 5471 2981 5525 etiam
3005 5470 3126 5539 quid
3154 5469 3325 5540 fecerit
3351 5469 3438 5539 qui
3466 5469 3713 5539 praponit
3732 5511 3748 5536 ,
3783 5477 3873 5525 aut

573 5582 657 5653 qui
685 5580 972 5651 respondet.
1003 5579 1084 5633 Ad
1113 5579 1241 5645 haec,
1270 5593 1370 5630 non
1403 5575 1566 5628 solent
1592 5572 1773 5626 Ariani
1804 5583 1905 5626 tam
1933 5571 2081 5644 facile
2103 5571 2371 5624 concedere
2395 5569 2446 5621 in
2474 5566 2801 5638 disputando,
2835 5580 2984 5633 quam
3010 5563 3091 5614 hic
3117 5563 3237 5633 facit
3264 5561 3576 5617 Fclicianus.
3607 5562 3875 5621 Praeterea

573 5672 775 5727 densior
801 5677 872 5726 est
897 5669 1205 5741 Augustinus
1233 5669 1287 5723 in
1322 5665 1538 5720 citandis
1567 5664 1847 5734 Scripturis
1867 5705 1882 5731 ,
1911 5679 2061 5733 quam
2091 5662 2172 5715 hic
2199 5671 2292 5717 est.
2321 5659 2480 5714 Notat
2508 5667 2772 5729 postremo
2803 5656 3053 5710 Erasmus
3082 5655 3336 5726 phrascos
3363 5655 3756 5712 dissonantiam
3776 5700 3791 5722 ,
3824 5667 3877 5714 et

575 5764 845 5821 wncludit
873 5761 1146 5820 eruditum
1175 5762 1404 5832 aliquem
1433 5755 1719 5814 exercendi
1759 5755 1954 5828 ingenii
1992 5754 2161 5827 gratia
2189 5752 2408 5808 ﬁnxisse
2437 5750 2703 5821 dialogum
2727 5764 2743 5814 ;
2783 5747 2923 5818 quod
2955 5747 3148 5802 factum
3183 5756 3238 5803 et
3265 5747 3331 5802 ab
3357 5747 3689 5818 Hieronymo
3718 5751 3874 5809 vide-

577 5870 716 5913 mus.
750 5855 1094 5916 Dissimulata
1121 5869 1250 5912 vero
1275 5853 1375 5910 hac
1403 5848 1610 5909 Erasmi
1639 5863 1895 5917 censura,
1925 5846 2286 5908 Lovanienses
2314 5845 2511 5905 librum
2539 5844 2680 5903 hunc
2709 5841 2906 5900 excudi
2929 5851 3185 5902 curarunt
3210 5842 3347 5900 inter
3369 5841 3596 5914 genuina
3626 5856 3804 5916 Opera
3827 5853 3878 5906 ct
