4072 6440
257 364 392 426 tu"
1697 355 2059 420 APPENNX.
3386 361 3525 420 use
3625 353 3628 356 ’

265 493 386 538 cum
413 475 630 534 nomine
653 474 933 547 Augustini
950 513 968 543 ,
993 472 1120 544 quia
1151 470 1400 528 videlicet
1423 470 1588 542 ipsius
1614 483 1734 527 esse
1763 474 2002 544 agnoscit
2028 472 2171 532 Beda
2197 473 2438 546 vulgatus
2463 473 2517 532 in
2546 475 2766 534 Paulum
2790 477 2858 534 ad
2889 476 3058 536 που.
3087 479 3116 535 1
3143 519 3160 548 ,
3187 485 3244 536 et
3267 478 3528 536 [Anhan-

275 586 364 628 cus
391 570 444 624 in
473 582 634 638 Opere
661 576 846 622 contra
876 564 1254 638 Berengarium
1285 581 1298 618 :
1329 565 1520 634 quibus
1542 564 1756 636 adiungi
1784 574 1954 635 potest
1979 565 2258 633 Alcuinus,
2291 567 2384 621 lib.
2417 569 2442 622 1
2477 577 2660 625 contra
2690 569 2994 642 Elipantum
3014 612 3030 639 ,
3061 580 3115 628 et
3143 573 3333 630 Petrus
3359 575 3526 631 Lom-

270 662 461 720 bardus
501 661 554 716 in
579 661 614 718 5
638 659 786 716 Sent.
817 659 942 716 dist.
980 658 1072 728 21,
1115 673 1232 728 cap.
1267 658 1454 723 Sicut;
1481 667 1534 713 et
1563 659 1685 713 dist.
1714 657 1787 712 22
1810 699 1826 726 ,
1854 674 1974 730 cap.
2022 658 2088 714 Et
2129 660 2317 730 utique.
2363 659 2469 717 Sed
2511 663 2654 733 quod
2695 663 2762 720 ad
2792 664 3008 735 Bedam,
3049 676 3194 723 certe
3223 667 3378 724 Bedre
3417 643 3570 737 verit;

267 757 505 818 collectio
534 756 586 811 in
616 755 838 812 Paulum
863 795 878 821 ,
908 769 1066 826 quam
1096 753 1150 808 in
1180 752 1499 809 bibliotheca
1525 752 1871 808 Gcrmanensi
1900 753 2154 810 habemus
2180 752 2414 809 nondum
2437 756 2722 828 vulgatam,
2749 767 2895 814 caret
2919 773 3138 829 prorsus
3163 775 3230 816 eo
3256 760 3376 817 loco
3403 761 3524 818 libri
3560 749 3567 763 ’

255 849 409 920 hujus
431 847 522 920 qui
543 848 596 902 in
622 845 938 902 collectione
960 845 1171 916 vulgata
1193 883 1208 910 ,
1232 844 1384 914 cujus
1403 852 1677 900 auctorem
1701 860 1820 900 esse
1846 844 2060 900 Florum
2084 859 2223 916 saepe
2247 851 2567 917 notavimus,
2589 851 2780 906 citatur
2799 859 3046 923 tanquam
3067 854 3363 925 Augustini.
3385 855 3528 914 Nihil

257 949 430 996 autem
462 939 654 994 mirum
684 937 824 1009 quod
855 936 1132 1009 Augustini
1161 934 1393 992 creditus
1419 944 1502 992 est
1529 936 1684 1003 liber,
1716 936 1832 1008 ejus
1861 952 2047 993 revera
2077 938 2291 994 nomine
2318 939 2372 994 in
2409 941 2778 998 vetustissimis
2801 932 3071 1002 codicibus
3101 956 3446 1018 prtenotatus,
3474 959 3530 1006 et

255 1032 388 1092 forte
416 1031 520 1102 ipsi
549 1046 580 1086 a
606 1045 734 1086 vero
763 1029 904 1086 illius
931 1037 1148 1084 auctore
1171 1027 1332 1083 certis
1357 1026 1424 1083 de
1447 1030 1621 1084 causis
1662 1029 1986 1100 suppositus.
2016 1027 2072 1082 ld
2110 1028 2312 1084 scilicet
2339 1045 2368 1085 a
2394 1028 2587 1102 Vigilio
2613 1031 2871 1102 Tapsensi
2897 1031 3190 1090 factitatum
3217 1035 3558 1128 observavi-

251 1140 368 1184 mus
392 1123 756 1182 admonitione
782 1123 836 1178 in
869 1122 1285 1178 Altercationem
1311 1135 1433 1175 cum
1459 1120 1758 1186 Pascentio,
1790 1119 1845 1175 in
1874 1120 2178 1190 Appendice
2200 1122 2326 1176 Ionii
2350 1123 2592 1177 secundi.
2619 1122 2773 1180 Hunc
2796 1125 3043 1180 eumdem
3066 1125 3314 1197 Vigilium
3337 1129 3525 1184 subsc-

253 1217 462 1288 queritis
490 1231 612 1272 cum
643 1215 916 1272 Feliciano
938 1211 1312 1270 Altercationis
1337 1219 1606 1266 auctorem
1635 1211 1834 1267 detexit
1858 1211 2343 1283 demonstravitque
2367 1213 2558 1270 Petrus
2586 1213 2900 1271 Franciscus
2931 1215 3232 1274 Chililetlus
3254 1261 3268 1285 ,
3302 1235 3409 1274 non
3435 1234 3526 1274 so-

257 1310 363 1365 lum
408 1309 481 1364 ob
524 1306 924 1365 similitudinem
970 1305 1076 1362 stili
1117 1320 1240 1360 cum
1278 1303 1582 1360 indubitatis
1620 1304 1796 1375 Vigilii
1841 1314 2025 1360 contra
2065 1305 2358 1378 Eutycbem
2400 1305 2548 1360 libris
2572 1348 2587 1374 ,
2629 1307 2723 1363 sed
2759 1311 2918 1364 etiam
2950 1310 3072 1380 quia
3101 1310 3153 1366 in
3185 1311 3524 1372 Divioneusia

255 1403 499 1460 Abbatiae
529 1402 710 1460 codice
737 1401 955 1472 antiquo
981 1398 1159 1471 (quem
1189 1398 1404 1469 quidem
1429 1407 1553 1454 ante
1575 1413 1744 1454 annos
1771 1398 1983 1454 circiter
2011 1399 2343 1469 octingentos
2370 1399 2624 1468 scriptum
2654 1403 2921 1474 putamus)
2956 1403 3127 1475 Vigilii
3155 1421 3348 1462 nomen
3379 1422 3522 1476 prae-

253 1495 372 1552 fert.
402 1495 627 1565 Vigilius
654 1495 767 1563 ipse
796 1493 847 1547 in
877 1491 1186 1562 praefatione
1209 1490 1466 1546 librorum
1491 1498 1675 1545 contra
1708 1489 2046 1544 Varimadum
2075 1531 2088 1553 ,
2117 1489 2350 1559 digestos
2377 1503 2410 1542 a
2447 1503 2505 1544 se
2529 1491 2582 1544 in
2609 1505 2770 1546 unum
2797 1506 2993 1563 corpus
3019 1494 3086 1550 de
3110 1493 3322 1552 Uuitate
3345 1495 3523 1552 Trini-

258 1585 378 1640 tatis
416 1585 630 1640 libellos
667 1591 946 1650 memorat,
989 1580 1076 1636 ubi
1115 1580 1403 1636 adversarii
1443 1579 1910 1650 propositionibus,
1949 1595 2056 1634 non
2096 1579 2519 1634 testimoniorum
2557 1583 2906 1650 auctoritate,
2942 1584 3038 1642 sed
3077 1589 3294 1654 rustico,
3334 1595 3392 1643 ut
3427 1589 3520 1654 ait,

255 1691 530 1742 sermone,
561 1675 614 1730 id
640 1683 742 1743 est,
771 1675 920 1746 quasi
945 1688 1219 1729 sacrarum
1242 1673 1538 1734 litterarum
1557 1672 1705 1728 rudis
1727 1672 2098 1742 respondebat.
2126 1672 2390 1727 Cancrum
2411 1671 2584 1742 Optati
2606 1690 2822 1744 nomen,
2845 1677 2929 1732 cui
2953 1677 3184 1736 directus
3208 1680 3343 1738 liber
3367 1691 3520 1737 nota-

253 1777 340 1824 tur
377 1769 432 1823 in
462 1767 620 1824 editis
641 1809 658 1834 ,
687 1768 839 1822 abest
864 1782 894 1821 a
925 1765 1237 1821 Divionensi
1262 1765 1446 1820 codice
1473 1773 1528 1820 et
1555 1766 1624 1820 ab
1659 1765 1778 1819 aliis
1806 1764 2042 1819 melioris
2069 1771 2228 1819 noue.
2259 1764 2314 1819 ln
2354 1765 2666 1835 quibusdam
2697 1775 2875 1824 tamen
2912 1769 3040 1826 Mss.
3069 1781 3122 1828 et
3149 1772 3331 1829 titulus
3357 1772 3518 1830 habet

253 1859 330 1918 De
357 1859 565 1917 Unitate
597 1860 855 1914 Trinitatis
881 1859 950 1914 ad
979 1858 1257 1931 Optatum;
1286 1865 1340 1912 et
1365 1855 1603 1927 praefatio
1629 1855 1901 1910 Extorsisti
1928 1856 2053 1910 mihi
2076 1897 2090 1922 ,
2123 1855 2441 1911 dilectissime
2465 1857 2544 1928 ﬁli
2574 1857 2777 1930 Optate.

235 1988 3492 2018 Μψ--ῇψ--Ἥ

1252 2076 1729 2166 CONTRA
1785 2071 2512 2168 FELICIANUM

231 2217 243 2290 ἱ
1723 2229 2035 2290 ARIANUM

610 2394 880 2538 DE
994 2382 1872 2534 UNITATE
2003 2383 3142 2542 TRINITATIS

1157 2611 1395 2673 LIBER
1435 2609 1669 2684 UNUS,
1714 2606 2027 2671 VlGILIO
2071 2607 2580 2674 RESTITUTUS.

1644 2750 2120 2809 ὣς)Ὴο

304 2891 532 2950 CAPUT
569 2886 851 2946 PRIMUM.
879 2881 1251 2938 —-Extorsisti
1285 2879 1436 2943 mihi,
1483 2876 1828 2950 dilectissime

234 2949 336 3031 Illi,
371 2975 430 3019 ut
456 2963 524 3018 de
553 2965 754 3016 unitate
781 2957 1076 3031 Trinitatis,
1094 2950 1492 3031 quieperfectus
1515 2949 1652 3002 Deus
1682 2963 1826 3031 seni-

305 3017 336 3091 i:
365 3017 429 3090 ac
453 3017 692 3088 summus
717 3037 818 3093 est,
849 3027 1012 3099 officii
1060 3017 1167 3078 non
1212 3017 1491 3076 immemor
1520 3017 1828 3099 sacerdota-

305 3055 335 3091 ι·
365 3055 429 3090 ac
453 3055 692 3088 summus
717 3055 818 3093 cui,
849 3055 1012 3081 υιιιιῑιι
1061 3055 1167 3078 ιιυιι
1213 3055 1481 3076 ιιιιιυσιιιυι
1520 3055 1827 3074 uacum-ur

233 3055 321 3171 iii,
357 3104 554 3172 aliquid
579 3102 904 3172 scriberem;
933 3097 1090 3172 idque
1116 3110 1147 3147 a
1191 3109 1296 3159 me,
1342 3107 1462 3146 cum
1493 3090 1718 3172 propria:
1745 3089 1828 3172 iri-

233 3157 504 3235 iirinital'is
553 3171 798 3228 conscius
844 3157 1039 3235 saepius
1065 3157 1399 3243 excusarem,
1427 3157 1611 3243 multis
1655 3157 1828 3243 modis

237 3246 463 3314 exegisti
491 3262 507 3309 ;
541 3255 792 3297 asserens
816 3237 1117 3314 communis
1167 3235 1294 3314 fidei
1342 3235 1625 3314 φηςι-ιδῃ).
1655 3239 1710 3284 et
1737 3245 1827 3287 re-

235 3301 458 3389 ligiosos
481 3301 828 3389 accipere,_e_t
856 3307 1171 3389 _sacerdotes
1211 3305 1411 3389 debere
1435 3301 1680 3386 ﬁdelibus
1709 3317 1827 3389 Δηομ

235 3372 474 3456 negare;
521 3372 706 3456 nei'aut
737 3372 811 3456 illi
837 3381 966 3456 dum
993 3395 1099 3432 non
1152 3377 1436 3456 accipiunt.
1472 3373 1729 3456 incipiant
1760 3372 1828 3456 ab

235 3443 545 3516 infidelibus
582 3454 737 3508 facile
769 3451 965 3518 decipi,
1004 3456 1096 3502 aut
1135 3446 1200 3499 ab
1229 3443 1310 3518 his
1343 3459 1478 3518 cum
1522 3443 1825 3518 desiderata

233 3514 342 3586 iton
371 3529 629 3587 tribuunt,
661 3514 906 3578 caelestis
933 3520 1216 3572 thesaurus
1228 3514 1425 3587 Christi
1445 3514 1701 3587 membris
1721 3530 1824 3587 non

231 3583 489 3670 expendi,
527 3583 626 3670 sed
644 3595 694 3647 in
727 3603 878 3670 _t_er_ra
906 3587 1132 3670 quodam
1189 3586 1348 3639 modo
1389 3585 1601 3670 sterilis
1625 3583 1826 3670 peritia}

231 3653 488 3724 videatur
509 3663 782 3721 abscondi.
817 3653 996 3730 Itaque
1025 3660 1221 3734 vietum
1261 3672 1347 3734 me
1386 3655 1557 3734 fateor
1579 3653 1827 3734 probabi-

234 3741 374 3796 libus
404 3738 602 3799 causis,
638 3751 702 3788 ne
732 3725 964 3788 inermes
987 3729 1194 3783 tradere
1246 3727 1430 3799 videar
1446 3725 1826 3799 obsiStentibus

231 3795 410 3872 malis,
445 3809 572 3862 dum
593 3795 857 3860 adversus
894 3801 1263 3872 infidelesnon
1283 3798 1615 3872 instruuntur
1651 3795 1828 3872 muni.-

231 3884 378 3937 mine
399 3866 665 3933 veritatis.
717 3875 911 3928 Verum
943 3871 1064 3940 quia
1097 3872 1146 3923 in
1176 3867 1476 3938 liujusmodi
1514 3866 1826 3940 quaestioni-

232 3955 334 4008 bus
359 3945 936 4022 quaedanrobscuritas
962 3937 1210 4022 continua
1237 3940 1478 4022 oratione
1515 3937 1826 4022 frequenter

231 4011 548 4085 incurritur,
581 4018 777 4072 ideirco
798 4014 851 4069 id
887 4011 1228 4085 _mihi_visum
1255 4019 1358 4074 est,
1392 4019 1449 4063 ut
1473 4024 1601 4085 eum
1619 4021 1826 4085 sermo-

231 4078 355 4149 nem
385 4093 476 4162 qui
502 4078 639 4144 inter
667 4103 752 4141 me
780 4095 838 4141 et
883 4082 1208 4137 Felicianum
1237 4095 1435 4162 “nuper
1463 4088 1548 4134 est
1590 4078 1822 4159 habitu,

229 4151 544 4236 pmenotatis
567 4167 800 4236 propter_
822 4168 1170 4236 personarum
1219 4151 1599 4236 discretionem
1633 4151 1828 4236 princi-

230 4222 442 4308 palibus
471 4222 743 4285 nominum
771 4222 980 4292 lit—teris,
1008 4223 1292 4294 pnesentis
1341 4222 1504 4276 libelli
1558 4222 1821 4277 brevitate

228 4308 639 4376 complecterer.
754 4369 799 4376 __
1140 4364 1229 4376 Α,
1356 4362 1390 4376 ..
1608 4361 1619 4373 .

301 4362 531 4432 CAPUT
571 4372 633 4426 ll.
660 4400 731 4412 --
754 4369 886 4424 Nam
912 4381 1034 4420 cum
1064 4373 1187 4419 ante
1216 4364 1314 4418 hos
1339 4362 1457 4418 dies
1509 4362 1707 4432 pariter
1735 4375 1823 4416 se-

231 4448 508 4507 deremus,
541 4454 648 4497 tum
678 4442 770 4495 ille
799 4457 812 4491 :
845 4439 987 4512 Inter
1012 4437 1139 4498 alia,
1170 4437 1516 4512 inquithute
1545 4433 1701 4512 me
1729 4446 1822 4512 ve-

227 4501 360 4574 stris
387 4501 835 4583 disputationibus
871 4509 1176 4584 frequenter
1219 4501 1822 4584 oilernddpppihilﬂde-

229 4573 402 4643 terius
435 4573 582 4656 puto,
609 4598 775 4656 quam
794 4580 932 4656 quod
970 4573 1060 4656 sic
1107 4585 1374 4656 praecepta
1423 4574 1550 4628 fidei
1603 4573 1824 4656 rudibus

232 4648 471 4721 traditis,
506 4648 704 4710 utnon
747 4648 824 4706 de
869 4648 1332 4721 intelligendamm
1373 4660 1554 4701 rerum
1594 4648 1822 4720 ratione,

227 4731 325 4786 sed
359 4719 660 4798 potius_de
708 4721 937 4798 quadarn
991 4719 1416 4798 testimoniorum
1467 4719 1824 4798 ostentatione

229 4785 664 4869 colloquentibus
693 4785 1069 4869 prtescribatis.
1097 4788 1249 4869 Quod
1278 4797 1342 4869 ut
1385 4801 1490 4868 non
1515 4785 1687 4869 dicam
1707 4800 1825 4869 “va-

225 4855 637 4938 frttni,'iiiterim
658 4855 820 4938 quam
847 4861 1209 4938 rusticum_s_it
1230 4859 1415 4938 pullus
1452 4857 1680 4938 ignorat.
1707 4855 1825 4938 Pri-

227 4926 394 4996 mum'
413 4935 558 5005 quod
579 4935 626 4988 si
655 4926 700 4988 is
714 4938 803 5002 qui
831 4933 1086 4987 edocetur
1125 4930 1275 5005 libris
1309 4929 1419 5005 jam
1464 4926 1708 5005 credidit,
1732 4926 1828 5005 ob-

227 4996 648 5080 temperatuiste,
679 4996 783 5056 non
827 5008 1094 5080 repugnat
1122 5019 1135 5054 :
1167 4996 1398 5069 alioquin
1421 5014 1533 5080 non
1565 4998 1732 5080 magis
1757 4996 1823 5050 ti-

228 5083 284 5137 bi
306 5069 476 5151 quam
504 5073 692 5129 iisdem
720 5069 1350 5151 testimoniianuae-pro‘
1384 5069 1652 5151 afﬁrmate
1680 5069 1826 5151 inge:

226 5137 449 5211 run'tur,
484 5158 705 5200 necesse
731 5151 812 5197 est
835 5137 1182 5197 contradicat.
1212 5137 1278 5194 Et
1304 5139 1424 5194 ideo
1455 5139 1658 5211 melior
1697 5137 1828 5211 mibi

225 5223 292 5278 ad
311 5208 618 5277 docendum
645 5214 853 5270 videtur
879 5212 994 5266 haec
1035 5211 1139 5272 via,
1161 5225 1262 5279 qua
1287 5211 1511 5278 primum
1542 5209 1663 5263 fidei
1693 5208 1828 5263 ratio

222 5295 346 5349 sine
378 5286 699 5344 testimoniis
722 5281 1343 5350 redditur:postratione
1356 5281 1618 5342 convicto,
1648 5280 1748 5332 iter
1768 5279 1828 5331 il-

227 5364 324 5419 iud
353 5359 645 5428 Scripturis
687 5353 1133 5428 respondentibus
1153 5352 1441 5428 expolitur.
1468 5352 1531 5406 Et
1549 5351 1827 5428 uon_iml_ne

224 5436 334 5490 rito
359 5435 434 5486 :si
462 5421 604 5484 enim
633 5421 931 5483 testimonia
957 5424 1071 5479 haec
1097 5437 1164 5477 eo
1187 5423 1495 5491 probantur,
1523 5421 1661 5490 quod
1675 5421 1829 5475 ratio-

227 5521 296 5560 ne
330 5519 442 5558 non
466 5508 702 5560 careant,
731 5506 904 5566 potest
932 5511 1024 5564 per
1053 5495 1218 5568 scilla
1240 5495 1500 5556 sufficere,
1523 5509 1639 5568 qua;
1668 5492 1826 5546 etiam

230 5578 348 5630 haec
383 5587 491 5628 non
520 5571 620 5624 nisi
643 5564 745 5639 per
767 5584 823 5622 se
852 5569 1019 5639 ipsam
1043 5564 1255 5639 videtur
1298 5573 1555 5639 astruere.
1582 5564 1673 5639 {Sin
1700 5577 1828 5639 con-

234 5655 338 5706 tra,
366 5644 491 5715 quis
522 5634 694 5710 potest
746 5634 1200 5715 irrationabilibus
1229 5636 1565 5715 testimoniis,
1589 5635 1711 5715 licet
1741 5634 1826 5715 illa

232 5705 414 5770 divina
445 5705 742 5782 fingantur,
779 5707 1106 5782 rationabilis
1134 5705 1255 5782 fidei
1294 5707 1429 5782 colla
1477 5706 1826 5782 submittere?

236 5786 300 5842 Et
331 5787 486 5841 illam
511 5775 742 5852 quidem
775 5778 1080 5852 disputandi
1108 5777 1268 5852 viam,
1303 5775 1492 5852 fateor,
1528 5779 1580 5831 in
1607 5777 1720 5830 aliis
1749 5785 1826 5829 to-

237 5856 497 5924 lerarem,
529 5850 666 5926 quos
690 5851 966 5924 imperitiae
992 5850 1307 5919 necessitas,
1336 5850 1459 5922 quia
1479 5864 1575 5922 per
1599 5865 1660 5906 se
1685 5855 1825 5905 stare

1939 2891 2046 2950 non
2075 2884 2297 2950 queunt,
2323 2877 2475 2950 cogit
2505 2876 2572 2931 ad
2609 2877 2781 2947 aliena
2825 2879 3154 2950 confugere:
3182 2880 3238 2938 in
3290 2890 3343 2940 te
3388 2899 3520 2942 vero

1935 2945 2138 3023 idcirco
2174 2948 2321 3002 nullo
2349 2945 2515 3023 modo
2562 2945 2778 3017 prorsus
2822 2951 2922 3023 ista
2950 2945 3238 3023 perpetior,
3265 2955 3386 3023 quia
3403 2957 3519 3012 clo-

1973 3018 2204 3074 nentiam
2251 3019 2450 3089 pariter
2473 3034 2596 3074 cum
2647 3020 2870 3078 scientia
2918 3018 3061 3078 fidei'
3091 3025 3184 3081 tibi
3211 3018 3366 3081 video
3411 3043 3518 3083 non

1973 3103 2149 3144 ecsse.

2006 3158 2265 3238 'l‘_um_ego
2294 3177 2308 3214 :
2336 3159 2450 3238 Non
2498 3175 2666 3238 usque
2705 3161 2866 3238 adeo,
2900 3163 3138 3238 inquam,
3165 3181 3252 3221 me
3280 3166 3398 3222 duci
3426 3183 3521 3238 pu-

1933 3237 2015 3306 tes
2043 3231 2283 3306 laudibus
2324 3232 2478 3306 meis,
2538 3241 2596 3286 ut
2644 3232 2893 3302 iniuriam
2945 3231 3132 3290 faciam
3166 3231 3519 3306 praisedeiiti-

1932 3299 2296 3378 bususanctis.
2344 3301 2454 3357 Nec
2505 3299 2828 3378 prmsuniam
2877 3321 3108 3378 unquam
3160 3299 3212 3361 in
3259 3311 3516 3378 sapientia

1932 3371 2101 3445 verb_i,
2135 3388 2202 3427 ne
2238 3383 2523 3445 evacuetur
2547 3389 2678 3428 crux
2706 3374 2902 3430 Christi
2931 3371 3116 3445 (l'Cor.
3149 3394 3184 3444 ι,
3215 3378 3303 3433 17.
3322 3371 3520 3435 Videa-

1933 3450 2016 3496 tur
2041 3441 2181 3496 Beda
2205 3442 2436 3523 alligatus
2470 3444 2524 3496 in
2569 3445 2810 3506 eumdem
2831 3441 3018 3500 locum.
3051 3445 3072 3568 ἶ
3099 3465 3113 3502 :
3146 3441 3244 3501 Sed
3275 3450 3519 3518 Scriptu-

1933 3526 2110 3566 raruiu
2156 3521 2472 3568 auctoritate
2534 3524 2816 3568 contentus
2839 3556 2856 3568 .
2906 3517 3046 3568 simn
3071 3518 3234 3568 icitati
3297 3519 3519 3568 obctlire

1930 3526 2110 3566 rarum
2156 3515 2472 3568 auctoritate
2534 3524 2856 3581 contentus,
2906 3515 3234 3583 simplicitati
3297 3515 3521 3576 obedire

1932 3583 2107 3658 potius
2135 3583 2323 3658 studeo
2365 3599 2524 3653 quam
2555 3586 2768 3658 tumori.-
2944 3588 3154 3651 meiius,
3212 3591 3410 3658 inquis,
3431 3606 3518 3645 ra-

1935 3655 2079 3710 tione
2107 3655 2224 3728 quis
2254 3671 2411 3722 quam
2459 3655 2786 3728 testimoniis
2834 3656 3110 3728 educam.
3141 3655 3299 3725 Quid
3334 3673 3464 3728 ergo
3494 3661 3518 3716 ?

1927 3740 2090 3796 quam
2127 3725 2389 3778 rationem
2417 3724 2608 3778 afferre
2627 3734 2797 3794 potes,
2827 3727 2870 3780 si
2896 3736 3099 3795 partum
3119 3724 3378 3796 praedicas
3399 3724 3517 3786 'vir-

1929 3795 2089 3867 ginis,
2120 3796 2162 3849 si
2182 3796 2416 3867 redditos
2439 3796 2624 3849 oculos
2652 3813 2755 3848 non
2785 3812 2946 3865 negas
2992 3795 3172 3861 caecis,
3203 3800 3248 3854 si
3277 3802 3515 3867 sepultos

1929 3865 2135 3938 redisse
2163 3866 2400 3938 ostendis
2419 3882 2450 3920 a
2478 3867 2700 3922 mortuis
2727 3868 2750 3938 2
2781 3868 2833 3921 Si
2865 3883 2992 3938 ergo
3019 3867 3208 3924 horum
3234 3880 3287 3925 et
3309 3865 3516 3925 incom-

1932 3936 2326 4016 prehensihilis
2359 3938 2600 4016 ratio,_et
2630 3937 2828 4016 veritas
2867 3936 3109 4016 prompta
3161 3950 3282 4003 est;
3313 3941 3519 4016 facilius

1931 4007 2381 4080 innegotiisiidei
2422 4009 2736 4062 testimoniis
2756 4008 3007 4071 creditur,
3065 4026 3222 4080 quam
3255 4011 3392 4065 ratio
3417 4026 3515 4068 ve-

1929 4077 2171 4151 stigatur.
2209 4077 2403 4151 verum
2433 4080 2554 4147 quia
2581 4093 2686 4151 non
2733 4080 2892 4134 nimis
2939 4077 3384 4151 inconsequenter
3410 4081 3517 4138 duo

1930 4147 2028 4202 ista
2055 4148 2334 4215 discernis,
2363 4164 2482 4203 cum
2515 4149 2716 4202 ratione
2744 4151 3018 4217 praemissa
3067 4147 3228 4206 etiam
3277 4155 3520 4208 testimo-

1933 4218 2018 4290 nia
2045 4234 2152 4274 non
2206 4219 2444 4274 omittis:
2477 4219 2675 4274 idcirco
2727 4221 2780 4275 in
2826 4220 2923 4275 hac
2946 4221 3310 4290 disputatione
3351 4223 3405 4278 id
3432 4239 3519 4279 me

1930 4289 2100 4344 fateor
2140 4301 2466 4352 secuturum,
2494 4291 2635 4358 quod
2664 4292 2774 4360 ipse
2806 4289 3134 4360 probaveris.

2000 4379 2226 4436 CAPUT
2263 4379 2438 4453 lll.-7-_
2460 4380 2784 4435 FELICIANUS
2811 4398 2824 4436 :
2856 4382 3018 4450 Ergo,
3051 4382 3246 4453 inquit,
3266 4383 3517 4453 quoniam

1931 4451 2395 4524 otiosisnmus,ad
2429 4451 2868 4524 homousiivestri
2898 4451 3374 4521 quaestionem,'de
3401 4469 3512 4524 quo

1932 4538 2037 4575 non
2084 4523 2220 4594 inter
2246 4537 2342 4575 nos
2374 4531 2598 4583 tantum,
2629 4521 2720 4575 sed
2747 4524 2910 4576 etiam
2959 4524 3098 4578 inter
3153 4526 3383 4594 majores
3414 4521 3514 4578 ito-

1931 4602 2071 4646 stros
2123 4593 2434 4661 plerumque
2483 4601 2759 4644 tractatum
2795 4603 2876 4646 est
2907 4634 2923 4660 ,
2976 4593 3274 4649 veniamus.
3323 4595 3389 4648 Et
3446 4610 3516 4650 ne

1931 4662 2141 4732 longius
2176 4672 2424 4734 evagetur
2451 4665 2642 4726 oratio,
2685 4662 2946 4731 ipseiam,
2998 4675 3054 4718 ut
3104 4667 3266 4730 soles,
3322 4679 3514 4734 perso-

1932 4749 2056 4787 nam
2112 4733 2460 4804 proponentis
2487 4747 2721 4804 assume,
2753 4743 2806 4787 et
2853 4748 2882 4787 a
2939 4735 3091 4789 nobis
3118 4736 3376 4788 rationem
3408 4751 3508 4788 no-

1931 4813 2057 4884 stra:
2118 4803 2276 4871 fidei,
2323 4803 2680 4874 quaerentibus
2747 4805 2979 4860 vicissim
3047 4805 3368 4870 redditurus,
3427 4807 3514 4860 in-

1973 4889 2108 4929 Ull‘e.

1933 4888 2139 4999 qu’iﬁu
2178 4959 2317 5016 ego:
2348 4944 2453 5016 Dic,
2498 4945 2649 5010 mihi,
2696 4946 2931 5015 inquam,
2978 4959 3235 5000 verumne
3275 4945 3346 4999 sit
3372 4946 3512 5016 quod

1932 5016 2174 5142 isladldit)?
2199 5015 2400 5083 dicere,
2437 5015 2582 5072 Patri
2632 5017 2948 5072 homousion
2983 5031 3090 5070 non
3148 5031 3268 5072 esse
3303 5015 3515 5087 penitus

1981 5104 1992 5140 l
2019 5103 2123 5140 illm

1981 5103 2123 5140 11111111

2003 5177 2319 5235 FELICMNUS
2346 5196 2359 5233 :
2390 5179 2589 5234 Verum
2629 5185 2731 5243 est,
2775 5191 2875 5232 nec
2926 5177 3231 5247 persuaderi
3259 5177 3386 5232 mihi
3419 5193 3516 5244 po-

1934 5256 2038 5304 test
2064 5249 2113 5303 id
2138 5250 2424 5318 ingcnitum
2456 5265 2574 5303 esse
2598 5247 2736 5318 quod
2765 5248 3024 5318 genitum,
3054 5265 3120 5304 ne
3141 5248 3388 5303 eumdem
3411 5248 3517 5306 Pa-

1932 5328 2068 5376 trem
2098 5321 2280 5376 videar
2311 5319 2597 5391 praedicare
2620 5317 2777 5389 quem
2805 5317 3018 5374 Filium.

2005 5413 2334 5468 Auousrisus
2362 5428 2375 5464 :
2403 5410 2517 5465 Non
2569 5410 2640 5465 ita
2680 5419 2762 5464 est
2791 5427 2804 5464 :
2835 5427 2956 5466 nam
3018 5425 3086 5465 ne
3131 5409 3258 5464 mihi
3303 5410 3518 5481 quidem

1934 5483 2071 5537 istud
2101 5485 2150 5536 in
2199 5484 2376 5536 animo
2407 5489 2510 5547 est,
2561 5483 2806 5535 eumdem
2852 5483 3144 5551 ingenitum
3185 5498 3306 5538 esse
3355 5497 3513 5551 quem

1931 5556 2205 5624 genitum;
2251 5552 2344 5606 sed
2373 5551 2425 5606 id
2453 5553 2627 5622 potius
2681 5553 2973 5623 ingenitum
3019 5567 3140 5608 esse
3185 5553 3328 5624 quod
3357 5553 3509 5623 geni-

1936 5635 2065 5678 tum.

2011 5705 2140 5757 Fer.
2177 5703 2243 5756 Et
2293 5705 2558 5772 quomodo
2608 5720 2717 5760 non
2768 5705 3012 5760 eumdem
3051 5706 3340 5776 ingenitum
3383 5703 3519 5760 dicis

1934 5790 2052 5829 esse
2071 5790 2227 5901 (Ἥρω
2265 5776 2521 5880 gepitum,
2553 5779 2598 5834 si
2640 5786 2921 5850 utrumque
2967 5793 3131 5833 unum
3185 5785 3338 5847 putas
3374 5790 3518 5842 esse,

1943 5863 2048 5902 non
2074 5860 2103 5900 a
2149 5863 2298 5902 crum
2332 5888 2344 5902 .
