4072 6428
582 363 720 424 H59

582 546 868 602 verborum
898 563 912 598 :
938 560 1059 599 nam
1084 543 1208 599 dum
1235 541 1520 610 utrumque
1548 558 1709 598 unum
1739 543 1879 608 dico,
1908 541 2162 596 substan-

584 618 712 673 tiam
732 618 843 672 veri
866 616 1036 670 Patris
1097 629 1160 668 ac
1191 615 1301 667 veri
1351 613 1471 668 Filii
1510 629 1574 668 ex
1622 622 1732 668 toto
1763 629 1866 668 non
1921 627 2160 680 separo:

583 698 640 744 et
663 689 788 764 dum
818 701 923 742 non
951 685 1195 741 eumdem
1228 685 1438 738 Patrem
1475 699 1630 764 quem
1657 684 1854 764 _Filium
1906 682 2158 764 praedico,

583 760 860 828 utriusque
887 771 1186 828 personam,
1202 765 1408 828 servata
1431 757 2160 828 uniuscujusqueproplieta-

583 840 636 884 te
657 823 925 885 discerno.
948 829 1130 896 Itaque
1147 827 1192 881 si
1222 825 1569 879 substantiam
1599 826 1817 894 quaeris,
1841 825 1960 896 ipsa
1982 823 2158 878 Trini-

584 911 666 956 tas
705 914 840 954 unus
867 906 949 954 est
974 894 1112 952 Deus
1136 913 1151 962 ;
1185 897 1228 952 si
1252 910 1556 966 personam,
1576 897 1710 950 alter
1733 904 1815 949 est
1838 894 2024 948 Filius.

655 970 787 1024 Fac.
819 969 887 1026 Et
911 967 1178 1040 quomodo
1219 976 1274 1022 et
1301 966 1444 1022 idem
1485 981 1604 1023 esse
1645 966 1799 1034 dicis,
1830 975 1884 1021 et
1933 966 2160 1019 alterum

582 1041 794 1097 Filium.

654 1114 789 1168 Anc.
848 1111 1013 1177 Idem,
1073 1111 1324 1180 inquam,
1383 1108 1756 1164 communione
1803 1105 2160 1171 substantire;

585 1183 810 1238 alterum
838 1183 1162 1252 preprietate
1177 1195 1438 1250 personae.

655 1254 788 1308 FEL.
815 1247 1006 1309 Nescio
1035 1267 1140 1323 quo
1160 1247 1315 1320 pacto
1342 1265 1444 1304 una
1482 1250 1716 1305 creditur
1743 1263 1863 1305 esse
1911 1247 2158 1303 substan-

583 1324 675 1390 tia,
709 1339 830 1380 cum
857 1339 962 1378 non
991 1339 1096 1378 una
1133 1323 1341 1377 dicatur
1355 1336 1470 1376 esse
1499 1335 1744 1390 persona.

656 1397 792 1451 Auc.
819 1395 936 1450 Non
964 1407 1062 1458 est,
1098 1394 1332 1462 inquam,
1361 1407 1461 1446 una
1496 1405 1740 1461 persona,
1790 1390 1911 1459 quia
1936 1403 2038 1443 una
2066 1403 2160 1458 ge-

583 1466 784 1530 nuisse,
815 1475 868 1521 et
885 1466 1052 1520 altera
1079 1464 1272 1522 dicitur
1317 1463 1490 1533 genita
1523 1479 1536 1516 :
1569 1469 1624 1515 et
1649 1471 1730 1533 est
1758 1469 1935 1533 tamen
1975 1462 2162 1533 natiet

583 1537 848 1606 gignentis
868 1552 973 1590 non
996 1537 1210 1591 diversa
1235 1531 1550 1600 substantia,
1583 1532 1705 1602 quia
1757 1546 1864 1586 non
1885 1531 2158 1586 dissimilis

584 1608 863 1677 generanti
889 1607 1111 1662 docetur
1136 1613 1340 1661 exorta.

655 1679 785 1733 FEL.
826 1677 1000 1733 Velim
1027 1691 1206 1747 quaeso
1222 1673 1468 1744 exemplo
1491 1672 1624 1729 mihi
1647 1672 1883 1728 faciliore
1906 1671 2047 1726 dicta
2073 1670 2161 1726 di-

582 1747 806 1803 lucides.
1503 1792 1510 1794 -

652 1820 788 1874 Anc.
822 1817 877 1871 ln
909 1819 1067 1873 rebus
1091 1816 1302 1886 quidem
1329 1813 1948 1884 incomprehensibilibus
1974 1827 2158 1886 exemf

582 1888 668 1957 pla
701 1904 804 1942 non
834 1883 1126 1958 suppetunt
1138 1888 1423 1955 disputanti
1446 1904 1458 1938 :
1485 1883 1658 1958 tamen
1683 1885 1747 1958 in
1764 1892 2014 1958 quantum
2043 1883 2160 1958 fieri

581 1953 776 2026 potest,
801 1953 958 2013 etiam
982 1959 1032 2011 in
1052 1958 1150 2011 hac
1187 1953 1336 2025 parte
1366 1971 1470 2010 non
1502 1955 1681 2010 deero.
1709 1955 2032 2026 Ecceigitur
2055 1953 2153 2006 ho-

581 2024 671 2082 ino
698 2037 849 2096 pater
890 2028 1048 2082 habet
1095 2024 1367 2082 hominem
1410 2026 1614 2080 ﬁlium:
1643 2034 1726 2096 est
1774 2024 1988 2094 quidem
2017 2038 2159 2096 com;

580 2093 740 2152 mune
779 2098 1056 2167 utriusque
1103 2097 1243 2166 quod
1302 2098 1463 2150 homo
1493 2107 1593 2162 est,
1643 2095 1733 2149 uni
1784 2093 1961 2167 tamen
2013 2093 2156 2162 quod

580 2167 744 2234 ﬁlius,
774 2169 926 2223 alteri
950 2165 1219 2238 proprium
1263 2167 1633 2238 videturhesse
1668 2165 1809 2238 quod
1841 2173 1989 2234 pater
2032 2173 2154 2230 est;

580 2254 702 2292 nam
733 2241 783 2294 in
811 2236 1033 2308 utroque
1048 2236 1135 2293 _sic
1177 2251 1402 2308 persona
1454 2236 1792 2308 discernitur,
1826 2245 1882 2308 ut
1920 2248 2160 2308 commu-

579 2310 665 2384 nis
691 2304 989 2384 humanitas
1027 2324 1132 2364 non
1180 2304 1439 2384 negetur,
1477 2307 1604 2361 dum
1646 2322 1782 2384 unus
1804 2305 1990 2384 gignit,
2016 2304 2157 2384 alius

579 2381 845 2450 gignitur;
891 2395 1040 2450 aeque
1087 2374 1289 2435 autem'
1318 2379 1479 2434 homo
1524 2386 1579 2433 et
1608 2377 1696 2448 qui
1721 2374 1904 2447 genuit
1926 2374 2144 2442 dicitur,

581 2459 635 2506 et
666 2452 751 2504 ille
771 2451 858 2521 qui
883 2451 1128 2521 gignitur.

649 2519 999 2576 CAPUT'IV.
1026 2551 1096 2562 —
1119 2521 1248 2575 FEL.
1274 2519 1408 2575 Illud
1450 2527 1594 2574 certe
1620 2519 1766 2574 dicas
1802 2519 1980 2581 velim,
2004 2519 2156 2586 geni-

579 2599 666 2647 tus
690 2593 757 2646 ab
778 2592 1012 2658 ingenito
1061 2601 1238 2646 utrum
1256 2592 1407 2646 initio
1434 2599 1729 2658 separetur,
1759 2605 1826 2646 an
1855 2606 1959 2645 non
1988 2588 2016 2646 ?

578 2690 582 2696 -
651 2665 785 2718 Ave.
812 2660 888 2717 Ne
931 2663 984 2716 id
1029 2663 1239 2731 quidem
1287 2660 1576 2731 spiritualis
1619 2660 1982 2730 intelligentia:
2012 2662 2154 2720 veri.

579 2742 688 2788 tate
717 2735 990 2803 recipitur,
1019 2743 1078 2787 ut
1123 2734 1276 2788 Pater
1302 2748 1332 2786 a
1367 2732 1500 2785 Filio
1533 2731 1856 2803 interventu,
1887 2749 1993 2789 non
2035 2735 2155 2789 dico

579 2802 852 2876 temporis,
881 2804 1023 2873 quod
1045 2803 1231 2859 diebus
1257 2812 1541 2876 constatac
1563 2802 1826 2871 noctibus,
1860 2804 1955 2860 sed
1983 2807 2155 2876 cujus-

579 2872 708 2928 libet
736 2875 833 2928 :evi
861 2872 942 2929 vel
965 2876 1135 2929 aetatis
1164 2876 1181 2905 ¹
1207 2875 1378 2944 spatio
1428 2880 1725 2940 separetur.

577 2964 586 2986 ι
650 2944 781 3016 Εει.
819 2945 932 2999 Hoc
956 2946 1088 2999 siita
1114 2954 1216 3010 est,
1240 2943 1249 2944 ί
1273 2945 1377 2998 duo
1393 2944 1601 3016 _fa_teris
1639 2943 1890 3013 ingenita.
1925 2945 1992 3000 Et
2014 2961 2148 3016 quo-

579 3015 740 3069 modo
761 3016 929 3070 altera
971 3016 1160 3082 Patris,
1191 3016 1356 3070 altera
1393 3012 1511 3067 Filii
1565 3012 1781 3083 putatur
1819 3029 1941 3070 esse
1972 3012 2155 3085 perso-

577 3099 666 3146 na,
694 3100 811 3139 cum
837 3102 928 3154 per
953 3086 1390 3154 signiﬁcationem
1417 3085 1714 3140 communis
1762 3085 1983 3155 ingeniti
2010 3098 2154 3143 utra-

578 3170 682 3223 que
697 3155 940 3212 videatur
954 3171 1071 3209 esse
1103 3155 1322 3210 confusa
1345 3156 1368 3208 ?

650 3225 784 3280 Auc.
813 3225 869 3278 In
900 3226 1002 3280 hoc
1021 3226 1232 3292 quidem
1255 3241 1283 3278 a
1322 3225 1611 3293 majoribus
1647 3226 1840 3282 vestris
1884 3241 1990 3282 non
2038 3245 2154 3283 me-

579 3294 775 3369 diocris
821 3297 1098 3369 calumnire
1131 3296 1426 3369 sophisma
1461 3298 1810 3369 contexitur;
1845 3305 2021 3354 tamen
2056 3315 2154 3369 per

579 3365 833 3420 auxilium
865 3367 1029 3435 ipsius
1054 3366 1326 3421 Trinitatis
1369 3366 1632 3421 catholica
1659 3382 1878 3422 necesse
1905 3378 1987 3422 est
2015 3365 2147 3425 sim-

579 3437 815 3504 plicitate
841 3440 1094 3492 solvatur.
1117 3436 1330 3492 Patrem
1355 3452 1583 3507 namque
1621 3437 1934 3506 ingenitum,
1958 3439 2152 3495 Filium

577 3507 815 3577 genitum
850 3507 990 3571 dico,
1019 3523 1121 3563 nec
1159 3507 1287 3579 ideo
1320 3517 1495 3562 tamen
1524 3507 1759 3576 genitum
1799 3510 2034 3579 ingenito
2055 3527 2149 3566 co-

578 3588 836 3652 :eternu_m
867 3594 985 3634 esse
1013 3594 1121 3652 non
1149 3577 1400 3648 praedico,
1430 3593 1496 3633 eo
1527 3587 1730 3652 tantum
1770 3577 1967 3652 docens
1998 3582 2150 3652 inge-

577 3649 747 3722 nitum
765 3649 1003 3722 Patrem,
1034 3650 1156 3722 quia
1186 3664 1292 3704 non
1345 3649 1603 3722 processit
1629 3665 1693 3703 ex
1735 3649 1903 3722 altero
1933 3667 1946 3714 ;
1973 3667 2037 3705 eo
2060 3649 2152 3722 ge-

578 3719 746 3774 nitum
764 3719 976 3787 Filium,
1019 3721 1141 3789 quia
1182 3735 1288 3774 non
1335 3720 1536 3774 exstitit
1575 3735 1642 3774 ex
1668 3721 1881 3788 seipso.
1908 3722 2025 3775 Non
2067 3719 2154 3777 est

578 3804 860 3862 commune
889 3792 1100 3860 utrique
1125 3791 1291 3854 nasci,
1350 3805 1455 3844 non
1483 3800 1579 3862 est
1606 3804 1908 3862 commune,
1938 3809 2042 3846 non
2073 3794 2152 3862 gi-

577 3861 667 3930 gni
701 3877 714 3914 :
747 3869 801 3915 et
825 3876 1106 3916 commune
1128 3871 1303 3916 tamen
1342 3869 1424 3915 est
1448 3860 1668 3916 alterum
1698 3861 1765 3915 ab
1792 3863 1960 3917 altero
1987 3860 2151 3917 inter-

579 3940 739 4002 yentu
766 3932 926 3986 medii
954 3933 1208 4002 temporis
1236 3947 1342 3986 non
1367 3931 1568 3985 divelli.
1603 3931 1784 4001 Itaque
1809 3933 1852 3986 si
1881 3934 2152 4002 preprium

580 3999 753 4072 Patris
781 4002 992 4072 quaeris,
1019 3999 1214 4057 sufﬁcit
1255 4003 1396 4072 quia
1422 4002 1565 4057 solus
1586 3999 2098 4071 non'habetpat'rem
2132 4020 2147 4070 ;

580 4071 627 4124 si
658 4070 952 4139 Filii,_satis
967 4082 1048 4126 est
1073 4073 1211 4141 quod
1254 4070 1361 4126 non
1386 4071 1544 4126 habet
1585 4072 1785 4141 prolem
1819 4070 2015 4128 :unam
2059 4090 2152 4128 au-

583 4147 688 4194 tem
721 4151 775 4195 et
802 4151 1120 4196 coarternam
1167 4143 1337 4196 Patris
1377 4151 1431 4195 et
1477 4141 1595 4195 Filii
1625 4142 1850 4197 dicimus
1873 4143 2146 4199 deitatem.

654 4210 786 4266 FEL.
819 4212 1085 4284 Quantum
1114 4213 1179 4266 ad
1200 4227 1287 4266 mc
1315 4213 1520 4284 attinet,
1573 4222 1696 4284 non,
1715 4213 1868 4266 video
1897 4215 2020 4284 quid
2051 4216 2152 4270 ista

581 4296 725 4336 nunc
761 4283 996 4352 colligas.
1015 4282 1143 4337 Nam
1165 4281 1405 4352 quamvis
1433 4281 1766 4336 Aristotelica
1787 4281 1996 4338 mecum
2025 4286 2156 4340 sub-

581 4352 771 4408 tilitate
818 4352 1128 4419 contendas,
1192 4352 1307 4408 ﬁeri
1350 4361 1526 4406 tamen
1583 4367 1687 4405 non
1721 4362 1918 4423 potest,
1946 4365 2003 4409 ut
2030 4371 2152 4410 eum

581 4424 670 4493 qui
698 4424 907 4491 genitus
943 4424 1128 4488 est,ab
1150 4437 1215 4476 eo
1251 4423 1341 4492 qui
1369 4424 1550 4493 genuit
1585 4423 1729 4478 nulla
1780 4425 1880 4480 aevi
1925 4426 2155 4482 interce-

582 4491 756 4547 dentis
790 4493 1098 4563 antiquitate
1123 4491 1412 4548 discernas.

653 4564 788 4619 Auc.
813 4563 934 4619 Scio
958 4564 1223 4633 equidem,
1249 4573 1305 4618 ut
1333 4565 1420 4618 ille
1444 4565 1536 4627 ait,
1568 4579 1725 4632 quam
1752 4564 1804 4618 in
1837 4564 2034 4620 difﬁcili
2065 4567 2146 4621 lo-

582 4648 647 4688 co
676 4643 917 4689 versetur
936 4635 1106 4689 oratio
1137 4652 1150 4688 :
1180 4643 1354 4689 tamen
1385 4634 1673 4689 verendum
1715 4636 1868 4690 nobis
1893 4636 2024 4691 nihil
2049 4647 2150 4703 est,

582 4705 671 4773 qui
699 4720 795 4775 per
823 4705 1143 4773 adjutorium
1162 4707 1329 4769 sancti
1357 4705 1607 4774 Spiritus,
1632 4707 1992 4761 testimonium
2023 4707 2154 4761 dici-

581 4791 699 4828 mus
724 4776 852 4831 Deo.
886 4776 1024 4842 Quid
1049 4790 1175 4846 ergo
1216 4776 1452 4830 dicemus
1481 4777 1504 4827 ?
1532 4777 1694 4830 Estne
1741 4776 1939 4845 aliquid
1967 4778 2018 4831 in
2049 4778 2154 4832 Pa-

585 4852 667 4899 tre
697 4846 837 4915 quod
865 4855 1085 4916 negetur
1139 4847 1453 4915 ingenitum,
1486 4861 1553 4900 an
1581 4847 1729 4900 non?
1754 4847 1810 4901 Si
1840 4854 1941 4912 est,
1969 4863 2074 4902 non
2103 4849 2155 4902 in

582 4924 715 4982 toto,
781 4917 874 4971 sed
904 4918 954 4970 in
979 4926 1128 4986 parte
1155 4917 1331 4987 potius
1357 4917 1560 4971 dicatur
1588 4917 1889 4987 ingenitus;
1921 4918 2155 4986 alioquin

581 5001 688 5040 non
717 5002 782 5041 ex
808 4996 1048 5052 tempore
1071 4989 1230 5056 cwpit
1259 5002 1381 5043 esse
1406 4987 1591 5042 Filius.

580 5071 686 5129 non
718 5059 878 5126 C(epit
903 5057 1094 5129 Patris,
1140 5057 1343 5112 initiqu
1396 5058 1616 5112 inveniri
1644 5074 1747 5111 non
1777 5068 1952 5126 potest
1969 5060 2155 5129 prolis.

581 5127 636 5181 Si
664 5127 869 5182 initium
890 5127 1083 5182 dicitur
1106 5131 1290 5198 prolis,
1321 5143 1427 5183 non
1457 5138 1653 5183 acterna
1673 5127 2154 5198 paternitas‘doce-

585 5198 729 5252 bitur
748 5199 938 5252 Patris.
966 5199 1035 5253 Et
1086 5200 1352 5268 quomodo
1398 5199 1577 5266 stabit,
1613 5203 1734 5268 quia
1765 5207 1932 5254 totum
1980 5201 2032 5253 in
2062 5201 2159 5256 Pa-

586 5279 667 5339 tre
693 5268 894 5324 docetis
919 5270 1227 5338 ingenitum,
1250 5271 1339 5339 qui
1380 5270 1542 5339 ipsius
1594 5271 1922 5338 paternitatis
1955 5287 2146 5326 nomen

587 5336 790 5410 habere
812 5336 1014 5410 putatis
1067 5336 1296 5405 initium,
1345 5336 1462 5394 cum
1520 5336 1746 5410 cae—pisse
1796 5356 1862 5396 ex
1920 5351 2160 5410 tempore

593 5407 762 5461 dicitis
784 5409 1000 5476 Filium,
1032 5426 1138 5480 quo
1159 5410 1392 5466 nondum
1420 5407 1660 5467 exstante
1687 5412 1898 5469 Patrem
1923 5407 2160 5469 dici—non

592 5487 767 5548 potest
782 5481 1065 5535 vocitatum
1093 5482 1116 5535 ?

660 5547 788 5603 FBL.
810 5549 925 5625 _N_on
948 5565 1064 5605 sum
1081 5551 1420 5625 tam_stultus,
1445 5560 1504 5606 ut
1534 5561 1741 5622 tempus
1758 5553 2036 5625 przeferam
2064 5553 2156 5612 Fi-

590 5618 667 5676 lio
697 5635 710 5687 ;
731 5619 826 5676 sed
855 5621 1061 5678 initium
1087 5623 1201 5679 dari
1221 5633 1424 5680 certum
1445 5633 1526 5680 est
1543 5618 1742 5695 genito.

647 5806 667 5840 ⁸
699 5813 766 5858 tta
783 5821 954 5862 omnes
975 5817 1080 5862 Mss.
1101 5816 1159 5862 At
1184 5817 1256 5863 Er.
1273 5820 1324 5865 et
1349 5820 1480 5878 Lov.,
1498 5812 1570 5869 vel
1591 5813 1882 5872 aztemitatis.
1926 5829 1932 5838 '

2072 357 2434 418 APPENDIX.

653 475 791 531 Anc.
821 473 1200 529 Animadverto
1217 471 1324 527 vim
1365 478 1420 526 te
1457 471 1671 542 penitus
1712 485 1821 527 non
1873 469 2166 542 attendisse

1667 5004 1752 5042 am
1781 4989 1826 5042 si
1867 4990 2156 5056 paternitas
2199 5036 2207 5041 .

3717 369 3855 431 1160

2349 475 2480 530 Anc.
2507 473 2643 542 Quid
2666 474 2836 544 ergo?
2865 473 3002 531 inter
3033 473 3246 532 Patrem
3273 482 3328 533 et
3354 475 3550 536 Filium
3575 479 3714 542 dicis
3744 500 3854 543 me-

2268 543 2413 599 dium
2441 545 2570 599 nihil
2593 543 2794 602 fuisse?

2337 615 2466 669 FEL.
2493 614 2565 670 Ita
2595 631 2827 686 prorsus.

2338 689 2470 742 Ave.
2503 686 2779 754 Quomodo
2809 689 2966 757 igitur
3006 702 3168 759 negas
3211 687 3355 743 Patri
3387 689 3581 747 Filium
3618 707 3848 752 coaeter-

2265 771 2414 821 num,
2446 759 2535 828 qui
2569 760 2708 813 inter
2750 759 2961 814 Patrem
3010 767 3065 814 et
3107 759 3299 813 Filium
3333 759 3515 818 fateris
3544 779 3669 820 esse
3721 769 3848 825 nihil

2265 829 2518 891 medium,
2551 845 2619 884 ne
2645 829 2870 899 idipsum
2899 845 3005 884 non
3050 829 3284 886 medium
3322 840 3430 887 tam
3479 845 3694 894 constet
3734 855 3850 898 esse

2265 913 2421 967 quam
2441 900 2650 953 tertium
2671 900 2694 952 ?

2260 999 2261 1006 η
2336 969 2662 1046 ΟᾼΡῌΤΠΥ.
2690 1001 2756 1010 -
2781 969 2912 1046 Enn.
2959 971 3218 1046 Quoniam
3258 987 3345 1027 me
3384 973 3694 1046 diSpntandi
3738 989 3848 1038 arte

2266 1040 2558 1117 concludis,
2581 1041 2656 1117 id__
2679 1041 2820 1117 quod
2850 1042 3197 1117 amajorihus
3243 1047 3442 1099 nostris
3471 1040 3696 1102 'dietum
3743 1061 3837 1117 est,

2266 1108 2499 1183 breviter
2520 1108 2815 1180 explicabo.
2847 1108 3010 1166 Aiunt
3043 1113 3206 1178 enim,
3247 1117 3459 1183 quoties
3483 1117 3555 1171 de
3579 1119 3734 1174 initio
3763 1108 3845 1176 Fi-

2265 1179 2321 1234 lii
2361 1190 2415 1234 et
2443 1182 2613 1235 Patris
2643 1183 2940 1237 tetcrnitalc
2973 1192 3226 1237 tractatur
3256 1179 3279 1238 ε’
3303 1185 3430 1241 Erat
3478 1189 3696 1258 quando
3744 1207 3844 1248 non

2265 1260 2400 1316 erat,
2433 1262 2486 1306 οι
2509 1262 2788 1322 antequam
2815 1263 3123 1309 nasceretur
3149 1270 3252 1309 non
3277 1266 3411 1310 erat.

2336 1323 2471 1378 Auc.
2499 1322 2763 1388 Quantum
2785 1324 3020 1390 adverto,
3051 1335 3300 1380 manente
3329 1328 3483 1381 malae
3508 1330 3837 1386 credulitatis

2264 1407 2446 1470 errore
2477 1396 2589 1448 sola
2629 1396 3027 1470 verba__mutata
3052 1403 3201 1470 sunt:
3218 1396 3408 1450 Dixisti
3437 1414 3688 1470 namque,
3718 1403 3842 1457 Erat

2265 1463 2480 1539 quando
2502 1472 2771 1539 nonerat.
2793 1465 2922 1539 Erat
2949 1466 3109 1539 istud,
3138 1465 3202 1520 ad
3231 1481 3402 1539 aevum
3429 1463 3705 1539 pertinere
3732 1474 3841 1528 vul-

2267 1535 2354 1612 t_is,
2382 1550 2449 1589 an
2475 1534 2541 1589 ad
2573 1535 2764 1612 Filium
2788 1536 2811 1588 ?
2837 1535 2902 1612 Si_
2923 1535 2988 1612 ad
3022 1551 3215 1601 aevum,
3255 1537 3304 1590 id
3334 1534 3455 1612 est;
3482 1540 3630 1596 velut
3669 1545 3838 1612 quod-

2263 1604 2387 1658 dam
2444 1615 2566 1680 ante
2619 1605 2739 1680 Filii
2799 1607 3488 1680 nativitatemaeternitatis
3565 1604 3839 1680 spatium;

2263 1690 2391 1730 ecce
2414 1675 2480 1729 ad
2506 1678 2835 1746 superiorem
2857 1676 3241 1746 blaSphemiam
3287 1675 3608 1736 necessitate
3632 1675 3842 1740 delabeQ

2262 1746 2358 1812 ris,
2379 1749 2662 1822 cum_inte_r
2700 1747 2916 1822 Patrem
2948 1757 3001 1800 et
3049 1747 3262 1822 Filium,
3317 1751 3557 1822 tertium;
3577 1754 3841 1822 quoddam

2264 1823 2474 1884 tempus
2502 1817 2763 1880 immittis,
2789 1817 3048 1887 dicisque,
3078 1817 3200 1887 quia
3231 1828 3346 1873 erat
3371 1830 3496 1874 ante
3522 1817 3718 1878 Filium
3749 1825 3842 1880 Pa-

2263 1893 2347 1965 ter
2374 1895 2428 1940 et
2451 1896 2677 1965 tempus,
2707 1900 2827 1965 pest
2854 1887 2967 1965 tunc
2991 1888 3097 1942 duo
3127 1887 3310 1965 Filius,
3332 1899 3449 1958 post
3467 1892 3566 1946 tria
3592 1893 3692 1948 ista
3723 1895 3841 1965 Spi-

2261 1957 2416 2010 ritus.
2450 1958 2663 2033 Quodsi
2692 1958 3040 2033 admittimus,
3072 1966 3130 2011 ut
3159 1959 3276 2033 sine
3297 1957 3535 2030 tempore
3561 1965 3706 2033 gigni
3732 1957 3834 2020 n'on

2262 2029 2492 2105 potuerit
2531 2027 2743 2105 filius,
2798 2028 2918 2082 vide
2956 2044 3121 2105 quam
3175 2029 3277 2083 late
3325 2027 3672 2105 patea_nt_'ista
3726 2053 3841 2105 qua:

2261 2096 2507 2152 dicimus.
2529 2097 2661 2152 Nam
2700 2100 2744 2153 si
2771 2113 2876 2152 non
2925 2096 3038 2153 sine
3067 2096 3434 2168 tempore-est
3459 2101 3646 2168 Filius,
3694 2096 3840 2162 certe

2262 2183 2364 2222 nec
2388 2168 2982 2242 n_isi_inloco‘di_cendus
3010 2179 3091 2223 est
3137 2170 3363 2238 genitus.
3409 2172 3518 2226 Hoc
3573 2175 3837 2242 admisso,

2261 2247 2389 2312 ante
2405 2239 2594 2312 Filium
2616 2247 2670 2294 et
2693 2238 2945 2312 Spiritum
2966 2248 3442 2312 sanctumcorevus
3457 2243 3687 2312 quodam
3715 2238 3836 2300 ιιιοὲ

2261 2308 2331 2382 do
2359 2309 2501 2363 Patri
2529 2310 2733 2364 dicatur
2756 2319 2809 2364 et
2860 2310 3024 2382 locus.
3079 2310 3230 2377 Quod
3257 2311 3303 2365 si
3315 2311 3397 2382 ita
3427 2308 3525 2379 est,
3553 2315 3694 2382 quod
3722 2318 3840 2371 sine

2259 2378 2378 2433 loco
2395 2388 2449 2434 et
2478 2390 2715 2454 tempore
2739 2380 2884 2435 nasci
2913 2395 3019 2454 non
3047 2382 3278 2454 potuerit
3313 2378 3518 2454 Filius,
3537 2378 3598 2454 in
3623 2401 3728 2454 quo
3759 2387 3839 2440 ιο-

2262 2464 2346 2514 co,
2374 2459 2465 2502 aut
2493 2451 2545 2503 in
2573 2465 2679 2519 quo
2708 2461 2946 2520 tempore
2997 2451 3192 2505 factum
3222 2452 3394 2506 locum
3440 2453 3577 2508 dicis
3625 2451 3681 2509 et
3707 2466 3837 2510 tem-

2260 2520 2397 2596 pus?
2430 2520 2482 2574 Si
2510 2521 2563 2574 in
2589 2521 2754 2596 nullo,
2785 2523 3055 2596 ecce.s_in_e
3082 2531 3322 2596 tempore
3346 2523 3548 2596 etrloco
3589 2526 3706 2580 ﬁeri
3743 2543 3836 2596 po-

2261 2592 2359 2644 tnit
2387 2599 2591 2661 tempus
2639 2592 2880 2646 etlocus.
2911 2591 2966 2646 Si
3010 2592 3062 2646 in
3117 2593 3311 2662 aliquo,
3351 2593 3581 2662 idipsum
3635 2591 3838 2652 videtur

2259 2668 2469 2728 tempus
2484 2671 2536 2716 et
2561 2662 2729 2728 locus,
2762 2665 2815 2717 in
2835 2663 2984 2732 cujus
3012 2662 3214 2732 origine
3239 2664 3485 2722 similiter
3510 2676 3564 2719 et
3581 2665 3732 2722 locus
3761 2684 3839 2723 re-

2257 2733 2560 2807 quirituret
2587 2741 2819 2807 tempus.
2843 2732 2996 2807 Quod
3019 2734 3063 2787 si
3091 2747 3254 2803 usque
3280 2735 3411 2807 adeo
3450 2735 3570 2807 sine
3604 2746 3837 2807 tempore

2258 2812 2312 2855 et
2341 2803 2459 2856 loco
2486 2801 2602 2855 ﬁeri
2628 2803 2823 2872 aliquid
2855 2804 3043 2871 potuit,
3082 2813 3138 2857 ut
3169 2801 3333 2858 itecin
3366 2805 3481 2859 loco
3512 2801 3838 2870 locumfnec

2258 2872 2310 2946 in
2339 2881 2576 2941 tempore
2598 2873 2789 2946 factum
2831 2873 3023 2946 doceas
3065 2883 3269 2946 tempus
3296 2877 3524 2946 ;7uescio
3544 2891 3650 2946 qua
3681 2888 3838 2933 teme-

2260 2944 2417 3016 ritate
2439 2943 2751 3016 contendas,
2779 2945 2929 3016 quod,
2965 2945 3109 2998 nasci
3154 2946 3268 3016 sine
3320 2945 3401 2998 his
3433 2947 3450 2977 ι
3478 2943 3584 2999 non
3615 2951 3837 3016 potuerit

2259 3012 2446 3079 Filius,
2488 3012 2844 3083 quiquantum
2870 3015 2936 3069 ad
2966 3030 3146 3068 sanam
3177 3015 3357 3081 Iidem,
3399 3024 3454 3070 et
3478 3012 3656 3072 locum
3679 3021 3833 3075 doce-

2257 3082 2562 3159 turAfeciSSe
2585 3094 2638 3138 et
2667 3095 2893 3159 tempus.
2940 3084 3046 3139 Sed
3073 3085 3138 3138 de
3159 3084 3261 3159 hoc
3298 3087 3456 3152 satis;
3481 3103 3624 3143 nunc
3647 3091 3780 3159 quod
3805 3106 3836 3144 a

2256 3153 2548 3226 majoribus
2572 3157 2760 3226 vestris
2777 3153 2986 3209 dictum
3027 3155 3307 3226 prmdicas,
3333 3153 3832 3226 repetamus-Erat,

2258 3223 2452 3299 inquis,
2483 3225 2693 3293 quando
2721 3235 2984 3299 no_n_erat.
3011 3227 3065 3280 Si
3088 3225 3212 3279 Erat
3231 3223 3500 3299 istud,faﬁd
3519 3237 3727 3299 tempus
3754 3223 3820 3284 re?

2257 3292 2420 3354 feras.
2445 3292 2571 3349 ecce
2595 3304 2718 3350 ante
2769 3296 2962 3350 Filium
2994 3307 3235 3365 tempus:
3266 3299 3311 3351 si
3350 3298 3416 3352 ad
3446 3292 3657 3363 Filium',
3696 3317 3835 3354 nun-

2258 3379 2415 3432 quam
2424 3381 2548 3438 _non
2571 3375 2683 3419 erat
2730 3366 2932 3438 Filius;
2965 3377 3080 3420 erat
3124 3366 3264 3421 enim
3304 3367 3414 3436 jam
3463 3369 3679 3438 quando
3733 3388 3834 3426 non

2257 3444 2373 3508 erat
2424 3435 2625 3499 Filius,
2667 3452 2696 3490 a
2753 3453 2856 3506 quo
2904 3437 3098 3491 factum
3147 3435 3338 3491 dicitur
3382 3435 3592 3507 tempus
3635 3442 3675 3493 ³.
3710 3441 3831 3508 Sed,

2258 3506 2557 3581 Antequam
2585 3516 2908 3574 nasceretur,
2932 3507 3126 3576 inquis,
3173 3522 3283 3581 non,
3308 3508 3424 3581 fu_it_.
3455 3506 3605 3577 Quis,
3634 3506 3830 3581 qureso,

2256 3576 2497 3651 nonfuit
2541 3587 2821 3651 anteqnam
2867 3578 3206 3651 nasceretur?
3234 3577 3289 3632 Si
3340 3579 3526 3643 Filius,
3556 3576 3684 3636 ecce
3725 3576 3834 3651 ipso

2257 3646 2530 3700 intellectu
2552 3657 2673 3701 ante
2699 3648 2888 3701 Filium
2921 3648 3081 3702 fuisse
3103 3648 3295 3702 dicitur
3324 3657 3553 3719 tempus.
3580 3651 3636 3705 Si
3661 3646 3832 3708 autem

2256 3726 2538 3792 antequam
2565 3719 3078 3792 nascereturjilius,
3101 3733 3207 3773 non
3255 3730 3369 3773 erat
3396 3731 3626 3792 tempus,
3661 3725 3835 3792 sequi-

2257 3794 2345 3862 t_ur
2367 3795 2426 3840 ut
2452 3787 2658 3862 dicatur
2698 3789 2840 3862 Patri
2867 3789 3034 3862 Filius
3081 3799 3399 3850 coaeternus,
3433 3787 3577 3845 inter
3606 3787 3762 3862 quem
3786 3804 3836 3848 et

2257 3856 2467 3912 Patrem
2491 3859 2688 3911 nullum
2729 3859 2890 3914 fuisse
2918 3860 3110 3913 dicitur
3165 3869 3372 3928 tempus
3402 3876 3416 3923 ;
3459 3856 3696 3917 maxime
3720 3880 3833 3918 cum

2256 3927 2396 3982 inter
2437 3939 2628 3983 uetera
2679 3929 3026 3997 Evangelistis
3067 3927 3458 3996 atte‘stantibus,
3517 3934 3681 3986 etiam
3713 3945 3838 3988 tem-

2257 4012 2356 4068 pus
2386 3998 2572 4053 fecisse
2609 3999 2814 4054 dicatur
2842 3999 3025 4054 Filius.
3054 3999 3158 4054 Sed
3194 3998 3332 4055 forte
3355 4000 3422 4054 de
3451 4001 3605 4056 Patre
3636 4004 3838 4058 dictum

2256 4069 2446 4138 aliquis
2471 4080 2638 4139 putet,
2671 4071 2798 4124 Erat
2825 4070 3036 4139 quando
3065 4086 3172 4124 non
3200 4079 3314 4124 erat
3355 4071 3542 4125 Filius.
3571 4073 3674 4126 Cui
3718 4090 3839 4128 sen-

2257 4140 2438 4193 tentim
2457 4150 2637 4195 secuta
2674 4155 2781 4195 non
2801 4141 3106 4207 concinunt,
3129 4141 3321 4210 quibus
3349 4141 3559 4203 dicitur,
3590 4141 3658 4196 Et
3684 4153 3837 4197 ante-

2257 4225 2418 4278 quam
2440 4220 2745 4265 nasoeretur
2794 4225 2901 4266 non
2950 4220 3062 4264 erat
3090 4229 3102 4264 :
3128 4227 3249 4264 nam
3281 4227 3375 4279 per
3403 4226 3459 4265 se
3487 4212 3647 4265 Pater
3687 4229 3835 4266 sem-

2258 4295 2355 4349 per
2374 4282 2608 4362 esistens
2633 4281 2788 4362 etiam
2809 4297 2840 4362 7a
2872 4281 3021 4336 vobis
3049 4279 3153 4362 dici
3174 4296 3282 4336 non
3310 4291 3486 4362 potest
3533 4283 3837 4362 natus,_qui

2257 4365 2364 4404 non
2394 4352 2461 4405 ab
2492 4352 2640 4406 initio
2668 4352 2888 4407 docetur
2914 4361 3134 4406 exortus
3161 4368 3176 4417 ;
3222 4362 3278 4406 et
3319 4352 3372 4406 in
3403 4352 3608 4406 Patrem
3635 4354 3841 4410 cadere

2257 4435 2367 4492 non
2388 4430 2583 4490 potest,
2612 4423 2736 4476 Erat
2765 4421 2974 4492 quando
3003 4436 3109 4477 non
3143 4430 3260 4476 erat
3285 4424 3511 4492 genitus.

2328 4491 2458 4546 FEL.
2481 4492 2740 4558 Quoniam
2769 4507 2855 4546 me
2884 4493 3061 4546 verbis
3109 4501 3165 4546 ut
3189 4491 3307 4548 mea
3362 4492 3463 4546 fert
3513 4494 3717 4561 opinio,
3753 4496 3840 4549 in-

2258 4563 2470 4630 opinata
2497 4563 2782 4618 subtilitate
2801 4563 3126 4617 certantibus
3153 4578 3258 4616 non
3287 4563 3630 4619 mediocriter
3654 4565 3842 4620 defati-

2258 4647 2368 4705 gas,
2401 4633 2598 4688 idcirco
2629 4648 2827 4701 quaeso,
2858 4644 2916 4705 ut
2933 4633 2991 4705 psi
3015 4634 3128 4687 tierl
3156 4642 3349 4705 potest,
3369 4635 3627 4705 exemplo
3658 4637 3840 4705 cujus-

2260 4702 2389 4756 libet
2435 4705 2550 4774 rei,
2591 4704 2849 4774 possibile
2894 4703 2945 4757 id
3000 4719 3119 4758 esse
3159 4702 3303 4772 quod
3355 4704 3550 4759 docere
3603 4702 3838 4774 conaris,

2260 4773 2529 4827 ostendas.
2558 4773 2738 4843 Neque
2762 4774 2905 4828 enim
2927 4775 3080 4827 aliter
3107 4774 3324 4829 credere
3350 4789 3584 4842 possum.
3617 4775 3747 4831 licet
3792 4773 3839 4831 vi

2259 4845 2516 4897 orationis
2539 4844 2561 4874 ⁸
2584 4858 2889 4913 oppressus,
2917 4853 3236 4898 coaeternum
3259 4858 3380 4899 esse
3407 4846 3643 4914 genitum
3670 4847 3839 4912 Patri,

2261 4913 2478 5037 gisiant
2516 4925 2802 5037 uirumque
2857 4914 3115 4985 genitum,
3159 4924 3250 4970 aut
3299 4913 3582 4986 utrumque
3631 4928 3838 4985 patrem

2301 4999 2459 5037 ixeris
2486 5000 2530 5037 SI
2572 5001 2609 5036 l.
3592 5028 3594 5030 ,

2301 4999 2459 5038 txerts
2486 4999 2609 5038 SIDI.
3592 5028 3594 5030 τ

2333 5054 2468 5110 Anc.
2533 5055 2790 5120 Quoniam
2855 5070 2941 5110 me
2996 5055 3061 5110 ad
3114 5055 3609 5124 incomparabilium
3664 5073 3845 5115 rerum

2263 5127 2504 5193 exempla
2529 5126 2826 5194 compellis,
2856 5125 3051 5180 idcirco
3075 5142 3193 5195 qua:
3219 5126 3289 5180 sit
3317 5126 3452 5195 ignis
3495 5131 3738 5195 potentia
3766 5130 3852 5182 vi-

2263 5196 2503 5268 deamus,
2531 5211 2728 5268 exgquo
2762 5212 2978 5265 semper
3002 5196 3274 5268 Splendor.
3307 5211 3520 5264 semper
3545 5208 3632 5252 est
3658 5214 3838 5268 vapor.

2264 5266 2558 5335 Utrumque
2586 5266 2654 5321 de
2682 5282 2747 5320 eo
2777 5270 3026 5330 nascitur,
3062 5282 3160 5321 nec
3188 5267 3305 5321 ideo
3338 5276 3515 5320 tamen
3555 5269 3696 5337 ignis
3728 5266 3853 5325 sine

2265 5339 2455 5390 horum
2494 5337 2730 5406 quolibet
2769 5341 3102 5407 aliquatenus
3133 5337 3415 5391 invenitur.
3451 5337 3576 5390 Haec
3609 5342 3712 5392 tria
3742 5355 3851 5393 non

2264 5422 2324 5462 se
2354 5408 2576 5461 invicem
2603 5408 2858 5477 gignunt,
2891 5409 3011 5478 quia
3041 5423 3146 5463 non
3176 5409 3244 5462 de
3283 5407 3566 5478 splendore
3612 5409 3753 5478 ignis
3804 5418 3859 5464 ot

2263 5493 2427 5549 vapor
2448 5519 2462 5543 ,
2491 5489 2582 5533 aut
2606 5479 2674 5534 de
2713 5477 2924 5548 vapore
2948 5479 3085 5549 ignis
3128 5486 3183 5533 et
3205 5477 3480 5548 splendor,
3509 5479 3606 5535 sed
3635 5477 3702 5536 de
3730 5480 3860 5550 igne

2326 5631 2345 5660 ³
2378 5635 2453 5677 Er.
2481 5637 2532 5679 et
2553 5637 2656 5678 Mss.
2681 5631 2922 5689 omittunt,
2945 5629 3046 5680 sine
3066 5629 3156 5681 his.

2326 5691 2451 5776 fuste
2469 5699 2573 5740 Mss.
2590 5698 2648 5742 At
2667 5697 2796 5754 bov.,
2818 5701 2922 5742 erat
2951 5693 3077 5746 enim
3097 5692 3208 5756 jam
3229 5691 3382 5776 ﬁlius
3403 5693 3602 5756 quando
3625 5706 3725 5746 non
3755 5699 3863 5749 erat

2327 5817 2348 5850 ⁸
2379 5822 2450 5867 Er.
2479 5822 2530 5867 et
2549 5821 2681 5880 μονα,
2701 5828 2744 5867 vt
2766 5820 2979 5870 rationm.
