  <div class='ocr_page' id='page_1' title='image "/cluster/home/n/w/nwhite01/storage/ocr_20150623/42/hvd.32044015471493/586.png"; bbox 0 0 4072 6514; ppageno 0'>
   <div class='ocr_carea' id='block_1_1' title="bbox 273 564 395 627">
    <p class='ocr_par' dir='ltr' id='par_1_1' title="bbox 273 564 395 627">
     <span class='ocr_line' id='line_1_1' title="bbox 273 564 395 627; baseline 0 0"><span class='ocrx_word' id='word_1_1' title='bbox 273 564 395 627; x_wconf 80' lang='grc'><strong>1161</strong></span> 
     </span>
    </p>
   </div>
   <div class='ocr_carea' id='block_1_2' title="bbox 270 677 1833 754">
    <p class='ocr_par' dir='ltr' id='par_1_2' title="bbox 270 677 1833 754">
     <span class='ocr_line' id='line_1_2' title="bbox 270 677 1833 754; baseline -0.003 -15"><span class='ocrx_word' id='word_1_2' title='bbox 270 679 507 754; x_wconf 78' lang='lat' dir='ltr'><strong>splendor</strong></span> <span class='ocrx_word' id='word_1_3' title='bbox 541 685 597 736; x_wconf 91' lang='lat' dir='ltr'><strong>et</strong></span> <span class='ocrx_word' id='word_1_4' title='bbox 634 690 801 754; x_wconf 85' lang='lat' dir='ltr'><strong>vapor</strong></span> <span class='ocrx_word' id='word_1_5' title='bbox 845 688 1057 754; x_wconf 79' lang='lat' dir='ltr'><strong>semper</strong></span> <span class='ocrx_word' id='word_1_6' title='bbox 1078 683 1163 754; x_wconf 81' lang='lat' dir='ltr'><strong>est</strong></span> <span class='ocrx_word' id='word_1_7' title='bbox 1186 677 1416 751; x_wconf 88' lang='lat' dir='ltr'><strong>genitus.</strong></span> <span class='ocrx_word' id='word_1_8' title='bbox 1443 679 1733 754; x_wconf 74' lang='lat' dir='ltr'><strong>Quzecum</strong></span> <span class='ocrx_word' id='word_1_9' title='bbox 1760 679 1833 754; x_wconf 82' lang='lat' dir='ltr'><strong>ita</strong></span> 
     </span>
    </p>
   </div>
   <div class='ocr_carea' id='block_1_3' title="bbox 270 749 1831 821">
    <p class='ocr_par' dir='ltr' id='par_1_3' title="bbox 270 749 1831 821">
     <span class='ocr_line' id='line_1_3' title="bbox 270 749 1831 821; baseline -0.004 -10"><span class='ocrx_word' id='word_1_10' title='bbox 270 749 382 819; x_wconf 84' lang='lat' dir='ltr'><strong>sint.</strong></span> <span class='ocrx_word' id='word_1_11' title='bbox 413 752 633 808; x_wconf 81' lang='lat' dir='ltr'><strong>videsne</strong></span> <span class='ocrx_word' id='word_1_12' title='bbox 654 749 814 807; x_wconf 83' lang='lat' dir='ltr'><strong>etiam</strong></span> <span class='ocrx_word' id='word_1_13' title='bbox 848 751 901 805; x_wconf 93' lang='lat' dir='ltr'><strong>in</strong></span> <span class='ocrx_word' id='word_1_14' title='bbox 927 749 1210 807; x_wconf 75' lang='lat' dir='ltr'><strong>creaturis</strong></span> <span class='ocrx_word' id='word_1_15' title='bbox 1230 765 1390 820; x_wconf 83' lang='lat' dir='ltr'><strong>posse</strong></span> <span class='ocrx_word' id='word_1_16' title='bbox 1436 750 1633 821; x_wconf 90' lang='lat' dir='ltr'><strong>aliquid</strong></span> <span class='ocrx_word' id='word_1_17' title='bbox 1662 749 1831 815; x_wconf 88' lang='lat' dir='ltr'><strong>nasci,</strong></span> 
     </span>
    </p>
   </div>
   <div class='ocr_carea' id='block_1_4' title="bbox 272 821 1836 893">
    <p class='ocr_par' dir='ltr' id='par_1_4' title="bbox 272 821 1836 893">
     <span class='ocr_line' id='line_1_4' title="bbox 272 821 1836 893; baseline -0.004 -12"><span class='ocrx_word' id='word_1_18' title='bbox 272 839 359 880; x_wconf 90' lang='lat' dir='ltr'><strong>nec</strong></span> <span class='ocrx_word' id='word_1_19' title='bbox 386 823 592 880; x_wconf 79' lang='lat' dir='ltr'><strong>ostendi</strong></span> <span class='ocrx_word' id='word_1_20' title='bbox 634 831 809 878; x_wconf 89' lang='lat' dir='ltr'><strong>tamen</strong></span> <span class='ocrx_word' id='word_1_21' title='bbox 842 832 1070 893; x_wconf 90' lang='lat' dir='ltr'><strong>tempus,</strong></span> <span class='ocrx_word' id='word_1_22' title='bbox 1099 836 1206 893; x_wconf 87' lang='lat' dir='ltr'><strong>quo</strong></span> <span class='ocrx_word' id='word_1_23' title='bbox 1234 821 1379 893; x_wconf 79' lang='lat' dir='ltr'><strong>idde</strong></span> <span class='ocrx_word' id='word_1_24' title='bbox 1410 837 1515 892; x_wconf 92' lang='lat' dir='ltr'><strong>quo</strong></span> <span class='ocrx_word' id='word_1_25' title='bbox 1543 827 1836 893; x_wconf 75' lang='lat' dir='ltr'><strong>natumest</strong></span> 
     </span>
    </p>
   </div>
   <div class='ocr_carea' id='block_1_5' title="bbox 271 889 1833 965">
    <p class='ocr_par' dir='ltr' id='par_1_5' title="bbox 271 889 1833 965">
     <span class='ocr_line' id='line_1_5' title="bbox 271 889 1833 965; baseline -0.003 -15"><span class='ocrx_word' id='word_1_26' title='bbox 271 896 373 951; x_wconf 85' lang='lat' dir='ltr'><strong>sine</strong></span> <span class='ocrx_word' id='word_1_27' title='bbox 426 894 607 965; x_wconf 87' lang='lat' dir='ltr'><strong>genito</strong></span> <span class='ocrx_word' id='word_1_28' title='bbox 656 893 893 965; x_wconf 83' lang='lat' dir='ltr'><strong>potuerit</strong></span> <span class='ocrx_word' id='word_1_29' title='bbox 937 889 1201 948; x_wconf 78' lang='lat' dir='ltr'><strong>inveniri?</strong></span> <span class='ocrx_word' id='word_1_30' title='bbox 1255 889 1310 947; x_wconf 93' lang='lat' dir='ltr'><strong>Si</strong></span> <span class='ocrx_word' id='word_1_31' title='bbox 1344 889 1489 965; x_wconf 77' lang='lat' dir='ltr'><strong>_ergo</strong></span> <span class='ocrx_word' id='word_1_32' title='bbox 1538 890 1833 965; x_wconf 86' lang='lat' dir='ltr'><strong>visi_bi_l_ibus</strong></span> 
     </span>
    </p>
   </div>
   <div class='ocr_carea' id='block_1_6' title="bbox 271 961 1835 1035">
    <p class='ocr_par' dir='ltr' id='par_1_6' title="bbox 271 961 1835 1035">
     <span class='ocr_line' id='line_1_6' title="bbox 271 961 1835 1035; baseline -0.004 -14"><span class='ocrx_word' id='word_1_33' title='bbox 271 961 516 1034; x_wconf 79' lang='lat' dir='ltr'><strong>exemplis</strong></span> <span class='ocrx_word' id='word_1_34' title='bbox 545 963 645 1019; x_wconf 90' lang='lat' dir='ltr'><strong>ista</strong></span> <span class='ocrx_word' id='word_1_35' title='bbox 658 961 1164 1035; x_wconf 17' lang='lat' dir='ltr'><strong>iperspicimus,tcur</strong></span> <span class='ocrx_word' id='word_1_36' title='bbox 1190 978 1294 1018; x_wconf 89' lang='lat' dir='ltr'><strong>non</strong></span> <span class='ocrx_word' id='word_1_37' title='bbox 1324 963 1392 1017; x_wconf 93' lang='lat' dir='ltr'><strong>de</strong></span> <span class='ocrx_word' id='word_1_38' title='bbox 1416 961 1593 1035; x_wconf 78' lang='lat' dir='ltr'><strong>Patre,</strong></span> <span class='ocrx_word' id='word_1_39' title='bbox 1619 961 1754 1015; x_wconf 88' lang='lat' dir='ltr'><strong>Filio</strong></span> <span class='ocrx_word' id='word_1_40' title='bbox 1779 969 1835 1016; x_wconf 87' lang='lat' dir='ltr'><strong>et</strong></span> 
     </span>
    </p>
   </div>
   <div class='ocr_carea' id='block_1_7' title="bbox 268 1032 1834 1107">
    <p class='ocr_par' dir='ltr' id='par_1_7' title="bbox 268 1032 1834 1107">
     <span class='ocr_line' id='line_1_7' title="bbox 268 1032 1834 1107; baseline -0.003 -16"><span class='ocrx_word' id='word_1_41' title='bbox 268 1032 687 1107; x_wconf 69' lang='lat' dir='ltr'><strong>Spiritusancto,</strong></span> <span class='ocrx_word' id='word_1_42' title='bbox 715 1032 1061 1107; x_wconf 76' lang='lat' dir='ltr'><strong>quantumad</strong></span> <span class='ocrx_word' id='word_1_43' title='bbox 1088 1047 1425 1107; x_wconf 78' lang='lat' dir='ltr'><strong>communem</strong></span> <span class='ocrx_word' id='word_1_44' title='bbox 1463 1032 1719 1107; x_wconf 78' lang='lat' dir='ltr'><strong>duntaxat</strong></span> <span class='ocrx_word' id='word_1_45' title='bbox 1754 1038 1834 1107; x_wconf 62' lang='lat' dir='ltr'><strong>at:</strong></span> 
     </span>
    </p>
   </div>
   <div class='ocr_carea' id='block_1_8' title="bbox 300 1102 1833 1174">
    <p class='ocr_par' dir='ltr' id='par_1_8' title="bbox 300 1102 1833 1174">
     <span class='ocr_line' id='line_1_8' title="bbox 300 1102 1833 1174; baseline -0.003 -14"><span class='ocrx_word' id='word_1_46' title='bbox 300 1102 360 1162; x_wconf 81' lang='lat' dir='ltr'><strong>ue</strong></span> <span class='ocrx_word' id='word_1_47' title='bbox 386 1102 773 1160; x_wconf 83' lang='lat' dir='ltr'><strong>indiﬁ&#39;erentem</strong></span> <span class='ocrx_word' id='word_1_48' title='bbox 812 1104 1185 1169; x_wconf 64' lang='lat' dir='ltr'><strong>aeternitatem,</strong></span> <span class='ocrx_word' id='word_1_49' title='bbox 1219 1103 1419 1174; x_wconf 83' lang='lat' dir='ltr'><strong>similia</strong></span> <span class='ocrx_word' id='word_1_50' title='bbox 1443 1102 1833 1174; x_wconf 69' lang='lat' dir='ltr'><strong>praedicemus?</strong></span> 
     </span>
    </p>
   </div>
   <div class='ocr_carea' id='block_1_9' title="bbox 308 1172 1835 1248">
    <p class='ocr_par' dir='ltr' id='par_1_9' title="bbox 308 1172 1835 1248">
     <span class='ocr_line' id='line_1_9' title="bbox 308 1172 1835 1248; baseline -0.003 -17"><span class='ocrx_word' id='word_1_51' title='bbox 308 1191 440 1248; x_wconf 87' lang='lat' dir='ltr'><strong>eque</strong></span> <span class='ocrx_word' id='word_1_52' title='bbox 479 1176 619 1233; x_wconf 87' lang='lat' dir='ltr'><strong>enim</strong></span> <span class='ocrx_word' id='word_1_53' title='bbox 664 1176 783 1231; x_wconf 91' lang='lat' dir='ltr'><strong>ideo</strong></span> <span class='ocrx_word' id='word_1_54' title='bbox 819 1189 1039 1248; x_wconf 84' lang='lat' dir='ltr'><strong>necesse</strong></span> <span class='ocrx_word' id='word_1_55' title='bbox 1090 1182 1175 1229; x_wconf 89' lang='lat' dir='ltr'><strong>est</strong></span> <span class='ocrx_word' id='word_1_56' title='bbox 1215 1172 1519 1248; x_wconf 56' lang='lat' dir='ltr'><strong>Patrem&#39;et</strong></span> <span class='ocrx_word' id='word_1_57' title='bbox 1561 1172 1750 1248; x_wconf 89' lang='lat' dir='ltr'><strong>Filium</strong></span> <span class='ocrx_word' id='word_1_58' title='bbox 1780 1180 1835 1248; x_wconf 83' lang='lat' dir='ltr'><strong>et</strong></span> 
     </span>
    </p>
   </div>
   <div class='ocr_carea' id='block_1_10' title="bbox 268 1242 1833 1318">
    <p class='ocr_par' dir='ltr' id='par_1_10' title="bbox 268 1242 1833 1318">
     <span class='ocr_line' id='line_1_10' title="bbox 268 1242 1833 1318; baseline -0.005 -13"><span class='ocrx_word' id='word_1_59' title='bbox 268 1242 776 1318; x_wconf 75' lang='lat' dir='ltr'><strong>Spiritumsanctum</strong></span> <span class='ocrx_word' id='word_1_60' title='bbox 797 1260 948 1317; x_wconf 61' lang='lat' dir='ltr'><strong>aeque</strong></span> <span class='ocrx_word' id='word_1_61' title='bbox 974 1244 1213 1318; x_wconf 87' lang='lat' dir='ltr'><strong>dicamus</strong></span> <span class='ocrx_word' id='word_1_62' title='bbox 1234 1245 1541 1318; x_wconf 84' lang='lat' dir='ltr'><strong>ingenitum,</strong></span> <span class='ocrx_word' id='word_1_63' title='bbox 1563 1244 1683 1315; x_wconf 86' lang='lat' dir='ltr'><strong>quia</strong></span> <span class='ocrx_word' id='word_1_64' title='bbox 1709 1242 1833 1297; x_wconf 90' lang='lat' dir='ltr'><strong>nul-</strong></span> 
     </span>
    </p>
   </div>
   <div class='ocr_carea' id='block_1_11' title="bbox 265 1314 1830 1385">
    <p class='ocr_par' dir='ltr' id='par_1_11' title="bbox 265 1314 1830 1385">
     <span class='ocr_line' id='line_1_11' title="bbox 265 1314 1830 1385; baseline -0.004 -11"><span class='ocrx_word' id='word_1_65' title='bbox 265 1314 365 1375; x_wconf 76' lang='lat' dir='ltr'><strong>lum</strong></span> <span class='ocrx_word' id='word_1_66' title='bbox 389 1317 459 1373; x_wconf 92' lang='lat' dir='ltr'><strong>ab</strong></span> <span class='ocrx_word' id='word_1_67' title='bbox 483 1316 652 1372; x_wconf 89' lang='lat' dir='ltr'><strong>altero</strong></span> <span class='ocrx_word' id='word_1_68' title='bbox 674 1332 789 1373; x_wconf 73' lang='lat' dir='ltr'><strong>aevo</strong></span> <span class='ocrx_word' id='word_1_69' title='bbox 815 1314 1201 1372; x_wconf 76' lang='lat' dir='ltr'><strong>interveniente</strong></span> <span class='ocrx_word' id='word_1_70' title='bbox 1220 1314 1445 1371; x_wconf 86' lang='lat' dir='ltr'><strong>dicimus</strong></span> <span class='ocrx_word' id='word_1_71' title='bbox 1472 1314 1779 1385; x_wconf 83' lang='lat' dir='ltr'><strong>separatum</strong></span> <span class='ocrx_word' id='word_1_72' title='bbox 1814 1330 1830 1367; x_wconf 87' lang='lat'><strong>:</strong></span> 
     </span>
    </p>
   </div>
   <div class='ocr_carea' id='block_1_12' title="bbox 266 1384 1830 1457">
    <p class='ocr_par' dir='ltr' id='par_1_12' title="bbox 266 1384 1830 1457">
     <span class='ocr_line' id='line_1_12' title="bbox 266 1384 1830 1457; baseline -0.004 -12"><span class='ocrx_word' id='word_1_73' title='bbox 266 1390 377 1445; x_wconf 82' lang='lat' dir='ltr'><strong>cum</strong></span> <span class='ocrx_word' id='word_1_74' title='bbox 406 1388 566 1444; x_wconf 89' lang='lat' dir='ltr'><strong>etiam</strong></span> <span class='ocrx_word' id='word_1_75' title='bbox 593 1402 660 1443; x_wconf 78' lang='lat' dir='ltr'><strong>ex</strong></span> <span class='ocrx_word' id='word_1_76' title='bbox 682 1388 800 1443; x_wconf 90' lang='lat' dir='ltr'><strong>aliis</strong></span> <span class='ocrx_word' id='word_1_77' title='bbox 830 1388 990 1443; x_wconf 83' lang='lat' dir='ltr'><strong>rebus</strong></span> <span class='ocrx_word' id='word_1_78' title='bbox 1030 1386 1270 1457; x_wconf 70' lang='lat' dir='ltr'><strong>quaedam</strong></span> <span class='ocrx_word' id='word_1_79' title='bbox 1314 1385 1513 1457; x_wconf 84' lang='lat' dir='ltr'><strong>genita,</strong></span> <span class='ocrx_word' id='word_1_80' title='bbox 1536 1384 1662 1457; x_wconf 39' lang='lat' dir='ltr'><strong>’nec</strong></span> <span class='ocrx_word' id='word_1_81' title='bbox 1706 1384 1830 1439; x_wconf 91' lang='lat' dir='ltr'><strong>ideo</strong></span> 
     </span>
    </p>
   </div>
   <div class='ocr_carea' id='block_1_13' title="bbox 269 1454 1832 1583">
    <p class='ocr_par' dir='ltr' id='par_1_13' title="bbox 269 1454 1832 1583">
     <span class='ocr_line' id='line_1_13' title="bbox 269 1454 1832 1583; baseline -0.003 -68"><span class='ocrx_word' id='word_1_82' title='bbox 269 1468 434 1515; x_wconf 86' lang='lat' dir='ltr'><strong>tamen</strong></span> <span class='ocrx_word' id='word_1_83' title='bbox 461 1466 552 1513; x_wconf 90' lang='lat' dir='ltr'><strong>aut</strong></span> <span class='ocrx_word' id='word_1_84' title='bbox 588 1474 741 1543; x_wconf 63' lang='lat' dir='ltr'><strong>teque</strong></span> <span class='ocrx_word' id='word_1_85' title='bbox 768 1454 1064 1583; x_wconf 57' lang='lat' dir='ltr'><strong>gignentia;</strong></span> <span class='ocrx_word' id='word_1_86' title='bbox 1108 1464 1204 1512; x_wconf 90' lang='lat' dir='ltr'><strong>aut</strong></span> <span class='ocrx_word' id='word_1_87' title='bbox 1226 1454 1342 1511; x_wconf 79' lang='lat' dir='ltr'><strong>sine</strong></span> <span class='ocrx_word' id='word_1_88' title='bbox 1370 1456 1596 1511; x_wconf 86' lang='lat' dir='ltr'><strong>invicem</strong></span> <span class='ocrx_word' id='word_1_89' title='bbox 1633 1454 1832 1535; x_wconf 75' lang='lat' dir='ltr'><strong>docen-</strong></span> 
     </span>
     <span class='ocr_line' id='line_1_14' title="bbox 269 1525 1832 1583; baseline -0.003 0"><span class='ocrx_word' id='word_1_90' title='bbox 269 1539 349 1583; x_wconf 89' lang='lat' dir='ltr'><strong>tur</strong></span> <span class='ocrx_word' id='word_1_91' title='bbox 376 1536 663 1583; x_wconf 77' lang='lat' dir='ltr'><strong>exstantia.</strong></span> <span class='ocrx_word' id='word_1_92' title='bbox 696 1529 766 1583; x_wconf 90' lang='lat' dir='ltr'><strong>Se</strong></span> <span class='ocrx_word' id='word_1_93' title='bbox 832 1527 959 1583; x_wconf 75' lang='lat' dir='ltr'><strong>quid</strong></span> <span class='ocrx_word' id='word_1_94' title='bbox 989 1526 1209 1583; x_wconf 73' lang='lat' dir='ltr'><strong>prodest</strong></span> <span class='ocrx_word' id='word_1_95' title='bbox 1250 1526 1440 1582; x_wconf 89' lang='lat' dir='ltr'><strong>horum</strong></span> <span class='ocrx_word' id='word_1_96' title='bbox 1484 1525 1651 1581; x_wconf 90' lang='lat' dir='ltr'><strong>multa</strong></span> <span class='ocrx_word' id='word_1_97' title='bbox 1680 1525 1832 1580; x_wconf 82' lang='lat' dir='ltr'><strong>COIII-</strong></span> 
     </span>
    </p>
   </div>
   <div class='ocr_carea' id='block_1_14' title="bbox 267 1524 1833 1599">
    <p class='ocr_par' dir='ltr' id='par_1_14' title="bbox 267 1524 1833 1599">
     <span class='ocr_line' id='line_1_15' title="bbox 267 1524 1833 1599; baseline -0.006 -12"><span class='ocrx_word' id='word_1_98' title='bbox 267 1539 349 1587; x_wconf 90' lang='lat' dir='ltr'><strong>tur</strong></span> <span class='ocrx_word' id='word_1_99' title='bbox 376 1524 669 1585; x_wconf 62' lang='lat' dir='ltr'><strong>exstantia:</strong></span> <span class='ocrx_word' id='word_1_100' title='bbox 696 1524 803 1585; x_wconf 82' lang='lat' dir='ltr'><strong>Sed</strong></span> <span class='ocrx_word' id='word_1_101' title='bbox 829 1524 959 1599; x_wconf 73' lang='lat' dir='ltr'><strong>quid</strong></span> <span class='ocrx_word' id='word_1_102' title='bbox 989 1526 1209 1599; x_wconf 83' lang='lat' dir='ltr'><strong>prodest</strong></span> <span class='ocrx_word' id='word_1_103' title='bbox 1250 1526 1440 1599; x_wconf 84' lang='lat' dir='ltr'><strong>horum</strong></span> <span class='ocrx_word' id='word_1_104' title='bbox 1484 1525 1651 1581; x_wconf 90' lang='lat' dir='ltr'><strong>multa</strong></span> <span class='ocrx_word' id='word_1_105' title='bbox 1677 1524 1833 1599; x_wconf 86' lang='lat' dir='ltr'><strong>_colli-</strong></span> 
     </span>
    </p>
   </div>
   <div class='ocr_carea' id='block_1_15' title="bbox 265 1596 1835 1724">
    <p class='ocr_par' dir='ltr' id='par_1_15' title="bbox 265 1596 1835 1724">
     <span class='ocr_line' id='line_1_16' title="bbox 265 1596 1835 1724; baseline -0.006 -66"><span class='ocrx_word' id='word_1_106' title='bbox 265 1616 407 1724; x_wconf 51' lang='lat' dir='ltr'><strong>geuge,</strong></span> <span class='ocrx_word' id='word_1_107' title='bbox 449 1614 573 1724; x_wconf 55' lang='lat' dir='ltr'><strong>cun;</strong></span> <span class='ocrx_word' id='word_1_108' title='bbox 598 1596 887 1670; x_wconf 82' lang='lat' dir='ltr'><strong>paucorum</strong></span> <span class='ocrx_word' id='word_1_109' title='bbox 919 1596 1236 1655; x_wconf 83' lang='lat' dir='ltr'><strong>testimoniis</strong></span> <span class='ocrx_word' id='word_1_110' title='bbox 1270 1597 1433 1653; x_wconf 89' lang='lat' dir='ltr'><strong>etiam</strong></span> <span class='ocrx_word' id='word_1_111' title='bbox 1465 1596 1835 1653; x_wconf 67' lang='lat' dir='ltr'><strong>caeteraliceat</strong></span> 
     </span>
     <span class='ocr_line' id='line_1_17' title="bbox 265 1684 524 1724; baseline 0 0"><span class='ocrx_word' id='word_1_112' title='bbox 265 1688 334 1724; x_wconf 57' lang='grc' dir='ltr'><strong><em>ΩΒ</em></strong></span> <span class='ocrx_word' id='word_1_113' title='bbox 361 1684 524 1724; x_wconf 83' lang='lat' dir='ltr'><strong>tmare</strong></span> 
     </span>
    </p>
   </div>
   <div class='ocr_carea' id='block_1_16' title="bbox 264 1672 524 1729">
    <p class='ocr_par' dir='ltr' id='par_1_16' title="bbox 264 1672 524 1729">
     <span class='ocr_line' id='line_1_18' title="bbox 264 1672 524 1729; baseline -0.019 0"><span class='ocrx_word' id='word_1_114' title='bbox 264 1672 524 1729; x_wconf 63' lang='lat' dir='ltr'><strong>aestimare</strong></span> 
     </span>
    </p>
   </div>
   <div class='ocr_carea' id='block_1_17' title="bbox 327 1737 1831 1807">
    <p class='ocr_par' dir='ltr' id='par_1_17' title="bbox 327 1737 1831 1807">
     <span class='ocr_line' id='line_1_19' title="bbox 327 1737 1831 1807; baseline -0.004 -10"><span class='ocrx_word' id='word_1_115' title='bbox 327 1738 558 1799; x_wconf 82' lang='lat' dir='ltr'><strong>CAPUT</strong></span> <span class='ocrx_word' id='word_1_116' title='bbox 586 1739 674 1795; x_wconf 82' lang='lat' dir='ltr'><strong>Vl.</strong></span> <span class='ocrx_word' id='word_1_117' title='bbox 720 1768 794 1782; x_wconf 90' lang='lat'>--</span> <span class='ocrx_word' id='word_1_118' title='bbox 834 1738 965 1795; x_wconf 67' lang='lat' dir='ltr'><strong>Fas.</strong></span> <span class='ocrx_word' id='word_1_119' title='bbox 991 1738 1253 1807; x_wconf 82' lang='lat' dir='ltr'><strong>Quoniam</strong></span> <span class='ocrx_word' id='word_1_120' title='bbox 1289 1737 1608 1795; x_wconf 86' lang='lat' dir='ltr'><strong>sententiam</strong></span> <span class='ocrx_word' id='word_1_121' title='bbox 1634 1750 1831 1802; x_wconf 86' lang='lat' dir='ltr'><strong>meam,</strong></span> 
     </span>
    </p>
   </div>
   <div class='ocr_carea' id='block_1_18' title="bbox 262 1808 1833 1886">
    <p class='ocr_par' dir='ltr' id='par_1_18' title="bbox 262 1808 1833 1886">
     <span class='ocr_line' id='line_1_20' title="bbox 262 1808 1833 1886; baseline -0.005 -18"><span class='ocrx_word' id='word_1_122' title='bbox 262 1809 671 1886; x_wconf 78' lang='lat' dir='ltr'><strong>praecedentium</strong></span> <span class='ocrx_word' id='word_1_123' title='bbox 726 1811 1291 1886; x_wconf 79' lang='lat' dir='ltr'><strong>patrum_auctoritate</strong></span> <span class='ocrx_word' id='word_1_124' title='bbox 1340 1808 1659 1886; x_wconf 61' lang='lat' dir='ltr'><strong>fundatam,</strong></span> <span class='ocrx_word' id='word_1_125' title='bbox 1697 1820 1833 1886; x_wconf 68' lang='lat' dir='ltr'><strong>nova</strong></span> 
     </span>
    </p>
   </div>
   <div class='ocr_carea' id='block_1_19' title="bbox 260 1876 1836 1955">
    <p class='ocr_par' dir='ltr' id='par_1_19' title="bbox 260 1876 1836 1955">
     <span class='ocr_line' id='line_1_21' title="bbox 260 1876 1836 1955; baseline -0.005 -16"><span class='ocrx_word' id='word_1_126' title='bbox 260 1876 564 1955; x_wconf 78' lang='lat' dir='ltr'><strong>disputandi</strong></span> <span class='ocrx_word' id='word_1_127' title='bbox 580 1889 712 1955; x_wconf 63' lang='lat' dir='ltr'><strong>arte</strong></span> <span class='ocrx_word' id='word_1_128' title='bbox 729 1876 1072 1955; x_wconf 55' lang='lat' dir='ltr'><strong>:conturbas;</strong></span> <span class='ocrx_word' id='word_1_129' title='bbox 1100 1880 1300 1955; x_wconf 78' lang='lat' dir='ltr'><strong>idcirco</strong></span> <span class='ocrx_word' id='word_1_130' title='bbox 1337 1879 1497 1955; x_wconf 83' lang='lat' dir='ltr'><strong>velim</strong></span> <span class='ocrx_word' id='word_1_131' title='bbox 1532 1877 1662 1955; x_wconf 83' lang='lat' dir='ltr'><strong>mihi</strong></span> <span class='ocrx_word' id='word_1_132' title='bbox 1687 1876 1836 1955; x_wconf 77' lang='lat' dir='ltr'><strong>dicas</strong></span> 
     </span>
    </p>
   </div>
   <div class='ocr_carea' id='block_1_20' title="bbox 263 1945 1837 2018">
    <p class='ocr_par' dir='ltr' id='par_1_20' title="bbox 263 1945 1837 2018">
     <span class='ocr_line' id='line_1_22' title="bbox 263 1945 1837 2018; baseline -0.007 -6"><span class='ocrx_word' id='word_1_133' title='bbox 263 1956 327 2012; x_wconf 89' lang='lat' dir='ltr'><strong>de</strong></span> <span class='ocrx_word' id='word_1_134' title='bbox 344 1945 552 2009; x_wconf 65' lang='lat' dir='ltr'><strong>&#39;natura</strong></span> <span class='ocrx_word' id='word_1_135' title='bbox 580 1952 701 2008; x_wconf 85' lang='lat' dir='ltr'><strong>Filii</strong></span> <span class='ocrx_word' id='word_1_136' title='bbox 732 1952 823 2007; x_wconf 92' lang='lat' dir='ltr'><strong>Dei</strong></span> <span class='ocrx_word' id='word_1_137' title='bbox 849 1992 865 2017; x_wconf 98' lang='lat'><strong>,</strong></span> <span class='ocrx_word' id='word_1_138' title='bbox 898 1951 951 2006; x_wconf 90' lang='lat' dir='ltr'><strong>id</strong></span> <span class='ocrx_word' id='word_1_139' title='bbox 974 1945 1089 2018; x_wconf 86' lang='lat' dir='ltr'><strong>est,</strong></span> <span class='ocrx_word' id='word_1_140' title='bbox 1119 1950 1187 2007; x_wconf 91' lang='lat' dir='ltr'><strong>de</strong></span> <span class='ocrx_word' id='word_1_141' title='bbox 1214 1950 1507 2005; x_wconf 84' lang='lat' dir='ltr'><strong>substantia</strong></span> <span class='ocrx_word' id='word_1_142' title='bbox 1558 1949 1671 2018; x_wconf 89' lang='lat' dir='ltr'><strong>ipsa</strong></span> <span class='ocrx_word' id='word_1_143' title='bbox 1707 1945 1837 2018; x_wconf 94' lang='lat' dir='ltr'><strong>quid</strong></span> 
     </span>
    </p>
   </div>
   <div class='ocr_carea' id='block_1_21' title="bbox 263 2018 1837 2090">
    <p class='ocr_par' dir='ltr' id='par_1_21' title="bbox 263 2018 1837 2090">
     <span class='ocr_line' id='line_1_23' title="bbox 263 2018 1837 2090; baseline -0.006 -8"><span class='ocrx_word' id='word_1_144' title='bbox 263 2026 481 2082; x_wconf 81' lang='lat' dir='ltr'><strong>sentias.</strong></span> <span class='ocrx_word' id='word_1_145' title='bbox 503 2023 560 2079; x_wconf 92' lang='lat' dir='ltr'><strong>Si</strong></span> <span class='ocrx_word' id='word_1_146' title='bbox 582 2024 748 2090; x_wconf 91' lang='lat' dir='ltr'><strong>enim,</strong></span> <span class='ocrx_word' id='word_1_147' title='bbox 780 2030 840 2077; x_wconf 91' lang='lat' dir='ltr'><strong>ut</strong></span> <span class='ocrx_word' id='word_1_148' title='bbox 858 2022 1037 2078; x_wconf 88' lang='lat' dir='ltr'><strong>dicere</strong></span> <span class='ocrx_word' id='word_1_149' title='bbox 1062 2036 1158 2076; x_wconf 89' lang='lat' dir='ltr'><strong>vos</strong></span> <span class='ocrx_word' id='word_1_150' title='bbox 1190 2021 1395 2086; x_wconf 84' lang='lat' dir='ltr'><strong>soletis,</strong></span> <span class='ocrx_word' id='word_1_151' title='bbox 1416 2018 1730 2090; x_wconf 86' lang='lat' dir='ltr'><strong>homousion</strong></span> <span class='ocrx_word' id='word_1_152' title='bbox 1754 2025 1837 2090; x_wconf 84' lang='lat' dir='ltr'><strong>est</strong></span> 
     </span>
    </p>
   </div>
   <div class='ocr_carea' id='block_1_22' title="bbox 262 2088 1834 2166">
    <p class='ocr_par' dir='ltr' id='par_1_22' title="bbox 262 2088 1834 2166">
     <span class='ocr_line' id='line_1_24' title="bbox 262 2088 1834 2166; baseline -0.008 -13"><span class='ocrx_word' id='word_1_153' title='bbox 262 2096 424 2160; x_wconf 86' lang='lat' dir='ltr'><strong>Patri,</strong></span> <span class='ocrx_word' id='word_1_154' title='bbox 482 2088 869 2166; x_wconf 78' lang='lat' dir='ltr'><strong>ipsequodam</strong></span> <span class='ocrx_word' id='word_1_155' title='bbox 909 2092 1066 2148; x_wconf 92' lang='lat' dir='ltr'><strong>modo</strong></span> <span class='ocrx_word' id='word_1_156' title='bbox 1103 2100 1258 2163; x_wconf 89' lang='lat' dir='ltr'><strong>pater</strong></span> <span class='ocrx_word' id='word_1_157' title='bbox 1295 2100 1380 2166; x_wconf 81' lang='lat' dir='ltr'><strong>est</strong></span> <span class='ocrx_word' id='word_1_158' title='bbox 1412 2090 1547 2166; x_wconf 64' lang='lat' dir='ltr'><strong>sibi,</strong></span> <span class='ocrx_word' id='word_1_159' title='bbox 1598 2088 1834 2166; x_wconf 73' lang='lat' dir='ltr'><strong>alioquin</strong></span> 
     </span>
    </p>
   </div>
   <div class='ocr_carea' id='block_1_23' title="bbox 260 2159 1834 2234">
    <p class='ocr_par' dir='ltr' id='par_1_23' title="bbox 260 2159 1834 2234">
     <span class='ocr_line' id='line_1_25' title="bbox 260 2159 1834 2234; baseline -0.008 -11"><span class='ocrx_word' id='word_1_160' title='bbox 260 2159 729 2223; x_wconf 68' lang='lat' dir='ltr'><strong>consubstantialis</strong></span> <span class='ocrx_word' id='word_1_161' title='bbox 748 2178 867 2220; x_wconf 84' lang='lat' dir='ltr'><strong>esse</strong></span> <span class='ocrx_word' id='word_1_162' title='bbox 883 2178 989 2218; x_wconf 88' lang='lat' dir='ltr'><strong>non</strong></span> <span class='ocrx_word' id='word_1_163' title='bbox 1010 2159 1184 2234; x_wconf 76' lang='lat' dir='ltr'><strong>potest</strong></span> <span class='ocrx_word' id='word_1_164' title='bbox 1201 2161 1449 2234; x_wconf 74' lang='lat' dir='ltr'><strong>genitori.</strong></span> <span class='ocrx_word' id='word_1_165' title='bbox 1466 2159 1834 2234; x_wconf 70' lang='lat' dir='ltr'><strong>Namquidam</strong></span> 
     </span>
    </p>
   </div>
   <div class='ocr_carea' id='block_1_24' title="bbox 260 2227 1836 2303">
    <p class='ocr_par' dir='ltr' id='par_1_24' title="bbox 260 2227 1836 2303">
     <span class='ocr_line' id='line_1_26' title="bbox 260 2227 1836 2303; baseline -0.01 -8"><span class='ocrx_word' id='word_1_166' title='bbox 260 2247 501 2295; x_wconf 85' lang='lat' dir='ltr'><strong>nostrum</strong></span> <span class='ocrx_word' id='word_1_167' title='bbox 532 2234 796 2292; x_wconf 82' lang='lat' dir='ltr'><strong>bomousii</strong></span> <span class='ocrx_word' id='word_1_168' title='bbox 836 2227 1138 2303; x_wconf 75' lang='lat' dir='ltr'><strong>opinionem</strong></span> <span class='ocrx_word' id='word_1_169' title='bbox 1167 2227 1344 2303; x_wconf 64' lang='lat' dir='ltr'><strong>ri&#39;dere</strong></span> <span class='ocrx_word' id='word_1_170' title='bbox 1371 2230 1469 2303; x_wconf 89' lang='lat' dir='ltr'><strong>sic_</strong></span> <span class='ocrx_word' id='word_1_171' title='bbox 1490 2227 1713 2303; x_wconf 79' lang='lat' dir='ltr'><strong>solebat,</strong></span> <span class='ocrx_word' id='word_1_172' title='bbox 1751 2227 1836 2281; x_wconf 90' lang='lat' dir='ltr'><strong>di-</strong></span> 
     </span>
    </p>
   </div>
   <div class='ocr_carea' id='block_1_25' title="bbox 258 2298 1838 2371">
    <p class='ocr_par' dir='ltr' id='par_1_25' title="bbox 258 2298 1838 2371">
     <span class='ocr_line' id='line_1_27' title="bbox 258 2298 1838 2371; baseline -0.007 -7"><span class='ocrx_word' id='word_1_173' title='bbox 258 2323 409 2371; x_wconf 88' lang='lat' dir='ltr'><strong>cens,</strong></span> <span class='ocrx_word' id='word_1_174' title='bbox 432 2306 489 2361; x_wconf 87' lang='lat' dir='ltr'><strong>Si</strong></span> <span class='ocrx_word' id='word_1_175' title='bbox 514 2321 623 2360; x_wconf 88' lang='lat' dir='ltr'><strong>non</strong></span> <span class='ocrx_word' id='word_1_176' title='bbox 644 2298 998 2365; x_wconf 78' lang='lat' dir='ltr'><strong>extrinsecus.</strong></span> <span class='ocrx_word' id='word_1_177' title='bbox 1025 2304 1120 2358; x_wconf 89' lang='lat' dir='ltr'><strong>sed</strong></span> <span class='ocrx_word' id='word_1_178' title='bbox 1146 2317 1212 2357; x_wconf 81' lang='lat' dir='ltr'><strong>ex</strong></span> <span class='ocrx_word' id='word_1_179' title='bbox 1241 2299 1574 2371; x_wconf 10' lang='lat' dir='ltr'><strong>eodemﬁipso</strong></span> <span class='ocrx_word' id='word_1_180' title='bbox 1600 2298 1838 2368; x_wconf 90' lang='lat' dir='ltr'><strong>prolatus</strong></span> 
     </span>
    </p>
   </div>
   <div class='ocr_carea' id='block_1_26' title="bbox 260 2370 1836 2443">
    <p class='ocr_par' dir='ltr' id='par_1_26' title="bbox 260 2370 1836 2443">
     <span class='ocr_line' id='line_1_28' title="bbox 260 2370 1836 2443; baseline -0.008 -8"><span class='ocrx_word' id='word_1_181' title='bbox 260 2388 344 2435; x_wconf 89' lang='lat' dir='ltr'><strong>est</strong></span> <span class='ocrx_word' id='word_1_182' title='bbox 390 2370 575 2438; x_wconf 85' lang='lat' dir='ltr'><strong>Filius,</strong></span> <span class='ocrx_word' id='word_1_183' title='bbox 613 2376 667 2428; x_wconf 91' lang='lat' dir='ltr'><strong>in</strong></span> <span class='ocrx_word' id='word_1_184' title='bbox 701 2374 834 2429; x_wconf 92' lang='lat' dir='ltr'><strong>duos</strong></span> <span class='ocrx_word' id='word_1_185' title='bbox 857 2373 1084 2443; x_wconf 86' lang='lat' dir='ltr'><strong>quodam</strong></span> <span class='ocrx_word' id='word_1_186' title='bbox 1136 2371 1298 2427; x_wconf 92' lang='lat' dir='ltr'><strong>modo</strong></span> <span class='ocrx_word' id='word_1_187' title='bbox 1325 2370 1541 2443; x_wconf 81' lang='lat' dir='ltr'><strong>divisus</strong></span> <span class='ocrx_word' id='word_1_188' title='bbox 1569 2376 1651 2425; x_wconf 88' lang='lat' dir='ltr'><strong>est</strong></span> <span class='ocrx_word' id='word_1_189' title='bbox 1676 2381 1836 2436; x_wconf 86' lang='lat' dir='ltr'><strong>unus,</strong></span> 
     </span>
    </p>
   </div>
   <div class='ocr_carea' id='block_1_27' title="bbox 258 2440 1840 2519">
    <p class='ocr_par' dir='ltr' id='par_1_27' title="bbox 258 2440 1840 2519">
     <span class='ocr_line' id='line_1_29' title="bbox 258 2440 1840 2519; baseline -0.006 -15"><span class='ocrx_word' id='word_1_190' title='bbox 258 2443 689 2519; x_wconf 82' lang='lat' dir='ltr'><strong>quandoquidem</strong></span> <span class='ocrx_word' id='word_1_191' title='bbox 717 2459 826 2499; x_wconf 88' lang='lat' dir='ltr'><strong>non</strong></span> <span class='ocrx_word' id='word_1_192' title='bbox 854 2440 1000 2498; x_wconf 79' lang='lat' dir='ltr'><strong>aliud</strong></span> <span class='ocrx_word' id='word_1_193' title='bbox 1043 2442 1267 2515; x_wconf 75' lang='lat' dir='ltr'><strong>gignens</strong></span> <span class='ocrx_word' id='word_1_194' title='bbox 1309 2440 1505 2497; x_wconf 88' lang='lat' dir='ltr'><strong>dicitur</strong></span> <span class='ocrx_word' id='word_1_195' title='bbox 1534 2454 1657 2496; x_wconf 87' lang='lat' dir='ltr'><strong>esse</strong></span> <span class='ocrx_word' id='word_1_196' title='bbox 1678 2452 1840 2510; x_wconf 87' lang='lat' dir='ltr'><strong>quam</strong></span> 
     </span>
    </p>
   </div>
   <div class='ocr_carea' id='block_1_28' title="bbox 297 2519 494 2574">
    <p class='ocr_par' dir='ltr' id='par_1_28' title="bbox 297 2519 494 2574">
     <span class='ocr_line' id='line_1_30' title="bbox 297 2519 494 2574; baseline -0.03 0"><span class='ocrx_word' id='word_1_197' title='bbox 297 2519 494 2574; x_wconf 89' lang='lat' dir='ltr'><strong>enitus.</strong></span> 
     </span>
    </p>
   </div>
   <div class='ocr_carea' id='block_1_29' title="bbox 259 2536 1836 2647">
    <p class='ocr_par' dir='ltr' id='par_1_29' title="bbox 259 2536 1836 2647">
     <span class='ocr_line' id='line_1_31' title="bbox 259 2536 1836 2647; baseline -0.004 -2"><span class='ocrx_word' id='word_1_198' title='bbox 259 2536 627 2644; x_wconf 42' lang='lat' dir='ltr'><strong>“ilignum</strong></span> <span class='ocrx_word' id='word_1_199' title='bbox 672 2600 770 2642; x_wconf 91' lang='lat' dir='ltr'><strong>nos</strong></span> <span class='ocrx_word' id='word_1_200' title='bbox 805 2583 1139 2639; x_wconf 83' lang='lat' dir='ltr'><strong>Aristotelica</strong></span> <span class='ocrx_word' id='word_1_201' title='bbox 1179 2582 1311 2639; x_wconf 92' lang='lat' dir='ltr'><strong>dicis</strong></span> <span class='ocrx_word' id='word_1_202' title='bbox 1339 2590 1453 2639; x_wconf 90' lang='lat' dir='ltr'><strong>arte</strong></span> <span class='ocrx_word' id='word_1_203' title='bbox 1490 2580 1836 2647; x_wconf 85' lang='lat' dir='ltr'><strong>contendere,</strong></span> 
     </span>
    </p>
   </div>
   <div class='ocr_carea' id='block_1_30' title="bbox 263 2652 1835 2731">
    <p class='ocr_par' dir='ltr' id='par_1_30' title="bbox 263 2652 1835 2731">
     <span class='ocr_line' id='line_1_32' title="bbox 263 2652 1835 2731; baseline -0.005 -16"><span class='ocrx_word' id='word_1_204' title='bbox 263 2660 382 2731; x_wconf 90' lang='lat' dir='ltr'><strong>ipse</strong></span> <span class='ocrx_word' id='word_1_205' title='bbox 402 2658 477 2731; x_wconf 75' lang='lat' dir='ltr'><strong>ad</strong></span> <span class='ocrx_word' id='word_1_206' title='bbox 498 2656 903 2731; x_wconf 80' lang='lat' dir='ltr'><strong>dialecticorum</strong></span> <span class='ocrx_word' id='word_1_207' title='bbox 930 2654 1126 2731; x_wconf 80' lang='lat' dir='ltr'><strong>videris</strong></span> <span class='ocrx_word' id='word_1_208' title='bbox 1150 2654 1365 2724; x_wconf 88' lang='lat' dir='ltr'><strong>laqueos</strong></span> <span class='ocrx_word' id='word_1_209' title='bbox 1382 2654 1700 2723; x_wconf 79' lang='lat' dir='ltr'><strong>confugisse.</strong></span> <span class='ocrx_word' id='word_1_210' title='bbox 1726 2652 1835 2731; x_wconf 80' lang='lat' dir='ltr'><strong>Sed</strong></span> 
     </span>
    </p>
   </div>
   <div class='ocr_carea' id='block_1_31' title="bbox 261 2722 1841 2796">
    <p class='ocr_par' dir='ltr' id='par_1_31' title="bbox 261 2722 1841 2796">
     <span class='ocr_line' id='line_1_33' title="bbox 261 2722 1841 2796; baseline -0.005 -10"><span class='ocrx_word' id='word_1_211' title='bbox 261 2722 365 2786; x_wconf 79' lang='lat' dir='ltr'><strong>nos</strong></span> <span class='ocrx_word' id='word_1_212' title='bbox 411 2727 535 2783; x_wconf 90' lang='lat' dir='ltr'><strong>ﬁdei</strong></span> <span class='ocrx_word' id='word_1_213' title='bbox 574 2728 798 2783; x_wconf 83' lang='lat' dir='ltr'><strong>veritate</strong></span> <span class='ocrx_word' id='word_1_214' title='bbox 846 2724 1077 2780; x_wconf 87' lang='lat' dir='ltr'><strong>conﬁsos</strong></span> <span class='ocrx_word' id='word_1_215' title='bbox 1105 2722 1437 2796; x_wconf 81' lang='lat' dir='ltr'><strong>nequaquam</strong></span> <span class='ocrx_word' id='word_1_216' title='bbox 1475 2722 1695 2796; x_wconf 87' lang='lat' dir='ltr'><strong>possunt</strong></span> <span class='ocrx_word' id='word_1_217' title='bbox 1740 2722 1841 2796; x_wconf 67' lang='lat' dir='ltr'><strong>ista</strong></span> 
     </span>
    </p>
   </div>
   <div class='ocr_carea' id='block_1_32' title="bbox 262 2792 1843 2869">
    <p class='ocr_par' dir='ltr' id='par_1_32' title="bbox 262 2792 1843 2869">
     <span class='ocr_line' id='line_1_34' title="bbox 262 2792 1843 2869; baseline -0.007 -12"><span class='ocrx_word' id='word_1_218' title='bbox 262 2811 487 2857; x_wconf 84' lang='lat' dir='ltr'><strong>terrere.</strong></span> <span class='ocrx_word' id='word_1_219' title='bbox 521 2797 659 2869; x_wconf 88' lang='lat' dir='ltr'><strong>Quid</strong></span> <span class='ocrx_word' id='word_1_220' title='bbox 708 2797 900 2869; x_wconf 86' lang='lat' dir='ltr'><strong>igitur?</strong></span> <span class='ocrx_word' id='word_1_221' title='bbox 924 2796 1056 2869; x_wconf 79' lang='lat' dir='ltr'><strong>dicis</strong></span> <span class='ocrx_word' id='word_1_222' title='bbox 1081 2812 1148 2852; x_wconf 83' lang='lat' dir='ltr'><strong>ex</strong></span> <span class='ocrx_word' id='word_1_223' title='bbox 1176 2792 1491 2869; x_wconf 73' lang='lat' dir='ltr'><strong>substantia,</strong></span> <span class='ocrx_word' id='word_1_224' title='bbox 1535 2794 1717 2869; x_wconf 71' lang='lat' dir='ltr'><strong>credo,</strong></span> <span class='ocrx_word' id='word_1_225' title='bbox 1744 2792 1843 2848; x_wconf 89' lang='lat' dir='ltr'><strong>Pa-</strong></span> 
     </span>
    </p>
   </div>
   <div class='ocr_carea' id='block_1_33' title="bbox 260 2864 1838 2937">
    <p class='ocr_par' dir='ltr' id='par_1_33' title="bbox 260 2864 1838 2937">
     <span class='ocr_line' id='line_1_35' title="bbox 260 2864 1838 2937; baseline -0.005 -10"><span class='ocrx_word' id='word_1_226' title='bbox 260 2872 361 2927; x_wconf 90' lang='lat' dir='ltr'><strong>tris</strong></span> <span class='ocrx_word' id='word_1_227' title='bbox 388 2864 755 2925; x_wconf 71' lang='lat' dir='ltr'><strong>nasciFiliuni</strong></span> <span class='ocrx_word' id='word_1_228' title='bbox 782 2867 1106 2937; x_wconf 85' lang='lat' dir='ltr'><strong>nequivisse,</strong></span> <span class='ocrx_word' id='word_1_229' title='bbox 1160 2880 1229 2937; x_wconf 87' lang='lat' dir='ltr'><strong>ne</strong></span> <span class='ocrx_word' id='word_1_230' title='bbox 1281 2864 1573 2937; x_wconf 85' lang='lat' dir='ltr'><strong>ingenitum</strong></span> <span class='ocrx_word' id='word_1_231' title='bbox 1599 2865 1838 2937; x_wconf 79' lang='lat' dir='ltr'><strong>_Patrem</strong></span> 
     </span>
    </p>
   </div>
   <div class='ocr_carea' id='block_1_34' title="bbox 261 2934 1842 3008">
    <p class='ocr_par' dir='ltr' id='par_1_34' title="bbox 261 2934 1842 3008">
     <span class='ocr_line' id='line_1_36' title="bbox 261 2934 1842 3008; baseline -0.006 -10"><span class='ocrx_word' id='word_1_232' title='bbox 261 2941 387 2998; x_wconf 87' lang='lat' dir='ltr'><strong>Filii</strong></span> <span class='ocrx_word' id='word_1_233' title='bbox 414 2940 690 2995; x_wconf 88' lang='lat' dir='ltr'><strong>videamur</strong></span> <span class='ocrx_word' id='word_1_234' title='bbox 714 2934 1055 3008; x_wconf 69' lang='lat' dir='ltr'><strong>generatione</strong></span> <span class='ocrx_word' id='word_1_235' title='bbox 1083 2935 1318 2992; x_wconf 83' lang='lat' dir='ltr'><strong>dividere</strong></span> <span class='ocrx_word' id='word_1_236' title='bbox 1331 2934 1371 2991; x_wconf 64' lang='grc' dir='ltr'><strong>ί.</strong></span> <span class='ocrx_word' id='word_1_237' title='bbox 1394 2934 1547 3008; x_wconf 84' lang='lat' dir='ltr'><strong>Quod</strong></span> <span class='ocrx_word' id='word_1_238' title='bbox 1568 2935 1613 2989; x_wconf 89' lang='lat' dir='ltr'><strong>si</strong></span> <span class='ocrx_word' id='word_1_239' title='bbox 1643 2937 1715 2989; x_wconf 90' lang='lat' dir='ltr'><strong>ita</strong></span> <span class='ocrx_word' id='word_1_240' title='bbox 1739 2942 1842 3001; x_wconf 88' lang='lat' dir='ltr'><strong>est,</strong></span> 
     </span>
    </p>
   </div>
   <div class='ocr_carea' id='block_1_35' title="bbox 260 3006 1847 3079">
    <p class='ocr_par' dir='ltr' id='par_1_35' title="bbox 260 3006 1847 3079">
     <span class='ocr_line' id='line_1_37' title="bbox 260 3006 1847 3079; baseline -0.006 -10"><span class='ocrx_word' id='word_1_241' title='bbox 260 3012 409 3069; x_wconf 89' lang='lat' dir='ltr'><strong>male</strong></span> <span class='ocrx_word' id='word_1_242' title='bbox 427 3009 660 3066; x_wconf 83' lang='lat' dir='ltr'><strong>creditur</strong></span> <span class='ocrx_word' id='word_1_243' title='bbox 690 3006 878 3074; x_wconf 82' lang='lat' dir='ltr'><strong>Filius,</strong></span> <span class='ocrx_word' id='word_1_244' title='bbox 906 3008 994 3079; x_wconf 91' lang='lat' dir='ltr'><strong>qui</strong></span> <span class='ocrx_word' id='word_1_245' title='bbox 1016 3023 1125 3062; x_wconf 90' lang='lat' dir='ltr'><strong>non</strong></span> <span class='ocrx_word' id='word_1_246' title='bbox 1151 3022 1218 3063; x_wconf 81' lang='lat' dir='ltr'><strong>ex</strong></span> <span class='ocrx_word' id='word_1_247' title='bbox 1244 3008 1420 3079; x_wconf 84' lang='lat' dir='ltr'><strong>Patre,</strong></span> <span class='ocrx_word' id='word_1_248' title='bbox 1443 3006 1494 3060; x_wconf 93' lang='lat' dir='ltr'><strong>id</strong></span> <span class='ocrx_word' id='word_1_249' title='bbox 1523 3014 1627 3070; x_wconf 89' lang='lat' dir='ltr'><strong>est,</strong></span> <span class='ocrx_word' id='word_1_250' title='bbox 1652 3020 1757 3060; x_wconf 92' lang='lat' dir='ltr'><strong>non</strong></span> <span class='ocrx_word' id='word_1_251' title='bbox 1776 3019 1847 3079; x_wconf 76' lang='lat' dir='ltr'><strong>ex</strong></span> 
     </span>
    </p>
   </div>
   <div class='ocr_carea' id='block_1_36' title="bbox 260 3075 1847 3151">
    <p class='ocr_par' dir='ltr' id='par_1_36' title="bbox 260 3075 1847 3151">
     <span class='ocr_line' id='line_1_38' title="bbox 260 3075 1847 3151; baseline -0.006 -10"><span class='ocrx_word' id='word_1_252' title='bbox 260 3083 457 3151; x_wconf 71' lang='lat' dir='ltr'><strong>eodem</strong></span> <span class='ocrx_word' id='word_1_253' title='bbox 484 3081 600 3151; x_wconf 91' lang='lat' dir='ltr'><strong>ipso</strong></span> <span class='ocrx_word' id='word_1_254' title='bbox 626 3082 858 3151; x_wconf 90' lang='lat' dir='ltr'><strong>genitus,</strong></span> <span class='ocrx_word' id='word_1_255' title='bbox 885 3075 977 3151; x_wconf 74' lang='lat' dir='ltr'><strong>sed</strong></span> <span class='ocrx_word' id='word_1_256' title='bbox 1007 3079 1342 3151; x_wconf 76' lang='lat' dir='ltr'><strong>extrinsecus</strong></span> <span class='ocrx_word' id='word_1_257' title='bbox 1373 3077 1544 3151; x_wconf 74' lang='lat' dir='ltr'><strong>factus</strong></span> <span class='ocrx_word' id='word_1_258' title='bbox 1565 3080 1704 3151; x_wconf 79' lang='lat' dir='ltr'><strong>Inter</strong></span> <span class='ocrx_word' id='word_1_259' title='bbox 1739 3075 1847 3131; x_wconf 86' lang='lat' dir='ltr'><strong>alia</strong></span> 
     </span>
    </p>
   </div>
   <div class='ocr_carea' id='block_1_37' title="bbox 261 3145 1842 3227">
    <p class='ocr_par' dir='ltr' id='par_1_37' title="bbox 261 3145 1842 3227">
     <span class='ocr_line' id='line_1_39' title="bbox 261 3145 1842 3227; baseline -0.005 -19"><span class='ocrx_word' id='word_1_260' title='bbox 261 3145 605 3227; x_wconf 50' lang='lat' dir='ltr'><strong>prﬁdicatur.</strong></span> <span class='ocrx_word' id='word_1_261' title='bbox 628 3145 891 3227; x_wconf 59' lang='lat' dir='ltr'><strong>&#39;Quodut</strong></span> <span class='ocrx_word' id='word_1_262' title='bbox 914 3149 983 3227; x_wconf 80' lang='lat' dir='ltr'><strong>sit</strong></span> <span class='ocrx_word' id='word_1_263' title='bbox 1008 3149 1280 3227; x_wconf 74' lang='lat' dir='ltr'><strong>intellectu</strong></span> <span class='ocrx_word' id='word_1_264' title='bbox 1322 3147 1550 3213; x_wconf 75' lang='lat' dir='ltr'><strong>facilius,</strong></span> <span class='ocrx_word' id='word_1_265' title='bbox 1578 3146 1634 3201; x_wconf 89' lang='lat' dir='ltr'><strong>id</strong></span> <span class='ocrx_word' id='word_1_266' title='bbox 1665 3147 1842 3227; x_wconf 74' lang='lat' dir='ltr'><strong>ipsum</strong></span> 
     </span>
    </p>
   </div>
   <div class='ocr_carea' id='block_1_38' title="bbox 258 3216 1849 3297">
    <p class='ocr_par' dir='ltr' id='par_1_38' title="bbox 258 3216 1849 3297">
     <span class='ocr_line' id='line_1_40' title="bbox 258 3216 1849 3297; baseline -0.005 -17"><span class='ocrx_word' id='word_1_267' title='bbox 258 3216 367 3297; x_wconf 67' lang='lat' dir='ltr'><strong>pro</strong></span> <span class='ocrx_word' id='word_1_268' title='bbox 403 3236 562 3293; x_wconf 84' lang='lat' dir='ltr'><strong>posse</strong></span> <span class='ocrx_word' id='word_1_269' title='bbox 583 3216 906 3297; x_wconf 32' lang='lat' dir='ltr'><strong>Aex&#39;plicabo.</strong></span> <span class='ocrx_word' id='word_1_270' title='bbox 950 3219 1028 3297; x_wconf 67' lang='grc' dir='ltr'><strong>ςᾳ)</strong></span> <span class='ocrx_word' id='word_1_271' title='bbox 1073 3219 1329 3297; x_wconf 75' lang='lat' dir='ltr'><strong>Filiorum</strong></span> <span class='ocrx_word' id='word_1_272' title='bbox 1356 3216 1849 3297; x_wconf 38' lang='lat' dir='ltr'><strong>namquenatloptivl</strong></span> 
     </span>
    </p>
   </div>
   <div class='ocr_carea' id='block_1_39' title="bbox 257 3286 1851 3361">
    <p class='ocr_par' dir='ltr' id='par_1_39' title="bbox 257 3286 1851 3361">
     <span class='ocr_line' id='line_1_41' title="bbox 257 3286 1851 3361; baseline -0.006 -10"><span class='ocrx_word' id='word_1_273' title='bbox 257 3286 379 3361; x_wconf 68' lang='lat' dir='ltr'><strong>alii,</strong></span> <span class='ocrx_word' id='word_1_274' title='bbox 397 3286 663 3348; x_wconf 75' lang='lat' dir='ltr'><strong>naturales</strong></span> <span class='ocrx_word' id='word_1_275' title='bbox 680 3286 768 3348; x_wconf 80' lang='lat' dir='ltr'><strong>alii</strong></span> <span class='ocrx_word' id='word_1_276' title='bbox 783 3299 926 3346; x_wconf 90' lang='lat' dir='ltr'><strong>sunt.</strong></span> <span class='ocrx_word' id='word_1_277' title='bbox 950 3286 990 3345; x_wconf 88' lang='lat' dir='ltr'><strong>li</strong></span> <span class='ocrx_word' id='word_1_278' title='bbox 1009 3286 1097 3360; x_wconf 80' lang='lat' dir='ltr'><strong>qui</strong></span> <span class='ocrx_word' id='word_1_279' title='bbox 1114 3290 1300 3361; x_wconf 90' lang='lat' dir='ltr'><strong>geniti,</strong></span> <span class='ocrx_word' id='word_1_280' title='bbox 1322 3289 1390 3343; x_wconf 93' lang='lat' dir='ltr'><strong>ab</strong></span> <span class='ocrx_word' id='word_1_281' title='bbox 1418 3286 1567 3361; x_wconf 81' lang='lat' dir='ltr'><strong>initio</strong></span> <span class='ocrx_word' id='word_1_282' title='bbox 1588 3286 1680 3342; x_wconf 87' lang='lat' dir='ltr'><strong>ﬁlii</strong></span> <span class='ocrx_word' id='word_1_283' title='bbox 1708 3301 1851 3343; x_wconf 88' lang='lat' dir='ltr'><strong>sem-</strong></span> 
     </span>
    </p>
   </div>
   <div class='ocr_carea' id='block_1_40' title="bbox 260 3359 1852 3444">
    <p class='ocr_par' dir='ltr' id='par_1_40' title="bbox 260 3359 1852 3444">
     <span class='ocr_line' id='line_1_42' title="bbox 260 3359 1852 3444; baseline -0.004 -25"><span class='ocrx_word' id='word_1_284' title='bbox 260 3359 373 3444; x_wconf 76' lang='lat' dir='ltr'><strong>per</strong></span> <span class='ocrx_word' id='word_1_285' title='bbox 393 3378 457 3444; x_wconf 80' lang='lat' dir='ltr'><strong>ac</strong></span> <span class='ocrx_word' id='word_1_286' title='bbox 486 3363 682 3444; x_wconf 73' lang='lat' dir='ltr'><strong>proprii</strong></span> <span class='ocrx_word' id='word_1_287' title='bbox 698 3380 729 3444; x_wconf 80' lang='lat'><strong>;_</strong></span> <span class='ocrx_word' id='word_1_288' title='bbox 748 3359 1038 3444; x_wconf 53' lang='lat' dir='ltr'><strong>illiuprimo</strong></span> <span class='ocrx_word' id='word_1_289' title='bbox 1052 3359 1238 3444; x_wconf 69' lang='lat' dir='ltr'><strong>alieni,</strong></span> <span class='ocrx_word' id='word_1_290' title='bbox 1289 3368 1431 3442; x_wconf 38' lang='lat' dir='ltr'><strong>post.</strong></span> <span class='ocrx_word' id='word_1_291' title='bbox 1452 3359 1719 3444; x_wconf 72' lang='lat' dir='ltr'><strong>ﬁiii,__cum</strong></span> <span class='ocrx_word' id='word_1_292' title='bbox 1752 3372 1852 3444; x_wconf 89' lang='lat' dir='ltr'><strong>per</strong></span> 
     </span>
    </p>
   </div>
   <div class='ocr_carea' id='block_1_41' title="bbox 258 3429 1836 3506">
    <p class='ocr_par' dir='ltr' id='par_1_41' title="bbox 258 3429 1836 3506">
     <span class='ocr_line' id='line_1_43' title="bbox 258 3429 1836 3506; baseline -0.004 -14"><span class='ocrx_word' id='word_1_293' title='bbox 258 3429 610 3506; x_wconf 74' lang='lat' dir='ltr'><strong>adoptionem</strong></span> <span class='ocrx_word' id='word_1_294' title='bbox 628 3434 680 3489; x_wconf 92' lang='lat' dir='ltr'><strong>in</strong></span> <span class='ocrx_word' id='word_1_295' title='bbox 707 3429 957 3506; x_wconf 62' lang='lat' dir='ltr'><strong>familiam</strong></span> <span class='ocrx_word' id='word_1_296' title='bbox 982 3429 1454 3506; x_wconf 46' lang='lat' dir='ltr'><strong>videnturascisci,</strong></span> <span class='ocrx_word' id='word_1_297' title='bbox 1481 3429 1688 3506; x_wconf 89' lang='lat' dir='ltr'><strong>_Quibus</strong></span> <span class='ocrx_word' id='word_1_298' title='bbox 1705 3443 1836 3506; x_wconf 82' lang='lat' dir='ltr'><strong>ergo</strong></span> 
     </span>
    </p>
   </div>
   <div class='ocr_carea' id='block_1_42' title="bbox 260 3498 1851 3576">
    <p class='ocr_par' dir='ltr' id='par_1_42' title="bbox 260 3498 1851 3576">
     <span class='ocr_line' id='line_1_44' title="bbox 260 3498 1851 3576; baseline -0.004 -14"><span class='ocrx_word' id='word_1_299' title='bbox 260 3498 668 3576; x_wconf 77' lang='lat' dir='ltr'><strong>comparandus</strong></span> <span class='ocrx_word' id='word_1_300' title='bbox 707 3503 996 3576; x_wconf 15' lang='lat' dir='ltr'><strong>estiFilius</strong></span> <span class='ocrx_word' id='word_1_301' title='bbox 1023 3502 1151 3557; x_wconf 87' lang='lat' dir='ltr'><strong>Dei?</strong></span> <span class='ocrx_word' id='word_1_302' title='bbox 1180 3502 1236 3576; x_wconf 73' lang='lat' dir='ltr'><strong>Si</strong></span> <span class='ocrx_word' id='word_1_303' title='bbox 1262 3501 1545 3576; x_wconf 79' lang='lat' dir='ltr'><strong>adoptivis,</strong></span> <span class='ocrx_word' id='word_1_304' title='bbox 1574 3500 1677 3576; x_wconf 90' lang='lat' dir='ltr'><strong>erit</strong></span> <span class='ocrx_word' id='word_1_305' title='bbox 1707 3498 1851 3576; x_wconf 88' lang='lat' dir='ltr'><strong>apud</strong></span> 
     </span>
    </p>
   </div>
   <div class='ocr_carea' id='block_1_43' title="bbox 258 3570 1853 3655">
    <p class='ocr_par' dir='ltr' id='par_1_43' title="bbox 258 3570 1853 3655">
     <span class='ocr_line' id='line_1_45' title="bbox 258 3570 1853 3655; baseline -0.005 -23"><span class='ocrx_word' id='word_1_306' title='bbox 258 3570 484 3655; x_wconf 77' lang='lat' dir='ltr'><strong>Patrem</strong></span> <span class='ocrx_word' id='word_1_307' title='bbox 514 3575 705 3655; x_wconf 72' lang='lat' dir='ltr'><strong>similis</strong></span> <span class='ocrx_word' id='word_1_308' title='bbox 730 3574 913 3655; x_wconf 85' lang='lat' dir='ltr'><strong>nobis;</strong></span> <span class='ocrx_word' id='word_1_309' title='bbox 940 3573 988 3627; x_wconf 91' lang='lat' dir='ltr'><strong>si</strong></span> <span class='ocrx_word' id='word_1_310' title='bbox 1016 3573 1265 3655; x_wconf 65' lang='lat' dir='ltr'><strong>propriis,</strong></span> <span class='ocrx_word' id='word_1_311' title='bbox 1292 3570 1676 3655; x_wconf 36' lang='lat' dir='ltr'><strong>ea’substantia</strong></span> <span class='ocrx_word' id='word_1_312' title='bbox 1721 3570 1853 3652; x_wconf 78' lang='lat' dir='ltr'><strong>sui)-</strong></span> 
     </span>
    </p>
   </div>
   <div class='ocr_carea' id='block_1_44' title="bbox 256 3641 1847 3713">
    <p class='ocr_par' dir='ltr' id='par_1_44' title="bbox 256 3641 1847 3713">
     <span class='ocr_line' id='line_1_46' title="bbox 256 3641 1847 3713; baseline -0.006 -9"><span class='ocrx_word' id='word_1_313' title='bbox 256 3651 473 3705; x_wconf 88' lang='lat' dir='ltr'><strong>stitisse</strong></span> <span class='ocrx_word' id='word_1_314' title='bbox 498 3645 755 3701; x_wconf 89' lang='lat' dir='ltr'><strong>dicendus</strong></span> <span class='ocrx_word' id='word_1_315' title='bbox 798 3651 881 3701; x_wconf 89' lang='lat' dir='ltr'><strong>est</strong></span> <span class='ocrx_word' id='word_1_316' title='bbox 908 3641 1184 3713; x_wconf 78' lang='lat' dir='ltr'><strong>genitoris.</strong></span> <span class='ocrx_word' id='word_1_317' title='bbox 1230 3641 1338 3698; x_wconf 91' lang='lat' dir='ltr'><strong>Sed</strong></span> <span class='ocrx_word' id='word_1_318' title='bbox 1385 3642 1436 3697; x_wconf 92' lang='lat' dir='ltr'><strong>in</strong></span> <span class='ocrx_word' id='word_1_319' title='bbox 1476 3641 1605 3713; x_wconf 87' lang='lat' dir='ltr'><strong>duo,</strong></span> <span class='ocrx_word' id='word_1_320' title='bbox 1655 3641 1847 3713; x_wconf 81' lang='lat' dir='ltr'><strong>inquis,</strong></span> 
     </span>
    </p>
   </div>
   <div class='ocr_carea' id='block_1_45' title="bbox 257 3712 1855 3787">
    <p class='ocr_par' dir='ltr' id='par_1_45' title="bbox 257 3712 1855 3787">
     <span class='ocr_line' id='line_1_47' title="bbox 257 3712 1855 3787; baseline -0.006 -12"><span class='ocrx_word' id='word_1_321' title='bbox 257 3716 569 3775; x_wconf 85' lang='lat' dir='ltr'><strong>substantia</strong></span> <span class='ocrx_word' id='word_1_322' title='bbox 609 3726 829 3787; x_wconf 88' lang='lat' dir='ltr'><strong>paterna</strong></span> <span class='ocrx_word' id='word_1_323' title='bbox 870 3712 1129 3769; x_wconf 85' lang='lat' dir='ltr'><strong>dividitur</strong></span> <span class='ocrx_word' id='word_1_324' title='bbox 1146 3713 1233 3787; x_wconf 73' lang='lat' dir='ltr'><strong>,_§i</strong></span> <span class='ocrx_word' id='word_1_325' title='bbox 1268 3728 1335 3768; x_wconf 81' lang='lat' dir='ltr'><strong>ex</strong></span> <span class='ocrx_word' id='word_1_326' title='bbox 1374 3713 1489 3768; x_wconf 89' lang='lat' dir='ltr'><strong>solo</strong></span> <span class='ocrx_word' id='word_1_327' title='bbox 1529 3712 1688 3787; x_wconf 79' lang='lat' dir='ltr'><strong>Patre</strong></span> <span class='ocrx_word' id='word_1_328' title='bbox 1735 3712 1855 3787; x_wconf 90' lang='lat' dir='ltr'><strong>sub-</strong></span> 
     </span>
    </p>
   </div>
   <div class='ocr_carea' id='block_1_46' title="bbox 253 3783 1842 3857">
    <p class='ocr_par' dir='ltr' id='par_1_46' title="bbox 253 3783 1842 3857">
     <span class='ocr_line' id='line_1_48' title="bbox 253 3783 1842 3857; baseline -0.006 -11"><span class='ocrx_word' id='word_1_329' title='bbox 253 3787 589 3847; x_wconf 86' lang='lat' dir='ltr'><strong>stantialiter</strong></span> <span class='ocrx_word' id='word_1_330' title='bbox 613 3783 784 3843; x_wconf 79' lang='lat' dir='ltr'><strong>Filius</strong></span> <span class='ocrx_word' id='word_1_331' title='bbox 808 3793 1109 3857; x_wconf 82' lang='lat' dir='ltr'><strong>generatur.</strong></span> <span class='ocrx_word' id='word_1_332' title='bbox 1158 3783 1285 3857; x_wconf 83' lang='lat' dir='ltr'><strong>Hoc_</strong></span> <span class='ocrx_word' id='word_1_333' title='bbox 1301 3798 1459 3857; x_wconf 83' lang='lat' dir='ltr'><strong>quam</strong></span> <span class='ocrx_word' id='word_1_334' title='bbox 1500 3783 1722 3857; x_wconf 84' lang='lat' dir='ltr'><strong>stultum</strong></span> <span class='ocrx_word' id='word_1_335' title='bbox 1750 3784 1842 3847; x_wconf 90' lang='lat' dir='ltr'><strong>sit,</strong></span> 
     </span>
    </p>
   </div>
   <div class='ocr_carea' id='block_1_47' title="bbox 254 3853 1854 3927">
    <p class='ocr_par' dir='ltr' id='par_1_47' title="bbox 254 3853 1854 3927">
     <span class='ocr_line' id='line_1_49' title="bbox 254 3853 1854 3927; baseline -0.007 -10"><span class='ocrx_word' id='word_1_336' title='bbox 254 3862 430 3918; x_wconf 91' lang='lat' dir='ltr'><strong>etiam</strong></span> <span class='ocrx_word' id='word_1_337' title='bbox 462 3858 686 3913; x_wconf 88' lang='lat' dir='ltr'><strong>visibilia</strong></span> <span class='ocrx_word' id='word_1_338' title='bbox 716 3853 835 3927; x_wconf 65' lang='lat' dir='ltr'><strong>ipsa</strong></span> <span class='ocrx_word' id='word_1_339' title='bbox 876 3870 973 3912; x_wconf 92' lang='lat' dir='ltr'><strong>nos</strong></span> <span class='ocrx_word' id='word_1_340' title='bbox 1000 3856 1211 3927; x_wconf 77' lang='lat' dir='ltr'><strong>docent.</strong></span> <span class='ocrx_word' id='word_1_341' title='bbox 1253 3853 1382 3927; x_wconf 86' lang='lat' dir='ltr'><strong>Quis</strong></span> <span class='ocrx_word' id='word_1_342' title='bbox 1427 3854 1598 3927; x_wconf 24' lang='lat' dir='ltr'><strong>enim‘</strong></span> <span class='ocrx_word' id='word_1_343' title='bbox 1623 3867 1854 3927; x_wconf 79' lang='lat' dir='ltr'><strong>unquam</strong></span> 
     </span>
    </p>
   </div>
   <div class='ocr_carea' id='block_1_48' title="bbox 253 3923 1855 3999">
    <p class='ocr_par' dir='ltr' id='par_1_48' title="bbox 253 3923 1855 3999">
     <span class='ocr_line' id='line_1_50' title="bbox 253 3923 1855 3999; baseline -0.005 -12"><span class='ocrx_word' id='word_1_344' title='bbox 253 3934 348 3989; x_wconf 87' lang='lat' dir='ltr'><strong>vel</strong></span> <span class='ocrx_word' id='word_1_345' title='bbox 379 3929 676 3987; x_wconf 86' lang='lat' dir='ltr'><strong>carnalium</strong></span> <span class='ocrx_word' id='word_1_346' title='bbox 702 3923 908 3999; x_wconf 79' lang='lat' dir='ltr'><strong>patrum</strong></span> <span class='ocrx_word' id='word_1_347' title='bbox 953 3925 1216 3999; x_wconf 85' lang='lat' dir='ltr'><strong>gignendo</strong></span> <span class='ocrx_word' id='word_1_348' title='bbox 1234 3925 1442 3999; x_wconf 85' lang='lat' dir='ltr'><strong>_divisus</strong></span> <span class='ocrx_word' id='word_1_349' title='bbox 1475 3923 1779 3999; x_wconf 17' lang='lat' dir='ltr'><strong>testiQuod</strong></span> <span class='ocrx_word' id='word_1_350' title='bbox 1806 3923 1855 3979; x_wconf 90' lang='lat' dir='ltr'><strong>si</strong></span> 
     </span>
    </p>
   </div>
   <div class='ocr_carea' id='block_1_49' title="bbox 251 3994 1858 4068">
    <p class='ocr_par' dir='ltr' id='par_1_49' title="bbox 251 3994 1858 4068">
     <span class='ocr_line' id='line_1_51' title="bbox 251 3994 1858 4068; baseline -0.006 -9"><span class='ocrx_word' id='word_1_351' title='bbox 251 4019 365 4059; x_wconf 89' lang='lat' dir='ltr'><strong>nec</strong></span> <span class='ocrx_word' id='word_1_352' title='bbox 402 4005 459 4056; x_wconf 91' lang='lat' dir='ltr'><strong>in</strong></span> <span class='ocrx_word' id='word_1_353' title='bbox 496 3994 852 4055; x_wconf 80' lang='lat' dir='ltr'><strong>conditionem</strong></span> <span class='ocrx_word' id='word_1_354' title='bbox 879 3994 1119 4068; x_wconf 69' lang='lat' dir='ltr'><strong>corporis</strong></span> <span class='ocrx_word' id='word_1_355' title='bbox 1152 3996 1289 4052; x_wconf 86' lang='lat' dir='ltr'><strong>cadit</strong></span> <span class='ocrx_word' id='word_1_356' title='bbox 1322 3996 1435 4068; x_wconf 85' lang='lat' dir='ltr'><strong>ipsa</strong></span> <span class='ocrx_word' id='word_1_357' title='bbox 1458 3994 1669 4068; x_wconf 82' lang='lat' dir='ltr'><strong>divisio,</strong></span> <span class='ocrx_word' id='word_1_358' title='bbox 1696 4008 1858 4050; x_wconf 92' lang='lat' dir='ltr'><strong>nemo</strong></span> 
     </span>
    </p>
   </div>
   <div class='ocr_carea' id='block_1_50' title="bbox 252 4064 1859 4139">
    <p class='ocr_par' dir='ltr' id='par_1_50' title="bbox 252 4064 1859 4139">
     <span class='ocr_line' id='line_1_52' title="bbox 252 4064 1859 4139; baseline -0.005 -11"><span class='ocrx_word' id='word_1_359' title='bbox 252 4075 415 4129; x_wconf 88' lang='lat' dir='ltr'><strong>enim</strong></span> <span class='ocrx_word' id='word_1_360' title='bbox 466 4070 545 4125; x_wconf 91' lang='lat' dir='ltr'><strong>sic</strong></span> <span class='ocrx_word' id='word_1_361' title='bbox 583 4070 764 4139; x_wconf 89' lang='lat' dir='ltr'><strong>genuit</strong></span> <span class='ocrx_word' id='word_1_362' title='bbox 804 4064 992 4124; x_wconf 65' lang='lat' dir='ltr'><strong>ﬁlium&#39;</strong></span> <span class='ocrx_word' id='word_1_363' title='bbox 1012 4076 1069 4123; x_wconf 92' lang='lat' dir='ltr'><strong>ut</strong></span> <span class='ocrx_word' id='word_1_364' title='bbox 1105 4082 1165 4123; x_wconf 91' lang='lat' dir='ltr'><strong>se</strong></span> <span class='ocrx_word' id='word_1_365' title='bbox 1209 4064 1458 4137; x_wconf 83' lang='lat' dir='ltr'><strong>perderet</strong></span> <span class='ocrx_word' id='word_1_366' title='bbox 1499 4064 1859 4139; x_wconf 82' lang='lat' dir='ltr'><strong>me_dtum,_et</strong></span> 
     </span>
    </p>
   </div>
   <div class='ocr_carea' id='block_1_51' title="bbox 252 4135 1858 4208">
    <p class='ocr_par' dir='ltr' id='par_1_51' title="bbox 252 4135 1858 4208">
     <span class='ocr_line' id='line_1_53' title="bbox 252 4135 1858 4208; baseline -0.006 -8"><span class='ocrx_word' id='word_1_367' title='bbox 252 4146 419 4200; x_wconf 89' lang='lat' dir='ltr'><strong>salva</strong></span> <span class='ocrx_word' id='word_1_368' title='bbox 449 4135 747 4208; x_wconf 70' lang='lat' dir='ltr'><strong>integritate</strong></span> <span class='ocrx_word' id='word_1_369' title='bbox 773 4139 946 4195; x_wconf 86' lang='lat' dir='ltr'><strong>Patris</strong></span> <span class='ocrx_word' id='word_1_370' title='bbox 982 4153 1086 4192; x_wconf 91' lang='lat' dir='ltr'><strong>non</strong></span> <span class='ocrx_word' id='word_1_371' title='bbox 1117 4135 1533 4208; x_wconf 26' lang='lat' dir='ltr'><strong>potuisseﬁnasci</strong></span> <span class='ocrx_word' id='word_1_372' title='bbox 1564 4135 1737 4208; x_wconf 82' lang='lat' dir='ltr'><strong>dicitis</strong></span> <span class='ocrx_word' id='word_1_373' title='bbox 1762 4135 1858 4191; x_wconf 86' lang='lat' dir='ltr'><strong>Fi-</strong></span> 
     </span>
    </p>
   </div>
   <div class='ocr_carea' id='block_1_52' title="bbox 250 4206 1855 4282">
    <p class='ocr_par' dir='ltr' id='par_1_52' title="bbox 250 4206 1855 4282">
     <span class='ocr_line' id='line_1_54' title="bbox 250 4206 1855 4282; baseline -0.006 -13"><span class='ocrx_word' id='word_1_374' title='bbox 250 4215 400 4269; x_wconf 90' lang='lat' dir='ltr'><strong>lium</strong></span> <span class='ocrx_word' id='word_1_375' title='bbox 430 4206 583 4267; x_wconf 87' lang='lat' dir='ltr'><strong>?Sed</strong></span> <span class='ocrx_word' id='word_1_376' title='bbox 612 4211 736 4281; x_wconf 93' lang='lat' dir='ltr'><strong>quid</strong></span> <span class='ocrx_word' id='word_1_377' title='bbox 765 4210 959 4282; x_wconf 90' lang='lat' dir='ltr'><strong>plura?</strong></span> <span class='ocrx_word' id='word_1_378' title='bbox 986 4206 1320 4282; x_wconf 74' lang='lat' dir='ltr'><strong>Nativitatcm</strong></span> <span class='ocrx_word' id='word_1_379' title='bbox 1347 4207 1468 4263; x_wconf 89' lang='lat' dir='ltr'><strong>Filii</strong></span> <span class='ocrx_word' id='word_1_380' title='bbox 1509 4206 1604 4282; x_wconf 81' lang='lat' dir='ltr'><strong>Dei</strong></span> <span class='ocrx_word' id='word_1_381' title='bbox 1627 4214 1855 4282; x_wconf 86' lang='lat' dir='ltr'><strong>_ortum-</strong></span> 
     </span>
    </p>
   </div>
   <div class='ocr_carea' id='block_1_53' title="bbox 251 4276 1861 4356">
    <p class='ocr_par' dir='ltr' id='par_1_53' title="bbox 251 4276 1861 4356">
     <span class='ocr_line' id='line_1_55' title="bbox 251 4276 1861 4356; baseline -0.007 -15"><span class='ocrx_word' id='word_1_382' title='bbox 251 4302 371 4356; x_wconf 90' lang='lat' dir='ltr'><strong>que</strong></span> <span class='ocrx_word' id='word_1_383' title='bbox 407 4276 728 4356; x_wconf 73' lang='lat' dir='ltr'><strong>rimantibus</strong></span> <span class='ocrx_word' id='word_1_384' title='bbox 754 4276 928 4346; x_wconf 47' lang='lat' dir='ltr'><strong>(hanc,</strong></span> <span class='ocrx_word' id='word_1_385' title='bbox 959 4281 1015 4334; x_wconf 91' lang='lat' dir='ltr'><strong>ni</strong></span> <span class='ocrx_word' id='word_1_386' title='bbox 1041 4278 1214 4356; x_wconf 64' lang='lat' dir='ltr'><strong>fallor,</strong></span> <span class='ocrx_word' id='word_1_387' title='bbox 1248 4286 1561 4356; x_wconf 79' lang='lat' dir='ltr'><strong>occurrunt;</strong></span> <span class='ocrx_word' id='word_1_388' title='bbox 1590 4276 1643 4331; x_wconf 91' lang='lat' dir='ltr'><strong>id</strong></span> <span class='ocrx_word' id='word_1_389' title='bbox 1669 4285 1771 4356; x_wconf 86' lang='lat' dir='ltr'><strong>est,</strong></span> <span class='ocrx_word' id='word_1_390' title='bbox 1799 4283 1861 4331; x_wconf 88' lang='lat' dir='ltr'><strong>ut</strong></span> 
     </span>
    </p>
   </div>
   <div class='ocr_carea' id='block_1_54' title="bbox 249 4350 1859 4418">
    <p class='ocr_par' dir='ltr' id='par_1_54' title="bbox 249 4350 1859 4418">
     <span class='ocr_line' id='line_1_56' title="bbox 249 4350 1859 4418; baseline -0.004 -8"><span class='ocrx_word' id='word_1_391' title='bbox 249 4350 355 4412; x_wconf 74' lang='lat' dir='ltr'><strong>aut</strong></span> <span class='ocrx_word' id='word_1_392' title='bbox 390 4370 462 4409; x_wconf 84' lang='lat' dir='ltr'><strong>ex</strong></span> <span class='ocrx_word' id='word_1_393' title='bbox 486 4353 645 4407; x_wconf 93' lang='lat' dir='ltr'><strong>Patre</strong></span> <span class='ocrx_word' id='word_1_394' title='bbox 673 4353 762 4418; x_wconf 88' lang='lat' dir='ltr'><strong>sit,</strong></span> <span class='ocrx_word' id='word_1_395' title='bbox 794 4360 885 4406; x_wconf 91' lang='lat' dir='ltr'><strong>aut</strong></span> <span class='ocrx_word' id='word_1_396' title='bbox 915 4366 979 4405; x_wconf 83' lang='lat' dir='ltr'><strong>ex</strong></span> <span class='ocrx_word' id='word_1_397' title='bbox 1007 4350 1175 4404; x_wconf 87' lang='lat' dir='ltr'><strong>nihilo</strong></span> <span class='ocrx_word' id='word_1_398' title='bbox 1194 4391 1210 4417; x_wconf 92' lang='lat'><strong>,</strong></span> <span class='ocrx_word' id='word_1_399' title='bbox 1241 4358 1331 4404; x_wconf 92' lang='lat' dir='ltr'><strong>aut</strong></span> <span class='ocrx_word' id='word_1_400' title='bbox 1353 4364 1421 4404; x_wconf 85' lang='lat' dir='ltr'><strong>ex</strong></span> <span class='ocrx_word' id='word_1_401' title='bbox 1443 4350 1611 4402; x_wconf 86' lang='lat' dir='ltr'><strong>altero</strong></span> <span class='ocrx_word' id='word_1_402' title='bbox 1629 4388 1646 4413; x_wconf 93' lang='lat'><strong>,</strong></span> <span class='ocrx_word' id='word_1_403' title='bbox 1674 4355 1766 4401; x_wconf 91' lang='lat' dir='ltr'><strong>aut</strong></span> <span class='ocrx_word' id='word_1_404' title='bbox 1791 4363 1859 4403; x_wconf 79' lang='lat' dir='ltr'><strong>ex</strong></span> 
     </span>
    </p>
   </div>
   <div class='ocr_carea' id='block_1_55' title="bbox 249 4419 1856 4496">
    <p class='ocr_par' dir='ltr' id='par_1_55' title="bbox 249 4419 1856 4496">
     <span class='ocr_line' id='line_1_57' title="bbox 249 4419 1856 4496; baseline -0.005 -14"><span class='ocrx_word' id='word_1_405' title='bbox 249 4442 317 4482; x_wconf 89' lang='lat' dir='ltr'><strong>se</strong></span> <span class='ocrx_word' id='word_1_406' title='bbox 370 4427 520 4496; x_wconf 89' lang='lat' dir='ltr'><strong>ipso.</strong></span> <span class='ocrx_word' id='word_1_407' title='bbox 574 4423 792 4487; x_wconf 84' lang='lat' dir='ltr'><strong>Horum,</strong></span> <span class='ocrx_word' id='word_1_408' title='bbox 842 4420 1522 4496; x_wconf 13' lang='lat' dir='ltr'><strong>quzeso,‘_tconsequentiam</strong></span> <span class='ocrx_word' id='word_1_409' title='bbox 1562 4419 1856 4474; x_wconf 88' lang='lat' dir='ltr'><strong>videamus.</strong></span> 
     </span>
    </p>
   </div>
   <div class='ocr_carea' id='block_1_56' title="bbox 251 4491 1855 4564">
    <p class='ocr_par' dir='ltr' id='par_1_56' title="bbox 251 4491 1855 4564">
     <span class='ocr_line' id='line_1_58' title="bbox 251 4491 1855 4564; baseline -0.007 -11"><span class='ocrx_word' id='word_1_410' title='bbox 251 4498 317 4553; x_wconf 90' lang='lat' dir='ltr'><strong>Si</strong></span> <span class='ocrx_word' id='word_1_411' title='bbox 349 4491 429 4552; x_wconf 65' lang='lat' dir='ltr'><strong>ei</strong></span> <span class='ocrx_word' id='word_1_412' title='bbox 454 4512 515 4551; x_wconf 91' lang='lat' dir='ltr'><strong>se</strong></span> <span class='ocrx_word' id='word_1_413' title='bbox 541 4497 688 4564; x_wconf 88' lang='lat' dir='ltr'><strong>ipso;</strong></span> <span class='ocrx_word' id='word_1_414' title='bbox 719 4508 827 4548; x_wconf 91' lang='lat' dir='ltr'><strong>non</strong></span> <span class='ocrx_word' id='word_1_415' title='bbox 865 4491 1010 4547; x_wconf 84' lang='lat' dir='ltr'><strong>recte</strong></span> <span class='ocrx_word' id='word_1_416' title='bbox 1035 4492 1172 4564; x_wconf 83' lang='lat' dir='ltr'><strong>ﬁlius</strong></span> <span class='ocrx_word' id='word_1_417' title='bbox 1194 4491 1407 4564; x_wconf 79' lang='lat' dir='ltr'><strong>dicitur,</strong></span> <span class='ocrx_word' id='word_1_418' title='bbox 1436 4492 1525 4561; x_wconf 89' lang='lat' dir='ltr'><strong>qui</strong></span> <span class='ocrx_word' id='word_1_419' title='bbox 1552 4503 1658 4544; x_wconf 91' lang='lat' dir='ltr'><strong>non</strong></span> <span class='ocrx_word' id='word_1_420' title='bbox 1678 4496 1855 4557; x_wconf 90' lang='lat' dir='ltr'><strong>natus,</strong></span> 
     </span>
    </p>
   </div>
   <div class='ocr_carea' id='block_1_57' title="bbox 246 4561 1857 4637">
    <p class='ocr_par' dir='ltr' id='par_1_57' title="bbox 246 4561 1857 4637">
     <span class='ocr_line' id='line_1_59' title="bbox 246 4561 1857 4637; baseline -0.006 -14"><span class='ocrx_word' id='word_1_421' title='bbox 246 4569 359 4625; x_wconf 84' lang='lat' dir='ltr'><strong>sed</strong></span> <span class='ocrx_word' id='word_1_422' title='bbox 391 4561 664 4637; x_wconf 83' lang='lat' dir='ltr'><strong>ingenitus</strong></span> <span class='ocrx_word' id='word_1_423' title='bbox 690 4564 1006 4634; x_wconf 71' lang='lat' dir='ltr'><strong>prmdicatur</strong></span> <span class='ocrx_word' id='word_1_424' title='bbox 1034 4579 1047 4614; x_wconf 86' lang='lat'><strong>:</strong></span> <span class='ocrx_word' id='word_1_425' title='bbox 1075 4561 1120 4616; x_wconf 91' lang='lat' dir='ltr'><strong>si</strong></span> <span class='ocrx_word' id='word_1_426' title='bbox 1139 4576 1205 4616; x_wconf 79' lang='lat' dir='ltr'><strong>ex</strong></span> <span class='ocrx_word' id='word_1_427' title='bbox 1231 4561 1438 4637; x_wconf 59' lang='lat' dir='ltr'><strong>nihilo;</strong></span> <span class='ocrx_word' id='word_1_428' title='bbox 1467 4571 1711 4637; x_wconf 82' lang='lat' dir='ltr'><strong>creatura</strong></span> <span class='ocrx_word' id='word_1_429' title='bbox 1737 4574 1857 4637; x_wconf 84' lang='lat' dir='ltr'><strong>cum</strong></span> 
     </span>
    </p>
   </div>
   <div class='ocr_carea' id='block_1_58' title="bbox 246 4630 1861 4703">
    <p class='ocr_par' dir='ltr' id='par_1_58' title="bbox 246 4630 1861 4703">
     <span class='ocr_line' id='line_1_60' title="bbox 246 4630 1861 4703; baseline -0.007 -9"><span class='ocrx_word' id='word_1_430' title='bbox 246 4630 513 4703; x_wconf 70' lang='lat' dir='ltr'><strong>cmteris,</strong></span> <span class='ocrx_word' id='word_1_431' title='bbox 561 4652 667 4691; x_wconf 90' lang='lat' dir='ltr'><strong>non</strong></span> <span class='ocrx_word' id='word_1_432' title='bbox 693 4630 960 4690; x_wconf 68' lang='lat' dir='ltr'><strong>creatura:</strong></span> <span class='ocrx_word' id='word_1_433' title='bbox 985 4641 1171 4687; x_wconf 87' lang='lat' dir='ltr'><strong>auctor</strong></span> <span class='ocrx_word' id='word_1_434' title='bbox 1210 4630 1509 4703; x_wconf 84' lang='lat' dir='ltr'><strong>ostenditur</strong></span> <span class='ocrx_word' id='word_1_435' title='bbox 1540 4648 1553 4683; x_wconf 90' lang='lat'><strong>:</strong></span> <span class='ocrx_word' id='word_1_436' title='bbox 1586 4631 1631 4703; x_wconf 90' lang='lat' dir='ltr'><strong>si</strong></span> <span class='ocrx_word' id='word_1_437' title='bbox 1662 4645 1729 4703; x_wconf 53' lang='lat' dir='ltr'><strong>es</strong></span> <span class='ocrx_word' id='word_1_438' title='bbox 1776 4630 1861 4683; x_wconf 90' lang='lat' dir='ltr'><strong>al-</strong></span> 
     </span>
    </p>
   </div>
   <div class='ocr_carea' id='block_1_59' title="bbox 246 4701 1861 4777">
    <p class='ocr_par' dir='ltr' id='par_1_59' title="bbox 246 4701 1861 4777">
     <span class='ocr_line' id='line_1_61' title="bbox 246 4701 1861 4777; baseline -0.006 -12"><span class='ocrx_word' id='word_1_439' title='bbox 246 4719 386 4766; x_wconf 84' lang='lat' dir='ltr'><strong>tero</strong></span> <span class='ocrx_word' id='word_1_440' title='bbox 421 4727 440 4767; x_wconf 87' lang='lat'>:</span> <span class='ocrx_word' id='word_1_441' title='bbox 475 4701 581 4764; x_wconf 86' lang='lat' dir='ltr'><strong>non</strong></span> <span class='ocrx_word' id='word_1_442' title='bbox 606 4707 723 4777; x_wconf 90' lang='lat' dir='ltr'><strong>ejus</strong></span> <span class='ocrx_word' id='word_1_443' title='bbox 750 4706 835 4759; x_wconf 88' lang='lat' dir='ltr'><strong>cui</strong></span> <span class='ocrx_word' id='word_1_444' title='bbox 874 4703 1159 4777; x_wconf 79' lang='lat' dir='ltr'><strong>credimus,</strong></span> <span class='ocrx_word' id='word_1_445' title='bbox 1186 4702 1511 4777; x_wconf 82' lang='lat' dir='ltr'><strong>_sed_nescio</strong></span> <span class='ocrx_word' id='word_1_446' title='bbox 1537 4701 1689 4770; x_wconf 88' lang='lat' dir='ltr'><strong>cujus</strong></span> <span class='ocrx_word' id='word_1_447' title='bbox 1710 4701 1861 4755; x_wconf 90' lang='lat' dir='ltr'><strong>inco-</strong></span> 
     </span>
    </p>
   </div>
   <div class='ocr_carea' id='block_1_60' title="bbox 287 4772 1863 4849">
    <p class='ocr_par' dir='ltr' id='par_1_60' title="bbox 287 4772 1863 4849">
     <span class='ocr_line' id='line_1_62' title="bbox 287 4772 1863 4849; baseline -0.006 -14"><span class='ocrx_word' id='word_1_448' title='bbox 287 4782 403 4836; x_wconf 89' lang='lat' dir='ltr'><strong>niti</strong></span> <span class='ocrx_word' id='word_1_449' title='bbox 444 4780 611 4849; x_wconf 83' lang='lat' dir='ltr'><strong>patris</strong></span> <span class='ocrx_word' id='word_1_450' title='bbox 636 4772 781 4849; x_wconf 56' lang='lat' dir='ltr'><strong>&#39;ﬁlius</strong></span> <span class='ocrx_word' id='word_1_451' title='bbox 806 4775 1142 4849; x_wconf 85' lang='lat' dir='ltr'><strong>praedicatur.</strong></span> <span class='ocrx_word' id='word_1_452' title='bbox 1175 4772 1325 4840; x_wconf 85' lang='lat' dir='ltr'><strong>Quod</strong></span> <span class='ocrx_word' id='word_1_453' title='bbox 1350 4773 1395 4828; x_wconf 92' lang='lat' dir='ltr'><strong>si</strong></span> <span class='ocrx_word' id='word_1_454' title='bbox 1422 4782 1615 4849; x_wconf 68' lang='lat' dir='ltr'><strong>praeter</strong></span> <span class='ocrx_word' id='word_1_455' title='bbox 1637 4779 1863 4841; x_wconf 88' lang='lat' dir='ltr'><strong>quatuor</strong></span> 
     </span>
    </p>
   </div>
   <div class='ocr_carea' id='block_1_61' title="bbox 266 4842 1863 4916">
    <p class='ocr_par' dir='ltr' id='par_1_61' title="bbox 266 4842 1863 4916">
     <span class='ocr_line' id='line_1_63' title="bbox 266 4842 1863 4916; baseline -0.006 -11"><span class='ocrx_word' id='word_1_456' title='bbox 266 4842 383 4906; x_wconf 66' lang='lat' dir='ltr'><strong>inae</strong></span> <span class='ocrx_word' id='word_1_457' title='bbox 418 4842 531 4904; x_wconf 76' lang='lat' dir='ltr'><strong>non</strong></span> <span class='ocrx_word' id='word_1_458' title='bbox 553 4848 776 4904; x_wconf 86' lang='lat' dir='ltr'><strong>inveniri</strong></span> <span class='ocrx_word' id='word_1_459' title='bbox 799 4842 974 4916; x_wconf 78' lang='lat' dir='ltr'><strong>potest</strong></span> <span class='ocrx_word' id='word_1_460' title='bbox 1000 4846 1242 4916; x_wconf 91' lang='lat' dir='ltr'><strong>quintum</strong></span> <span class='ocrx_word' id='word_1_461' title='bbox 1270 4885 1284 4907; x_wconf 86' lang='lat'><strong>,</strong></span> <span class='ocrx_word' id='word_1_462' title='bbox 1312 4842 1506 4916; x_wconf 52' lang='lat' dir='ltr'><strong>nec&#39;de</strong></span> <span class='ocrx_word' id='word_1_463' title='bbox 1532 4842 1617 4916; x_wconf 89' lang='lat' dir='ltr'><strong>his</strong></span> <span class='ocrx_word' id='word_1_464' title='bbox 1646 4850 1863 4912; x_wconf 88' lang='lat' dir='ltr'><strong>propter</strong></span> 
     </span>
    </p>
   </div>
   <div class='ocr_carea' id='block_1_62' title="bbox 240 4914 1864 4988">
    <p class='ocr_par' dir='ltr' id='par_1_62' title="bbox 240 4914 1864 4988">
     <span class='ocr_line' id='line_1_64' title="bbox 240 4914 1864 4988; baseline -0.007 -9"><span class='ocrx_word' id='word_1_465' title='bbox 240 4922 585 4979; x_wconf 85' lang='lat' dir='ltr'><strong>evidentem</strong></span> <span class='ocrx_word' id='word_1_466' title='bbox 634 4914 1030 4988; x_wconf 73' lang='lat' dir='ltr'><strong>blasphemiam</strong></span> <span class='ocrx_word' id='word_1_467' title='bbox 1059 4916 1157 4988; x_wconf 85' lang='lat' dir='ltr'><strong>tria</strong></span> <span class='ocrx_word' id='word_1_468' title='bbox 1184 4915 1458 4988; x_wconf 80' lang='lat' dir='ltr'><strong>praedicari</strong></span> <span class='ocrx_word' id='word_1_469' title='bbox 1484 4914 1692 4988; x_wconf 83' lang='lat' dir='ltr'><strong>penitus</strong></span> <span class='ocrx_word' id='word_1_470' title='bbox 1715 4927 1864 4988; x_wconf 81' lang='lat' dir='ltr'><strong>_pos-</strong></span> 
     </span>
    </p>
   </div>
   <div class='ocr_carea' id='block_1_63' title="bbox 238 4984 1862 5055">
    <p class='ocr_par' dir='ltr' id='par_1_63' title="bbox 238 4984 1862 5055">
     <span class='ocr_line' id='line_1_65' title="bbox 238 4984 1862 5055; baseline -0.006 -6"><span class='ocrx_word' id='word_1_471' title='bbox 238 5004 393 5049; x_wconf 79' lang='lat' dir='ltr'><strong>sunt.</strong></span> <span class='ocrx_word' id='word_1_472' title='bbox 423 5006 442 5055; x_wconf 92' lang='lat'><strong>;</strong></span> <span class='ocrx_word' id='word_1_473' title='bbox 476 4997 639 5043; x_wconf 88' lang='lat' dir='ltr'><strong>restat</strong></span> <span class='ocrx_word' id='word_1_474' title='bbox 662 4997 721 5041; x_wconf 93' lang='lat' dir='ltr'><strong>ut</strong></span> <span class='ocrx_word' id='word_1_475' title='bbox 754 4984 1199 5042; x_wconf 55' lang='lat' dir='ltr'><strong>&#39;substantialiter&#39;</strong></span> <span class='ocrx_word' id='word_1_476' title='bbox 1223 4986 1291 5041; x_wconf 90' lang='lat' dir='ltr'><strong>de</strong></span> <span class='ocrx_word' id='word_1_477' title='bbox 1321 4986 1477 5041; x_wconf 90' lang='lat' dir='ltr'><strong>Patre</strong></span> <span class='ocrx_word' id='word_1_478' title='bbox 1501 4985 1569 5039; x_wconf 90' lang='lat' dir='ltr'><strong>sit</strong></span> <span class='ocrx_word' id='word_1_479' title='bbox 1608 4984 1817 5054; x_wconf 91' lang='lat' dir='ltr'><strong>genitus</strong></span> <span class='ocrx_word' id='word_1_480' title='bbox 1847 5001 1862 5040; x_wconf 89' lang='lat'><strong>:</strong></span> 
     </span>
    </p>
   </div>
   <div class='ocr_carea' id='block_1_64' title="bbox 1450 555 2314 625">
    <p class='ocr_par' dir='ltr' id='par_1_64' title="bbox 1450 555 2314 625">
     <span class='ocr_line' id='line_1_66' title="bbox 1450 555 2314 625; baseline -0.005 -3"><span class='ocrx_word' id='word_1_481' title='bbox 1450 563 1541 624; x_wconf 81' lang='lat' dir='ltr'><strong>DE</strong></span> <span class='ocrx_word' id='word_1_482' title='bbox 1578 555 1876 625; x_wconf 78' lang='lat' dir='ltr'><strong>UNI’I‘ATE</strong></span> <span class='ocrx_word' id='word_1_483' title='bbox 1911 558 2314 624; x_wconf 78' lang='lat' dir='ltr'><strong>TRINITATIS.</strong></span> 
     </span>
    </p>
   </div>
   <div class='ocr_carea' id='block_1_65' title="bbox 3371 554 3512 626">
    <p class='ocr_par' dir='ltr' id='par_1_65' title="bbox 3371 554 3512 626">
     <span class='ocr_line' id='line_1_67' title="bbox 3371 554 3512 626; baseline 0.014 -3"><span class='ocrx_word' id='word_1_484' title='bbox 3371 554 3512 626; x_wconf 62' lang='lat' dir='ltr'><strong>H6!</strong></span> 
     </span>
    </p>
   </div>
   <div class='ocr_carea' id='block_1_66' title="bbox 1941 676 3515 751">
    <p class='ocr_par' dir='ltr' id='par_1_66' title="bbox 1941 676 3515 751">
     <span class='ocr_line' id='line_1_68' title="bbox 1941 676 3515 751; baseline 0.001 -16"><span class='ocrx_word' id='word_1_485' title='bbox 1941 694 2099 751; x_wconf 91' lang='lat' dir='ltr'><strong>quem</strong></span> <span class='ocrx_word' id='word_1_486' title='bbox 2123 688 2179 735; x_wconf 93' lang='lat' dir='ltr'><strong>tu</strong></span> <span class='ocrx_word' id='word_1_487' title='bbox 2204 694 2272 737; x_wconf 78' lang='lat' dir='ltr'><strong>ex</strong></span> <span class='ocrx_word' id='word_1_488' title='bbox 2294 679 2451 736; x_wconf 87' lang='lat' dir='ltr'><strong>Patre</strong></span> <span class='ocrx_word' id='word_1_489' title='bbox 2477 676 2897 751; x_wconf 87' lang='lat' dir='ltr'><strong>substantialiter</strong></span> <span class='ocrx_word' id='word_1_490' title='bbox 2911 679 3149 749; x_wconf 88' lang='lat' dir='ltr'><strong>genitum</strong></span> <span class='ocrx_word' id='word_1_491' title='bbox 3172 692 3277 735; x_wconf 90' lang='lat' dir='ltr'><strong>non</strong></span> <span class='ocrx_word' id='word_1_492' title='bbox 3309 677 3515 751; x_wconf 81' lang='lat' dir='ltr'><strong>fateris,</strong></span> 
     </span>
    </p>
   </div>
   <div class='ocr_carea' id='block_1_67' title="bbox 1941 750 3519 807">
    <p class='ocr_par' dir='ltr' id='par_1_67' title="bbox 1941 750 3519 807">
     <span class='ocr_line' id='line_1_69' title="bbox 1941 750 3519 807; baseline 0.002 -3"><span class='ocrx_word' id='word_1_493' title='bbox 1941 753 2057 807; x_wconf 90' lang='lat' dir='ltr'><strong>sine</strong></span> <span class='ocrx_word' id='word_1_494' title='bbox 2109 751 2273 806; x_wconf 89' lang='lat' dir='ltr'><strong>dubio</strong></span> <span class='ocrx_word' id='word_1_495' title='bbox 2319 752 2458 806; x_wconf 90' lang='lat' dir='ltr'><strong>inter</strong></span> <span class='ocrx_word' id='word_1_496' title='bbox 2485 751 2588 806; x_wconf 90' lang='lat' dir='ltr'><strong>alia</strong></span> <span class='ocrx_word' id='word_1_497' title='bbox 2617 766 2682 806; x_wconf 85' lang='lat' dir='ltr'><strong>ex</strong></span> <span class='ocrx_word' id='word_1_498' title='bbox 2709 750 2879 806; x_wconf 88' lang='lat' dir='ltr'><strong>nihilo</strong></span> <span class='ocrx_word' id='word_1_499' title='bbox 2926 751 3121 804; x_wconf 86' lang='lat' dir='ltr'><strong>factum</strong></span> <span class='ocrx_word' id='word_1_500' title='bbox 3148 765 3269 805; x_wconf 90' lang='lat' dir='ltr'><strong>esse</strong></span> <span class='ocrx_word' id='word_1_501' title='bbox 3293 750 3519 807; x_wconf 86' lang='lat' dir='ltr'><strong>conten-</strong></span> 
     </span>
    </p>
   </div>
   <div class='ocr_carea' id='block_1_68' title="bbox 1941 820 3517 893">
    <p class='ocr_par' dir='ltr' id='par_1_68' title="bbox 1941 820 3517 893">
     <span class='ocr_line' id='line_1_70' title="bbox 1941 820 3517 893; baseline -0.001 -16"><span class='ocrx_word' id='word_1_502' title='bbox 1941 821 2024 877; x_wconf 93' lang='lat' dir='ltr'><strong>dis</strong></span> <span class='ocrx_word' id='word_1_503' title='bbox 2056 838 2071 875; x_wconf 91' lang='lat'><strong>:</strong></span> <span class='ocrx_word' id='word_1_504' title='bbox 2104 821 2531 893; x_wconf 90' lang='lat' dir='ltr'><strong>quandoquidem</strong></span> <span class='ocrx_word' id='word_1_505' title='bbox 2567 836 2667 893; x_wconf 81' lang='lat' dir='ltr'><strong>nec</strong></span> <span class='ocrx_word' id='word_1_506' title='bbox 2692 820 3361 893; x_wconf 64' lang='lat' dir='ltr'><strong>corruptibilescreaturas</strong></span> <span class='ocrx_word' id='word_1_507' title='bbox 3382 821 3517 893; x_wconf 78' lang='lat' dir='ltr'><strong>dici-</strong></span> 
     </span>
    </p>
   </div>
   <div class='ocr_carea' id='block_1_69' title="bbox 1941 890 3519 959">
    <p class='ocr_par' dir='ltr' id='par_1_69' title="bbox 1941 890 3519 959">
     <span class='ocr_line' id='line_1_71' title="bbox 1941 890 3519 959; baseline -0.001 -12"><span class='ocrx_word' id='word_1_508' title='bbox 1941 906 2060 947; x_wconf 90' lang='lat' dir='ltr'><strong>mus</strong></span> <span class='ocrx_word' id='word_1_509' title='bbox 2077 890 2398 958; x_wconf 78' lang='lat' dir='ltr'><strong>substitisse,</strong></span> <span class='ocrx_word' id='word_1_510' title='bbox 2418 893 2520 947; x_wconf 90' lang='lat' dir='ltr'><strong>nisi</strong></span> <span class='ocrx_word' id='word_1_511' title='bbox 2546 901 2605 947; x_wconf 90' lang='lat' dir='ltr'><strong>ut</strong></span> <span class='ocrx_word' id='word_1_512' title='bbox 2624 891 2720 947; x_wconf 91' lang='lat' dir='ltr'><strong>has</strong></span> <span class='ocrx_word' id='word_1_513' title='bbox 2744 891 2911 947; x_wconf 90' lang='lat' dir='ltr'><strong>Deum</strong></span> <span class='ocrx_word' id='word_1_514' title='bbox 2933 899 2984 945; x_wconf 90' lang='lat' dir='ltr'><strong>et</strong></span> <span class='ocrx_word' id='word_1_515' title='bbox 3001 890 3237 946; x_wconf 87' lang='lat' dir='ltr'><strong>voluisse</strong></span> <span class='ocrx_word' id='word_1_516' title='bbox 3264 907 3357 959; x_wconf 91' lang='lat' dir='ltr'><strong>per</strong></span> <span class='ocrx_word' id='word_1_517' title='bbox 3383 891 3519 948; x_wconf 78' lang='lat' dir='ltr'><strong>inef-</strong></span> 
     </span>
    </p>
   </div>
   <div class='ocr_carea' id='block_1_70' title="bbox 1939 961 3520 1033">
    <p class='ocr_par' dir='ltr' id='par_1_70' title="bbox 1939 961 3520 1033">
     <span class='ocr_line' id='line_1_72' title="bbox 1939 961 3520 1033; baseline 0.001 -16"><span class='ocrx_word' id='word_1_518' title='bbox 1939 961 2151 1017; x_wconf 79' lang='lat' dir='ltr'><strong>fabilem</strong></span> <span class='ocrx_word' id='word_1_519' title='bbox 2194 964 2664 1033; x_wconf 86' lang='lat' dir='ltr'><strong>dispensationem,</strong></span> <span class='ocrx_word' id='word_1_520' title='bbox 2714 971 2767 1017; x_wconf 90' lang='lat' dir='ltr'><strong>et</strong></span> <span class='ocrx_word' id='word_1_521' title='bbox 2798 962 3045 1033; x_wconf 87' lang='lat' dir='ltr'><strong>potuisse</strong></span> <span class='ocrx_word' id='word_1_522' title='bbox 3070 977 3166 1031; x_wconf 89' lang='lat' dir='ltr'><strong>per</strong></span> <span class='ocrx_word' id='word_1_523' title='bbox 3195 962 3520 1033; x_wconf 85' lang='lat' dir='ltr'><strong>singularem</strong></span> 
     </span>
    </p>
   </div>
   <div class='ocr_carea' id='block_1_71' title="bbox 1941 1031 3523 1102">
    <p class='ocr_par' dir='ltr' id='par_1_71' title="bbox 1941 1031 3523 1102">
     <span class='ocr_line' id='line_1_73' title="bbox 1941 1031 3523 1102; baseline 0.001 -15"><span class='ocrx_word' id='word_1_524' title='bbox 1941 1034 2230 1102; x_wconf 88' lang='lat' dir='ltr'><strong>potentiam</strong></span> <span class='ocrx_word' id='word_1_525' title='bbox 2255 1031 2493 1090; x_wconf 88' lang='lat' dir='ltr'><strong>dicamus</strong></span> <span class='ocrx_word' id='word_1_526' title='bbox 2511 1032 2722 1088; x_wconf 78' lang='lat' dir='ltr'><strong>efﬁcere</strong></span> <span class='ocrx_word' id='word_1_527' title='bbox 2740 1048 2757 1098; x_wconf 86' lang='lat'><strong>;</strong></span> <span class='ocrx_word' id='word_1_528' title='bbox 2777 1031 2903 1087; x_wconf 80' lang='lat' dir='ltr'><strong>dum</strong></span> <span class='ocrx_word' id='word_1_529' title='bbox 2929 1043 2983 1088; x_wconf 91' lang='lat' dir='ltr'><strong>et</strong></span> <span class='ocrx_word' id='word_1_530' title='bbox 3003 1031 3327 1087; x_wconf 85' lang='lat' dir='ltr'><strong>voluntatem</strong></span> <span class='ocrx_word' id='word_1_531' title='bbox 3354 1031 3523 1088; x_wconf 79' lang='lat' dir='ltr'><strong>fuisse</strong></span> 
     </span>
    </p>
   </div>
   <div class='ocr_carea' id='block_1_72' title="bbox 1941 1104 3521 1176">
    <p class='ocr_par' dir='ltr' id='par_1_72' title="bbox 1941 1104 3521 1176">
     <span class='ocr_line' id='line_1_74' title="bbox 1941 1104 3521 1176; baseline 0.001 -19"><span class='ocrx_word' id='word_1_532' title='bbox 1941 1104 2187 1176; x_wconf 89' lang='lat' dir='ltr'><strong>novimus</strong></span> <span class='ocrx_word' id='word_1_533' title='bbox 2213 1120 2314 1175; x_wconf 88' lang='lat' dir='ltr'><strong>qua</strong></span> <span class='ocrx_word' id='word_1_534' title='bbox 2354 1104 2550 1176; x_wconf 91' lang='lat' dir='ltr'><strong>placuit</strong></span> <span class='ocrx_word' id='word_1_535' title='bbox 2574 1104 2709 1170; x_wconf 85' lang='lat' dir='ltr'><strong>Deo,</strong></span> <span class='ocrx_word' id='word_1_536' title='bbox 2750 1112 2802 1158; x_wconf 92' lang='lat' dir='ltr'><strong>et</strong></span> <span class='ocrx_word' id='word_1_537' title='bbox 2841 1111 3157 1175; x_wconf 90' lang='lat' dir='ltr'><strong>potestatem</strong></span> <span class='ocrx_word' id='word_1_538' title='bbox 3207 1117 3309 1173; x_wconf 91' lang='lat' dir='ltr'><strong>qua</strong></span> <span class='ocrx_word' id='word_1_539' title='bbox 3360 1118 3521 1174; x_wconf 88' lang='lat' dir='ltr'><strong>posse</strong></span> 
     </span>
    </p>
   </div>
   <div class='ocr_carea' id='block_1_73' title="bbox 1938 1174 2450 1242">
    <p class='ocr_par' dir='ltr' id='par_1_73' title="bbox 1938 1174 2450 1242">
     <span class='ocr_line' id='line_1_75' title="bbox 1938 1174 2450 1242; baseline 0.004 -13"><span class='ocrx_word' id='word_1_540' title='bbox 1938 1174 2177 1242; x_wconf 88' lang='lat' dir='ltr'><strong>subjacet</strong></span> <span class='ocrx_word' id='word_1_541' title='bbox 2206 1174 2450 1231; x_wconf 82' lang='lat' dir='ltr'><strong>Domino.</strong></span> 
     </span>
    </p>
   </div>
   <div class='ocr_carea' id='block_1_74' title="bbox 2006 1243 3522 1370">
    <p class='ocr_par' dir='ltr' id='par_1_74' title="bbox 2006 1243 3522 1370">
     <span class='ocr_line' id='line_1_76' title="bbox 2006 1243 3522 1370; baseline -0.002 -69"><span class='ocrx_word' id='word_1_542' title='bbox 2006 1244 2311 1370; x_wconf 49' lang='grc' dir='ltr'><strong>ἆεὲἴῖΕνςο</strong></span> <span class='ocrx_word' id='word_1_543' title='bbox 2336 1246 2403 1302; x_wconf 92' lang='lat' dir='ltr'><strong>ad</strong></span> <span class='ocrx_word' id='word_1_544' title='bbox 2428 1245 2743 1303; x_wconf 78' lang='lat' dir='ltr'><strong>exstantiam</strong></span> <span class='ocrx_word' id='word_1_545' title='bbox 2769 1243 2897 1301; x_wconf 89' lang='lat' dir='ltr'><strong>Filii</strong></span> <span class='ocrx_word' id='word_1_546' title='bbox 2922 1254 3156 1317; x_wconf 86' lang='lat' dir='ltr'><strong>potestas</strong></span> <span class='ocrx_word' id='word_1_547' title='bbox 3176 1254 3394 1317; x_wconf 87' lang='lat' dir='ltr'><strong>paterna</strong></span> <span class='ocrx_word' id='word_1_548' title='bbox 3414 1260 3522 1299; x_wconf 89' lang='lat' dir='ltr'><strong>non</strong></span> 
     </span>
     <span class='ocr_line' id='line_1_77' title="bbox 2099 1334 2109 1370; baseline 0 0"><span class='ocrx_word' id='word_1_549' title='bbox 2099 1334 2109 1370; x_wconf 94' lang='lat' dir='ltr'><strong>I</strong></span> 
     </span>
    </p>
   </div>
   <div class='ocr_carea' id='block_1_75' title="bbox 1939 1326 2135 1371">
    <p class='ocr_par' dir='ltr' id='par_1_75' title="bbox 1939 1326 2135 1371">
     <span class='ocr_line' id='line_1_78' title="bbox 1939 1326 2135 1371; baseline 0 0"><span class='ocrx_word' id='word_1_550' title='bbox 1939 1326 2135 1371; x_wconf 69' lang='lat' dir='ltr'><strong>sut‘ticit</strong></span> 
     </span>
    </p>
   </div>
   <div class='ocr_carea' id='block_1_76' title="bbox 2012 1386 3520 1470">
    <p class='ocr_par' dir='ltr' id='par_1_76' title="bbox 2012 1386 3520 1470">
     <span class='ocr_line' id='line_1_79' title="bbox 2012 1386 3520 1470; baseline -0.003 -26"><span class='ocrx_word' id='word_1_551' title='bbox 2012 1389 2161 1470; x_wconf 58' lang='lat' dir='ltr'><strong>_Aue.</strong></span> <span class='ocrx_word' id='word_1_552' title='bbox 2173 1386 2336 1470; x_wconf 81' lang='lat' dir='ltr'><strong>Quasi</strong></span> <span class='ocrx_word' id='word_1_553' title='bbox 2362 1387 2554 1470; x_wconf 80' lang='lat' dir='ltr'><strong>egode</strong></span> <span class='ocrx_word' id='word_1_554' title='bbox 2581 1395 2845 1470; x_wconf 74' lang='lat' dir='ltr'><strong>potestate</strong></span> <span class='ocrx_word' id='word_1_555' title='bbox 2869 1386 3149 1470; x_wconf 30' lang='lat' dir='ltr'><strong>Patristet</strong></span> <span class='ocrx_word' id='word_1_556' title='bbox 3175 1386 3379 1470; x_wconf 72' lang='lat' dir='ltr'><strong>nonde</strong></span> <span class='ocrx_word' id='word_1_557' title='bbox 3406 1386 3520 1470; x_wconf 73' lang='lat' dir='ltr'><strong>ipsa</strong></span> 
     </span>
    </p>
   </div>
   <div class='ocr_carea' id='block_1_77' title="bbox 1939 1456 3520 1583">
    <p class='ocr_par' dir='ltr' id='par_1_77' title="bbox 1939 1456 3520 1583">
     <span class='ocr_line' id='line_1_80' title="bbox 1939 1456 3520 1583; baseline 0 -72"><span class='ocrx_word' id='word_1_558' title='bbox 1939 1458 2269 1583; x_wconf 62' lang='lat' dir='ltr'><strong>Batarnitatis</strong></span> <span class='ocrx_word' id='word_1_559' title='bbox 2300 1456 2521 1514; x_wconf 87' lang='lat' dir='ltr'><strong>veritate</strong></span> <span class='ocrx_word' id='word_1_560' title='bbox 2544 1456 2882 1541; x_wconf 73' lang='lat' dir='ltr'><strong>contendam.</strong></span> <span class='ocrx_word' id='word_1_561' title='bbox 2917 1460 3000 1514; x_wconf 83' lang='lat' dir='ltr'><strong>An</strong></span> <span class='ocrx_word' id='word_1_562' title='bbox 3040 1461 3089 1514; x_wconf 91' lang='lat' dir='ltr'><strong>ei</strong></span> <span class='ocrx_word' id='word_1_563' title='bbox 3101 1473 3172 1541; x_wconf 66' lang='grc' dir='ltr'><em>ἐρ</em></span> <span class='ocrx_word' id='word_1_564' title='bbox 3198 1459 3301 1513; x_wconf 92' lang='lat' dir='ltr'><strong>dici</strong></span> <span class='ocrx_word' id='word_1_565' title='bbox 3324 1456 3520 1540; x_wconf 74' lang='lat' dir='ltr'><strong>maluit</strong></span> 
     </span>
     <span class='ocr_line' id='line_1_81' title="bbox 1984 1528 3520 1583; baseline -0.001 -1"><span class='ocrx_word' id='word_1_566' title='bbox 1984 1537 2172 1583; x_wconf 90' lang='lat' dir='ltr'><strong>atrem.</strong></span> <span class='ocrx_word' id='word_1_567' title='bbox 2214 1543 2369 1583; x_wconf 81' lang='lat' dir='ltr'><strong>auem</strong></span> <span class='ocrx_word' id='word_1_568' title='bbox 2422 1543 2528 1583; x_wconf 91' lang='lat' dir='ltr'><strong>non</strong></span> <span class='ocrx_word' id='word_1_569' title='bbox 2576 1530 2717 1583; x_wconf 84' lang='lat' dir='ltr'><strong>Stbl.</strong></span> <span class='ocrx_word' id='word_1_570' title='bbox 2749 1528 2842 1583; x_wconf 89' lang='lat' dir='ltr'><strong>sed</strong></span> <span class='ocrx_word' id='word_1_571' title='bbox 2887 1537 3145 1583; x_wconf 79' lang='lat' dir='ltr'><strong>creaturis</strong></span> <span class='ocrx_word' id='word_1_572' title='bbox 3199 1529 3365 1583; x_wconf 78' lang='lat' dir='ltr'><strong>voluit</strong></span> <span class='ocrx_word' id='word_1_573' title='bbox 3406 1541 3520 1582; x_wconf 87' lang='lat' dir='ltr'><strong>esse</strong></span> 
     </span>
    </p>
   </div>
   <div class='ocr_carea' id='block_1_78' title="bbox 1984 1528 3526 1599">
    <p class='ocr_par' dir='ltr' id='par_1_78' title="bbox 1984 1528 3526 1599">
     <span class='ocr_line' id='line_1_82' title="bbox 1984 1528 3526 1599; baseline -0.001 -17"><span class='ocrx_word' id='word_1_574' title='bbox 1984 1537 2181 1599; x_wconf 86' lang='lat' dir='ltr'><strong>atrem,</strong></span> <span class='ocrx_word' id='word_1_575' title='bbox 2214 1543 2379 1599; x_wconf 19' lang='lat' dir='ltr'><strong>quem,</strong></span> <span class='ocrx_word' id='word_1_576' title='bbox 2422 1543 2528 1599; x_wconf 89' lang='lat' dir='ltr'><strong>non</strong></span> <span class='ocrx_word' id='word_1_577' title='bbox 2576 1529 2717 1599; x_wconf 87' lang='lat' dir='ltr'><strong>sibi,</strong></span> <span class='ocrx_word' id='word_1_578' title='bbox 2749 1528 2842 1585; x_wconf 89' lang='lat' dir='ltr'><strong>sed</strong></span> <span class='ocrx_word' id='word_1_579' title='bbox 2887 1529 3145 1585; x_wconf 88' lang='lat' dir='ltr'><strong>creaturis</strong></span> <span class='ocrx_word' id='word_1_580' title='bbox 3199 1528 3365 1599; x_wconf 88' lang='lat' dir='ltr'><strong>voluit</strong></span> <span class='ocrx_word' id='word_1_581' title='bbox 3406 1541 3526 1599; x_wconf 83' lang='lat' dir='ltr'><strong>esse</strong></span> 
     </span>
    </p>
   </div>
   <div class='ocr_carea' id='block_1_79' title="bbox 1941 1598 3525 1666">
    <p class='ocr_par' dir='ltr' id='par_1_79' title="bbox 1941 1598 3525 1666">
     <span class='ocr_line' id='line_1_83' title="bbox 1941 1598 3525 1666; baseline -0.002 -13"><span class='ocrx_word' id='word_1_582' title='bbox 1941 1598 2314 1654; x_wconf 85' lang='lat' dir='ltr'><strong>consimilem?</strong></span> <span class='ocrx_word' id='word_1_583' title='bbox 2341 1598 2411 1653; x_wconf 87' lang='lat' dir='ltr'><strong>Et</strong></span> <span class='ocrx_word' id='word_1_584' title='bbox 2430 1598 2549 1653; x_wconf 89' lang='lat' dir='ltr'><strong>ideo</strong></span> <span class='ocrx_word' id='word_1_585' title='bbox 2575 1598 2845 1654; x_wconf 78' lang='lat' dir='ltr'><strong>fatendum</strong></span> <span class='ocrx_word' id='word_1_586' title='bbox 2874 1599 2968 1654; x_wconf 91' lang='lat' dir='ltr'><strong>tibi</strong></span> <span class='ocrx_word' id='word_1_587' title='bbox 2995 1608 3106 1666; x_wconf 89' lang='lat' dir='ltr'><strong>est,</strong></span> <span class='ocrx_word' id='word_1_588' title='bbox 3138 1615 3202 1654; x_wconf 78' lang='lat' dir='ltr'><strong>ex</strong></span> <span class='ocrx_word' id='word_1_589' title='bbox 3229 1598 3525 1654; x_wconf 87' lang='lat' dir='ltr'><strong>substantia</strong></span> 
     </span>
    </p>
   </div>
   <div class='ocr_carea' id='block_1_80' title="bbox 1940 1668 3528 1735">
    <p class='ocr_par' dir='ltr' id='par_1_80' title="bbox 1940 1668 3528 1735">
     <span class='ocr_line' id='line_1_84' title="bbox 1940 1668 3528 1735; baseline -0.003 -11"><span class='ocrx_word' id='word_1_590' title='bbox 1940 1669 2116 1724; x_wconf 88' lang='lat' dir='ltr'><strong>Patris</strong></span> <span class='ocrx_word' id='word_1_591' title='bbox 2167 1670 2433 1724; x_wconf 83' lang='lat' dir='ltr'><strong>exstitisse</strong></span> <span class='ocrx_word' id='word_1_592' title='bbox 2479 1668 2694 1735; x_wconf 87' lang='lat' dir='ltr'><strong>Filium,</strong></span> <span class='ocrx_word' id='word_1_593' title='bbox 2721 1670 2768 1723; x_wconf 89' lang='lat' dir='ltr'><strong>si</strong></span> <span class='ocrx_word' id='word_1_594' title='bbox 2808 1678 2862 1724; x_wconf 90' lang='lat' dir='ltr'><strong>et</strong></span> <span class='ocrx_word' id='word_1_595' title='bbox 2906 1678 3063 1724; x_wconf 90' lang='lat' dir='ltr'><strong>natus</strong></span> <span class='ocrx_word' id='word_1_596' title='bbox 3112 1678 3168 1725; x_wconf 87' lang='lat' dir='ltr'><strong>et</strong></span> <span class='ocrx_word' id='word_1_597' title='bbox 3220 1670 3357 1724; x_wconf 90' lang='lat' dir='ltr'><strong>Deus</strong></span> <span class='ocrx_word' id='word_1_598' title='bbox 3407 1675 3528 1733; x_wconf 86' lang='lat' dir='ltr'><strong>est;</strong></span> 
     </span>
    </p>
   </div>
   <div class='ocr_carea' id='block_1_81' title="bbox 1942 1738 3529 1810">
    <p class='ocr_par' dir='ltr' id='par_1_81' title="bbox 1942 1738 3529 1810">
     <span class='ocr_line' id='line_1_85' title="bbox 1942 1738 3529 1810; baseline -0.001 -17"><span class='ocrx_word' id='word_1_599' title='bbox 1942 1748 2035 1793; x_wconf 91' lang='lat' dir='ltr'><strong>aut</strong></span> <span class='ocrx_word' id='word_1_600' title='bbox 2077 1738 2268 1793; x_wconf 88' lang='lat' dir='ltr'><strong>Filium</strong></span> <span class='ocrx_word' id='word_1_601' title='bbox 2314 1740 2511 1810; x_wconf 89' lang='lat' dir='ltr'><strong>pariter</strong></span> <span class='ocrx_word' id='word_1_602' title='bbox 2531 1748 2593 1810; x_wconf 85' lang='lat' dir='ltr'><strong>et</strong></span> <span class='ocrx_word' id='word_1_603' title='bbox 2635 1738 2803 1794; x_wconf 88' lang='lat' dir='ltr'><strong>Deum</strong></span> <span class='ocrx_word' id='word_1_604' title='bbox 2846 1754 3062 1810; x_wconf 90' lang='lat' dir='ltr'><strong>negare,</strong></span> <span class='ocrx_word' id='word_1_605' title='bbox 3108 1740 3155 1795; x_wconf 92' lang='lat' dir='ltr'><strong>si</strong></span> <span class='ocrx_word' id='word_1_606' title='bbox 3207 1754 3313 1794; x_wconf 90' lang='lat' dir='ltr'><strong>non</strong></span> <span class='ocrx_word' id='word_1_607' title='bbox 3341 1753 3529 1810; x_wconf 79' lang='lat' dir='ltr'><strong>expa-</strong></span> 
     </span>
    </p>
   </div>
   <div class='ocr_carea' id='block_1_82' title="bbox 1943 1808 3527 1878">
    <p class='ocr_par' dir='ltr' id='par_1_82' title="bbox 1943 1808 3527 1878">
     <span class='ocr_line' id='line_1_86' title="bbox 1943 1808 3527 1878; baseline -0.001 -15"><span class='ocrx_word' id='word_1_608' title='bbox 1943 1819 2093 1864; x_wconf 90' lang='lat' dir='ltr'><strong>terna</strong></span> <span class='ocrx_word' id='word_1_609' title='bbox 2118 1808 2430 1873; x_wconf 87' lang='lat' dir='ltr'><strong>substantia,</strong></span> <span class='ocrx_word' id='word_1_610' title='bbox 2450 1809 2543 1865; x_wconf 89' lang='lat' dir='ltr'><strong>sed</strong></span> <span class='ocrx_word' id='word_1_611' title='bbox 2569 1823 2636 1865; x_wconf 84' lang='lat' dir='ltr'><strong>ex</strong></span> <span class='ocrx_word' id='word_1_612' title='bbox 2660 1810 2824 1873; x_wconf 91' lang='lat' dir='ltr'><strong>nulla,</strong></span> <span class='ocrx_word' id='word_1_613' title='bbox 2849 1808 3107 1878; x_wconf 77' lang='lat' dir='ltr'><strong>operante</strong></span> <span class='ocrx_word' id='word_1_614' title='bbox 3135 1818 3358 1873; x_wconf 90' lang='lat' dir='ltr'><strong>tantum,</strong></span> <span class='ocrx_word' id='word_1_615' title='bbox 3386 1808 3527 1862; x_wconf 89' lang='lat' dir='ltr'><strong>sicut</strong></span> 
     </span>
    </p>
   </div>
   <div class='ocr_carea' id='block_1_83' title="bbox 1941 1880 3526 1950">
    <p class='ocr_par' dir='ltr' id='par_1_83' title="bbox 1941 1880 3526 1950">
     <span class='ocr_line' id='line_1_87' title="bbox 1941 1880 3526 1950; baseline -0.001 -15"><span class='ocrx_word' id='word_1_616' title='bbox 1941 1880 2101 1935; x_wconf 90' lang='lat' dir='ltr'><strong>etiam</strong></span> <span class='ocrx_word' id='word_1_617' title='bbox 2131 1880 2183 1935; x_wconf 95' lang='lat' dir='ltr'><strong>in</strong></span> <span class='ocrx_word' id='word_1_618' title='bbox 2213 1880 2329 1936; x_wconf 92' lang='lat' dir='ltr'><strong>aliis</strong></span> <span class='ocrx_word' id='word_1_619' title='bbox 2357 1880 2637 1947; x_wconf 87' lang='lat' dir='ltr'><strong>creaturis,</strong></span> <span class='ocrx_word' id='word_1_620' title='bbox 2666 1880 2837 1935; x_wconf 88' lang='lat' dir='ltr'><strong>Patris</strong></span> <span class='ocrx_word' id='word_1_621' title='bbox 2861 1880 3137 1937; x_wconf 91' lang='lat' dir='ltr'><strong>voluntate</strong></span> <span class='ocrx_word' id='word_1_622' title='bbox 3178 1890 3233 1936; x_wconf 88' lang='lat' dir='ltr'><strong>et</strong></span> <span class='ocrx_word' id='word_1_623' title='bbox 3260 1885 3526 1950; x_wconf 87' lang='lat' dir='ltr'><strong>potestate</strong></span> 
     </span>
    </p>
   </div>
   <div class='ocr_carea' id='block_1_84' title="bbox 1942 1959 2279 2008">
    <p class='ocr_par' dir='ltr' id='par_1_84' title="bbox 1942 1959 2279 2008">
     <span class='ocr_line' id='line_1_88' title="bbox 1942 1959 2279 2008; baseline -0.003 -2"><span class='ocrx_word' id='word_1_624' title='bbox 1942 1959 2152 2008; x_wconf 85' lang='lat' dir='ltr'><strong>creatus</strong></span> <span class='ocrx_word' id='word_1_625' title='bbox 2179 1960 2279 2005; x_wconf 86' lang='lat' dir='ltr'><strong>est.</strong></span> 
     </span>
    </p>
   </div>
   <div class='ocr_carea' id='block_1_85' title="bbox 2013 2017 3531 2091">
    <p class='ocr_par' dir='ltr' id='par_1_85' title="bbox 2013 2017 3531 2091">
     <span class='ocr_line' id='line_1_89' title="bbox 2013 2017 3531 2091; baseline -0.003 -15"><span class='ocrx_word' id='word_1_626' title='bbox 2013 2020 2239 2076; x_wconf 63' lang='lat' dir='ltr'><strong>CAPUT</strong></span> <span class='ocrx_word' id='word_1_627' title='bbox 2279 2019 2388 2074; x_wconf 76' lang='grc' dir='ltr'><strong>νη.</strong></span> <span class='ocrx_word' id='word_1_628' title='bbox 2419 2049 2493 2061; x_wconf 89' lang='grc'><strong>--</strong></span> <span class='ocrx_word' id='word_1_629' title='bbox 2536 2019 2670 2076; x_wconf 69' lang='lat' dir='ltr'><strong>Fac.</strong></span> <span class='ocrx_word' id='word_1_630' title='bbox 2714 2019 2972 2089; x_wconf 91' lang='lat' dir='ltr'><strong>Quoniam</strong></span> <span class='ocrx_word' id='word_1_631' title='bbox 3021 2037 3108 2076; x_wconf 91' lang='lat' dir='ltr'><strong>me</strong></span> <span class='ocrx_word' id='word_1_632' title='bbox 3151 2021 3218 2075; x_wconf 91' lang='lat' dir='ltr'><strong>ad</strong></span> <span class='ocrx_word' id='word_1_633' title='bbox 3244 2017 3531 2091; x_wconf 66' lang='lat' dir='ltr'><strong>ejusmodi</strong></span> 
     </span>
    </p>
   </div>
   <div class='ocr_carea' id='block_1_86' title="bbox 1942 2090 3531 2161">
    <p class='ocr_par' dir='ltr' id='par_1_86' title="bbox 1942 2090 3531 2161">
     <span class='ocr_line' id='line_1_90' title="bbox 1942 2090 3531 2161; baseline -0.003 -15"><span class='ocrx_word' id='word_1_634' title='bbox 1942 2091 2329 2161; x_wconf 77' lang='lat' dir='ltr'><strong>confessionem</strong></span> <span class='ocrx_word' id='word_1_635' title='bbox 2363 2090 2677 2146; x_wconf 86' lang='lat' dir='ltr'><strong>necessitate</strong></span> <span class='ocrx_word' id='word_1_636' title='bbox 2701 2092 2975 2161; x_wconf 90' lang='lat' dir='ltr'><strong>compellis</strong></span> <span class='ocrx_word' id='word_1_637' title='bbox 2995 2133 3010 2156; x_wconf 93' lang='lat'><strong>,</strong></span> <span class='ocrx_word' id='word_1_638' title='bbox 3042 2091 3095 2145; x_wconf 93' lang='lat' dir='ltr'><strong>id</strong></span> <span class='ocrx_word' id='word_1_639' title='bbox 3119 2090 3259 2161; x_wconf 92' lang='lat' dir='ltr'><strong>quod</strong></span> <span class='ocrx_word' id='word_1_640' title='bbox 3286 2105 3316 2144; x_wconf 91' lang='lat' dir='ltr'><strong>a</strong></span> <span class='ocrx_word' id='word_1_641' title='bbox 3362 2091 3531 2161; x_wconf 86' lang='lat' dir='ltr'><strong>majo-</strong></span> 
     </span>
    </p>
   </div>
   <div class='ocr_carea' id='block_1_87' title="bbox 1943 2159 3524 2226">
    <p class='ocr_par' dir='ltr' id='par_1_87' title="bbox 1943 2159 3524 2226">
     <span class='ocr_line' id='line_1_91' title="bbox 1943 2159 3524 2226; baseline -0.003 -10"><span class='ocrx_word' id='word_1_642' title='bbox 1943 2162 2091 2217; x_wconf 88' lang='lat' dir='ltr'><strong>ribus</strong></span> <span class='ocrx_word' id='word_1_643' title='bbox 2119 2159 2314 2216; x_wconf 89' lang='lat' dir='ltr'><strong>nostris</strong></span> <span class='ocrx_word' id='word_1_644' title='bbox 2339 2162 2441 2215; x_wconf 77' lang='lat' dir='ltr'><strong>dici</strong></span> <span class='ocrx_word' id='word_1_645' title='bbox 2468 2160 2697 2226; x_wconf 90' lang='lat' dir='ltr'><strong>assolet,</strong></span> <span class='ocrx_word' id='word_1_646' title='bbox 2742 2159 2847 2215; x_wconf 83' lang='lat' dir='ltr'><strong>non</strong></span> <span class='ocrx_word' id='word_1_647' title='bbox 2894 2161 3099 2217; x_wconf 91' lang='lat' dir='ltr'><strong>tacebo.</strong></span> <span class='ocrx_word' id='word_1_648' title='bbox 3138 2159 3315 2216; x_wconf 45' lang='lat' dir='ltr'><strong>‘Aiunt</strong></span> <span class='ocrx_word' id='word_1_649' title='bbox 3356 2159 3524 2225; x_wconf 91' lang='lat' dir='ltr'><strong>enim,</strong></span> 
     </span>
    </p>
   </div>
   <div class='ocr_carea' id='block_1_88' title="bbox 1944 2228 3530 2303">
    <p class='ocr_par' dir='ltr' id='par_1_88' title="bbox 1944 2228 3530 2303">
     <span class='ocr_line' id='line_1_92' title="bbox 1944 2228 3530 2303; baseline -0.002 -17"><span class='ocrx_word' id='word_1_650' title='bbox 1944 2240 2240 2303; x_wconf 88' lang='lat' dir='ltr'><strong>creaturam</strong></span> <span class='ocrx_word' id='word_1_651' title='bbox 2266 2246 2383 2286; x_wconf 92' lang='lat' dir='ltr'><strong>esse</strong></span> <span class='ocrx_word' id='word_1_652' title='bbox 2405 2231 2619 2303; x_wconf 78' lang='lat' dir='ltr'><strong>Filium,</strong></span> <span class='ocrx_word' id='word_1_653' title='bbox 2650 2231 2743 2286; x_wconf 90' lang='lat' dir='ltr'><strong>sed</strong></span> <span class='ocrx_word' id='word_1_654' title='bbox 2771 2230 3055 2300; x_wconf 79' lang='lat' dir='ltr'><strong>perfectam</strong></span> <span class='ocrx_word' id='word_1_655' title='bbox 3072 2272 3089 2298; x_wconf 89' lang='lat'><strong>,</strong></span> <span class='ocrx_word' id='word_1_656' title='bbox 3116 2240 3173 2288; x_wconf 91' lang='lat' dir='ltr'><strong>et</strong></span> <span class='ocrx_word' id='word_1_657' title='bbox 3210 2246 3329 2303; x_wconf 65' lang='lat' dir='ltr'><strong>quae</strong></span> <span class='ocrx_word' id='word_1_658' title='bbox 3351 2228 3530 2285; x_wconf 82' lang='lat' dir='ltr'><strong>domi-</strong></span> 
     </span>
    </p>
   </div>
   <div class='ocr_carea' id='block_1_89' title="bbox 1944 2301 2828 2371">
    <p class='ocr_par' dir='ltr' id='par_1_89' title="bbox 1944 2301 2828 2371">
     <span class='ocr_line' id='line_1_93' title="bbox 1944 2301 2828 2371; baseline -0.003 -13"><span class='ocrx_word' id='word_1_659' title='bbox 1944 2303 2063 2358; x_wconf 89' lang='lat' dir='ltr'><strong>nari</strong></span> <span class='ocrx_word' id='word_1_660' title='bbox 2090 2302 2258 2371; x_wconf 89' lang='lat' dir='ltr'><strong>possit</strong></span> <span class='ocrx_word' id='word_1_661' title='bbox 2280 2301 2527 2357; x_wconf 87' lang='lat' dir='ltr'><strong>omnibus</strong></span> <span class='ocrx_word' id='word_1_662' title='bbox 2550 2304 2828 2357; x_wconf 86' lang='lat' dir='ltr'><strong>creaturis.</strong></span> 
     </span>
    </p>
   </div>
   <div class='ocr_carea' id='block_1_90' title="bbox 2019 2371 3530 2445">
    <p class='ocr_par' dir='ltr' id='par_1_90' title="bbox 2019 2371 3530 2445">
     <span class='ocr_line' id='line_1_94' title="bbox 2019 2371 3530 2445; baseline -0.003 -17"><span class='ocrx_word' id='word_1_663' title='bbox 2019 2375 2152 2445; x_wconf 71' lang='lat' dir='ltr'><strong>Anc.</strong></span> <span class='ocrx_word' id='word_1_664' title='bbox 2179 2371 2396 2445; x_wconf 86' lang='lat' dir='ltr'><strong>Gaudeo</strong></span> <span class='ocrx_word' id='word_1_665' title='bbox 2420 2371 2651 2445; x_wconf 9' lang='lat' dir='ltr'><strong>quidem,</strong></span> <span class='ocrx_word' id='word_1_666' title='bbox 2670 2372 2817 2445; x_wconf 78' lang='lat' dir='ltr'><strong>quod</strong></span> <span class='ocrx_word' id='word_1_667' title='bbox 2853 2372 3166 2445; x_wconf 66' lang='lat' dir='ltr'><strong>irreligioszc</strong></span> <span class='ocrx_word' id='word_1_668' title='bbox 3190 2371 3530 2445; x_wconf 81' lang='lat' dir='ltr'><strong>praedicatio-</strong></span> 
     </span>
    </p>
   </div>
   <div class='ocr_carea' id='block_1_91' title="bbox 1946 2441 3529 2514">
    <p class='ocr_par' dir='ltr' id='par_1_91' title="bbox 1946 2441 3529 2514">
     <span class='ocr_line' id='line_1_95' title="bbox 1946 2441 3529 2514; baseline -0.004 -15"><span class='ocrx_word' id='word_1_669' title='bbox 1946 2444 2030 2500; x_wconf 90' lang='lat' dir='ltr'><strong>nis</strong></span> <span class='ocrx_word' id='word_1_670' title='bbox 2046 2443 2287 2498; x_wconf 91' lang='lat' dir='ltr'><strong>intimum</strong></span> <span class='ocrx_word' id='word_1_671' title='bbox 2304 2441 2448 2498; x_wconf 87' lang='lat' dir='ltr'><strong>virus</strong></span> <span class='ocrx_word' id='word_1_672' title='bbox 2470 2444 2488 2475; x_wconf 82' lang='grc'>¹</span> <span class='ocrx_word' id='word_1_673' title='bbox 2515 2441 2797 2514; x_wconf 82' lang='lat' dir='ltr'><strong>manifesta</strong></span> <span class='ocrx_word' id='word_1_674' title='bbox 2819 2441 3158 2500; x_wconf 84' lang='lat' dir='ltr'><strong>conlessione</strong></span> <span class='ocrx_word' id='word_1_675' title='bbox 3186 2441 3484 2514; x_wconf 79' lang='lat' dir='ltr'><strong>prodideris</strong></span> <span class='ocrx_word' id='word_1_676' title='bbox 3512 2457 3529 2492; x_wconf 86' lang='lat'><strong>:</strong></span> 
     </span>
    </p>
   </div>
   <div class='ocr_carea' id='block_1_92' title="bbox 1947 2513 3528 2585">
    <p class='ocr_par' dir='ltr' id='par_1_92' title="bbox 1947 2513 3528 2585">
     <span class='ocr_line' id='line_1_96' title="bbox 1947 2513 3528 2585; baseline -0.003 -14"><span class='ocrx_word' id='word_1_677' title='bbox 1947 2514 2079 2571; x_wconf 85' lang='lat' dir='ltr'><strong>nihil</strong></span> <span class='ocrx_word' id='word_1_678' title='bbox 2100 2522 2286 2585; x_wconf 83' lang='lat' dir='ltr'><strong>tamen</strong></span> <span class='ocrx_word' id='word_1_679' title='bbox 2309 2514 2449 2584; x_wconf 91' lang='lat' dir='ltr'><strong>quod</strong></span> <span class='ocrx_word' id='word_1_680' title='bbox 2478 2513 2794 2569; x_wconf 86' lang='lat' dir='ltr'><strong>credulitate</strong></span> <span class='ocrx_word' id='word_1_681' title='bbox 2831 2514 3049 2585; x_wconf 87' lang='lat' dir='ltr'><strong>dignum</strong></span> <span class='ocrx_word' id='word_1_682' title='bbox 3076 2514 3338 2581; x_wconf 85' lang='lat' dir='ltr'><strong>videatur,</strong></span> <span class='ocrx_word' id='word_1_683' title='bbox 3361 2526 3528 2582; x_wconf 84' lang='lat' dir='ltr'><strong>oppo-</strong></span> 
     </span>
    </p>
   </div>
   <div class='ocr_carea' id='block_1_93' title="bbox 1948 2584 3530 2656">
    <p class='ocr_par' dir='ltr' id='par_1_93' title="bbox 1948 2584 3530 2656">
     <span class='ocr_line' id='line_1_97' title="bbox 1948 2584 3530 2656; baseline -0.004 -15"><span class='ocrx_word' id='word_1_684' title='bbox 1948 2586 2055 2641; x_wconf 92' lang='lat' dir='ltr'><strong>nis.</strong></span> <span class='ocrx_word' id='word_1_685' title='bbox 2083 2584 2337 2656; x_wconf 86' lang='lat' dir='ltr'><strong>Creatura</strong></span> <span class='ocrx_word' id='word_1_686' title='bbox 2360 2600 2589 2656; x_wconf 90' lang='lat' dir='ltr'><strong>namque</strong></span> <span class='ocrx_word' id='word_1_687' title='bbox 2617 2594 2719 2651; x_wconf 93' lang='lat' dir='ltr'><strong>est,</strong></span> <span class='ocrx_word' id='word_1_688' title='bbox 2746 2600 2817 2640; x_wconf 83' lang='lat' dir='ltr'><strong>ex</strong></span> <span class='ocrx_word' id='word_1_689' title='bbox 2839 2584 2909 2640; x_wconf 87' lang='lat' dir='ltr'><strong>eo</strong></span> <span class='ocrx_word' id='word_1_690' title='bbox 2938 2585 3080 2656; x_wconf 88' lang='lat' dir='ltr'><strong>quod</strong></span> <span class='ocrx_word' id='word_1_691' title='bbox 3096 2585 3272 2640; x_wconf 90' lang='lat' dir='ltr'><strong>adhuc</strong></span> <span class='ocrx_word' id='word_1_692' title='bbox 3297 2600 3404 2656; x_wconf 83' lang='lat' dir='ltr'><strong>non</strong></span> <span class='ocrx_word' id='word_1_693' title='bbox 3424 2590 3530 2656; x_wconf 80' lang='lat' dir='ltr'><strong>est.</strong></span> 
     </span>
    </p>
   </div>
   <div class='ocr_carea' id='block_1_94' title="bbox 1948 2652 3530 2726">
    <p class='ocr_par' dir='ltr' id='par_1_94' title="bbox 1948 2652 3530 2726">
     <span class='ocr_line' id='line_1_98' title="bbox 1948 2652 3530 2726; baseline -0.006 -13"><span class='ocrx_word' id='word_1_694' title='bbox 1948 2666 2042 2713; x_wconf 88' lang='lat' dir='ltr'><strong>aut</strong></span> <span class='ocrx_word' id='word_1_695' title='bbox 2087 2655 2373 2726; x_wconf 91' lang='lat' dir='ltr'><strong>aliquando</strong></span> <span class='ocrx_word' id='word_1_696' title='bbox 2412 2652 2519 2711; x_wconf 81' lang='lat' dir='ltr'><strong>noti</strong></span> <span class='ocrx_word' id='word_1_697' title='bbox 2550 2656 2683 2721; x_wconf 83' lang='lat' dir='ltr'><strong>fuit,</strong></span> <span class='ocrx_word' id='word_1_698' title='bbox 2714 2657 2792 2711; x_wconf 89' lang='lat' dir='ltr'><strong>rei</strong></span> <span class='ocrx_word' id='word_1_699' title='bbox 2825 2652 3105 2724; x_wconf 80' lang='lat' dir='ltr'><strong>cujuslibet</strong></span> <span class='ocrx_word' id='word_1_700' title='bbox 3146 2652 3530 2725; x_wconf 87' lang='lat' dir='ltr'><strong>corruptibilis,</strong></span> 
     </span>
    </p>
   </div>
   <div class='ocr_carea' id='block_1_95' title="bbox 1948 2726 3533 2853">
    <p class='ocr_par' dir='ltr' id='par_1_95' title="bbox 1948 2726 3533 2853">
     <span class='ocr_line' id='line_1_99' title="bbox 1948 2726 3533 2853; baseline -0.004 -71"><span class='ocrx_word' id='word_1_701' title='bbox 1948 2735 2202 2853; x_wconf 51' lang='lat' dir='ltr'><strong>quantum</strong></span> <span class='ocrx_word' id='word_1_702' title='bbox 2233 2727 2284 2782; x_wconf 92' lang='lat' dir='ltr'><strong>in</strong></span> <span class='ocrx_word' id='word_1_703' title='bbox 2315 2741 2374 2811; x_wconf 79' lang='lat' dir='ltr'><strong>se</strong></span> <span class='ocrx_word' id='word_1_704' title='bbox 2396 2737 2499 2791; x_wconf 89' lang='lat' dir='ltr'><strong>est,</strong></span> <span class='ocrx_word' id='word_1_705' title='bbox 2544 2742 2639 2797; x_wconf 90' lang='lat' dir='ltr'><strong>per</strong></span> <span class='ocrx_word' id='word_1_706' title='bbox 2663 2728 3040 2809; x_wconf 77' lang='lat' dir='ltr'><strong>omnipotentis</strong></span> <span class='ocrx_word' id='word_1_707' title='bbox 3053 2727 3156 2809; x_wconf 47' lang='lat' dir='ltr'><strong>.Dei</strong></span> <span class='ocrx_word' id='word_1_708' title='bbox 3202 2726 3533 2808; x_wconf 76' lang='lat' dir='ltr'><strong>voluntatem</strong></span> 
     </span>
     <span class='ocr_line' id='line_1_100' title="bbox 1973 2793 3533 2853; baseline -0.001 -1"><span class='ocrx_word' id='word_1_709' title='bbox 1973 2806 2088 2853; x_wconf 89' lang='lat' dir='ltr'><strong>acta</strong></span> <span class='ocrx_word' id='word_1_710' title='bbox 2108 2799 2420 2853; x_wconf 76' lang='lat' dir='ltr'><strong>substantia.</strong></span> <span class='ocrx_word' id='word_1_711' title='bbox 2450 2798 2572 2852; x_wconf 78' lang='lat' dir='ltr'><strong>Haec</strong></span> <span class='ocrx_word' id='word_1_712' title='bbox 2597 2796 2835 2853; x_wconf 79' lang='lat' dir='ltr'><strong>deﬁnitio</strong></span> <span class='ocrx_word' id='word_1_713' title='bbox 2857 2806 3029 2852; x_wconf 91' lang='lat' dir='ltr'><strong>utrum</strong></span> <span class='ocrx_word' id='word_1_714' title='bbox 3054 2814 3105 2851; x_wconf 86' lang='lat' dir='ltr'><strong>tn</strong></span> <span class='ocrx_word' id='word_1_715' title='bbox 3138 2797 3229 2851; x_wconf 82' lang='lat' dir='ltr'><strong>Det</strong></span> <span class='ocrx_word' id='word_1_716' title='bbox 3258 2795 3413 2851; x_wconf 88' lang='lat' dir='ltr'><strong>cadat</strong></span> <span class='ocrx_word' id='word_1_717' title='bbox 3444 2793 3533 2851; x_wconf 72' lang='grc' dir='ltr'><strong>Π-</strong></span> 
     </span>
    </p>
   </div>
   <div class='ocr_carea' id='block_1_96' title="bbox 1973 2793 3534 2853">
    <p class='ocr_par' dir='ltr' id='par_1_96' title="bbox 1973 2793 3534 2853">
     <span class='ocr_line' id='line_1_101' title="bbox 1973 2793 3534 2853; baseline -0.001 -1"><span class='ocrx_word' id='word_1_718' title='bbox 1973 2793 2088 2853; x_wconf 63' lang='lat' dir='ltr'><strong>&quot;acta</strong></span> <span class='ocrx_word' id='word_1_719' title='bbox 2108 2798 2420 2853; x_wconf 88' lang='lat' dir='ltr'><strong>substantia.</strong></span> <span class='ocrx_word' id='word_1_720' title='bbox 2450 2793 2572 2852; x_wconf 77' lang='lat' dir='ltr'><strong>Haec</strong></span> <span class='ocrx_word' id='word_1_721' title='bbox 2597 2793 2835 2853; x_wconf 82' lang='lat' dir='ltr'><strong>deﬁnitio</strong></span> <span class='ocrx_word' id='word_1_722' title='bbox 2857 2806 3029 2852; x_wconf 91' lang='lat' dir='ltr'><strong>utrum</strong></span> <span class='ocrx_word' id='word_1_723' title='bbox 3053 2797 3105 2851; x_wconf 91' lang='lat' dir='ltr'><strong>in</strong></span> <span class='ocrx_word' id='word_1_724' title='bbox 3138 2797 3229 2851; x_wconf 91' lang='lat' dir='ltr'><strong>Dei</strong></span> <span class='ocrx_word' id='word_1_725' title='bbox 3258 2795 3413 2851; x_wconf 88' lang='lat' dir='ltr'><strong>cadat</strong></span> <span class='ocrx_word' id='word_1_726' title='bbox 3444 2793 3534 2851; x_wconf 72' lang='grc' dir='ltr'><strong>Π·</strong></span> 
     </span>
    </p>
   </div>
   <div class='ocr_carea' id='block_1_97' title="bbox 1951 2865 3536 2938">
    <p class='ocr_par' dir='ltr' id='par_1_97' title="bbox 1951 2865 3536 2938">
     <span class='ocr_line' id='line_1_102' title="bbox 1951 2865 3536 2938; baseline -0.001 -15"><span class='ocrx_word' id='word_1_727' title='bbox 1951 2869 2081 2924; x_wconf 92' lang='lat' dir='ltr'><strong>lium</strong></span> <span class='ocrx_word' id='word_1_728' title='bbox 2112 2868 2403 2925; x_wconf 85' lang='lat' dir='ltr'><strong>videamus.</strong></span> <span class='ocrx_word' id='word_1_729' title='bbox 2452 2868 2583 2922; x_wconf 89' lang='lat' dir='ltr'><strong>Nam</strong></span> <span class='ocrx_word' id='word_1_730' title='bbox 2628 2867 2793 2923; x_wconf 89' lang='lat' dir='ltr'><strong>Filius</strong></span> <span class='ocrx_word' id='word_1_731' title='bbox 2816 2868 2870 2922; x_wconf 92' lang='lat' dir='ltr'><strong>in</strong></span> <span class='ocrx_word' id='word_1_732' title='bbox 2898 2884 2963 2923; x_wconf 92' lang='lat' dir='ltr'><strong>eo</strong></span> <span class='ocrx_word' id='word_1_733' title='bbox 2988 2867 3131 2938; x_wconf 88' lang='lat' dir='ltr'><strong>quod</strong></span> <span class='ocrx_word' id='word_1_734' title='bbox 3174 2878 3275 2931; x_wconf 90' lang='lat' dir='ltr'><strong>est,</strong></span> <span class='ocrx_word' id='word_1_735' title='bbox 3319 2865 3536 2922; x_wconf 77' lang='lat' dir='ltr'><strong>indiﬁ&#39;e—</strong></span> 
     </span>
    </p>
   </div>
   <div class='ocr_carea' id='block_1_98' title="bbox 1953 2939 3537 3009">
    <p class='ocr_par' dir='ltr' id='par_1_98' title="bbox 1953 2939 3537 3009">
     <span class='ocr_line' id='line_1_103' title="bbox 1953 2939 3537 3009; baseline 0 -13"><span class='ocrx_word' id='word_1_736' title='bbox 1953 2941 2125 2996; x_wconf 88' lang='lat' dir='ltr'><strong>rentis</strong></span> <span class='ocrx_word' id='word_1_737' title='bbox 2165 2950 2369 2994; x_wconf 60' lang='lat' dir='ltr'><strong>natura;</strong></span> <span class='ocrx_word' id='word_1_738' title='bbox 2412 2939 2635 2994; x_wconf 89' lang='lat' dir='ltr'><strong>veritate</strong></span> <span class='ocrx_word' id='word_1_739' title='bbox 2683 2939 2921 3009; x_wconf 90' lang='lat' dir='ltr'><strong>prolatus</strong></span> <span class='ocrx_word' id='word_1_740' title='bbox 2961 2947 3081 3003; x_wconf 90' lang='lat' dir='ltr'><strong>est;</strong></span> <span class='ocrx_word' id='word_1_741' title='bbox 3122 2939 3209 3008; x_wconf 92' lang='lat' dir='ltr'><strong>qui</strong></span> <span class='ocrx_word' id='word_1_742' title='bbox 3240 2953 3307 2993; x_wconf 82' lang='lat' dir='ltr'><strong>ex</strong></span> <span class='ocrx_word' id='word_1_743' title='bbox 3350 2952 3415 2993; x_wconf 89' lang='lat' dir='ltr'><strong>eo</strong></span> <span class='ocrx_word' id='word_1_744' title='bbox 3443 2941 3537 3006; x_wconf 84' lang='lat' dir='ltr'><strong>qui</strong></span> 
     </span>
    </p>
   </div>
   <div class='ocr_carea' id='block_1_99' title="bbox 1952 3009 3538 3081">
    <p class='ocr_par' dir='ltr' id='par_1_99' title="bbox 1952 3009 3538 3081">
     <span class='ocr_line' id='line_1_104' title="bbox 1952 3009 3538 3081; baseline 0.001 -15"><span class='ocrx_word' id='word_1_745' title='bbox 1952 3019 2056 3077; x_wconf 90' lang='lat' dir='ltr'><strong>est,</strong></span> <span class='ocrx_word' id='word_1_746' title='bbox 2100 3010 2153 3065; x_wconf 92' lang='lat' dir='ltr'><strong>id</strong></span> <span class='ocrx_word' id='word_1_747' title='bbox 2183 3018 2269 3066; x_wconf 85' lang='lat' dir='ltr'><strong>est</strong></span> <span class='ocrx_word' id='word_1_748' title='bbox 2294 3026 2361 3066; x_wconf 79' lang='lat' dir='ltr'><strong>ex</strong></span> <span class='ocrx_word' id='word_1_749' title='bbox 2404 3012 2684 3081; x_wconf 87' lang='lat' dir='ltr'><strong>gignente,</strong></span> <span class='ocrx_word' id='word_1_750' title='bbox 2710 3024 2817 3064; x_wconf 88' lang='lat' dir='ltr'><strong>non</strong></span> <span class='ocrx_word' id='word_1_751' title='bbox 2843 3009 3115 3065; x_wconf 81' lang='lat' dir='ltr'><strong>dissimilis</strong></span> <span class='ocrx_word' id='word_1_752' title='bbox 3144 3019 3303 3081; x_wconf 76' lang='lat' dir='ltr'><strong>natus</strong></span> <span class='ocrx_word' id='word_1_753' title='bbox 3335 3015 3441 3081; x_wconf 83' lang='lat' dir='ltr'><strong>est.</strong></span> <span class='ocrx_word' id='word_1_754' title='bbox 3466 3010 3538 3066; x_wconf 79' lang='lat' dir='ltr'><strong>Et</strong></span> 
     </span>
    </p>
   </div>
   <div class='ocr_carea' id='block_1_100' title="bbox 1953 3078 3534 3150">
    <p class='ocr_par' dir='ltr' id='par_1_100' title="bbox 1953 3078 3534 3150">
     <span class='ocr_line' id='line_1_105' title="bbox 1953 3078 3534 3150; baseline 0.001 -15"><span class='ocrx_word' id='word_1_755' title='bbox 1953 3081 2076 3136; x_wconf 92' lang='lat' dir='ltr'><strong>ideo</strong></span> <span class='ocrx_word' id='word_1_756' title='bbox 2103 3082 2240 3137; x_wconf 91' lang='lat' dir='ltr'><strong>inter</strong></span> <span class='ocrx_word' id='word_1_757' title='bbox 2284 3078 2475 3137; x_wconf 75' lang='lat' dir='ltr'><strong>Filium</strong></span> <span class='ocrx_word' id='word_1_758' title='bbox 2514 3090 2569 3136; x_wconf 91' lang='lat' dir='ltr'><strong>et</strong></span> <span class='ocrx_word' id='word_1_759' title='bbox 2612 3089 2906 3135; x_wconf 88' lang='lat' dir='ltr'><strong>creaturam</strong></span> <span class='ocrx_word' id='word_1_760' title='bbox 2956 3081 3222 3149; x_wconf 88' lang='lat' dir='ltr'><strong>primum,</strong></span> <span class='ocrx_word' id='word_1_761' title='bbox 3252 3078 3308 3135; x_wconf 91' lang='lat' dir='ltr'><strong>ni</strong></span> <span class='ocrx_word' id='word_1_762' title='bbox 3355 3080 3534 3150; x_wconf 77' lang='lat' dir='ltr'><strong>fallor,</strong></span> 
     </span>
    </p>
   </div>
   <div class='ocr_carea' id='block_1_101' title="bbox 1954 3149 3538 3223">
    <p class='ocr_par' dir='ltr' id='par_1_101' title="bbox 1954 3149 3538 3223">
     <span class='ocr_line' id='line_1_106' title="bbox 1954 3149 3538 3223; baseline 0.002 -18"><span class='ocrx_word' id='word_1_763' title='bbox 1954 3151 2055 3206; x_wconf 90' lang='lat' dir='ltr'><strong>ista</strong></span> <span class='ocrx_word' id='word_1_764' title='bbox 2083 3151 2334 3208; x_wconf 89' lang='lat' dir='ltr'><strong>discretio</strong></span> <span class='ocrx_word' id='word_1_765' title='bbox 2358 3163 2440 3209; x_wconf 90' lang='lat' dir='ltr'><strong>est</strong></span> <span class='ocrx_word' id='word_1_766' title='bbox 2472 3169 2485 3205; x_wconf 89' lang='lat'><strong>:</strong></span> <span class='ocrx_word' id='word_1_767' title='bbox 2516 3153 2637 3223; x_wconf 86' lang='lat' dir='ltr'><strong>quia</strong></span> <span class='ocrx_word' id='word_1_768' title='bbox 2682 3151 2772 3206; x_wconf 91' lang='lat' dir='ltr'><strong>ille</strong></span> <span class='ocrx_word' id='word_1_769' title='bbox 2815 3166 2879 3206; x_wconf 80' lang='lat' dir='ltr'><strong>ex</strong></span> <span class='ocrx_word' id='word_1_770' title='bbox 2911 3151 3080 3223; x_wconf 17' lang='lat' dir='ltr'><strong>Patre;</strong></span> <span class='ocrx_word' id='word_1_771' title='bbox 3114 3149 3538 3223; x_wconf 86' lang='lat' dir='ltr'><strong>substantialiter</strong></span> 
     </span>
    </p>
   </div>
   <div class='ocr_carea' id='block_1_102' title="bbox 1956 3220 3541 3293">
    <p class='ocr_par' dir='ltr' id='par_1_102' title="bbox 1956 3220 3541 3293">
     <span class='ocr_line' id='line_1_107' title="bbox 1956 3220 3541 3293; baseline 0.002 -18"><span class='ocrx_word' id='word_1_772' title='bbox 1956 3223 2226 3293; x_wconf 89' lang='lat' dir='ltr'><strong>gignitur;</strong></span> <span class='ocrx_word' id='word_1_773' title='bbox 2258 3231 2502 3279; x_wconf 86' lang='lat' dir='ltr'><strong>creatura</strong></span> <span class='ocrx_word' id='word_1_774' title='bbox 2529 3220 2634 3277; x_wconf 82' lang='lat' dir='ltr'><strong>non</strong></span> <span class='ocrx_word' id='word_1_775' title='bbox 2651 3237 2719 3277; x_wconf 79' lang='lat' dir='ltr'><strong>ex</strong></span> <span class='ocrx_word' id='word_1_776' title='bbox 2742 3223 3036 3276; x_wconf 85' lang='lat' dir='ltr'><strong>substantia</strong></span> <span class='ocrx_word' id='word_1_777' title='bbox 3057 3220 3321 3285; x_wconf 83' lang='lat' dir='ltr'><strong>facientis,</strong></span> <span class='ocrx_word' id='word_1_778' title='bbox 3344 3220 3437 3276; x_wconf 87' lang='lat' dir='ltr'><strong>sed</strong></span> <span class='ocrx_word' id='word_1_779' title='bbox 3462 3237 3541 3293; x_wconf 79' lang='lat' dir='ltr'><strong>ex</strong></span> 
     </span>
    </p>
   </div>
   <div class='ocr_carea' id='block_1_103' title="bbox 1956 3292 3540 3365">
    <p class='ocr_par' dir='ltr' id='par_1_103' title="bbox 1956 3292 3540 3365">
     <span class='ocr_line' id='line_1_108' title="bbox 1956 3292 3540 3365; baseline -0.003 -16"><span class='ocrx_word' id='word_1_780' title='bbox 1956 3292 2070 3349; x_wconf 85' lang='lat' dir='ltr'><strong>sola</strong></span> <span class='ocrx_word' id='word_1_781' title='bbox 2096 3294 2367 3350; x_wconf 91' lang='lat' dir='ltr'><strong>voluntate</strong></span> <span class='ocrx_word' id='word_1_782' title='bbox 2391 3309 2455 3349; x_wconf 89' lang='lat' dir='ltr'><strong>ac</strong></span> <span class='ocrx_word' id='word_1_783' title='bbox 2486 3303 2746 3365; x_wconf 80' lang='lat' dir='ltr'><strong>potestate</strong></span> <span class='ocrx_word' id='word_1_784' title='bbox 2771 3292 3063 3363; x_wconf 87' lang='lat' dir='ltr'><strong>perﬁcitur.</strong></span> <span class='ocrx_word' id='word_1_785' title='bbox 3093 3292 3195 3347; x_wconf 87' lang='lat' dir='ltr'><strong>Ista</strong></span> <span class='ocrx_word' id='word_1_786' title='bbox 3218 3292 3540 3365; x_wconf 77' lang='lat' dir='ltr'><strong>corruptibi-</strong></span> 
     </span>
    </p>
   </div>
   <div class='ocr_carea' id='block_1_104' title="bbox 1957 3362 3540 3434">
    <p class='ocr_par' dir='ltr' id='par_1_104' title="bbox 1957 3362 3540 3434">
     <span class='ocr_line' id='line_1_109' title="bbox 1957 3362 3540 3434; baseline 0 -16"><span class='ocrx_word' id='word_1_787' title='bbox 1957 3365 2025 3419; x_wconf 90' lang='lat' dir='ltr'><strong>lis</strong></span> <span class='ocrx_word' id='word_1_788' title='bbox 2054 3380 2152 3434; x_wconf 91' lang='lat' dir='ltr'><strong>per</strong></span> <span class='ocrx_word' id='word_1_789' title='bbox 2173 3375 2413 3421; x_wconf 88' lang='lat' dir='ltr'><strong>naturam</strong></span> <span class='ocrx_word' id='word_1_790' title='bbox 2440 3407 2455 3431; x_wconf 92' lang='lat'><strong>,</strong></span> <span class='ocrx_word' id='word_1_791' title='bbox 2486 3362 2588 3419; x_wconf 79' lang='lat' dir='ltr'><strong>uisi</strong></span> <span class='ocrx_word' id='word_1_792' title='bbox 2619 3362 2787 3417; x_wconf 73' lang='lat' dir='ltr'><strong>fuerit</strong></span> <span class='ocrx_word' id='word_1_793' title='bbox 2801 3373 3012 3419; x_wconf 88' lang='lat' dir='ltr'><strong>servata</strong></span> <span class='ocrx_word' id='word_1_794' title='bbox 3038 3362 3417 3434; x_wconf 14' lang='lat' dir='ltr'><strong>pertgratiam;</strong></span> <span class='ocrx_word' id='word_1_795' title='bbox 3450 3364 3540 3434; x_wconf 85' lang='lat' dir='ltr'><strong>ille</strong></span> 
     </span>
    </p>
   </div>
   <div class='ocr_carea' id='block_1_105' title="bbox 1958 3432 3538 3503">
    <p class='ocr_par' dir='ltr' id='par_1_105' title="bbox 1958 3432 3538 3503">
     <span class='ocr_line' id='line_1_110' title="bbox 1958 3432 3538 3503; baseline -0.004 -12"><span class='ocrx_word' id='word_1_796' title='bbox 1958 3432 2394 3503; x_wconf 78' lang='lat' dir='ltr'><strong>incorruptibilis,</strong></span> <span class='ocrx_word' id='word_1_797' title='bbox 2425 3435 2514 3503; x_wconf 91' lang='lat' dir='ltr'><strong>qui</strong></span> <span class='ocrx_word' id='word_1_798' title='bbox 2559 3434 2826 3488; x_wconf 89' lang='lat' dir='ltr'><strong>nascendo</strong></span> <span class='ocrx_word' id='word_1_799' title='bbox 2868 3432 3323 3503; x_wconf 86' lang='lat' dir='ltr'><strong>incorruptibilem</strong></span> <span class='ocrx_word' id='word_1_800' title='bbox 3351 3447 3416 3503; x_wconf 56' lang='grc' dir='ltr'><em>εξ</em></span> <span class='ocrx_word' id='word_1_801' title='bbox 3450 3432 3538 3486; x_wconf 89' lang='lat' dir='ltr'><strong>in-</strong></span> 
     </span>
    </p>
   </div>
   <div class='ocr_carea' id='block_1_106' title="bbox 1960 3500 3542 3577">
    <p class='ocr_par' dir='ltr' id='par_1_106' title="bbox 1960 3500 3542 3577">
     <span class='ocr_line' id='line_1_111' title="bbox 1960 3500 3542 3577; baseline -0.003 -15"><span class='ocrx_word' id='word_1_802' title='bbox 1960 3500 2297 3577; x_wconf 83' lang='lat' dir='ltr'><strong>corruptibili</strong></span> <span class='ocrx_word' id='word_1_803' title='bbox 2322 3500 2480 3577; x_wconf 79' lang='lat' dir='ltr'><strong>Patre</strong></span> <span class='ocrx_word' id='word_1_804' title='bbox 2503 3506 2711 3577; x_wconf 87' lang='lat' dir='ltr'><strong>videtur</strong></span> <span class='ocrx_word' id='word_1_805' title='bbox 2736 3500 3348 3577; x_wconf 37' lang='lat' dir='ltr'><strong>habereusubstautiam:</strong></span> <span class='ocrx_word' id='word_1_806' title='bbox 3371 3500 3542 3577; x_wconf 83' lang='lat' dir='ltr'><strong>Filius</strong></span> 
     </span>
    </p>
   </div>
   <div class='ocr_carea' id='block_1_107' title="bbox 2031 3572 3537 3639">
    <p class='ocr_par' dir='ltr' id='par_1_107' title="bbox 2031 3572 3537 3639">
     <span class='ocr_line' id='line_1_112' title="bbox 2031 3572 3537 3639; baseline -0.002 -8"><span class='ocrx_word' id='word_1_807' title='bbox 2031 3594 2055 3631; x_wconf 92' lang='lat' dir='ltr'><strong>r</strong></span> <span class='ocrx_word' id='word_1_808' title='bbox 2080 3572 2259 3633; x_wconf 82' lang='lat' dir='ltr'><strong>omnia</strong></span> <span class='ocrx_word' id='word_1_809' title='bbox 2298 3576 2489 3632; x_wconf 89' lang='lat' dir='ltr'><strong>similis</strong></span> <span class='ocrx_word' id='word_1_810' title='bbox 2533 3576 2709 3639; x_wconf 89' lang='lat' dir='ltr'><strong>Patri;</strong></span> <span class='ocrx_word' id='word_1_811' title='bbox 2740 3574 3013 3629; x_wconf 88' lang='lat' dir='ltr'><strong>dissimilis</strong></span> <span class='ocrx_word' id='word_1_812' title='bbox 3041 3583 3286 3628; x_wconf 89' lang='lat' dir='ltr'><strong>creatura</strong></span> <span class='ocrx_word' id='word_1_813' title='bbox 3324 3572 3537 3628; x_wconf 76' lang='lat' dir='ltr'><strong>facturi.</strong></span> 
     </span>
    </p>
   </div>
   <div class='ocr_carea' id='block_1_108' title="bbox 1987 3643 3543 3716">
    <p class='ocr_par' dir='ltr' id='par_1_108' title="bbox 1987 3643 3543 3716">
     <span class='ocr_line' id='line_1_113' title="bbox 1987 3643 3543 3716; baseline -0.003 -15"><span class='ocrx_word' id='word_1_814' title='bbox 1987 3648 2055 3703; x_wconf 91' lang='lat' dir='ltr'><strong>lle</strong></span> <span class='ocrx_word' id='word_1_815' title='bbox 2083 3664 2190 3704; x_wconf 92' lang='lat' dir='ltr'><strong>non</strong></span> <span class='ocrx_word' id='word_1_816' title='bbox 2214 3663 2282 3703; x_wconf 81' lang='lat' dir='ltr'><strong>ex</strong></span> <span class='ocrx_word' id='word_1_817' title='bbox 2309 3662 2374 3703; x_wconf 89' lang='lat' dir='ltr'><strong>eo</strong></span> <span class='ocrx_word' id='word_1_818' title='bbox 2403 3647 2543 3716; x_wconf 88' lang='lat' dir='ltr'><strong>quod</strong></span> <span class='ocrx_word' id='word_1_819' title='bbox 2582 3662 2687 3701; x_wconf 86' lang='lat' dir='ltr'><strong>non</strong></span> <span class='ocrx_word' id='word_1_820' title='bbox 2714 3654 2817 3716; x_wconf 88' lang='lat' dir='ltr'><strong>est,</strong></span> <span class='ocrx_word' id='word_1_821' title='bbox 2850 3644 2905 3700; x_wconf 93' lang='lat' dir='ltr'><strong>in</strong></span> <span class='ocrx_word' id='word_1_822' title='bbox 2936 3644 2989 3699; x_wconf 90' lang='lat' dir='ltr'><strong>id</strong></span> <span class='ocrx_word' id='word_1_823' title='bbox 3017 3643 3157 3713; x_wconf 89' lang='lat' dir='ltr'><strong>quod</strong></span> <span class='ocrx_word' id='word_1_824' title='bbox 3182 3652 3299 3711; x_wconf 85' lang='lat' dir='ltr'><strong>est;</strong></span> <span class='ocrx_word' id='word_1_825' title='bbox 3331 3653 3385 3716; x_wconf 82' lang='lat' dir='ltr'><strong>et</strong></span> <span class='ocrx_word' id='word_1_826' title='bbox 3412 3657 3543 3713; x_wconf 88' lang='lat' dir='ltr'><strong>pro-</strong></span> 
     </span>
    </p>
   </div>
   <div class='ocr_carea' id='block_1_109' title="bbox 1963 3713 3533 3790">
    <p class='ocr_par' dir='ltr' id='par_1_109' title="bbox 1963 3713 3533 3790">
     <span class='ocr_line' id='line_1_114' title="bbox 1963 3713 3533 3790; baseline -0.003 -17"><span class='ocrx_word' id='word_1_827' title='bbox 1963 3726 2144 3788; x_wconf 88' lang='lat' dir='ltr'><strong>pterea</strong></span> <span class='ocrx_word' id='word_1_828' title='bbox 2167 3713 2439 3790; x_wconf 81' lang='lat' dir='ltr'><strong>nunquam</strong></span> <span class='ocrx_word' id='word_1_829' title='bbox 2469 3718 2523 3772; x_wconf 92' lang='lat' dir='ltr'><strong>in</strong></span> <span class='ocrx_word' id='word_1_830' title='bbox 2552 3716 2605 3771; x_wconf 93' lang='lat' dir='ltr'><strong>id</strong></span> <span class='ocrx_word' id='word_1_831' title='bbox 2632 3715 2775 3790; x_wconf 82' lang='lat' dir='ltr'><strong>quod</strong></span> <span class='ocrx_word' id='word_1_832' title='bbox 2801 3730 2906 3790; x_wconf 76' lang='lat' dir='ltr'><strong>non</strong></span> <span class='ocrx_word' id='word_1_833' title='bbox 2934 3724 3036 3790; x_wconf 84' lang='lat' dir='ltr'><strong>est,</strong></span> <span class='ocrx_word' id='word_1_834' title='bbox 3058 3731 3123 3770; x_wconf 82' lang='lat' dir='ltr'><strong>ex</strong></span> <span class='ocrx_word' id='word_1_835' title='bbox 3146 3730 3213 3771; x_wconf 88' lang='lat' dir='ltr'><strong>eo</strong></span> <span class='ocrx_word' id='word_1_836' title='bbox 3240 3713 3381 3785; x_wconf 86' lang='lat' dir='ltr'><strong>quod</strong></span> <span class='ocrx_word' id='word_1_837' title='bbox 3412 3723 3533 3769; x_wconf 85' lang='lat' dir='ltr'><strong>est:</strong></span> 
     </span>
    </p>
   </div>
   <div class='ocr_carea' id='block_1_110' title="bbox 1961 3785 3545 3859">
    <p class='ocr_par' dir='ltr' id='par_1_110' title="bbox 1961 3785 3545 3859">
     <span class='ocr_line' id='line_1_115' title="bbox 1961 3785 3545 3859; baseline -0.004 -13"><span class='ocrx_word' id='word_1_838' title='bbox 1961 3785 2050 3846; x_wconf 86' lang='lat' dir='ltr'><strong>illa</strong></span> <span class='ocrx_word' id='word_1_839' title='bbox 2075 3806 2140 3846; x_wconf 83' lang='lat' dir='ltr'><strong>ex</strong></span> <span class='ocrx_word' id='word_1_840' title='bbox 2169 3805 2235 3846; x_wconf 91' lang='lat' dir='ltr'><strong>eo</strong></span> <span class='ocrx_word' id='word_1_841' title='bbox 2264 3785 2404 3859; x_wconf 78' lang='lat' dir='ltr'><strong>quod</strong></span> <span class='ocrx_word' id='word_1_842' title='bbox 2436 3803 2541 3843; x_wconf 91' lang='lat' dir='ltr'><strong>non</strong></span> <span class='ocrx_word' id='word_1_843' title='bbox 2566 3785 2685 3852; x_wconf 53' lang='lat' dir='ltr'><strong>est}</strong></span> <span class='ocrx_word' id='word_1_844' title='bbox 2720 3787 2773 3842; x_wconf 92' lang='lat' dir='ltr'><strong>in</strong></span> <span class='ocrx_word' id='word_1_845' title='bbox 2800 3785 2851 3840; x_wconf 93' lang='lat' dir='ltr'><strong>id</strong></span> <span class='ocrx_word' id='word_1_846' title='bbox 2878 3786 3019 3857; x_wconf 91' lang='lat' dir='ltr'><strong>quod</strong></span> <span class='ocrx_word' id='word_1_847' title='bbox 3045 3794 3161 3859; x_wconf 87' lang='lat' dir='ltr'><strong>est;</strong></span> <span class='ocrx_word' id='word_1_848' title='bbox 3200 3795 3255 3859; x_wconf 83' lang='lat' dir='ltr'><strong>et</strong></span> <span class='ocrx_word' id='word_1_849' title='bbox 3295 3793 3545 3859; x_wconf 52' lang='lat' dir='ltr'><strong>propter:</strong></span> 
     </span>
    </p>
   </div>
   <div class='ocr_carea' id='block_1_111' title="bbox 1960 3854 3545 3932">
    <p class='ocr_par' dir='ltr' id='par_1_111' title="bbox 1960 3854 3545 3932">
     <span class='ocr_line' id='line_1_116' title="bbox 1960 3854 3545 3932; baseline -0.003 -14"><span class='ocrx_word' id='word_1_850' title='bbox 1960 3876 2025 3918; x_wconf 90' lang='lat' dir='ltr'><strong>ea</strong></span> <span class='ocrx_word' id='word_1_851' title='bbox 2054 3854 2310 3932; x_wconf 87' lang='lat' dir='ltr'><strong>quantum</strong></span> <span class='ocrx_word' id='word_1_852' title='bbox 2337 3860 2405 3915; x_wconf 90' lang='lat' dir='ltr'><strong>ad</strong></span> <span class='ocrx_word' id='word_1_853' title='bbox 2431 3875 2489 3916; x_wconf 89' lang='lat' dir='ltr'><strong>se</strong></span> <span class='ocrx_word' id='word_1_854' title='bbox 2514 3860 2735 3932; x_wconf 82' lang='lat' dir='ltr'><strong>attinet,</strong></span> <span class='ocrx_word' id='word_1_855' title='bbox 2762 3872 2831 3913; x_wconf 80' lang='lat' dir='ltr'><strong>ex</strong></span> <span class='ocrx_word' id='word_1_856' title='bbox 2857 3854 2922 3912; x_wconf 84' lang='lat' dir='ltr'><strong>eo</strong></span> <span class='ocrx_word' id='word_1_857' title='bbox 2941 3856 3081 3932; x_wconf 90' lang='lat' dir='ltr'><strong>quod</strong></span> <span class='ocrx_word' id='word_1_858' title='bbox 3108 3866 3211 3923; x_wconf 91' lang='lat' dir='ltr'><strong>est,</strong></span> <span class='ocrx_word' id='word_1_859' title='bbox 3238 3854 3371 3911; x_wconf 64' lang='lat' dir='ltr'><strong>in&#39;id</strong></span> <span class='ocrx_word' id='word_1_860' title='bbox 3398 3854 3545 3928; x_wconf 82' lang='lat' dir='ltr'><strong>quod</strong></span> 
     </span>
    </p>
   </div>
   <div class='ocr_carea' id='block_1_112' title="bbox 1961 3928 3503 3999">
    <p class='ocr_par' dir='ltr' id='par_1_112' title="bbox 1961 3928 3503 3999">
     <span class='ocr_line' id='line_1_117' title="bbox 1961 3928 3503 3999; baseline -0.004 -12"><span class='ocrx_word' id='word_1_861' title='bbox 1961 3928 2196 3999; x_wconf 64' lang='lat' dir='ltr'><strong>non&#39;est,</strong></span> <span class='ocrx_word' id='word_1_862' title='bbox 2227 3932 2310 3987; x_wconf 87' lang='lat' dir='ltr'><strong>sui</strong></span> <span class='ocrx_word' id='word_1_863' title='bbox 2335 3942 2483 3987; x_wconf 80' lang='lat' dir='ltr'><strong>ortus</strong></span> <span class='ocrx_word' id='word_1_864' title='bbox 2507 3928 2813 3986; x_wconf 89' lang='lat' dir='ltr'><strong>conditione</strong></span> <span class='ocrx_word' id='word_1_865' title='bbox 2839 3931 3145 3999; x_wconf 77' lang='lat' dir='ltr'><strong>revertitur.</strong></span> <span class='ocrx_word' id='word_1_866' title='bbox 3383 3998 3388 3999; x_wconf 18' lang='grc' dir='ltr'><em>ν</em></span> <span class='ocrx_word' id='word_1_867' title='bbox 3492 3956 3503 3965; x_wconf 87' lang='lat'><strong><em>-</em></strong></span> 
     </span>
    </p>
   </div>
   <div class='ocr_carea' id='block_1_113' title="bbox 2036 3998 3548 4072">
    <p class='ocr_par' dir='ltr' id='par_1_113' title="bbox 2036 3998 3548 4072">
     <span class='ocr_line' id='line_1_118' title="bbox 2036 3998 3548 4072; baseline -0.003 -14"><span class='ocrx_word' id='word_1_868' title='bbox 2036 3998 2310 4059; x_wconf 21' lang='lat' dir='ltr'><strong>FsL.’Non</strong></span> <span class='ocrx_word' id='word_1_869' title='bbox 2338 4002 2491 4057; x_wconf 85' lang='lat' dir='ltr'><strong>video</strong></span> <span class='ocrx_word' id='word_1_870' title='bbox 2521 4000 2647 4072; x_wconf 91' lang='lat' dir='ltr'><strong>quid</strong></span> <span class='ocrx_word' id='word_1_871' title='bbox 2680 4014 2877 4072; x_wconf 77' lang='lat' dir='ltr'><strong>arcano</strong></span> <span class='ocrx_word' id='word_1_872' title='bbox 2905 3998 3425 4072; x_wconf 66' lang='lat' dir='ltr'><strong>hujusobscuritatis</strong></span> <span class='ocrx_word' id='word_1_873' title='bbox 3462 3999 3548 4055; x_wconf 87' lang='lat' dir='ltr'><strong>in-</strong></span> 
     </span>
    </p>
   </div>
   <div class='ocr_carea' id='block_1_114' title="bbox 1962 4068 3547 4139">
    <p class='ocr_par' dir='ltr' id='par_1_114' title="bbox 1962 4068 3547 4139">
     <span class='ocr_line' id='line_1_119' title="bbox 1962 4068 3547 4139; baseline -0.003 -8"><span class='ocrx_word' id='word_1_874' title='bbox 1962 4075 2193 4131; x_wconf 89' lang='lat' dir='ltr'><strong>volveris</strong></span> <span class='ocrx_word' id='word_1_875' title='bbox 2226 4091 2239 4126; x_wconf 90' lang='lat'><strong>:</strong></span> <span class='ocrx_word' id='word_1_876' title='bbox 2274 4081 2329 4129; x_wconf 91' lang='lat' dir='ltr'><strong>et</strong></span> <span class='ocrx_word' id='word_1_877' title='bbox 2373 4073 2493 4128; x_wconf 91' lang='lat' dir='ltr'><strong>ideo</strong></span> <span class='ocrx_word' id='word_1_878' title='bbox 2538 4068 2683 4127; x_wconf 74' lang='lat' dir='ltr'><strong>recte</strong></span> <span class='ocrx_word' id='word_1_879' title='bbox 2713 4070 2910 4135; x_wconf 74' lang='lat' dir='ltr'><strong>facies,</strong></span> <span class='ocrx_word' id='word_1_880' title='bbox 2944 4071 2989 4122; x_wconf 89' lang='lat' dir='ltr'><strong>si</strong></span> <span class='ocrx_word' id='word_1_881' title='bbox 3038 4069 3091 4124; x_wconf 92' lang='lat' dir='ltr'><strong>id</strong></span> <span class='ocrx_word' id='word_1_882' title='bbox 3123 4068 3265 4139; x_wconf 90' lang='lat' dir='ltr'><strong>quod</strong></span> <span class='ocrx_word' id='word_1_883' title='bbox 3308 4085 3337 4123; x_wconf 91' lang='lat' dir='ltr'><strong>a</strong></span> <span class='ocrx_word' id='word_1_884' title='bbox 3363 4079 3416 4125; x_wconf 87' lang='lat' dir='ltr'><strong>te</strong></span> <span class='ocrx_word' id='word_1_885' title='bbox 3437 4111 3454 4137; x_wconf 90' lang='lat'><strong>,</strong></span> <span class='ocrx_word' id='word_1_886' title='bbox 3487 4077 3547 4127; x_wconf 75' lang='lat' dir='ltr'><strong>ut</strong></span> 
     </span>
    </p>
   </div>
   <div class='ocr_carea' id='block_1_115' title="bbox 1963 4140 3543 4215">
    <p class='ocr_par' dir='ltr' id='par_1_115' title="bbox 1963 4140 3543 4215">
     <span class='ocr_line' id='line_1_120' title="bbox 1963 4140 3543 4215; baseline -0.002 -15"><span class='ocrx_word' id='word_1_887' title='bbox 1963 4160 2084 4201; x_wconf 90' lang='lat' dir='ltr'><strong>mea</strong></span> <span class='ocrx_word' id='word_1_888' title='bbox 2112 4145 2217 4200; x_wconf 79' lang='lat' dir='ltr'><strong>fert</strong></span> <span class='ocrx_word' id='word_1_889' title='bbox 2246 4144 2446 4215; x_wconf 91' lang='lat' dir='ltr'><strong>opinio,</strong></span> <span class='ocrx_word' id='word_1_890' title='bbox 2471 4140 3077 4211; x_wconf 88' lang='lat' dir='ltr'><strong>incomprehensibiliter</strong></span> <span class='ocrx_word' id='word_1_891' title='bbox 3098 4140 3299 4196; x_wconf 90' lang='lat' dir='ltr'><strong>dictum</strong></span> <span class='ocrx_word' id='word_1_892' title='bbox 3326 4148 3430 4208; x_wconf 89' lang='lat' dir='ltr'><strong>cst,</strong></span> <span class='ocrx_word' id='word_1_893' title='bbox 3455 4141 3543 4197; x_wconf 84' lang='lat' dir='ltr'><strong>in-</strong></span> 
     </span>
    </p>
   </div>
   <div class='ocr_carea' id='block_1_116' title="bbox 1966 4214 2682 4286">
    <p class='ocr_par' dir='ltr' id='par_1_116' title="bbox 1966 4214 2682 4286">
     <span class='ocr_line' id='line_1_121' title="bbox 1966 4214 2682 4286; baseline -0.008 -14"><span class='ocrx_word' id='word_1_894' title='bbox 1966 4214 2294 4286; x_wconf 87' lang='lat' dir='ltr'><strong>telligibilius</strong></span> <span class='ocrx_word' id='word_1_895' title='bbox 2319 4214 2682 4286; x_wconf 79' lang='lat' dir='ltr'><strong>explicaveris.</strong></span> 
     </span>
    </p>
   </div>
   <div class='ocr_carea' id='block_1_117' title="bbox 2035 4282 3548 4356">
    <p class='ocr_par' dir='ltr' id='par_1_117' title="bbox 2035 4282 3548 4356">
     <span class='ocr_line' id='line_1_122' title="bbox 2035 4282 3548 4356; baseline -0.004 -14"><span class='ocrx_word' id='word_1_896' title='bbox 2035 4282 2171 4344; x_wconf 65' lang='lat' dir='ltr'><strong>Anc.</strong></span> <span class='ocrx_word' id='word_1_897' title='bbox 2200 4286 2339 4353; x_wconf 79' lang='lat' dir='ltr'><strong>Dixi,</strong></span> <span class='ocrx_word' id='word_1_898' title='bbox 2372 4282 2608 4356; x_wconf 84' lang='lat' dir='ltr'><strong>inquam,</strong></span> <span class='ocrx_word' id='word_1_899' title='bbox 2636 4283 2705 4340; x_wconf 94' lang='lat' dir='ltr'><strong>de</strong></span> <span class='ocrx_word' id='word_1_900' title='bbox 2732 4282 2908 4356; x_wconf 85' lang='lat' dir='ltr'><strong>Filio,</strong></span> <span class='ocrx_word' id='word_1_901' title='bbox 2936 4298 3058 4338; x_wconf 91' lang='lat' dir='ltr'><strong>cum</strong></span> <span class='ocrx_word' id='word_1_902' title='bbox 3083 4298 3204 4339; x_wconf 90' lang='lat' dir='ltr'><strong>eum</strong></span> <span class='ocrx_word' id='word_1_903' title='bbox 3229 4298 3257 4337; x_wconf 91' lang='lat' dir='ltr'><strong>a</strong></span> <span class='ocrx_word' id='word_1_904' title='bbox 3285 4290 3548 4356; x_wconf 58' lang='lat' dir='ltr'><strong>creatura;</strong></span> 
     </span>
    </p>
   </div>
   <div class='ocr_carea' id='block_1_118' title="bbox 1965 4354 3546 4425">
    <p class='ocr_par' dir='ltr' id='par_1_118' title="bbox 1965 4354 3546 4425">
     <span class='ocr_line' id='line_1_123' title="bbox 1965 4354 3546 4425; baseline -0.003 -12"><span class='ocrx_word' id='word_1_905' title='bbox 1965 4357 2275 4414; x_wconf 89' lang='lat' dir='ltr'><strong>deﬁnitione</strong></span> <span class='ocrx_word' id='word_1_906' title='bbox 2299 4354 2682 4422; x_wconf 76' lang='lat' dir='ltr'><strong>discet-ueram,</strong></span> <span class='ocrx_word' id='word_1_907' title='bbox 2724 4355 2971 4425; x_wconf 89' lang='lat' dir='ltr'><strong>quoniam</strong></span> <span class='ocrx_word' id='word_1_908' title='bbox 3010 4355 3056 4409; x_wconf 92' lang='lat' dir='ltr'><strong>is</strong></span> <span class='ocrx_word' id='word_1_909' title='bbox 3084 4370 3189 4409; x_wconf 92' lang='lat' dir='ltr'><strong>non</strong></span> <span class='ocrx_word' id='word_1_910' title='bbox 3216 4369 3373 4425; x_wconf 80' lang='lat' dir='ltr'><strong>exeo</strong></span> <span class='ocrx_word' id='word_1_911' title='bbox 3400 4354 3546 4423; x_wconf 87' lang='lat' dir='ltr'><strong>quod</strong></span> 
     </span>
    </p>
   </div>
   <div class='ocr_carea' id='block_1_119' title="bbox 1966 4423 3539 4512">
    <p class='ocr_par' dir='ltr' id='par_1_119' title="bbox 1966 4423 3539 4512">
     <span class='ocr_line' id='line_1_124' title="bbox 1966 4423 3539 4512; baseline -0.004 -27"><span class='ocrx_word' id='word_1_912' title='bbox 1966 4444 2074 4485; x_wconf 90' lang='lat' dir='ltr'><strong>non</strong></span> <span class='ocrx_word' id='word_1_913' title='bbox 2099 4439 2202 4495; x_wconf 90' lang='lat' dir='ltr'><strong>est,</strong></span> <span class='ocrx_word' id='word_1_914' title='bbox 2228 4427 2367 4512; x_wconf 66' lang='lat' dir='ltr'><strong>inid</strong></span> <span class='ocrx_word' id='word_1_915' title='bbox 2379 4427 2529 4512; x_wconf 64' lang='lat' dir='ltr'><strong>quod</strong></span> <span class='ocrx_word' id='word_1_916' title='bbox 2552 4434 2676 4512; x_wconf 69' lang='lat' dir='ltr'><strong>est:</strong></span> <span class='ocrx_word' id='word_1_917' title='bbox 2703 4423 2847 4512; x_wconf 63' lang='lat' dir='ltr'><strong>quod</strong></span> <span class='ocrx_word' id='word_1_918' title='bbox 2876 4425 2980 4512; x_wconf 76' lang='lat' dir='ltr'><strong>tale</strong></span> <span class='ocrx_word' id='word_1_919' title='bbox 3007 4433 3091 4480; x_wconf 91' lang='lat' dir='ltr'><strong>est</strong></span> <span class='ocrx_word' id='word_1_920' title='bbox 3120 4440 3183 4479; x_wconf 92' lang='lat' dir='ltr'><strong>ac</strong></span> <span class='ocrx_word' id='word_1_921' title='bbox 3212 4424 3257 4479; x_wconf 87' lang='lat' dir='ltr'><strong>si</strong></span> <span class='ocrx_word' id='word_1_922' title='bbox 3277 4423 3539 4512; x_wconf 59' lang='lat' dir='ltr'><strong>dicererug</strong></span> 
     </span>
    </p>
   </div>
   <div class='ocr_carea' id='block_1_120' title="bbox 1966 4493 3547 4566">
    <p class='ocr_par' dir='ltr' id='par_1_120' title="bbox 1966 4493 3547 4566">
     <span class='ocr_line' id='line_1_125' title="bbox 1966 4493 3547 4566; baseline -0.003 -11"><span class='ocrx_word' id='word_1_923' title='bbox 1966 4515 2073 4556; x_wconf 91' lang='lat' dir='ltr'><strong>non</strong></span> <span class='ocrx_word' id='word_1_924' title='bbox 2094 4515 2160 4554; x_wconf 80' lang='lat' dir='ltr'><strong>ex</strong></span> <span class='ocrx_word' id='word_1_925' title='bbox 2188 4493 2355 4553; x_wconf 85' lang='lat' dir='ltr'><strong>nihilo</strong></span> <span class='ocrx_word' id='word_1_926' title='bbox 2376 4493 2545 4553; x_wconf 76' lang='lat' dir='ltr'><strong>factus</strong></span> <span class='ocrx_word' id='word_1_927' title='bbox 2569 4504 2671 4553; x_wconf 93' lang='lat' dir='ltr'><strong>est.</strong></span> <span class='ocrx_word' id='word_1_928' title='bbox 2702 4493 2768 4550; x_wconf 83' lang='lat' dir='ltr'><strong>Et</strong></span> <span class='ocrx_word' id='word_1_929' title='bbox 2794 4504 3076 4566; x_wconf 85' lang='lat' dir='ltr'><strong>propterea</strong></span> <span class='ocrx_word' id='word_1_930' title='bbox 3098 4510 3367 4566; x_wconf 89' lang='lat' dir='ltr'><strong>nunquam</strong></span> <span class='ocrx_word' id='word_1_931' title='bbox 3400 4495 3453 4549; x_wconf 91' lang='lat' dir='ltr'><strong>in</strong></span> <span class='ocrx_word' id='word_1_932' title='bbox 3486 4493 3547 4566; x_wconf 82' lang='lat' dir='ltr'><strong>id</strong></span> 
     </span>
    </p>
   </div>
   <div class='ocr_carea' id='block_1_121' title="bbox 1966 4565 3546 4691">
    <p class='ocr_par' dir='ltr' id='par_1_121' title="bbox 1966 4565 3546 4691">
     <span class='ocr_line' id='line_1_126' title="bbox 1966 4565 3546 4691; baseline -0.004 -66"><span class='ocrx_word' id='word_1_933' title='bbox 1966 4570 2111 4641; x_wconf 86' lang='lat' dir='ltr'><strong>quod</strong></span> <span class='ocrx_word' id='word_1_934' title='bbox 2154 4584 2261 4625; x_wconf 89' lang='lat' dir='ltr'><strong>non</strong></span> <span class='ocrx_word' id='word_1_935' title='bbox 2297 4577 2400 4633; x_wconf 88' lang='lat' dir='ltr'><strong>est,</strong></span> <span class='ocrx_word' id='word_1_936' title='bbox 2449 4584 2516 4623; x_wconf 83' lang='lat' dir='ltr'><strong>ex</strong></span> <span class='ocrx_word' id='word_1_937' title='bbox 2563 4582 2630 4623; x_wconf 92' lang='lat' dir='ltr'><strong>eo</strong></span> <span class='ocrx_word' id='word_1_938' title='bbox 2672 4565 2814 4691; x_wconf 42' lang='lat' dir='ltr'><strong>quod</strong></span> <span class='ocrx_word' id='word_1_939' title='bbox 2860 4577 2974 4631; x_wconf 90' lang='lat' dir='ltr'><strong>est;</strong></span> <span class='ocrx_word' id='word_1_940' title='bbox 3004 4565 3057 4620; x_wconf 91' lang='lat' dir='ltr'><strong>id</strong></span> <span class='ocrx_word' id='word_1_941' title='bbox 3082 4575 3165 4621; x_wconf 91' lang='lat' dir='ltr'><strong>est</strong></span> <span class='ocrx_word' id='word_1_942' title='bbox 3193 4565 3461 4637; x_wconf 85' lang='lat' dir='ltr'><strong>nunquam</strong></span> <span class='ocrx_word' id='word_1_943' title='bbox 3489 4565 3546 4619; x_wconf 91' lang='lat' dir='ltr'><strong>in</strong></span> 
     </span>
     <span class='ocr_line' id='line_1_127' title="bbox 1968 4636 3546 4691; baseline -0.001 0"><span class='ocrx_word' id='word_1_944' title='bbox 1968 4642 2216 4691; x_wconf 80' lang='lat' dir='ltr'><strong>nihilum.</strong></span> <span class='ocrx_word' id='word_1_945' title='bbox 2243 4655 2307 4691; x_wconf 81' lang='lat' dir='ltr'><strong>ex</strong></span> <span class='ocrx_word' id='word_1_946' title='bbox 2335 4654 2402 4691; x_wconf 87' lang='lat' dir='ltr'><strong>eo</strong></span> <span class='ocrx_word' id='word_1_947' title='bbox 2428 4639 2543 4691; x_wconf 87' lang='lat' dir='ltr'><strong>inso</strong></span> <span class='ocrx_word' id='word_1_948' title='bbox 2568 4652 2674 4691; x_wconf 86' lang='lat' dir='ltr'><strong>auo</strong></span> <span class='ocrx_word' id='word_1_949' title='bbox 2725 4648 2828 4691; x_wconf 87' lang='lat' dir='ltr'><strong>est.</strong></span> <span class='ocrx_word' id='word_1_950' title='bbox 2854 4648 3059 4691; x_wconf 78' lang='lat' dir='ltr'><strong>naturm</strong></span> <span class='ocrx_word' id='word_1_951' title='bbox 3085 4652 3196 4691; x_wconf 63' lang='lat' dir='ltr'><strong>suae</strong></span> <span class='ocrx_word' id='word_1_952' title='bbox 3222 4636 3546 4691; x_wconf 88' lang='lat' dir='ltr'><strong>nronrietate</strong></span> 
     </span>
    </p>
   </div>
   <div class='ocr_carea' id='block_1_122' title="bbox 1968 4636 3551 4709">
    <p class='ocr_par' dir='ltr' id='par_1_122' title="bbox 1968 4636 3551 4709">
     <span class='ocr_line' id='line_1_128' title="bbox 1968 4636 3551 4709; baseline -0.004 -13"><span class='ocrx_word' id='word_1_953' title='bbox 1968 4636 2216 4707; x_wconf 81' lang='lat' dir='ltr'><strong>nihilum,</strong></span> <span class='ocrx_word' id='word_1_954' title='bbox 2243 4655 2307 4696; x_wconf 79' lang='lat' dir='ltr'><strong>ex</strong></span> <span class='ocrx_word' id='word_1_955' title='bbox 2335 4654 2402 4695; x_wconf 93' lang='lat' dir='ltr'><strong>eo</strong></span> <span class='ocrx_word' id='word_1_956' title='bbox 2428 4639 2543 4709; x_wconf 86' lang='lat' dir='ltr'><strong>ipso</strong></span> <span class='ocrx_word' id='word_1_957' title='bbox 2568 4636 2828 4709; x_wconf 89' lang='lat' dir='ltr'><strong>quodest,</strong></span> <span class='ocrx_word' id='word_1_958' title='bbox 2854 4648 3059 4692; x_wconf 79' lang='lat' dir='ltr'><strong>naturm</strong></span> <span class='ocrx_word' id='word_1_959' title='bbox 3085 4652 3196 4691; x_wconf 66' lang='lat' dir='ltr'><strong>suae</strong></span> <span class='ocrx_word' id='word_1_960' title='bbox 3222 4636 3551 4709; x_wconf 79' lang='lat' dir='ltr'><strong>preprietate</strong></span> 
     </span>
    </p>
   </div>
   <div class='ocr_carea' id='block_1_123' title="bbox 1968 4707 3548 4777">
    <p class='ocr_par' dir='ltr' id='par_1_123' title="bbox 1968 4707 3548 4777">
     <span class='ocr_line' id='line_1_129' title="bbox 1968 4707 3548 4777; baseline -0.006 -9"><span class='ocrx_word' id='word_1_961' title='bbox 1968 4712 2257 4768; x_wconf 84' lang='lat' dir='ltr'><strong>solvendus</strong></span> <span class='ocrx_word' id='word_1_962' title='bbox 2308 4720 2411 4765; x_wconf 90' lang='lat' dir='ltr'><strong>est.</strong></span> <span class='ocrx_word' id='word_1_963' title='bbox 2440 4707 2697 4765; x_wconf 79' lang='lat' dir='ltr'><strong>Creatura</strong></span> <span class='ocrx_word' id='word_1_964' title='bbox 2722 4722 2873 4773; x_wconf 88' lang='lat' dir='ltr'><strong>vero,</strong></span> <span class='ocrx_word' id='word_1_965' title='bbox 2914 4722 2981 4763; x_wconf 84' lang='lat' dir='ltr'><strong>ex</strong></span> <span class='ocrx_word' id='word_1_966' title='bbox 3027 4722 3093 4762; x_wconf 91' lang='lat' dir='ltr'><strong>eo</strong></span> <span class='ocrx_word' id='word_1_967' title='bbox 3125 4707 3265 4777; x_wconf 89' lang='lat' dir='ltr'><strong>quod</strong></span> <span class='ocrx_word' id='word_1_968' title='bbox 3294 4722 3415 4777; x_wconf 86' lang='lat' dir='ltr'><strong>non</strong></span> <span class='ocrx_word' id='word_1_969' title='bbox 3442 4714 3548 4773; x_wconf 87' lang='lat' dir='ltr'><strong>est,</strong></span> 
     </span>
    </p>
   </div>
   <div class='ocr_carea' id='block_1_124' title="bbox 1969 4776 3551 4852">
    <p class='ocr_par' dir='ltr' id='par_1_124' title="bbox 1969 4776 3551 4852">
     <span class='ocr_line' id='line_1_130' title="bbox 1969 4776 3551 4852; baseline -0.005 -14"><span class='ocrx_word' id='word_1_970' title='bbox 1969 4784 2022 4838; x_wconf 92' lang='lat' dir='ltr'><strong>in</strong></span> <span class='ocrx_word' id='word_1_971' title='bbox 2052 4783 2106 4837; x_wconf 87' lang='lat' dir='ltr'><strong>id</strong></span> <span class='ocrx_word' id='word_1_972' title='bbox 2134 4781 2275 4852; x_wconf 89' lang='lat' dir='ltr'><strong>quod</strong></span> <span class='ocrx_word' id='word_1_973' title='bbox 2317 4789 2400 4837; x_wconf 89' lang='lat' dir='ltr'><strong>est</strong></span> <span class='ocrx_word' id='word_1_974' title='bbox 2427 4797 2441 4834; x_wconf 87' lang='lat'><strong>:</strong></span> <span class='ocrx_word' id='word_1_975' title='bbox 2469 4795 2574 4851; x_wconf 88' lang='lat' dir='ltr'><strong>quo</strong></span> <span class='ocrx_word' id='word_1_976' title='bbox 2613 4778 2911 4835; x_wconf 88' lang='lat' dir='ltr'><strong>ostenditur</strong></span> <span class='ocrx_word' id='word_1_977' title='bbox 2931 4818 2949 4846; x_wconf 91' lang='lat'><strong>,</strong></span> <span class='ocrx_word' id='word_1_978' title='bbox 2979 4779 3101 4852; x_wconf 88' lang='lat' dir='ltr'><strong>quia</strong></span> <span class='ocrx_word' id='word_1_979' title='bbox 3130 4776 3400 4852; x_wconf 83' lang='lat' dir='ltr'><strong>ex_nihilo</strong></span> <span class='ocrx_word' id='word_1_980' title='bbox 3424 4791 3551 4846; x_wconf 90' lang='lat' dir='ltr'><strong>pro-</strong></span> 
     </span>
    </p>
   </div>
   <div class='ocr_carea' id='block_1_125' title="bbox 1970 4848 3550 4922">
    <p class='ocr_par' dir='ltr' id='par_1_125' title="bbox 1970 4848 3550 4922">
     <span class='ocr_line' id='line_1_131' title="bbox 1970 4848 3550 4922; baseline -0.005 -13"><span class='ocrx_word' id='word_1_981' title='bbox 1970 4854 2076 4909; x_wconf 91' lang='lat' dir='ltr'><strong>lata</strong></span> <span class='ocrx_word' id='word_1_982' title='bbox 2107 4848 2210 4908; x_wconf 82' lang='lat' dir='ltr'><strong>est.</strong></span> <span class='ocrx_word' id='word_1_983' title='bbox 2245 4852 2315 4908; x_wconf 86' lang='lat' dir='ltr'><strong>Et</strong></span> <span class='ocrx_word' id='word_1_984' title='bbox 2334 4848 2615 4922; x_wconf 74' lang='lat' dir='ltr'><strong>propterea</strong></span> <span class='ocrx_word' id='word_1_985' title='bbox 2647 4856 2905 4922; x_wconf 85' lang='lat' dir='ltr'><strong>quantum</strong></span> <span class='ocrx_word' id='word_1_986' title='bbox 2927 4848 3012 4922; x_wconf 90' lang='lat' dir='ltr'><strong>_ad</strong></span> <span class='ocrx_word' id='word_1_987' title='bbox 3044 4863 3112 4922; x_wconf 85' lang='lat' dir='ltr'><strong>se_</strong></span> <span class='ocrx_word' id='word_1_988' title='bbox 3130 4848 3340 4922; x_wconf 70' lang='lat' dir='ltr'><strong>attinet,</strong></span> <span class='ocrx_word' id='word_1_989' title='bbox 3371 4861 3438 4901; x_wconf 79' lang='lat' dir='ltr'><strong>ex</strong></span> <span class='ocrx_word' id='word_1_990' title='bbox 3480 4862 3550 4922; x_wconf 82' lang='lat' dir='ltr'><strong>eo</strong></span> 
     </span>
    </p>
   </div>
   <div class='ocr_carea' id='block_1_126' title="bbox 1969 4916 3551 4997">
    <p class='ocr_par' dir='ltr' id='par_1_126' title="bbox 1969 4916 3551 4997">
     <span class='ocr_line' id='line_1_132' title="bbox 1969 4916 3551 4997; baseline -0.004 -19"><span class='ocrx_word' id='word_1_991' title='bbox 1969 4924 2110 4997; x_wconf 88' lang='lat' dir='ltr'><strong>quod</strong></span> <span class='ocrx_word' id='word_1_992' title='bbox 2138 4932 2242 4991; x_wconf 85' lang='lat' dir='ltr'><strong>est,</strong></span> <span class='ocrx_word' id='word_1_993' title='bbox 2264 4916 2405 4997; x_wconf 14' lang='lat' dir='ltr'><strong>fin-id</strong></span> <span class='ocrx_word' id='word_1_994' title='bbox 2614 4916 2722 4997; x_wconf 73' lang='lat' dir='ltr'><strong>nun</strong></span> <span class='ocrx_word' id='word_1_995' title='bbox 2751 4930 2863 4979; x_wconf 89' lang='lat' dir='ltr'><strong>est:</strong></span> <span class='ocrx_word' id='word_1_996' title='bbox 2892 4919 2944 4973; x_wconf 91' lang='lat' dir='ltr'><strong>id</strong></span> <span class='ocrx_word' id='word_1_997' title='bbox 2970 4925 3075 4982; x_wconf 91' lang='lat' dir='ltr'><strong>est,</strong></span> <span class='ocrx_word' id='word_1_998' title='bbox 3099 4916 3150 4970; x_wconf 91' lang='lat' dir='ltr'><strong>iu</strong></span> <span class='ocrx_word' id='word_1_999' title='bbox 3173 4917 3415 4997; x_wconf 71' lang='lat' dir='ltr'><strong>nihilum,</strong></span> <span class='ocrx_word' id='word_1_1000' title='bbox 3448 4918 3551 4971; x_wconf 90' lang='lat' dir='ltr'><strong>nisi</strong></span> 
     </span>
    </p>
   </div>
   <div class='ocr_carea' id='block_1_127' title="bbox 1971 4987 3553 5066">
    <p class='ocr_par' dir='ltr' id='par_1_127' title="bbox 1971 4987 3553 5066">
     <span class='ocr_line' id='line_1_133' title="bbox 1971 4987 3553 5066; baseline -0.006 -15"><span class='ocrx_word' id='word_1_1001' title='bbox 1971 4987 2236 5066; x_wconf 77' lang='lat' dir='ltr'><strong>perpetua</strong></span> <span class='ocrx_word' id='word_1_1002' title='bbox 2258 4987 2474 5066; x_wconf 56' lang='lat' dir='ltr'><strong>{gratia</strong></span> <span class='ocrx_word' id='word_1_1003' title='bbox 2520 4991 2742 5059; x_wconf 81' lang='lat' dir='ltr'><strong>fecerit,</strong></span> <span class='ocrx_word' id='word_1_1004' title='bbox 2785 4999 3125 5066; x_wconf 68' lang='lat' dir='ltr'><strong>naturae_s_u_:e</strong></span> <span class='ocrx_word' id='word_1_1005' title='bbox 3150 4987 3403 5066; x_wconf 72' lang='lat' dir='ltr'><strong>qualitate</strong></span> <span class='ocrx_word' id='word_1_1006' title='bbox 3426 5003 3553 5043; x_wconf 52' lang='lat' dir='ltr'><strong>ver-</strong></span> 
     </span>
    </p>
   </div>
   <div class='ocr_carea' id='block_1_128' title="bbox 238 5056 1866 5134">
    <p class='ocr_par' dir='ltr' id='par_1_128' title="bbox 238 5056 1866 5134">
     <span class='ocr_line' id='line_1_134' title="bbox 238 5056 1866 5134; baseline -0.006 -15"><span class='ocrx_word' id='word_1_1007' title='bbox 238 5066 419 5134; x_wconf 81' lang='lat' dir='ltr'><strong>quia,</strong></span> <span class='ocrx_word' id='word_1_1008' title='bbox 466 5068 525 5113; x_wconf 92' lang='lat' dir='ltr'><strong>ut</strong></span> <span class='ocrx_word' id='word_1_1009' title='bbox 553 5059 807 5134; x_wconf 74' lang='lat' dir='ltr'><strong>diximus,</strong></span> <span class='ocrx_word' id='word_1_1010' title='bbox 859 5071 958 5134; x_wconf 76' lang='lat' dir='ltr'><strong>nec</strong></span> <span class='ocrx_word' id='word_1_1011' title='bbox 998 5056 1645 5134; x_wconf 85' lang='lat' dir='ltr'><strong>inveniri__qu_intus,_nec</strong></span> <span class='ocrx_word' id='word_1_1012' title='bbox 1674 5063 1866 5134; x_wconf 59' lang='lat' dir='ltr'><strong>praeter</strong></span> 
     </span>
    </p>
   </div>
   <div class='ocr_carea' id='block_1_129' title="bbox 235 5058 3556 5207">
    <p class='ocr_par' dir='ltr' id='par_1_129' title="bbox 235 5058 3556 5207">
     <span class='ocr_line' id='line_1_135' title="bbox 238 5058 3556 5139; baseline -0.006 -7"><span class='ocrx_word' id='word_1_1013' title='bbox 238 5066 419 5134; x_wconf 74' lang='lat' dir='ltr'><strong>quia.</strong></span> <span class='ocrx_word' id='word_1_1014' title='bbox 466 5068 525 5113; x_wconf 75' lang='grc' dir='ltr'><strong>ιη</strong></span> <span class='ocrx_word' id='word_1_1015' title='bbox 553 5059 802 5138; x_wconf 49' lang='lat' dir='ltr'><strong>duillius,</strong></span> <span class='ocrx_word' id='word_1_1016' title='bbox 859 5071 958 5139; x_wconf 66' lang='grc' dir='ltr'><strong>περ</strong></span> <span class='ocrx_word' id='word_1_1017' title='bbox 998 5058 1221 5110; x_wconf 69' lang='grc' dir='ltr'><strong>ίηνθηίτί</strong></span> <span class='ocrx_word' id='word_1_1018' title='bbox 1244 5058 1501 5138; x_wconf 45' lang='lat' dir='ltr'><strong>ﬁnimus,</strong></span> <span class='ocrx_word' id='word_1_1019' title='bbox 1545 5069 1645 5109; x_wconf 70' lang='lat' dir='ltr'><strong>nec</strong></span> <span class='ocrx_word' id='word_1_1020' title='bbox 1674 5063 1866 5125; x_wconf 59' lang='grc' dir='ltr'><em>ρηιει·</em></span> <span class='ocrx_word' id='word_1_1021' title='bbox 1972 5058 2128 5122; x_wconf 72' lang='lat' dir='ltr'><strong>ienda</strong></span> <span class='ocrx_word' id='word_1_1022' title='bbox 2145 5072 2245 5121; x_wconf 90' lang='lat' dir='ltr'><strong>cst.</strong></span> <span class='ocrx_word' id='word_1_1023' title='bbox 2273 5058 2414 5136; x_wconf 65' lang='lat' dir='ltr'><strong>Ergo</strong></span> <span class='ocrx_word' id='word_1_1024' title='bbox 2442 5079 2708 5134; x_wconf 85' lang='lat' dir='ltr'><strong>nunquam</strong></span> <span class='ocrx_word' id='word_1_1025' title='bbox 2730 5058 2837 5115; x_wconf 89' lang='lat' dir='ltr'><strong>non</strong></span> <span class='ocrx_word' id='word_1_1026' title='bbox 2863 5059 2963 5115; x_wconf 88' lang='lat' dir='ltr'><strong>erit</strong></span> <span class='ocrx_word' id='word_1_1027' title='bbox 2983 5058 3167 5125; x_wconf 89' lang='lat' dir='ltr'><strong>Filius,</strong></span> <span class='ocrx_word' id='word_1_1028' title='bbox 3194 5058 3282 5128; x_wconf 88' lang='lat' dir='ltr'><strong>qui</strong></span> <span class='ocrx_word' id='word_1_1029' title='bbox 3303 5058 3556 5113; x_wconf 89' lang='lat' dir='ltr'><strong>substan-</strong></span> 
     </span>
     <span class='ocr_line' id='line_1_136' title="bbox 235 5125 3556 5207; baseline -0.005 -7"><span class='ocrx_word' id='word_1_1030' title='bbox 235 5137 519 5207; x_wconf 77' lang='lat' dir='ltr'><strong>pl‘imum</strong></span> <span class='ocrx_word' id='word_1_1031' title='bbox 549 5128 617 5184; x_wconf 72' lang='lat' dir='ltr'><strong>de</strong></span> <span class='ocrx_word' id='word_1_1032' title='bbox 645 5129 725 5182; x_wconf 77' lang='lat' dir='ltr'><strong>&#39;&quot;S</strong></span> <span class='ocrx_word' id='word_1_1033' title='bbox 776 5127 955 5182; x_wconf 70' lang='lat' dir='ltr'><strong>doce&quot;</strong></span> <span class='ocrx_word' id='word_1_1034' title='bbox 986 5126 1379 5207; x_wconf 50' lang='lat' dir='ltr'><strong>POP‘U‘IQH&#39;?</strong></span> <span class='ocrx_word' id='word_1_1035' title='bbox 1408 5125 1640 5207; x_wconf 59' lang='grc' dir='ltr'><strong>ξηρρμες</strong></span> <span class='ocrx_word' id='word_1_1036' title='bbox 1681 5132 1866 5207; x_wconf 61' lang='grc' dir='ltr'><strong>υιροιᾳ</strong></span> <span class='ocrx_word' id='word_1_1037' title='bbox 1973 5137 2172 5192; x_wconf 85' lang='lat' dir='ltr'><strong>tialiter</strong></span> <span class='ocrx_word' id='word_1_1038' title='bbox 2216 5137 2437 5207; x_wconf 85' lang='lat' dir='ltr'><strong>docetur</strong></span> <span class='ocrx_word' id='word_1_1039' title='bbox 2464 5150 2585 5190; x_wconf 90' lang='lat' dir='ltr'><strong>esse</strong></span> <span class='ocrx_word' id='word_1_1040' title='bbox 2625 5141 2941 5207; x_wconf 87' lang='lat' dir='ltr'><strong>perpetuus;</strong></span> <span class='ocrx_word' id='word_1_1041' title='bbox 2972 5136 3024 5183; x_wconf 89' lang='lat' dir='ltr'><strong>et</strong></span> <span class='ocrx_word' id='word_1_1042' title='bbox 3070 5128 3172 5184; x_wconf 89' lang='lat' dir='ltr'><strong>hoc</strong></span> <span class='ocrx_word' id='word_1_1043' title='bbox 3198 5136 3380 5199; x_wconf 91' lang='lat' dir='ltr'><strong>utpote</strong></span> <span class='ocrx_word' id='word_1_1044' title='bbox 3430 5144 3556 5199; x_wconf 89' lang='lat' dir='ltr'><strong>pro-</strong></span> 
     </span>
    </p>
   </div>
   <div class='ocr_carea' id='block_1_130' title="bbox 1159 5128 3556 5208">
    <p class='ocr_par' dir='ltr' id='par_1_130' title="bbox 1159 5128 3556 5208">
     <span class='ocr_line' id='line_1_137' title="bbox 1159 5128 3556 5208; baseline -0.005 -14"><span class='ocrx_word' id='word_1_1045' title='bbox 1159 5128 1379 5208; x_wconf 61' lang='grc' dir='ltr'><strong>ιθιὶίιυῑξ</strong></span> <span class='ocrx_word' id='word_1_1046' title='bbox 1408 5128 1640 5208; x_wconf 60' lang='grc' dir='ltr'><strong>ξηρρμες</strong></span> <span class='ocrx_word' id='word_1_1047' title='bbox 1681 5132 1866 5208; x_wconf 61' lang='grc' dir='ltr'><strong>υιροιᾳ</strong></span> <span class='ocrx_word' id='word_1_1048' title='bbox 1973 5137 2172 5192; x_wconf 85' lang='lat' dir='ltr'><strong>tialiter</strong></span> <span class='ocrx_word' id='word_1_1049' title='bbox 2216 5128 2437 5208; x_wconf 68' lang='lat' dir='ltr'><strong>docetur</strong></span> <span class='ocrx_word' id='word_1_1050' title='bbox 2464 5128 2585 5190; x_wconf 80' lang='lat' dir='ltr'><strong>esse</strong></span> <span class='ocrx_word' id='word_1_1051' title='bbox 2625 5141 2941 5208; x_wconf 85' lang='lat' dir='ltr'><strong>perpetuus;</strong></span> <span class='ocrx_word' id='word_1_1052' title='bbox 2972 5136 3024 5208; x_wconf 84' lang='lat' dir='ltr'><strong>et</strong></span> <span class='ocrx_word' id='word_1_1053' title='bbox 3070 5128 3172 5184; x_wconf 88' lang='lat' dir='ltr'><strong>hoc</strong></span> <span class='ocrx_word' id='word_1_1054' title='bbox 3198 5136 3380 5199; x_wconf 91' lang='lat' dir='ltr'><strong>utpote</strong></span> <span class='ocrx_word' id='word_1_1055' title='bbox 3430 5144 3556 5199; x_wconf 89' lang='lat' dir='ltr'><strong>pro-</strong></span> 
     </span>
    </p>
   </div>
   <div class='ocr_carea' id='block_1_131' title="bbox 234 5195 1845 5292">
    <p class='ocr_par' dir='ltr' id='par_1_131' title="bbox 234 5195 1843 5292">
     <span class='ocr_line' id='line_1_138' title="bbox 234 5195 1843 5292; baseline -0.007 -31"><span class='ocrx_word' id='word_1_1056' title='bbox 234 5195 385 5292; x_wconf 46' lang='lat' dir='ltr'><strong>eum</strong></span> <span class='ocrx_word' id='word_1_1057' title='bbox 426 5216 539 5292; x_wconf 64' lang='lat' dir='ltr'><strong>nec</strong></span> <span class='ocrx_word' id='word_1_1058' title='bbox 566 5206 827 5282; x_wconf 71' lang='lat' dir='ltr'><strong>creatura.</strong></span> <span class='ocrx_word' id='word_1_1059' title='bbox 868 5195 1239 5280; x_wconf 34' lang='lat' dir='ltr'><strong>.nec’alterius</strong></span> <span class='ocrx_word' id='word_1_1060' title='bbox 1288 5195 1453 5266; x_wconf 86' lang='lat' dir='ltr'><strong>patris</strong></span> <span class='ocrx_word' id='word_1_1061' title='bbox 1482 5195 1642 5261; x_wconf 89' lang='lat' dir='ltr'><strong>ﬁlius,</strong></span> <span class='ocrx_word' id='word_1_1062' title='bbox 1669 5209 1770 5251; x_wconf 89' lang='lat' dir='ltr'><strong>nec</strong></span> <span class='ocrx_word' id='word_1_1063' title='bbox 1808 5209 1843 5250; x_wconf 88' lang='grc' dir='ltr'><strong>ιι</strong></span> 
     </span>
    </p>
   </div>
   <div class='ocr_carea' id='block_1_132' title="bbox 1954 5195 3559 5292">
    <p class='ocr_par' dir='ltr' id='par_1_132' title="bbox 1972 5195 3559 5292">
     <span class='ocr_line' id='line_1_139' title="bbox 1972 5195 3559 5292; baseline -0.006 -30"><span class='ocrx_word' id='word_1_1064' title='bbox 1972 5208 2113 5292; x_wconf 81' lang='lat' dir='ltr'><strong>prio,</strong></span> <span class='ocrx_word' id='word_1_1065' title='bbox 2158 5206 2536 5292; x_wconf 33' lang='lat' dir='ltr'><strong>aﬁconditione</strong></span> <span class='ocrx_word' id='word_1_1066' title='bbox 2585 5195 2845 5284; x_wconf 67' lang='lat' dir='ltr'><strong>omnium</strong></span> <span class='ocrx_word' id='word_1_1067' title='bbox 2875 5195 3274 5292; x_wconf 61' lang='lat' dir='ltr'><strong>creaturarum;</strong></span> <span class='ocrx_word' id='word_1_1068' title='bbox 3311 5195 3445 5268; x_wconf 62' lang='lat' dir='ltr'><strong>quai</strong></span> <span class='ocrx_word' id='word_1_1069' title='bbox 3461 5211 3559 5269; x_wconf 89' lang='lat' dir='ltr'><strong>per</strong></span> 
     </span>
    </p>
   </div>
   <div class='ocr_carea' id='block_1_133' title="bbox 232 5269 1845 5343">
    <p class='ocr_par' dir='ltr' id='par_1_133' title="bbox 232 5269 1572 5343">
     <span class='ocr_line' id='line_1_140' title="bbox 232 5269 1572 5343; baseline -0.013 -12"><span class='ocrx_word' id='word_1_1070' title='bbox 232 5277 437 5331; x_wconf 84' lang='lat' dir='ltr'><strong>Pater</strong></span> <span class='ocrx_word' id='word_1_1071' title='bbox 474 5272 681 5343; x_wconf 86' lang='lat' dir='ltr'><strong>dicatur</strong></span> <span class='ocrx_word' id='word_1_1072' title='bbox 707 5269 991 5340; x_wconf 90' lang='lat' dir='ltr'><strong>ingenitus.</strong></span> <span class='ocrx_word' id='word_1_1073' title='bbox 1332 5336 1347 5343; x_wconf 90' lang='lat'><em>_</em></span> <span class='ocrx_word' id='word_1_1074' title='bbox 1558 5336 1572 5343; x_wconf 83' lang='lat'>_</span> 
     </span>
    </p>
   </div>
   <div class='ocr_carea' id='block_1_134' title="bbox 1954 5269 3561 5343">
    <p class='ocr_par' dir='ltr' id='par_1_134' title="bbox 1972 5269 3561 5343">
     <span class='ocr_line' id='line_1_141' title="bbox 1972 5269 3561 5343; baseline -0.006 -9"><span class='ocrx_word' id='word_1_1075' title='bbox 1972 5269 2148 5343; x_wconf 83' lang='lat' dir='ltr'><strong>ipsum</strong></span> <span class='ocrx_word' id='word_1_1076' title='bbox 2198 5277 2351 5334; x_wconf 76' lang='lat' dir='ltr'><strong>facta:</strong></span> <span class='ocrx_word' id='word_1_1077' title='bbox 2402 5285 2559 5343; x_wconf 91' lang='lat' dir='ltr'><strong>sunt,</strong></span> <span class='ocrx_word' id='word_1_1078' title='bbox 2615 5287 2722 5329; x_wconf 92' lang='lat' dir='ltr'><strong>non</strong></span> <span class='ocrx_word' id='word_1_1079' title='bbox 2773 5271 2965 5343; x_wconf 88' lang='lat' dir='ltr'><strong>injuria</strong></span> <span class='ocrx_word' id='word_1_1080' title='bbox 3012 5269 3249 5326; x_wconf 90' lang='lat' dir='ltr'><strong>noscitur</strong></span> <span class='ocrx_word' id='word_1_1081' title='bbox 3305 5284 3561 5340; x_wconf 81' lang='lat' dir='ltr'><strong>separan-</strong></span> 
     </span>
    </p>
   </div>
   <div class='ocr_carea' id='block_1_135' title="bbox 320 5336 2301 5409">
    <p class='ocr_par' dir='ltr' id='par_1_135' title="bbox 320 5336 2301 5409">
     <span class='ocr_line' id='line_1_142' title="bbox 320 5336 2301 5409; baseline -0.005 -8"><span class='ocrx_word' id='word_1_1082' title='bbox 320 5346 492 5401; x_wconf 76' lang='lat' dir='ltr'><strong>FEL.</strong></span> <span class='ocrx_word' id='word_1_1083' title='bbox 518 5342 674 5409; x_wconf 81' lang='lat' dir='ltr'><strong>Quasi</strong></span> <span class='ocrx_word' id='word_1_1084' title='bbox 699 5336 829 5396; x_wconf 76' lang='lat' dir='ltr'><strong>vero</strong></span> <span class='ocrx_word' id='word_1_1085' title='bbox 855 5355 953 5408; x_wconf 87' lang='lat' dir='ltr'><strong>ego</strong></span> <span class='ocrx_word' id='word_1_1086' title='bbox 995 5345 1087 5393; x_wconf 90' lang='lat' dir='ltr'><strong>aut</strong></span> <span class='ocrx_word' id='word_1_1087' title='bbox 1112 5344 1309 5407; x_wconf 71' lang='lat' dir='ltr'><strong>praeter</strong></span> <span class='ocrx_word' id='word_1_1088' title='bbox 1332 5336 1447 5393; x_wconf 70' lang='lat' dir='ltr'><strong>haec</strong></span> <span class='ocrx_word' id='word_1_1089' title='bbox 1484 5336 1749 5409; x_wconf 89' lang='lat' dir='ltr'><strong>quintum,</strong></span> <span class='ocrx_word' id='word_1_1090' title='bbox 1777 5343 1870 5392; x_wconf 87' lang='lat' dir='ltr'><strong>aut</strong></span> <span class='ocrx_word' id='word_1_1091' title='bbox 1975 5336 2095 5406; x_wconf 70' lang='lat' dir='ltr'><strong>dus,</strong></span> <span class='ocrx_word' id='word_1_1092' title='bbox 2300 5356 2301 5359; x_wconf 46' lang='grc' dir='ltr'><strong>η</strong></span> 
     </span>
    </p>
   </div>
   <div class='ocr_carea' id='block_1_136' title="bbox 229 5408 3555 5494">
    <p class='ocr_par' dir='ltr' id='par_1_136' title="bbox 229 5408 3555 5494">
     <span class='ocr_line' id='line_1_143' title="bbox 229 5408 3555 5494; baseline -0.005 -12"><span class='ocrx_word' id='word_1_1093' title='bbox 229 5418 326 5494; x_wconf 64' lang='lat' dir='ltr'><strong>de</strong></span> <span class='ocrx_word' id='word_1_1094' title='bbox 350 5417 461 5471; x_wconf 82' lang='lat' dir='ltr'><strong>his</strong></span> <span class='ocrx_word' id='word_1_1095' title='bbox 513 5408 1295 5494; x_wconf 31' lang='lat' dir='ltr'><strong>tribasaliqllithraedjgarim</strong></span> <span class='ocrx_word' id='word_1_1096' title='bbox 1324 5408 1461 5494; x_wconf 55' lang='lat' dir='ltr'><strong>anui</strong></span> <span class='ocrx_word' id='word_1_1097' title='bbox 1510 5408 1764 5494; x_wconf 14' lang='lat' dir='ltr'><strong>signos,</strong></span> <span class='ocrx_word' id='word_1_1098' title='bbox 1801 5422 1869 5494; x_wconf 61' lang='grc' dir='ltr'><em>ᾳ</em></span> <span class='ocrx_word' id='word_1_1099' title='bbox 2048 5418 2271 5476; x_wconf 80' lang='lat' dir='ltr'><strong>CAPUT</strong></span> <span class='ocrx_word' id='word_1_1100' title='bbox 2302 5417 2536 5494; x_wconf 51' lang='lat' dir='ltr'><strong>vna:—</strong></span> <span class='ocrx_word' id='word_1_1101' title='bbox 2582 5413 2715 5470; x_wconf 80' lang='lat' dir='ltr'><strong>FsL.</strong></span> <span class='ocrx_word' id='word_1_1102' title='bbox 2762 5413 2912 5494; x_wconf 77' lang='lat' dir='ltr'><strong>Licet</strong></span> <span class='ocrx_word' id='word_1_1103' title='bbox 2938 5411 3338 5494; x_wconf 77' lang='lat' dir='ltr'><strong>intelligentiam</strong></span> <span class='ocrx_word' id='word_1_1104' title='bbox 3378 5426 3555 5467; x_wconf 84' lang='lat' dir='ltr'><strong>meam</strong></span> 
     </span>
    </p>
   </div>
   <div class='ocr_carea' id='block_1_137' title="bbox 226 5479 3554 5556">
    <p class='ocr_par' dir='ltr' id='par_1_137' title="bbox 226 5479 3554 5556">
     <span class='ocr_line' id='line_1_144' title="bbox 226 5479 3554 5556; baseline -0.002 -13"><span class='ocrx_word' id='word_1_1105' title='bbox 226 5485 583 5543; x_wconf 78' lang='lat' dir='ltr'><strong>substantia</strong></span> <span class='ocrx_word' id='word_1_1106' title='bbox 612 5484 782 5538; x_wconf 87' lang='lat' dir='ltr'><strong>Patris</strong></span> <span class='ocrx_word' id='word_1_1107' title='bbox 808 5479 1076 5537; x_wconf 81' lang='lat' dir='ltr'><strong>exstitisse</strong></span> <span class='ocrx_word' id='word_1_1108' title='bbox 1103 5480 1294 5556; x_wconf 79' lang='lat' dir='ltr'><strong>Filium</strong></span> <span class='ocrx_word' id='word_1_1109' title='bbox 1323 5479 1444 5535; x_wconf 90' lang='lat' dir='ltr'><strong>dico</strong></span> <span class='ocrx_word' id='word_1_1110' title='bbox 1467 5520 1484 5547; x_wconf 92' lang='lat'><strong>,</strong></span> <span class='ocrx_word' id='word_1_1111' title='bbox 1512 5486 1572 5534; x_wconf 86' lang='lat' dir='ltr'><strong>ut</strong></span> <span class='ocrx_word' id='word_1_1112' title='bbox 1597 5484 1778 5535; x_wconf 89' lang='lat' dir='ltr'><strong>tamen</strong></span> <span class='ocrx_word' id='word_1_1113' title='bbox 1802 5493 1869 5533; x_wconf 77' lang='lat' dir='ltr'><strong>ex</strong></span> <span class='ocrx_word' id='word_1_1114' title='bbox 1977 5506 2114 5548; x_wconf 67' lang='grc' dir='ltr'><strong>πονε,</strong></span> <span class='ocrx_word' id='word_1_1115' title='bbox 2144 5506 2322 5546; x_wconf 65' lang='lat' dir='ltr'><strong>rerum</strong></span> <span class='ocrx_word' id='word_1_1116' title='bbox 2343 5487 2636 5544; x_wconf 69' lang='lat' dir='ltr'><strong>subtilitate</strong></span> <span class='ocrx_word' id='word_1_1117' title='bbox 2660 5484 2985 5556; x_wconf 78' lang='lat' dir='ltr'><strong>perstringas</strong></span> <span class='ocrx_word' id='word_1_1118' title='bbox 3006 5500 3021 5550; x_wconf 89' lang='lat'><strong>;</strong></span> <span class='ocrx_word' id='word_1_1119' title='bbox 3040 5479 3222 5556; x_wconf 54' lang='lat' dir='ltr'><strong>nescio</strong></span> <span class='ocrx_word' id='word_1_1120' title='bbox 3244 5492 3422 5538; x_wconf 90' lang='lat' dir='ltr'><strong>tamen</strong></span> <span class='ocrx_word' id='word_1_1121' title='bbox 3443 5496 3554 5553; x_wconf 88' lang='lat' dir='ltr'><strong>quo</strong></span> 
     </span>
    </p>
   </div>
   <div class='ocr_carea' id='block_1_138' title="bbox 223 5551 1845 5635">
    <p class='ocr_par' dir='ltr' id='par_1_138' title="bbox 223 5551 1773 5635">
     <span class='ocr_line' id='line_1_145' title="bbox 223 5551 1773 5635; baseline -0.008 -21"><span class='ocrx_word' id='word_1_1122' title='bbox 223 5560 376 5635; x_wconf 81' lang='lat' dir='ltr'><strong>ejus</strong></span> <span class='ocrx_word' id='word_1_1123' title='bbox 411 5556 702 5635; x_wconf 84' lang='lat' dir='ltr'><strong>voluntate</strong></span> <span class='ocrx_word' id='word_1_1124' title='bbox 743 5568 848 5607; x_wconf 92' lang='lat' dir='ltr'><strong>non</strong></span> <span class='ocrx_word' id='word_1_1125' title='bbox 865 5567 1065 5635; x_wconf 77' lang='lat' dir='ltr'><strong>_negem</strong></span> <span class='ocrx_word' id='word_1_1126' title='bbox 1092 5551 1349 5635; x_wconf 76' lang='lat' dir='ltr'><strong>genitum.</strong></span> <span class='ocrx_word' id='word_1_1127' title='bbox 1637 5620 1672 5635; x_wconf 39' lang='lat' dir='ltr'>ﬂ</span> <span class='ocrx_word' id='word_1_1128' title='bbox 1757 5618 1773 5635; x_wconf 35' lang='grc' dir='ltr'><strong>θ</strong></span> 
     </span>
    </p>
   </div>
   <div class='ocr_carea' id='block_1_139' title="bbox 1954 5551 3557 5635">
    <p class='ocr_par' dir='ltr' id='par_1_139' title="bbox 1978 5551 3557 5635">
     <span class='ocr_line' id='line_1_146' title="bbox 1978 5551 3557 5635; baseline -0.008 -16"><span class='ocrx_word' id='word_1_1129' title='bbox 1978 5573 2137 5635; x_wconf 92' lang='lat' dir='ltr'><strong>pacto</strong></span> <span class='ocrx_word' id='word_1_1130' title='bbox 2164 5561 2329 5635; x_wconf 79' lang='lat' dir='ltr'><strong>dicas.</strong></span> <span class='ocrx_word' id='word_1_1131' title='bbox 2363 5551 2822 5635; x_wconf 69' lang='lat' dir='ltr'><strong>quodcomternus</strong></span> <span class='ocrx_word' id='word_1_1132' title='bbox 2847 5551 2991 5610; x_wconf 78' lang='lat' dir='ltr'><strong>Patri</strong></span> <span class='ocrx_word' id='word_1_1133' title='bbox 3017 5555 3087 5608; x_wconf 92' lang='lat' dir='ltr'><strong>sit</strong></span> <span class='ocrx_word' id='word_1_1134' title='bbox 3112 5553 3279 5635; x_wconf 83' lang='lat' dir='ltr'><strong>_Filius</strong></span> <span class='ocrx_word' id='word_1_1135' title='bbox 3312 5551 3478 5635; x_wconf 76' lang='lat' dir='ltr'><strong>:cum</strong></span> <span class='ocrx_word' id='word_1_1136' title='bbox 3499 5561 3557 5607; x_wconf 80' lang='lat' dir='ltr'><strong>et</strong></span> 
     </span>
    </p>
   </div>
   <div class='ocr_carea' id='block_1_140' title="bbox 320 5618 3559 5704">
    <p class='ocr_par' dir='ltr' id='par_1_140' title="bbox 320 5618 3559 5704">
     <span class='ocr_line' id='line_1_147' title="bbox 320 5618 3559 5704; baseline -0.001 -26"><span class='ocrx_word' id='word_1_1137' title='bbox 320 5634 499 5704; x_wconf 67' lang='lat' dir='ltr'><strong>Anq.</strong></span> <span class='ocrx_word' id='word_1_1138' title='bbox 544 5626 601 5704; x_wconf 77' lang='lat' dir='ltr'><strong>in</strong></span> <span class='ocrx_word' id='word_1_1139' title='bbox 643 5639 808 5704; x_wconf 75' lang='lat' dir='ltr'><strong>unum</strong></span> <span class='ocrx_word' id='word_1_1140' title='bbox 848 5622 916 5704; x_wconf 80' lang='lat' dir='ltr'><strong>de</strong></span> <span class='ocrx_word' id='word_1_1141' title='bbox 950 5618 1287 5704; x_wconf 61' lang='lat' dir='ltr'><strong>supradictis</strong></span> <span class='ocrx_word' id='word_1_1142' title='bbox 1328 5620 1719 5704; x_wconf 43' lang='lat' dir='ltr'><strong>consequa“?!</strong></span> <span class='ocrx_word' id='word_1_1143' title='bbox 1756 5618 1871 5689; x_wconf 65' lang='lat' dir='ltr'><strong>ipsa</strong></span> <span class='ocrx_word' id='word_1_1144' title='bbox 1978 5618 2259 5704; x_wconf 68' lang='lat' dir='ltr'><strong>communi</strong></span> <span class='ocrx_word' id='word_1_1145' title='bbox 2294 5618 2543 5698; x_wconf 75' lang='lat' dir='ltr'><strong>loquendi</strong></span> <span class='ocrx_word' id='word_1_1146' title='bbox 2571 5627 2732 5683; x_wconf 91' lang='lat' dir='ltr'><strong>modo</strong></span> <span class='ocrx_word' id='word_1_1147' title='bbox 2759 5634 2815 5682; x_wconf 89' lang='lat' dir='ltr'><strong>et</strong></span> <span class='ocrx_word' id='word_1_1148' title='bbox 2865 5635 3073 5704; x_wconf 67' lang='lat' dir='ltr'><strong>naturae</strong></span> <span class='ocrx_word' id='word_1_1149' title='bbox 3113 5625 3230 5696; x_wconf 85' lang='lat' dir='ltr'><strong>lege</strong></span> <span class='ocrx_word' id='word_1_1150' title='bbox 3288 5624 3438 5695; x_wconf 85' lang='lat' dir='ltr'><strong>prior</strong></span> <span class='ocrx_word' id='word_1_1151' title='bbox 3470 5637 3559 5692; x_wconf 82' lang='lat' dir='ltr'><strong>gt-</strong></span> 
     </span>
    </p>
   </div>
   <div class='ocr_carea' id='block_1_141' title="bbox 218 5690 3005 5778">
    <p class='ocr_par' dir='ltr' id='par_1_141' title="bbox 218 5690 3005 5778">
     <span class='ocr_line' id='line_1_148' title="bbox 218 5690 3005 5778; baseline -0.006 -20"><span class='ocrx_word' id='word_1_1152' title='bbox 218 5697 608 5758; x_wconf 85' lang='lat' dir='ltr'><strong>dctruderis.</strong></span> <span class='ocrx_word' id='word_1_1153' title='bbox 637 5694 769 5750; x_wconf 88' lang='lat' dir='ltr'><strong>Cum</strong></span> <span class='ocrx_word' id='word_1_1154' title='bbox 794 5693 936 5750; x_wconf 90' lang='lat' dir='ltr'><strong>enim</strong></span> <span class='ocrx_word' id='word_1_1155' title='bbox 961 5693 1028 5749; x_wconf 92' lang='lat' dir='ltr'><strong>de</strong></span> <span class='ocrx_word' id='word_1_1156' title='bbox 1039 5690 1170 5748; x_wconf 78' lang='lat' dir='ltr'><strong>Filii</strong></span> <span class='ocrx_word' id='word_1_1157' title='bbox 1197 5692 1489 5749; x_wconf 86' lang='lat' dir='ltr'><strong>substantia</strong></span> <span class='ocrx_word' id='word_1_1158' title='bbox 1510 5690 1868 5763; x_wconf 74' lang='lat' dir='ltr'><strong>requirimus,</strong></span> <span class='ocrx_word' id='word_1_1159' title='bbox 1979 5718 2150 5778; x_wconf 50' lang='lat' dir='ltr'><strong>angus</strong></span> <span class='ocrx_word' id='word_1_1160' title='bbox 2174 5690 2417 5778; x_wconf 35' lang='lat' dir='ltr'><strong>vute-au}.-</strong></span> <span class='ocrx_word' id='word_1_1161' title='bbox 2441 5714 2560 5755; x_wconf 73' lang='lat' dir='ltr'><strong>esse</strong></span> <span class='ocrx_word' id='word_1_1162' title='bbox 2586 5714 2743 5769; x_wconf 67' lang='lat' dir='ltr'><strong>quam</strong></span> <span class='ocrx_word' id='word_1_1163' title='bbox 2773 5698 3005 5767; x_wconf 61' lang='lat' dir='ltr'><strong>genitus,</strong></span> 
     </span>
    </p>
   </div>
   <div class='ocr_carea' id='block_1_142' title="bbox 2049 5762 3568 5835">
    <p class='ocr_par' dir='ltr' id='par_1_142' title="bbox 2049 5762 3568 5835">
     <span class='ocr_line' id='line_1_149' title="bbox 2049 5762 3568 5835; baseline -0.005 -4"><span class='ocrx_word' id='word_1_1164' title='bbox 2049 5776 2184 5831; x_wconf 78' lang='lat' dir='ltr'><strong>Anc.</strong></span> <span class='ocrx_word' id='word_1_1165' title='bbox 2236 5770 2293 5828; x_wconf 90' lang='lat' dir='ltr'><strong>Si</strong></span> <span class='ocrx_word' id='word_1_1166' title='bbox 2350 5778 2555 5827; x_wconf 82' lang='lat' dir='ltr'><strong>naturae</strong></span> <span class='ocrx_word' id='word_1_1167' title='bbox 2602 5762 2874 5825; x_wconf 60' lang='lat' dir='ltr'><strong>auctorem</strong></span> <span class='ocrx_word' id='word_1_1168' title='bbox 2943 5774 3310 5824; x_wconf 89' lang='lat' dir='ltr'><strong>creaturarum</strong></span> <span class='ocrx_word' id='word_1_1169' title='bbox 3358 5762 3568 5835; x_wconf 65' lang='lat' dir='ltr'><strong>legibus</strong></span> 
     </span>
    </p>
   </div>
   <div class='ocr_carea' id='block_1_143' title="bbox 302 5837 1874 5918">
    <p class='ocr_par' dir='ltr' id='par_1_143' title="bbox 302 5837 1874 5918">
     <span class='ocr_line' id='line_1_150' title="bbox 302 5837 1874 5918; baseline 0 0"><span class='ocrx_word' id='word_1_1170' title='bbox 302 5853 330 5888; x_wconf 70' lang='grc' dir='ltr'>ι</span> <span class='ocrx_word' id='word_1_1171' title='bbox 375 5856 481 5918; x_wconf 61' lang='lat' dir='ltr'><strong>Et.</strong></span> <span class='ocrx_word' id='word_1_1172' title='bbox 508 5846 654 5918; x_wconf 57' lang='lat' dir='ltr'><strong>Luat</strong></span> <span class='ocrx_word' id='word_1_1173' title='bbox 682 5854 799 5918; x_wconf 63' lang='lat' dir='ltr'><strong>Vea-</strong></span> <span class='ocrx_word' id='word_1_1174' title='bbox 820 5846 891 5918; x_wconf 69' lang='lat' dir='ltr'><strong>sic</strong></span> <span class='ocrx_word' id='word_1_1175' title='bbox 904 5842 1081 5918; x_wconf 64' lang='lat' dir='ltr'><strong>tecum</strong></span> <span class='ocrx_word' id='word_1_1176' title='bbox 1094 5842 1393 5918; x_wconf 60' lang='lat' dir='ltr'><strong>haustam</strong></span> <span class='ocrx_word' id='word_1_1177' title='bbox 1416 5837 1874 5918; x_wconf 53' lang='lat' dir='ltr'><strong><em>ergo</em></strong></span> 
     </span>
    </p>
   </div>
   <div class='ocr_carea' id='block_1_144' title="bbox 214 5906 1877 5969">
    <p class='ocr_par' dir='ltr' id='par_1_144' title="bbox 214 5906 1877 5969">
     <span class='ocr_line' id='line_1_151' title="bbox 214 5906 1877 5969; baseline -0.01 0"><span class='ocrx_word' id='word_1_1178' title='bbox 214 5926 314 5969; x_wconf 77' lang='lat' dir='ltr'><strong>Ex</strong></span> <span class='ocrx_word' id='word_1_1179' title='bbox 342 5906 649 5965; x_wconf 64' lang='lat' dir='ltr'><strong>subsultim</strong></span> <span class='ocrx_word' id='word_1_1180' title='bbox 669 5906 997 5969; x_wconf 11' lang='lat' dir='ltr'><strong>credogpatrt&#39;s</strong></span> <span class='ocrx_word' id='word_1_1181' title='bbox 1028 5906 1162 5958; x_wconf 79' lang='lat' dir='ltr'><strong>nasci</strong></span> <span class='ocrx_word' id='word_1_1182' title='bbox 1189 5906 1364 5958; x_wconf 72' lang='lat' dir='ltr'><strong>Filium</strong></span> <span class='ocrx_word' id='word_1_1183' title='bbox 1393 5906 1688 5969; x_wconf 54' lang='lat' dir='ltr'><strong>Marciane,</strong></span> <span class='ocrx_word' id='word_1_1184' title='bbox 1718 5915 1781 5953; x_wconf 79' lang='lat' dir='ltr'><strong>ne</strong></span> <span class='ocrx_word' id='word_1_1185' title='bbox 1802 5906 1877 5953; x_wconf 73' lang='lat' dir='ltr'><strong>in-</strong></span> 
     </span>
    </p>
   </div>
   <div class='ocr_carea' id='block_1_145' title="bbox 211 5967 1814 6046">
    <p class='ocr_par' dir='ltr' id='par_1_145' title="bbox 211 5967 1814 6046">
     <span class='ocr_line' id='line_1_152' title="bbox 211 5967 1814 6046; baseline -0.001 0"><span class='ocrx_word' id='word_1_1186' title='bbox 211 5967 506 6046; x_wconf 58' lang='lat' dir='ltr'><strong>senist</strong></span> <span class='ocrx_word' id='word_1_1187' title='bbox 525 5968 844 6046; x_wconf 62' lang='grc' dir='ltr'><strong>[τᾳινςητλὲιίί.</strong></span> <span class='ocrx_word' id='word_1_1188' title='bbox 866 5968 1117 6046; x_wconf 50' lang='lat' dir='ltr'><strong>adsere:</strong></span> <span class='ocrx_word' id='word_1_1189' title='bbox 1457 5967 1691 6020; x_wconf 71' lang='grc' dir='ltr'><strong>αέυίάετε·</strong></span> <span class='ocrx_word' id='word_1_1190' title='bbox 1754 5970 1814 6018; x_wconf 70' lang='grc' dir='ltr'><em>ἰο</em></span> 
     </span>
    </p>
   </div>
   <div class='ocr_carea' id='block_1_146' title="bbox 297 6031 1337 6103">
    <p class='ocr_par' dir='ltr' id='par_1_146' title="bbox 297 6031 1337 6103">
     <span class='ocr_line' id='line_1_153' title="bbox 297 6031 1337 6103; baseline -0.005 -17"><span class='ocrx_word' id='word_1_1191' title='bbox 297 6037 404 6103; x_wconf 85' lang='grc' dir='ltr'><strong>(α)</strong></span> <span class='ocrx_word' id='word_1_1192' title='bbox 436 6031 700 6092; x_wconf 77' lang='lat' dir='ltr'><strong>Alcuinus,</strong></span> <span class='ocrx_word' id='word_1_1193' title='bbox 721 6031 802 6081; x_wconf 90' lang='lat' dir='ltr'><strong>lib.</strong></span> <span class='ocrx_word' id='word_1_1194' title='bbox 827 6032 847 6080; x_wconf 89' lang='grc'><strong>1</strong></span> <span class='ocrx_word' id='word_1_1195' title='bbox 870 6039 1034 6085; x_wconf 87' lang='lat' dir='ltr'><strong>contra</strong></span> <span class='ocrx_word' id='word_1_1196' title='bbox 1055 6031 1337 6093; x_wconf 78' lang='lat' dir='ltr'><strong>Elipantum.</strong></span> 
     </span>
    </p>
   </div>
   <div class='ocr_carea' id='block_1_147' title="bbox 578 6112 1337 6179">
    <p class='ocr_par' dir='ltr' id='par_1_147' title="bbox 578 6112 1337 6179">
     <span class='ocr_line' id='line_1_154' title="bbox 578 6112 1337 6179; baseline 0.008 -6"><span class='ocrx_word' id='word_1_1197' title='bbox 578 6112 803 6174; x_wconf 73' lang='lat' dir='ltr'><strong>SANCT.</strong></span> <span class='ocrx_word' id='word_1_1198' title='bbox 850 6116 1126 6174; x_wconf 69' lang='grc' dir='ltr'><strong>Αιτσιτετ.</strong></span> <span class='ocrx_word' id='word_1_1199' title='bbox 1168 6112 1337 6179; x_wconf 68' lang='lat' dir='ltr'><strong>VIII.</strong></span> 
     </span>
    </p>
   </div>
   <div class='ocr_carea' id='block_1_148' title="bbox 2044 5945 3318 6019">
    <p class='ocr_par' dir='ltr' id='par_1_148' title="bbox 2044 5945 3318 6019">
     <span class='ocr_line' id='line_1_155' title="bbox 2044 5945 3318 6019; baseline -0.007 -12"><span class='ocrx_word' id='word_1_1200' title='bbox 2044 5957 2065 5992; x_wconf 76' lang='grc' dir='ltr'>ί</span> <span class='ocrx_word' id='word_1_1201' title='bbox 2098 5964 2229 6017; x_wconf 64' lang='lat' dir='ltr'><strong>Mss,</strong></span> <span class='ocrx_word' id='word_1_1202' title='bbox 2250 5953 2379 6019; x_wconf 77' lang='lat' dir='ltr'><strong>quod</strong></span> <span class='ocrx_word' id='word_1_1203' title='bbox 2398 5949 2756 6019; x_wconf 67' lang='lat' dir='ltr'><strong>prtedicationis</strong></span> <span class='ocrx_word' id='word_1_1204' title='bbox 2772 5949 2909 6005; x_wconf 78' lang='lat' dir='ltr'><strong>im&#39;tio</strong></span> <span class='ocrx_word' id='word_1_1205' title='bbox 2928 5948 3149 6003; x_wconf 58' lang='lat' dir='ltr'><strong>animum</strong></span> <span class='ocrx_word' id='word_1_1206' title='bbox 3168 5945 3318 5999; x_wconf 72' lang='grc' dir='ltr'><strong>υἱτω.</strong></span> 
     </span>
    </p>
   </div>
   <div class='ocr_carea' id='block_1_149' title="bbox 2044 6022 2571 6085">
    <p class='ocr_par' dir='ltr' id='par_1_149' title="bbox 2044 6022 2571 6085">
     <span class='ocr_line' id='line_1_156' title="bbox 2044 6022 2571 6085; baseline -0.002 -14"><span class='ocrx_word' id='word_1_1207' title='bbox 2044 6022 2069 6056; x_wconf 75' lang='grc'><em>³</em></span> <span class='ocrx_word' id='word_1_1208' title='bbox 2098 6026 2253 6082; x_wconf 72' lang='lat' dir='ltr'><strong>Forte,</strong></span> <span class='ocrx_word' id='word_1_1209' title='bbox 2276 6025 2571 6085; x_wconf 74' lang='lat' dir='ltr'><strong>perpetuam.</strong></span> 
     </span>
    </p>
   </div>
   <div class='ocr_carea' id='block_1_150' title="bbox 2802 6094 3291 6186">
    <p class='ocr_par' dir='ltr' id='par_1_150' title="bbox 2802 6094 3291 6186">
     <span class='ocr_line' id='line_1_157' title="bbox 2802 6094 3291 6186; baseline -0.02 -21"><span class='ocrx_word' id='word_1_1210' title='bbox 2802 6094 3291 6186; x_wconf 61' lang='lat' dir='ltr'><strong>(ﬂente—sem.)</strong></span> 
     </span>
    </p>
   </div>
  </div>
