4126 6456
518 489 690 590 ι1163

545 612 895 674 mstimamus,
925 605 1050 662 dum
1075 599 1393 674 anteriorem
1422 591 1779 674 essePatrem
1807 597 1944 674 Filio
1981 615 2120 674 ρεςε-

520 683 788 738 .dicamus
816 697 831 735 :
854 668 951 734 cur
973 689 1078 730 non
1099 673 1286 729 eadem
1312 678 1515 726 natura:
1542 669 1678 797 lege,
1709 668 1998 725 fortiorem
2018 671 2118 725 Pa-

547 763 631 797 ιη
657 752 844 797 Filium
875 763 970 797 nar
1003 759 1276 797 accessum
1302 742 1557 797 temporis
1622 741 1808 796 icimus
1831 757 1844 797 :
1869 741 1994 796 dum
2023 757 2118 796 nec

547 763 631 809 tre
657 752 844 807 Filium
875 763 970 817 per
1003 759 1276 801 accessum
1302 742 1557 817 temporis
1583 741 1994 817 dicimus__;__dnm
2023 757 2121 817 nec

546 823 675 881 huic
697 812 891 878 desunt
927 827 1198 873 crementa
1245 813 1508 878 nascenti,
1535 821 1590 868 et
1635 812 2010 868 imbecillitatis
2039 813 2121 867 in-

542 895 738 968 }uriam
763 897 1011 968 senectus
1027 887 1230 968 ingerit
1257 884 1400 968 Pal-ri
1421 883 1447 938 ?
1470 882 1624 950 Quod
1649 885 1695 938 si
1714 881 1983 968 poematia.
2009 884 2120 952 ipsa

546 953 654 1022 non
697 961 905 1031 recipit,
935 953 1241 1031 omittamus
1266 956 1448 1031 inDeo
1487 954 1778 1031 corporalis
1823 953 2120 1026 intelligen-

548 1038 638 1091 tiae
685 1025 898 1103 legem,
938 1045 1010 1087 ne
1035 1029 1286 1102 operibus
1328 1027 1438 1081 suis
1462 1025 1690 1103 similem
1721 1025 1976 1103 dicamus
2001 1025 2122 1103 esse

545 1093 804 1162 factorevm
834 1119 849 1156 :
872 1093 1100 1156 maxime
1120 1115 1240 1153 cum
1261 1113 1324 1153 ex
1347 1112 1412 1152 eo
1437 1095 1576 1166 quod
1603 1093 1742 1164 apud
1772 1109 1870 1150 nos
1898 1095 2116 1149 evidens

547 1185 652 1242 est,
683 1175 842 1230 etiam
874 1171 927 1226 id
947 1170 1088 1242 quod
1119 1172 1169 1224 in
1201 1169 1411 1242 occ_ulto
1433 1175 1514 1222 est
1531 1167 1794 1242 possimus
1819 1166 2118 1221 ostendere.

527 1236 695 1302 Sicut
740 1245 882 1300 enim
932 1236 1048 1298 sine
1102 1239 1348 1308 exemplo
1412 1249 1580 1293 mater
1629 1236 2121 1308 genuitauctorem

546 1331 741 1385 suum;
768 1317 842 1369 sic
868 1312 1203 1385 inerrabiliter
1229 1306 1388 1364 Pater
1447 1306 1693 1385 genuisSe
1719 1306 2016 1385 credendus
2043 1318 2124 1385 est

545 1377 892 1444 comternum.
918 1383 997 1439 De
1023 1389 1193 1436 matre
1220 1386 1375 1434 natus
1400 1377 1484 1434 es't
1506 1380 1736 1449 quiante
1761 1378 1868 1446 jam
1894 1377 1987 1431 fuit
2012 1395 2028 1449 ;
2057 1378 2124 1432 de

547 1457 707 1513 Patre
747 1456 836 1527 qui
873 1451 1155 1524 aliquando
1194 1466 1299 1527 non
1342 1446 1537 1504 defuit;
1575 1446 1684 1504 Hoc
1737 1449 1867 1527 ﬁdes
1909 1448 2121 1512 credat,

547 1519 1056 1598 intelligentiahnon
1109 1522 1346 1593 requirat
1389 1535 1517 1598 :rne
1565 1528 1656 1574 aut
1702 1534 1806 1573 non
1842 1519 2126 1598 inventum

589 1607 702 1654 utet
722 1589 1082 1656 vincredibile,
1137 1589 1226 1648 aut
1263 1597 1532 1660 repertum
1583 1605 1690 1644 non
1733 1589 1915 1644 credat
1941 1590 2121 1657 singu-

589 1614 702 1654 utet
751 1614 1082 1656 tncreutnue,
1137 1614 1226 1648 aut.
1265 1614 1532 1660 repertum
1585 1614 1690 1644 mm
1733 1614 1915 1644 (ιι-εαξη
1941 1614 2121 1657 surgu-

546 1614 681 1725 rare.
703 1669 845 1724 Ecce
871 1668 1014 1723 enim
1037 1666 1104 1720 de
1124 1670 1291 1719 matre
1309 1669 1462 1717 natus
1489 1669 1571 1716 est
1595 1661 1856 1727 Christus,
1886 1675 1985 1715 nec
2008 1659 2128 1715 ideo

547 1751 634 1796 est
684 1754 778 1810 per
827 1744 1130 1810 contactum
1184 1734 1284 1810 viri
1342 1731 1750 1810 matris_pudor
1791 1732 2122 1785 imminutus.

550 1802 715 1882 Virgo
737 1810 960 1882 peperit,
1012 1806 1147 1882 quia
1163 1805 1313 1875 virgo
1339 1802 1629 1882 concepit:
1672 1811 1725 1856 et
1761 1817 1877 1882 non.
1914 1811 2126 1882 servato

547 1873 753 1937 rerum'
777 1873 983 1944 ordine,
1030 1873 1094 1934 ex
1134 1873 1340 1945 integro
1365 1874 1549 1945 matris
1598 1887 1820 1941 corpore
1863 1873 2126 1945 integrum

551 1943 1339 2023 corpusChristusassumpsit.
1377 1943 1433 1999 Si
1460 1959 1588 2023 ergo
1619 1958 1757 1998 novo
1785 1958 1951 2008 more,
1981 1944 2126 1998 nullo

549 2015 814 2092 exemplo,
838 2018 1124 2075 secundum
1141 2030 1354 2092 carnem
1378 2022 1531 2069 natus
1551 2015 1770 2092 docetur
1784 2029 1849 2068 ex
1867 2028 2091 2092 corpore
2111 2031 2125 2092 ξ

550 2093 678 2164 quid
707 2083 898 2146 mirum
929 2092 972 2144 si
988 2104 1105 2164 Anon
1131 2086 1425 2164 secundum
1442 2083 1881 2164 consuetudinem
1913 2084 2128 2164 humani

551 2154 733 2235 partus
767 2161 1026 2235 processit
1063 2175 1140 2235 ex_
1162 2157 1352 2235 Pati-eg
1380 2155 1497 2211 Non
1521 2155 1742 2235 _m_inuit_
1781 2154 2128 2209 substantiam

549 2227 872 2306 inatris,'ex_
892 2232 1004 2286 sola
1023 2229 1230 2306 genitus
1255 2227 1455 2306 Filius;
1478 2233 1533 2281 et
1560 2227 1674 2281 sine
1712 2227 1908 2306 damno
1932 2240 2127 2306 corpo-

549 2306 626 2361 ris
654 2303 906 2375 parientis
929 2296 1108 2375 natum
1131 2299 1225 2354 ﬁlii
1251 2299 1493 2375 novimus
1526 2312 1766 2375 corpus_;
1797 2305 1851 2350 et
1877 2296 2130 2371 minuisse

549 2367 937 2444 incorporalem
968 2373 1176 2444 Patrem
1204 2368 1574 2444 substantiam
1623 2367 1874 2444 creditur,
1907 2383 2027 2422 cum
2055 2368 2127 2444 ex

551 2438 740 2501 eodem
769 2446 883 2514 ipso
907 2441 1326 2499 substantialiter
1352 2451 1510 2514 atque
1535 2438 1935 2508 incorporaliter
1955 2439 2133 2514 prola-

551 2526 662 2583 tus,
694 2511 885 2587 dicitur
909 2513 1152 2587 genitus?
1197 2514 1334 2587 Ergo
1372 2513 1416 2565 si
1443 2520 1699 2587 _naturam
1724 2524 1924 2587 rerum
1973 2511 2133 2587 intel-

551 2579 769 2659 ligentia
798 2579 937 2642 ducé
983 2579 1888 2659 perpendimus;_demus__initium,
1931 2580 2132 2659 _si_non

552 2650 810 2730 nEgamus
838 2650 1106 2730 occas—um.
1138 2653 1384 2730 Alioquin
1410 2653 1530 2707 ideo
1555 2650 1745 2730 Filium
1789 2665 1894 2730 non
1931 2650 2132 2705 habere

553 2721 798 2784 dicamus
839 2728 1079 2790 initium,
1113 2726 1234 2796 quia
1260 2721 1364 2778 non
1395 2737 1492 2794 per
1523 2724 1769 2796 gratiam,
1798 2721 1891 2776 sed
1922 2736 2016 2791 per
2041 2737 2134 2796 na-

550 2809 725 2855 turam
748 2799 979 2854 fatemur
1003 2792 1487 2866 esse'perpetuu'm.
1529 2793 1610 2847 Ad
1635 2807 1897 2866 summam
1920 2835 1935 2861 ,
1964 2792 2134 2862 major

551 2880 610 2927 et
660 2871 836 2925 minor
885 2869 1054 2924 tribus
1100 2863 1272 2921 modis
1309 2865 1413 2919 dici
1461 2871 1674 2935 potest;
1714 2863 1780 2935 _id
1806 2871 2132 2935 est,ma:tate,

552 2941 745 3005 forma,
764 2940 998 3018 potentia
1034 2957 1048 2993 :
1077 2947 1253 3018 aetate,
1273 2932 1899 3018 senior—pueroiforma,
1929 2933 2137 3018 longior

547 3003 751 3097 parvo;
766 3003 1042 3097 'potentia,
1059 3095 1071 3097 _
1083 3003 1618 3097 gfprltigruimbe‘cil‘lol
1627 3003 1917 3097 yideamtis
1955 3003 2137 3097 utrum

554 3077 753 3153 aliquid
778 3077 966 3137 horum
987 3080 1191 3153 accidat
1209 3077 1345 3134 Filio
1370 3096 1384 3133 :
1410 3093 1531 3132 nam
1553 3090 1652 3153 nec
1667 3084 1822 3153 actate
1839 3077 2016 3153 minor
2031 3083 2134 3144 est,

554 3147 713 3224 quem
732 3153 800 3208 de
820 3151 1075 3223 principio
1093 3151 1251 3205 Patre
1276 3159 1483 3224 constat
1502 3147 2134 3224 exstitisseprincipium;

553 3215 656 3280 nec
696 3215 886 3289 loruia,
923 3215 1082 3292 quem
1115 3235 1221 3278 non
1248 3219 1389 3274 aliud
1418 3219 1497 3273 fas
1523 3227 1606 3274 est
1654 3215 1945 3292 praedicare
1970 3215 2137 3288 quam

552 3295 760 3422 :)eum;
791 3309 887 3350 nec
913 3289 1147 3365 potentia
1168 3334 1181 3357 ,
1213 3307 1243 3346 a
1273 3306 1378 3362 quo
1412 3299 1581 3345 totum
1609 3289 1853 3344 novimus
1879 3304 1997 3344 esse
2018 3304 2139 3362 per-

575 3376 770 3422 actum.

575 3376 770 3422 ’ectum.

625 3436 853 3493 CAPUT
905 3434 997 3490 IX.
1025 3465 1096 3476 —
1125 3433 1255 3489 FEL.
1286 3433 1436 3489 Scire
1482 3431 1642 3502 cupio

555 3508 752 3566 Filium
781 3508 991 3563 transiit
1015 3507 1246 3577 dignitas
1284 3504 1476 3570 Patris,
1501 3501 1638 3559 et’ad

556 3581 727 3638 currit
754 3578 1028 3634 humilitas
1043 3577 1228 3648 prolis.

629 3653 768 3707 Avo.
795 3649 914 3705 Non
945 3639 1237 3703 secundum
1264 3655 1509 3701 naturam
1533 3645 1630 3698 ista
1653 3657 1791 3698 nunc
1812 3639 1937 3709 dici,
1967 3643 2136 3712 quoti-

555 3722 836 3778 dianarum
853 3735 1032 3775 rerum
1049 3717 1291 3788 exempla
1310 3731 1406 3788 nos
1427 3715 1642 3788 docent.
1666 3713 1802 3788 Ecce
1821 3715 1962 3788 enim
1979 3725 2139 3788 pute-

556 3803 676 3848 mus
695 3793 926 3862 aliquem
971 3796 1151 3862 regem
1182 3785 1245 3843 ac
1290 3787 1446 3862 regis
1482 3785 1646 3862 ﬁlium
1686 3785 1941 3862 depositis
1980 3785 2138 3854 regia:

558 3856 854 3933 majestaiis
878 3856 1191 3931 insignibus,
1223 3856 1449 3929 subjecti
1478 3856 1658 3933 militis
1687 3856 1992 3933 indumenta
2018 3871 2139 3910 sus-

556 3926 758 4004 cipere,
787 3942 840 3987 et
893 3926 1114 4004 propter
1146 3926 1344 4004 certam
1375 3929 1540 4001 patris
1583 3926 2033 4004 dispensationem
2077 3941 2141 3982 ac

1714 3445 1782 3488 uo
1813 3439 1968 3501 pacto
1995 3439 2048 3486 et
2072 3430 2138 3487 ad

1720 3510 1890 3556 atrem
1914 3518 2019 3556 non
2048 3518 2134 3557 re-

557 3999 824 4061 sdeiorum
855 3999 1100 4067 salutem,
1133 3999 1409 4056 rebellium
1446 3999 1796 4053 contumelias
1833 3999 2135 4053 sustinere:
2172 4053 2174 4056 .

558 4076 816 4146 numquid
841 4074 962 4143 quia
987 4074 1056 4146 ad
1084 4073 1230 4146 hunc
1261 4070 1612 4146 participium_
1633 4071 1792 4146 regite
1825 4069 2131 4146 potestatis,

560 4138 766 4201 certoin
796 4138 1172 4199 estnativitate
1199 4138 1508 4204 decurrere,
1565 4138 1760 4192 idcirco
1777 4138 1992 4210 adcum
2047 4139 2136 4210 qui

559 4218 760 4288 genuit,
793 4216 1034 4283 iujuriam
1064 4215 1170 4288 ﬁlii
1211 4228 1318 4267 non
1377 4210 1733 4279 compatiendi
1786 4209 2132 4288 aﬁ'ectu,_s_ed

558 4280 674 4359 ipsa
708 4280 964 4357 passionis
994 4284 1319 4359 proprietate
1338 4289 1539 4336 certum
1567 4289 1647 4359 est
1672 4281 1950 4349 pervenire
1974 4280 2136 4359 {Non

559 4351 631 4413 iia
649 4351 750 4425 est,
782 4359 904 4429 quia
935 4351 1039 4411 no'n
1067 4351 1131 4411 εἰς
1155 4355 1512 4429 ﬁlio_patrem,
1546 4351 1636 4407 sed
1673 4367 1755 4405 ex'
1780 4360 1928 4429 patre
1971 4351 2134 4406 lilium

558 4421 763 4486 eertum
787 4421 866 4484 ést
893 4437 1074 4482 natum
1095 4440 1233 4480 esse.
1259 4421 1321 4478 Et
1365 4433 1642 4494 propterea
1677 4421 1843 4476 totum
1871 4421 2009 4476 inter
2043 4437 2136 4476 eos

559 4502 734 4556 simile
758 4501 983 4553 dicimus
1011 4497 1151 4570 quod
1171 4497 1396 4570 pertinet
1423 4495 1487 4547 ad
1524 4495 1951 4570 communionem
1977 4501 2133 4570 natu-

559 4586 636 4624 ra!
667 4590 680 4625 :
713 4571 836 4624 illud
868 4564 1141 4638 proprium
1148 4564 1320 4638 i’quod
1356 4579 1448 4635 per
1497 4564 1741 4638 accidens
1778 4565 1864 4617 uni
1898 4565 2135 4638 noscitur

557 4644 805 4697 evenisse
832 4635 1093 4709 persona}.
1124 4635 1293 4692 Habet
1317 4651 1443 4707 ergo
1462 4635 1737 4709 nascendo
1771 4644 1936 4709 totum
1966 4635 2133 4709 Eilius

557 4728 678 4767 cum
713 4705 868 4767 Patre
893 4710 1032 4781 quod
1054 4711 1206 4763 Pater
1241 4718 1320 4763 est
1347 4725 1359 4766 :
1385 4705 1478 4761 sed
1518 4723 1620 4760 non
1662 4706 1952 4781 eum__l“i|io
1980 4705 2135 4781 Pater

557 4784 813 4855 quidquid
839 4777 1142 4855 specialiter
1173 4781 1284 4849 ipse
1305 4793 1597 4855 perpessus
1625 4788 1723 4831 est.
1779 4777 1890 4855 Non
1923 4777 2134 4855 utrique

559 4847 842 4910 (formidine
869 4847 967 4918 est,
1006 4851 1144 4922 qunti
1184 4847 1250 4905 ex
1305 4847 1519 4922 honiine
1547 4857 1804 4922 naluscst
1831 4847 2133 4922 homo,__sed

559 4927 809 4981 accidens
847 4917 1093 4993 speciale,
1125 4923 1264 4993 quod
1308 4921 1629 4993 plerumque
1669 4919 1783 4972 sine
1826 4917 2134 4993 prmjudicio

559 4998 858 5052 couununis
880 4989 1083 5049 natura-
1130 4989 1320 5047 neutcr
1369 4990 1562 5044 habere
1600 4990 1821 5042 docetur
1850 4991 1902 5041 in
1943 4989 2130 5044 altero.

561 5069 673 5123 Una
701 5079 776 5123 est
807 5068 972 5137 patris
1002 5063 1314 5137 substantia,
1341 5076 1440 5137 una
1459 5076 1700 5128 persona.
1722 5060 1869 5137 .llzrc
1897 5075 2016 5137 cum
2036 5074 2132 5129 ge-

561 5142 692 5203 nuit,
712 5155 777 5194 ex
798 5131 893 5191 hac
913 5139 1027 5191 sine
1049 5135 1209 5188 dnhio
1238 5151 1340 5186 non
1360 5133 1565 5185 diversa
1587 5131 1824 5184 noscitur
1843 5131 2129 5196 exstitisse,

559 5213 652 5264 sed
679 5212 842 5264 altera
871 5228 883 5274 ;
912 5223 1028 5278 qum
1057 5222 1158 5278 non
1188 5204 1328 5258 aliud
1359 5205 1579 5256 ducetur
1607 5216 1725 5278 esse
1753 5216 1908 5270 quam
1942 5204 2129 5278 prima,

557 5282 685 5336 dum
716 5291 770 5335 et
799 5269 1096 5333 communis
1121 5277 1341 5330 docetur
1369 5285 1419 5327 et
1449 5269 1654 5341 propria
1680 5269 2023 5336 :cointnuuis,
2049 5273 2132 5325 iu-

557 5368 741 5422 quam,
771 5347 1298 5422 unitatesubstantia:
1314 5345 1581 5422 ;__propria,
1616 5344 1931 5397 discretione
1947 5359 2132 5422 ρει-ξρ-

562 5413 810 5476 nae.Cum
830 5437 957 5489 ergo
979 5421 1104 5472 inse
1133 5425 1305 5489 exstet
1327 5413 1410 5468 illa
1442 5413 1558 5484 qum
1590 5423 1709 5468 nata
1723 5422 1822 5489 est,
1852 5413 2133 5489 non_qui_d-

557 5492 686 5564 quid
712 5493 830 5546 huic
850 5485 1096 5546 acciderit
1111 5488 1173 5564 ad
1191 5486 1801 5564 gignentem_uecessari_o
1816 5485 2020 5564 transit,
2038 5485 2134 5564 sic-

561 5555 1011 5618 utaduascentem
1043 5555 1298 5630 quidquid
1333 5556 1602 5630 prem-ium
1623 5555 2042 5630 acsuhstantiale
2057 5556 2136 5625 gi-

556 5637 770 5706 gnentis
786 5625 1144 5706 constatesse,
1159 5625 1419 5706 pervenit.
1433 5627 1553 5706 Non
1567 5627 1705 5706 enim
1720 5627 1856 5706 sicut
1873 5625 2005 5706 lj‘ilio
2023 5627 2133 5696 ipsa

558 5697 902 5776 {generatione
929 5703 1119 5776 Collata
1148 5697 1230 5776 est
1249 5699 1493 5754 divinitas
1515 5697 1706 5764 Patris,
1745 5699 1820 5751 sic
1834 5698 1897 5776 ad
1923 5701 2130 5776 Patrem

559 5769 789 5830 refertur
817 5790 963 5837 cura,
999 5772 1274 5840 (egritudo,
1331 5779 1627 5838 paupertas,
1674 5784 1840 5835 mors,
1865 5769 2134 5824 humilitas

561 5846 927 5930 prolis._Qutid
982 5844 1326 5930 ideono‘nli‘t',
1352 5843 1474 5930 quia
1495 5841 1735 5930 quamvis
1779 5840 1845 5930 de
1891 5855 1991 5930 una
2032 5848 2132 5904 est,

559 5910 610 5972 id
639 5929 738 5978 est,
767 5910 940 5978 Patris
958 5915 1250 5970 substantia
1277 5912 1436 5967 fuerit
1485 5910 1676 5964 similis
1705 5911 1881 5978 genita
1911 5927 1925 5962 :
1956 5917 2132 5964 tamen

558 5991 679 6068 quia
714 5991 824 6059 jam
850 5989 900 6043 in
935 6001 994 6041 se
1017 5987 1127 6056 ipsa
1157 5990 1346 6049 exstat,
1386 5994 1732 6053 quzecumque
1761 5980 1883 6040 huic
1930 5982 2134 6038 extrin-

1996 475 2356 546 APPENNX.

3648 485 3825 552 ’1164

2228 602 2729 675 secusingeruntur,
2753 615 2856 658 non
2916 602 3221 675 eornmunia
3267 602 3515 660 mountai-
3542 620 3688 675 esse,
3720 612 3825 668 sed

2227 676 2459 745 propria.
2481 674 2537 728 Si
2566 689 2692 742 ergo
2717 674 2934 745 humani
2962 676 3176 744 generis
3213 675 3314 730 ista
3340 677 3580 733 conditio
3619 674 3722 745 est,
3760 693 3826 738 nt

2230 744 2342 800 non
2364 761 2534 822 usque
2547 745 2680 799 adeo
2699 744 2792 822 ﬁlii
2816 745 2886 800 ab
2907 761 2973 801 eo
2987 746 3076 816 qui
3099 747 3283 822 genuit
3313 748 3366 801 in
3387 749 3531 822 aliud
3579 744 3819 822 unquam

2229 825 2427 870 mutata
2457 815 2867 888 substantiaest,
2891 825 2950 870 ut
2991 815 3318 872 non’eadem
3338 821 3506 888 possit
3532 815 3689 888 esse;
3723 824 3823 878 sed

2228 889 2432 953 altera;
2463 886 2589 959 dum
2627 886 2980 959 extrinsecus,
3035 888 3150 944 ﬁlio.
3192 886 3562 946 accidentibus
3611 886 3822 959 multis,

2230 969 2411 1031 manet
2467 958 2809 1031 nihilominus
2854 967 3046 1031 natura
3091 961 3423 1031 communis:
3453 961 3580 1031 quid
3623 978 3725 1018 nos
3753 958 3824 1021 de

2230 1027 2340 1084 Deo
2359 1037 2517 1102 atque
2540 1029 2654 1102 eius
2678 1027 2813 1082 Filio
2837 1027 3054 1099 dignum
3083 1039 3166 1085 est
3207 1029 3430 1102 credere
3453 1027 3489 1084 Τ
3511 1033 3637 1102 quid
3663 1035 3825 1090 decet

2229 1098 2563 1181 prtedieare?
2591 1115 2824 1181 quorum
2839 1098 3082 1181 quamvis
3111 1101 3402 1181 secundum
3422 1098 3662 1181 indi—visae
3693 1121 3812 1160 ma-

2226 1170 2438 1243 jestatis
2459 1170 2752 1239 simplicem
2778 1170 3138 1243 gloriantnon
3172 1172 3245 1228 sit
3289 1182 3477 1227 natura
3518 1173 3818 1243 dissimilis,

2229 1241 2532 1312 specialiter
2563 1250 2737 1312 tamen
2759 1239 2799 1312 a7
2829 1239 2965 1296 Filio
3011 1257 3203 1311 corpus
3247 1251 3580 1312 assumptum
3607 1255 3724 1311 est;
3762 1239 3823 1302 ut

2230 1311 2599 1386 humiliaretur
2619 1313 2672 1365 iu
2697 1311 3202 1386 inﬁrmitatecarnis
3221 1311 3442 1386 nostrae,
3467 1316 3554 1384 qui
3587 1319 3696 1386 pati
3727 1319 3814 1372 ni-

2232 1381 2305 1436 hil
2335 1391 2540 1452 poterat
2568 1383 2618 1436 in
2647 1383 2948 1438 communis
2990 1383 3268 1440 divinitate
3315 1381 3645 1441 substantiis.
3698 1387 3820 1444 Non

2231 1454 2454 1506 assumit
2507 1453 2664 1506 homo
2719 1454 2946 1508 hominis
2997 1454 3138 1509 ﬁlius
3185 1454 3404 1510 alteram
3449 1466 3716 1518 naturam.
3764 1470 3822 1514 et

2230 1538 2350 1597 cum
2381 1524 2431 1577 in
2455 1523 2640 1578 eadem
2668 1539 2787 1594 qua:
2815 1539 2936 1579 cum
2958 1533 3107 1593 patre
3135 1526 3432 1597 comm-unis
3454 1538 3538 1581 est
3560 1530 3818 1597 patiatur,

2230 1594 2296 1664 ad
2326 1602 2528 1664 patrem
2545 1603 2730 1664 tamen
2757 1609 2860 1647 non
2889 1595 3196 1649 transmittit
3224 1596 3467 1664 injuriam
3494 1614 3506 1649 :
3553 1594 3610 1653 et
3641 1598 3824 1654 humi-

2231 1663 2387 1736 liatus
2431 1665 2484 1718 in
2515 1663 2816 1736 FilioDeus
2862 1665 3020 1720 Pater
3048 1663 3366 1734 passibili’ter
3407 1667 3661 1736 creditur,
3692 1684 3822 1726 cum

2231 1751 2337 1790 non
2366 1735 2418 1788 in
2448 1736 2632 1790 eadem
2655 1735 2768 1805 ipsa
2796 1752 2914 1804 quas
2955 1737 3164 1805 utrique
3188 1738 3488 1792 communis
3511 1747 3610 1802 est,
3638 1735 3735 1797 Sed
3764 1741 3822 1796 in

2232 1813 2413 1860 nostra
2440 1807 2638 1876 potius,
2665 1822 2822 1874 quam
2852 1807 2996 1876 solus
3049 1809 3161 1875 ipse
3204 1807 3458 1876 suscepit,
3506 1809 3821 1867 Judteorum

2232 1875 2468 1932 creditur
2513 1878 2792 1951 pertulisse
2836 1875 3154 1951 perﬁdiam?
3190 1877 3269 1932 Ad
3334 1875 3616 1951 summam,
3666 1881 3820 1951 quid,

2231 1962 2442 2072 precor.
2478 1947 2735 2030 estquod
2789 1947 3052 2016 pendebat
3097 1950 3152 2002 in
3177 1947 3396 2030 crocei
3415 1949 3549 2015 Quid
3575 1960 3656 2005 est
3675 1947 3823 2022 quod

2259 2034 2422 2072 ancea
2438 2018 2628 2072 dlCllUl‘
2653 2019 2955 2072 vulnerasse
2970 2018 2993 2071 ?
3007 2019 3146 2072 Caro
3165 2018 3448 2072 nasstbtlls.
3471 2035 3540 2072 an
3566 2021 3823 2072 substan—

2259 2034 2422 2073 ancea
2438 2018 2628 2072 dicitur
2653 2019 2955 2073 vulnerasse
2970 2018 2993 2071 ?
3007 2019 3146 2073 Caro
3165 2018 3448 2086 passibilis,
3471 2035 3540 2074 an
3566 2018 3824 2077 substan—

2233 2089 2308 2162 tia
2333 2089 2594 2144 deitatis?
2622 2088 2677 2144 Si
2700 2090 3030 2162 majestatem
3061 2089 3317 2162 profanus
3339 2089 3634 2160 incorporei
3665 2108 3818 2162 prae-

2234 2159 2444 2216 dicator
2463 2160 2836 2230 assumpseris,
2868 2160 3266 2230 corruptibilem
3295 2160 3458 2215 Deum
3476 2159 3826 2220 videris—cre-

2235 2230 2367 2286 dere
2402 2251 2415 2286 :
2444 2232 2488 2286 si
2535 2231 2840 2300 passibilem
2868 2245 3103 2294 carnem,
3137 2245 3243 2285 non
3275 2239 3360 2286 est
3393 2235 3682 2289 communis
3708 2235 3824 2289 ista

2236 2316 2358 2383 cum
2387 2303 2564 2368 Patre,
2592 2312 2648 2358 ut
2671 2317 2766 2372 per
2809 2302 2945 2356 hanc
2999 2317 3120 2383 eum
3170 2302 3341 2373 possit
3382 2316 3508 2358 crux
3551 2303 3639 2358 illa
3676 2319 3820 2361 con-

2236 2378 2458 2428 tingere.
3041 2378 3060 2389 ‘

2355 2443 2533 2499 APUT
2571 2442 2728 2498 X.—-
2776 2441 2909 2497 Fac.
2944 2442 3074 2496 Dum
3133 2443 3384 2498 torrentis
3429 2445 3590 2500 modo
3638 2446 3818 2502 omnia

2237 2531 2355 2587 the
2379 2531 2410 2570 a
2451 2513 2603 2571 nobis
2647 2523 2768 2569 sunt
2819 2513 2988 2587 dicta“
3014 2514 3329 2587 przecipitas,
3357 2514 3492 2587 duos
3533 2515 3820 2587 admodum

2237 2583 2485 2651 christos,
2513 2601 2616 2639 non
2645 2601 2805 2640 unum
2831 2583 3107 2654 praedicas.
3141 2585 3206 2639 Et
3226 2600 3331 2639 non
3355 2585 3658 2652 immerito;
3695 2603 3822 2643 nam

2239 2661 2285 2716 si
2315 2659 2366 2712 in
2392 2673 2459 2714 eo
2489 2656 2618 2711 nihil
2647 2655 2855 2725 penitus
2875 2654 3130 2725 divinitas
3153 2656 3389 2725 pertulit,
3409 2657 3704 2713 secundum
3724 2657 3823 2713 ho-

2239 2729 2436 2788 minem
2452 2724 2696 2784 Christus
2715 2727 2849 2780 alius
2867 2724 2960 2780 fuit
2984 2744 2997 2778 :
3029 2724 3262 2797 alioquin
3287 2741 3382 2797 per
3405 2726 3652 2784 aﬁ‘ectum
3669 2744 3821 2785 eo—

2241 2801 2418 2856 munis
2462 2799 2693 2865 deitatis,
2746 2798 2907 2853 etiam
2947 2797 3014 2852 ad
3056 2797 3492 2868 Patrempassio
3541 2799 3654 2870 ipsa
3701 2815 3829 2872 per-

2243 2872 2406 2928 venit.

2315 2942 2449 2998 Aac.
2477 2940 2592 2996 Non
2617 2939 2689 2994 ita
2719 2947 2842 3005 est;
2875 2954 2974 3009 ego
3012 2939 3156 2996 enim
3190 2938 3524 2996 Salvatorem
3573 2951 3822 3000 nostrum

2242 3027 2348 3069 non
2374 3012 2660 3075 confundo,
2689 3027 2794 3066 non
2837 3010 3016 3066 divido
3046 3029 3060 3066 :
3087 3025 3193 3065 non
3221 3011 3509 3078 confundo,
3539 3027 3608 3068 ne
3625 3023 3715 3070 aut
3735 3014 3826 3070 in-

2243 3099 2556 3156 corpoream
2575 3092 2630 3137 et
2668 3082 3031 3156 imaginariam
3074 3096 3312 3147 carnem,
3347 3091 3437 3137 aut
3481 3085 3827 3142 carnalemet

2245 3153 2523 3212 mortalem
2565 3153 2848 3225 praedicem
2886 3153 3136 3208 deitatem
3172 3171 3186 3206 :
3218 3168 3326 3209 non
3371 3168 3584 3224 separo,
3631 3171 3696 3213 ne
3726 3157 3826 3213 Dei

2243 3227 2417 3284 Patris
2446 3223 2602 3280 unam
2633 3223 2926 3279 secundum
2940 3238 3178 3289 carnem,
3200 3233 3256 3280 et
3285 3223 3509 3280 alteram
3528 3227 3828 3283 secundum

2244 3298 2578 3367 majestatem
2623 3295 2961 3367 introducere
3015 3294 3199 3350 videar
3251 3297 3456 3367 prolem
3489 3298 3649 3367 :quia
3672 3298 3828 3354 idem

2246 3359 2537 3424 DeiFilius
2562 3376 2615 3423 et
2667 3367 2785 3421 sine
2825 3365 2974 3420 initio
3025 3359 3281 3435 processit
3322 3382 3388 3422 ex
3416 3359 3588 3434 Patre,
3624 3376 3680 3423 et
3729 3383 3829 3425 se-

2245 3439 2477 3510 cundum
2498 3447 2706 3508 tempus
2729 3437 2872 3492 nasci
2887 3435 3235 3510 estdiguatus
3260 3453 3327 3493 ex
3359 3437 3580 3510 virgine.
3610 3437 3820 3510 Impas-

2243 3511 2416 3566 sihilis
2441 3509 2493 3564 in
2519 3507 2638 3571 suo,
2669 3522 2860 3578 passus
2885 3508 2938 3580 in
2957 3514 3164 3580 nostro,
3191 3507 3318 3580 dum
3365 3507 3824 3580 incomprehensi-

2245 3582 2406 3637 bilem
2465 3581 2796 3648 majestatem
2841 3579 2987 3634 velut
3027 3579 3256 3646 quodam
3291 3578 3604 3636 indumento
3641 3583 3822 3638 carnis

2246 3652 2443 3708 vestire
2472 3659 2556 3706 est
2570 3649 2822 3723 dignatus
2855 3663 2921 3706 ex
2961 3649 3166 3723 utero‘.
3199 3648 3314 3704 Una
3349 3649 3655 3707 Mediatoris
3700 3667 3827 3723 per-

2247 3737 2400 3786 sona,
2435 3739 2542 3784 non
2589 3737 2691 3776 una
2742 3720 3038 3792 substantia
3069 3737 3082 3772 :
3112 3734 3234 3784 una,
3285 3722 3522 3792 inquam,
3570 3720 3826 3792 persona,

2248 3811 2317 3852 ne
2343 3795 2412 3848 sit
2466 3809 2571 3847 non
2627 3806 2762 3847 unus
2813 3790 3088 3856 Christus;
3120 3805 3223 3845 non
3267 3790 3372 3847 una
3413 3790 3733 3860 substantia,
3757 3811 3828 3851 ne

2245 3865 2548 3930 Mediatoris
2593 3862 2988 3932 dispensatione
3019 3863 3301 3932 submota,
3343 3873 3436 3932 aut
3482 3863 3572 3918 Dei
3615 3873 3824 3921 tantum

2245 3937 2473 4001 dicatur,
2499 3930 2834 3989 authoininis
2857 3932 3012 3987 ﬁlius.
3034 3930 3148 4002 Non
3177 3947 3304 4002 ergo
3331 3933 3384 3987 in
3410 3931 3626 3988 Christo
3643 3950 3829 3992 susce—

2246 4017 2389 4078 ptam
2435 4021 2650 4078 carnem
2703 4003 3054 4078 perpetuitate
3101 4001 3294 4058 divina:
3323 4005 3682 4078 generationis
3727 4022 3829 4061 ex-

2247 4073 2440 4142 tendo;
2480 4091 2577 4132 nec
2603 4073 2916 4130 immensam
2949 4073 3199 4128 deitatem
3242 4073 3484 4144 corporei
3513 4086 3663 4131 ortus
3690 4087 3827 4131 teta-

2248 4158 2298 4204 te
2326 4148 2618 4204 concludo:
2651 4147 2772 4215 quia
2798 4144 2937 4199 idem
2983 4144 3034 4198 iu
3084 4143 3360 4199 divinitate
3403 4155 3588 4200 auctor
3617 4155 3701 4201 est
3735 4163 3828 4202 re-

2245 4235 2383 4284 rum,
2411 4219 2501 4288 qui
2551 4219 2603 4272 in
2645 4231 2806 4272 carne
2847 4215 3151 4288 redemptor
3193 4224 3288 4288 est
3323 4215 3599 4288 hominum
3629 4235 3644 4270 :
3671 4217 3825 4274 idem

2245 4285 2586 4360 impassibilis
2633 4289 2684 4342 in
2732 4302 2811 4352 se,
2841 4287 2928 4356 qui
2975 4300 3162 4360 passus
3189 4287 3241 4341 in
3287 4285 3695 4355 corpore;dum
3739 4288 3828 4344 sic

2243 4358 2519 4431 utriusque
2567 4369 2768 4414 naturae
2815 4358 3188 4431 proprietatem
3221 4371 3338 4412 vere
3387 4371 3452 4410 ex
3489 4365 3716 4428 utraque
3739 4360 3834 4429 gi—

2242 4428 2656 4504 gnentifsimiﬂs
2699 4439 2854 4486 natus
2899 4428 3177 4499 expressit,
3220 4437 3278 4482 ut
3317 4433 3373 4482 et
3398 4428 3829 4504 veramcarnem

2242 4497 2543 4573 suscepisse
2579 4517 2700 4556 eum
2743 4497 3067 4555 constet—ex
3097 4507 3289 4573 matre,
3333 4497 3828 4573 etuindiﬁ‘erentem

2242 4569 2492 4631 deitatem
2522 4573 2714 4627 habere
2741 4580 2948 4626 constet
3000 4585 3064 4625 ex
3096 4570 3273 4625 Patre.
3319 4569 3522 4640 Quibus
3564 4571 3616 4625 in
3664 4587 3827 4630 unam

2243 4661 2524 4716 personam
2593 4641 3115 4716 incomprehensibili
3169 4640 3476 4716 Mediatoris
3541 4641 3826 4716 dispensa-

2242 4712 2385 4772 tione
2411 4715 2727 4784 conjunctis,
2769 4712 2996 4768 servavit
3023 4713 3244 4784 singulis
3273 4715 3482 4782 propria
3504 4753 3518 4776 ,
3549 4712 3642 4784 sed
3691 4729 3827 4767 con-

2235 4788 2412 4856 junxit
2457 4783 2684 4858 propriis
2742 4785 2959 4858 aliena:
3001 4783 3238 4858 servavit
3275 4784 3505 4858 propria,
3557 4783 3683 4840 dum
3712 4798 3822 4844 non

2240 4854 2418 4913 amisit
2438 4854 2847 4911 iinmensitatem
2879 4855 3110 4918 deitatis,
3149 4863 3203 4908 et
3227 4854 3584 4908 inﬁrmitatem
3607 4870 3713 4909 non
3739 4871 3830 4911 re-

2240 4929 2576 5000 spuitcarnis
2608 4926 2916 5000 :eonjtmxit
2939 4926 3166 4994 propriis
3190 4925 3382 5000 aliena,
3416 4924 3541 4978 dum
3559 4924 3708 5000 idem
3728 4934 3822 5000 _a_t_-

2241 4995 2343 5070 q'ue
2387 4997 2752 5078 inseparabilis
2767 4995 3036 5078 Christus,
3080 5003 3135 5078 et
3174 4997 3390 5078 proprio
3425 4996 3600 5078 carnis
3629 4995 3832 5078 occidi-

2241 5067 2344 5133 tur,
2374 5080 2427 5125 et
2483 5067 2696 5138 proprio
2749 5067 2958 5123 deitatis
2984 5067 3125 5138 apud
3172 5067 3367 5122 inl'eros
3405 5081 3510 5122 non
3567 5074 3777 5138 tenetur
3811 5086 3826 5122 :

2241 5143 2459 5211 proprio
2483 5137 2658 5195 carnis
2706 5141 2936 5211 gustavit
2957 5137 3061 5192 vita
3109 5146 3357 5211 mortem,
3397 5138 3611 5206 proprio
3657 5137 3832 5211 deita-

2241 5207 2307 5267 iis
2343 5207 2657 5281 perpetuam
2688 5207 2912 5263 reddidit
2957 5223 3191 5264 carnem.
3220 5207 3335 5281 Non
3367 5222 3495 5277 ergo
3523 5217 3666 5262 recte
3687 5207 3828 5263 dici-

2242 5279 2427 5362 tur,_ln
2456 5282 2591 5338 Filio
2623 5282 2787 5362 Pater
2804 5288 2888 5334 est
2909 5295 3095 5349 passus
3126 5296 3138 5332 :
3169 5279 3420 5360 quoniam
3443 5281 3493 5332 in
3515 5293 3830 5362 carri-equm

2240 5356 2289 5409 ei
2319 5370 2423 5410 non
2466 5363 2548 5408 est
2577 5366 2700 5408 cum
2750 5351 2906 5406 Patre
2927 5351 3244 5414 communis,
3303 5363 3491 5418 passus
3529 5359 3609 5404 est
3636 5349 3828 5404 Filius.

2242 5427 2426 5495 Itaque
2445 5423 2736 5494 gloriﬁcata
2785 5431 2868 5495 est
2906 5435 3031 5476 caro
3075 5420 3369 5495 majestate,
3401 5420 3526 5474 dum
3574 5421 3835 5495 majestas

2245 5492 2515 5550 luuniliata
2547 5495 2770 5548 docetur
2813 5494 2864 5547 in
2913 5507 3090 5547 carne.
3125 5492 3232 5547 Sed
3277 5503 3580 5563 utrumque,
3629 5506 3738 5545 non
3762 5493 3832 5547 de

2241 5568 2448 5624 duobus
2473 5565 2708 5630 christis,
2747 5565 2884 5620 sicut
2911 5572 3086 5634 putas,
3118 5562 3211 5618 sed
3263 5563 3331 5617 de
3372 5562 3487 5617 uno
3526 5570 3686 5634 atque
3730 5578 3831 5616 eo-

2244 5639 2366 5702 dem
2394 5640 2712 5712 ipso_,mquem
2743 5643 2863 5703 post
2886 5633 3096 5703 partum
3134 5635 3353 5712 virginis
3383 5635 3548 5687 Deum
3577 5642 3631 5687 et
3653 5633 3837 5688 homi-

2244 5726 2366 5765 nem
2398 5705 2661 5769 novimus,
2689 5722 2786 5760 nos
2813 5713 3012 5759 certum
3043 5714 3126 5760 est
3155 5705 3463 5775 praedicare.

2313 5779 2540 5836 CAPUT
2579 5779 2767 5834 XL—
2791 5775 2924 5832 an.
2950 5775 3006 5829 Si
3033 5792 3160 5845 ergo
3210 5789 3275 5830 ex
3321 5775 3524 5844 virgine
3563 5783 3720 5829 natus
3750 5785 3836 5830 est

2243 5853 2490 5908 Christus
2518 5890 2534 5914 ,
2581 5847 2848 5920 quomodo
2892 5847 3002 5902 Deo
3031 5846 3177 5902 Patri
3216 5846 3412 5901 dicitur
3457 5846 3810 5902 coaeternus?

2306 5994 2322 6025 ί
2356 5984 3089 6052 Chiﬁletiustdigna‘ﬂewm
3122 5984 3582 6049 manete.
