4072 6426
582 434 720 498 H67

576 565 687 616 tem
705 559 867 615 vitam
883 551 1107 616 dicimus
1119 552 1407 616 contulisse
1421 564 1699 631 concepto.
1717 553 1892 626 Nasci,
1906 558 2120 630 inquam
2131 602 2146 626 ,

578 644 644 686 ex
661 641 833 685 matre
847 631 1059 697 dicitur,
1075 632 1196 701 quia
1212 647 1279 686 ex
1297 632 1396 700 hac
1409 631 1510 686 sibi
1527 647 1720 702 corpus
1736 633 1953 701 aptavit,
1971 633 2023 686 in
2045 647 2150 702 quo

577 702 722 774 nasci
741 714 949 772 posset:
975 717 1079 774 non
1100 703 1221 772 quia
1241 713 1524 774 antequam
1547 713 1872 774 nasceretur,
1895 713 2150 771 quantum

580 771 650 826 ad
670 788 729 827 se
744 771 954 837 attinet,
976 773 1084 842 ipsa
1115 771 1324 842 penitus
1344 771 1448 827 non
1476 773 1678 828 fuisset.
1701 775 1758 829 Et
1777 773 1860 826 hic
1885 775 1929 827 si
1963 774 2151 827 verbo-

575 857 696 898 rum
727 842 851 908 vim,
879 843 1166 914 quotidiani
1195 845 1458 899 sermonis
1473 845 1859 914 contemplator
1886 843 2145 908 attendas,

575 915 840 986 contraria
886 913 1262 984 proponimus,
1307 916 1663 986 oppugnantia
1691 913 1712 947 ⁷¹
1753 914 2108 986 prirdicamns
2130 932 2144 967 :

573 992 630 1038 et
658 983 822 1056 inhis
849 983 1024 1040 tamen
1048 999 1232 1040 verum
1253 983 1474 1041 constat
1491 1001 1610 1056 esse
1635 983 1773 1056 quod
1801 985 2045 1040 dicimus.
2069 985 2150 1039 Ex

571 1055 761 1126 matris
792 1062 949 1109 utero
997 1071 1118 1110 cum
1163 1071 1389 1126 corpore
1435 1055 1914 1112 scimus’animam
1960 1056 2146 1126 nasci:

573 1124 668 1196 sed
685 1124 852 1196 etiam
879 1133 1047 1182 matre
1063 1124 1299 1196 priorem
1325 1127 1564 1182 videmus
1584 1127 1814 1181 animam
1843 1125 2140 1196 praedicari.

569 1193 630 1268 in
674 1194 783 1249 filio
825 1204 996 1250 mater
1037 1193 1269 1268 animam
1308 1197 1515 1268 gignit:
1547 1197 1640 1252 sed
1667 1193 1855 1253 tamen
1889 1199 2046 1268 etiam
2095 1197 2147 1250 in

568 1265 696 1338 ipsa
715 1275 882 1320 matre
912 1281 1018 1322 non
1049 1268 1149 1322 nisi
1188 1265 1398 1323 animus
1428 1269 1571 1332 vivit,
1599 1269 1714 1323 sine
1773 1282 1878 1336 quo
1925 1283 1992 1322 ne
2033 1267 2147 1338 ipsa

568 1335 786 1410 quidem
814 1346 1009 1410 potest
1045 1352 1166 1410 esse
1206 1355 1324 1410 quae
1364 1341 1565 1408 genuit.
1589 1338 1770 1408 Itaque
1793 1335 1847 1392 isi
1888 1335 2146 1408 originem

570 1407 856 1478 animantis
900 1409 1150 1476 potentire
1191 1407 1547 1478 requiramus,
1579 1407 1721 1478 prior
1749 1418 1831 1462 est
1871 1407 2060 1472 matre,
2093 1416 2148 1462 et

571 1491 640 1548 ex
667 1477 766 1532 bac
790 1494 974 1532 rursus
1014 1488 1133 1534 nata
1174 1477 1383 1534 videtur
1410 1495 1530 1535 esse
1557 1477 1677 1534 cum
1720 1480 1904 1534 sobole
1933 1497 1945 1532 :
1976 1480 2143 1548 prior,

568 1547 808 1618 inquam,
840 1553 1035 1616 anima,
1065 1565 1159 1620 per
1187 1565 1344 1620 quam
1389 1559 1558 1605 mater
1581 1559 1664 1605 est
1709 1551 1936 1604 animata
1955 1547 2147 1620 ;’prior

568 1627 766 1681 mater,
797 1636 892 1689 per
919 1619 1079 1689 quam
1102 1622 1154 1675 in
1185 1619 1292 1675 filio
1321 1630 1440 1676 nata
1489 1621 1697 1675 videtur
1720 1628 1775 1675 et
1810 1621 1985 1674 anima
2013 1638 2025 1674 :
2052 1619 2146 1674 sed

567 1703 679 1744 non
707 1701 877 1745 mater
922 1691 974 1744 in
1003 1706 1218 1746 carnem
1255 1691 1490 1746 animam
1516 1691 1694 1757 vertit,
1723 1705 1821 1744 nec
1847 1705 2061 1746 carnem
2092 1691 2144 1744 in

566 1761 798 1814 animam
825 1763 1197 1826 commutavit;
1224 1762 1317 1816 sed
1343 1761 1629 1816 animatam
1655 1776 1870 1816 carnem
1899 1761 1964 1816 de
1993 1770 2146 1815 utero

566 1831 775 1890 matris,
795 1829 935 1884 idem
959 1833 1135 1886 carnis
1164 1840 1218 1887 et
1241 1832 1432 1886 anima:
1459 1840 1516 1886 et
1544 1833 1703 1887 totius
1734 1831 1966 1886 hominis
1985 1832 2148 1886 Crea-

567 1908 653 1954 tor
694 1899 1084 1972 exhibuitzqui
1133 1918 1229 1972 per
1271 1903 1722 1968 diSpensationem
1771 1903 2025 1972 analogiae
2064 1901 2146 1956 di-

565 1984 719 2026 versa
770 1971 1038 2041 jungentis
1083 1971 1140 2026 in
1187 1987 1293 2026 uno
1337 1982 1494 2042 atque
1544 1974 1731 2028 eodem
1783 1971 2038 2037 homine,
2092 1981 2146 2028 et

567 2049 855 2109 utrumque
893 2042 1156 2098 insolubili
1181 2044 1380 2096 unitate.
1401 2044 1692 2111 conjunxit,
1717 2051 1772 2098 et
1800 2054 2044 2098 neutrum
2077 2058 2143 2098 ex

563 2113 784 2184 alterius
815 2113 1220 2184 participatione
1268 2113 1523 2168 confudit.
1551 2115 1644 2170 Sic
1665 2129 1814 2184 ergo,
1840 2113 1946 2167 imo
1975 2114 2142 2168 multo

565 2183 1155 2250 incomprehensibilius
1201 2193 1359 2252 atque
1403 2185 1683 2239 sublimius
1730 2183 1883 2238 natus
1914 2193 1994 2240 est
2022 2199 2144 2238 sus-

563 2257 810 2323 ceptione.
836 2254 1052 2323 perfecti
1082 2253 1314 2310 hominis
1339 2255 1406 2310 de
1423 2267 1589 2310 matre
1618 2255 1782 2308 Filius
1813 2255 1927 2319 Dei,
1955 2255 2145 2324 quiest

633 2339 662 2378 ι’
687 2324 1122 2396 omnipotentiam
1151 2326 1471 2396 singularem
1514 2327 1704 2396 genitis
1743 2327 2008 2390 omnibus,
2035 2343 2142 2396 non

586 2393 789 2448 ’acultas
831 2393 1056 2458 tantum,
1085 2397 1180 2452 sed
1225 2393 1279 2452 et
1322 2412 1480 2452 causa
1519 2393 1772 2450 nascendi
1808 2395 2140 2450 :secundum

564 2462 856 2531 hominem,
902 2468 1136 2536 inquam,
1185 2467 1252 2521 de
1298 2469 1500 2537 virgine
1542 2478 1696 2521 natus
1740 2477 1820 2522 est
1867 2468 2035 2529 Deus;
2076 2482 2143 2521 eo

563 2543 720 2606 pacto
760 2553 864 2619 quo
918 2552 1040 2618 cum
1077 2552 1300 2607 corpore
1339 2539 1758 2619 nascbdocetur
1799 2547 1853 2592 et
1873 2540 2091 2619 _animus
2124 2554 2136 2590 :

566 2621 672 2659 non
699 2609 820 2675 quia
866 2609 1138 2679 utriusque
1181 2618 1264 2664 est
1305 2624 1406 2662 una
1438 2609 1750 2673 substantia,
1795 2610 1886 2662 sed
1928 2609 2048 2678 quia
2075 2623 2141 2662 ex

561 2684 785 2749 utroque
826 2679 883 2731 tit
922 2695 1021 2732 una
1048 2694 1269 2747 persona
1302 2698 1314 2730 :
1348 2695 1451 2733 non
1495 2680 1629 2734 alius
1658 2679 1819 2734 homo
1844 2693 2056 2749 corpus,
2089 2686 2143 2732 et

561 2746 698 2801 alius
720 2749 958 2813 animus;
997 2746 1088 2803 sed
1126 2767 1261 2804 unus
1299 2749 1460 2804 homo
1490 2765 1682 2820 corpus
1709 2761 1763 2805 et
1795 2746 2023 2804 animus.
2054 2749 2142 2804 Sic

561 2827 686 2888 post
704 2828 908 2887 partum
937 2820 1172 2888 virginis,
1205 2837 1306 2875 non
1347 2821 1482 2875 alius
1513 2821 1602 2875 Dei
1635 2821 1771 2876 filius
1799 2830 1852 2874 et
1879 2822 2015 2874 alius
2043 2821 2140 2874 ho-

562 2887 750 2950 minis;
773 2890 864 2942 sed
893 2887 1290 2947 idemChristus
1315 2893 1404 2946 Dei
1433 2900 1486 2946 et
1514 2891 1741 2946 hominis
1768 2891 1923 2945 filius.
1952 2891 2138 2945 Etsic-

560 2974 618 3011 ut
649 2959 838 3031 in_t_tno
870 2959 1084 3015 homine
1139 2963 1280 3015 aliud
1303 2977 1516 3031 corpus,
1541 2962 1683 3016 aliud
1711 2963 1918 3016 animus
1943 2980 1956 3016 :
1981 2963 2056 3014 sic
2086 2963 2138 3015 in

560 3043 671 3083 uno
716 3029 1002 3085 Mediatore
1047 3031 1188 3086 aliud
1235 3033 1348 3094 Dei,
1389 3029 1531 3086 aliud
1579 3033 1806 3086 hominis
1847 3032 2012 3094 filius;
2045 3033 2139 3086 sed

562 3098 702 3153 idem
747 3109 921 3172 tamm
960 3112 1014 3154 et
1057 3119 1159 3154 non
1197 3102 1338 3172 alius
1384 3103 1473 3157 Dei
1519 3119 1674 3172 quam
1706 3103 1934 3158 hominis
1977 3103 2135 3168 filius,

559 3170 802 3241 quamvis
833 3179 1048 3240 propter
1070 3170 1211 3225 aliud
1250 3172 1363 3236 Dei,
1401 3184 1452 3225 et
1488 3170 1702 3241 propter
1730 3173 1871 3226 aliud
1910 3173 2138 3227 hominis

560 3239 722 3312 iiIins.
757 3240 872 3295 Non
919 3239 984 3296 ab
1025 3243 1171 3296 initio
1196 3243 1372 3296 carnis
1411 3239 1636 3312 cce—pisse
1675 3243 1899 3297 dicimus
1947 3243 2137 3297 Filium

559 3310 675 3376 Dci,
713 3327 778 3365 ne
809 3313 1150 3380 temporalem
1189 3313 1369 3366 credat
1399 3310 1590 3382 aliquis
1617 3313 1864 3367 deitatem
1896 3331 1908 3365 :
1939 3329 2043 3367 non
2071 3314 2139 3368 ab

559 3388 762 3435 aeterno
798 3383 914 3436 Filii
945 3383 1032 3437 Dei
1073 3384 1313 3436 novimus
1341 3399 1581 3448 carnem,
1611 3399 1678 3438 ne
1720 3400 1824 3437 non
1859 3384 2135 3438 veritatem

557 3449 773 3506 humani
794 3453 1054 3523 corporis,
1081 3453 1175 3525 sed
1204 3454 1486 3523 quamdam
1515 3470 1635 3508 eum
1661 3455 1958 3525 suscopisse
1987 3463 2138 3524 pute-

555 3535 676 3594 mus
709 3525 1030 3594 imaginem.
1079 3524 1260 3591 Neque
1311 3525 1451 3578 enim
1506 3527 1768 3578 consumit
1807 3524 2133 3592 majestatem

557 3589 680 3646 Filii
708 3593 820 3659 Dei,
836 3589 1049 3648 vveritas
1078 3589 1287 3660 carnis;
1332 3603 1423 3649 aut
1458 3597 1734 3650 veritatem
1778 3589 1988 3661 carnis,
2038 3600 2136 3650 itu-

555 3663 812 3718 mensitas
841 3665 1084 3729 deitntis;
1125 3665 1250 3719 dum
1302 3681 1460 3718 unum
1491 3666 1658 3719 radiat
1691 3667 1971 3721 virtutibus
1995 3667 2128 3733 suis,

554 3733 695 3807 aliud
717 3735 938 3807 docetur
959 3736 1350 3807 infirmitatibus
1371 3737 1588 3790 nostris.
1611 3735 1758 3792 Unus
1777 3747 1952 3790 autem
1975 3748 2135 3807 atque

555 3802 925 3878 inseparabilis
954 3807 1193 3878 Christus
1232 3815 1285 3860 ct
1315 3805 1617 3860 humiliatur
1658 3809 1709 3862 in
1747 3802 2059 3878 assumptis,
2081 3817 2135 3863 et

552 3875 950 3945 glorificaturin
985 3877 1239 3944 propriis;
1279 3893 1397 3930 cum
1437 3886 1490 3931 et
1528 3878 1664 3932 affici
1692 3893 1794 3931 non
1819 3875 2132 3945 dedignatur

552 3943 791 4017 injuriis,
839 3955 892 4000 et
942 3943 1292 4014 ait‘iualitatem
1344 3947 1575 4002 custodit
1624 3948 1897 4017 genitoris.
1939 3943 2133 4004 Genuit

554 4028 682 4090 ergo
707 4016 866 4070 Maria
885 4025 937 4070 et
964 4033 1069 4090 non
1091 4019 1272 4088 genuit
1302 4019 1489 4072 liilinm
1530 4016 1659 4073 Dei’:
1692 4021 1894 4088 genuit,
1919 4020 2132 4090 quando

553 4085 757 4160 exipsa
785 4089 1074 4160 secundum
1098 4085 1316 4160 carnem
1343 4100 1495 4142 natus
1516 4099 1596 4143 cst
1619 4085 1859 4144 Christus
1879 4107 1892 4154 ;
1915 4085 2019 4144 non
2040 4107 2131 4160 ge-

552 4155 667 4230 nuit
695 4156 905 4230 quando
932 4158 996 4211 de
1032 4159 1348 4230 Patrefine
1389 4159 1534 4212 initio
1573 4161 1778 4213 exstitit
1806 4160 2009 4215 Filius:
2038 4155 2132 4230 ge-

553 4226 687 4290 nuit,
711 4227 921 4298 quando
941 4243 1004 4283 ex
1049 4229 1147 4282 hac
1193 4228 1422 4282 Verbum
1449 4245 1573 4283 caro
1595 4231 1871 4298 processit,
1897 4240 1953 4284 ut
1978 4226 2128 4285 babi-

549 4305 687 4350 taret
714 4303 762 4350 in
791 4297 942 4353 nobis
975 4299 1150 4423 goan.
1195 4316 1230 4363 ι,
1281 4299 1399 4369 14);
1449 4316 1554 4353 non
1592 4297 1773 4369 genuit
1819 4301 2028 4370 quando
2074 4303 2128 4357 in

552 4369 811 4423 Drint-inio
839 4378 954 4423 erat
1031 4387 1122 4423 eus
1160 4370 1408 4423 Verbum.
1438 4371 1574 4423 uuod
1599 4372 1853 4423 origini-tn
1886 4374 2128 4423 nrmstitit

552 4369 811 4441 principio
839 4378 954 4441 erat
986 4369 1122 4425 Deus
1160 4370 1408 4434 Verbum,
1438 4371 1574 4438 quod
1599 4369 1853 4439 origini-ni
1886 4374 2129 4441 prmstitit

552 4438 835 4510 universis.
866 4440 1039 4510 Nolite
1061 4457 1190 4510 ergo
1215 4450 1362 4507 partu
1388 4442 1602 4509 virginis
1625 4438 1977 4497 delcrtninare
2015 4443 2126 4496 ori-

549 4507 726 4576 ginem
761 4511 847 4562 ttei
877 4509 1034 4564 Verbi
1074 4530 1086 4564 :
1123 4507 1283 4565 nolite
1326 4511 1392 4566 de
1431 4507 1632 4579 virgine
1672 4514 1902 4579 genitum
1934 4528 2128 4581 corpus

549 4587 871 4652 consternunt
902 4581 1080 4636 dicere
1106 4582 1314 4652 deitati;
1357 4582 1474 4652 quia
1501 4582 1762 4652 lilcdiator
1809 4584 1898 4636 Dei
1946 4593 1998 4637 et
2028 4583 2124 4636 ho-

548 4649 748 4724 minum
789 4649 946 4704 homo
979 4652 1219 4706 Christus
1239 4649 1398 4724 _.lesus
1423 4653 1464 4724 (l
1495 4651 1630 4708 Tim.
1663 4669 1718 4716 tt,
1751 4655 1806 4717 5)
1836 4655 2001 4722 prima
2035 4670 2128 4708 na-

547 4719 750 4794 tivitate
776 4731 1073 4794 comternus
1113 4734 1196 4777 est
1235 4722 1398 4785 Patri,
1430 4719 1671 4778 secunda
1706 4719 1966 4794 particeps
1995 4735 2126 4778 tem-

543 4791 692 4857 poris
721 4793 920 4866 nostri;
953 4793 1006 4847 in
1032 4793 1123 4848 illa
1144 4800 1328 4848 auctor
1359 4796 1631 4864 temporis,
1657 4791 1714 4848 in
1741 4795 1836 4850 ista
1862 4791 2125 4866 particeps

544 4869 629 4916 est
651 4863 840 4916 artatis.
1319 4894 1325 4902 ς

616 4931 837 5008 CAI_’UT
868 4933 1004 5008 Xlll.
1032 4966 1106 4976 —
1140 4934 1270 4992 FsL.
1323 4933 1582 5008 Quoniam
1623 4935 1690 4990 de
1714 4938 1978 5008 mysterio
2016 4937 2124 4992 Mc-

543 5001 765 5074 diatoris
813 5006 1090 5074 perspicua
1134 5001 1361 5071 ratione,
1406 5015 1462 5060 et
1499 5005 1565 5058 ad
1602 5001 1924 5061 credendum
1954 5009 2122 5063 cuivis

545 5073 1121 5146 sufficienteritractasti
1144 5094 1157 5141 ;
1184 5077 1378 5132 idcirco
1399 5089 1576 5146 quaeso
1594 5085 1650 5128 ut
1672 5077 1938 5146 mihiquid
1961 5079 2118 5132 etiam

543 5144 805 5216 deanima
831 5144 1026 5202 Christi
1052 5147 1386 5203 sentiendum
1411 5144 1500 5214 Sit,
1528 5145 1714 5215 jubeas
1741 5144 2010 5216 explicari.
2045 5149 2120 5204 Ita

541 5215 682 5289 enim
713 5231 741 5289 a
778 5217 1066 5286 majoribus
1108 5219 1306 5272 nostris
1333 5232 1545 5289 semper
1572 5224 1653 5270 est
1681 5215 1951 5284 traditum,
1979 5220 2120 5289 quod

544 5283 736 5358 Christi
763 5283 955 5358 corpus
984 5289 1048 5342 ad
1070 5289 1238 5344 vicem
1269 5283 1468 5343 animai
1487 5289 1800 5352 communis,
1838 5283 2010 5358 ipsius
2027 5289 2117 5344 Fi-

539 5352 593 5406 lii
628 5355 718 5429 Dei
737 5352 971 5429 _l_iabitus
1000 5358 1278 5425 animarit;
1308 5372 1408 5429 nec
1426 5358 1740 5429 accessione
1767 5352 1935 5414 vitalis
1956 5361 2116 5429 spiri-

539 5433 624 5478 tus
649 5425 905 5500 _indigens
939 5427 1128 5500 fuerit,
1172 5430 1256 5484 cui
1296 5427 1596 5485 inhabitans
1634 5429 1752 5486 fons
1787 5430 1906 5485 vita:
1948 5425 2118 5500 potuit

536 5495 796 5551 conferre
810 5499 950 5567 quod
976 5500 1123 5554 vixit.

607 5568 741 5642 huc.
777 5567 1060 5642 Possemus
1104 5569 1318 5642 quidem
1359 5569 1410 5624 id
1448 5569 1589 5642 quod
1617 5572 1669 5626 in
1695 5571 1794 5627 hac
1823 5572 2116 5640 quazstione

534 5637 808 5693 catholica:
851 5637 1180 5695 auctoritatis
1217 5637 1525 5697 deﬁnitione
1563 5637 1944 5709 prrescribitur,
1973 5643 2114 5696 divi-

533 5722 722 5762 norum
772 5709 1728 5784 voluminum_testimoniis_edocere
1780 5731 1794 5766 :
1847 5713 1940 5770 sed
1989 5713 2112 5784 quia

535 5793 674 5833 nunc
700 5795 803 5834 non
833 5780 1090 5835 librorum
1121 5781 1314 5838 indicio
1332 5783 1376 5847 ',
1405 5782 1501 5838 sed
1532 5783 1646 5839 sola
1675 5785 1880 5841 ratione
1916 5780 2113 5856 placuit

595 5909 617 5982 ξ
649 5915 926 5982 tim._t-:r._et
947 5916 1074 5981 Mss,
1089 5908 1426 5982 gppugnmda.

595 5971 618 6002 ’
649 5972 843 6027 Quidam
860 5978 989 6033 Mss,
1004 5971 1208 6033 judicio.

2029 437 2389 502 APPENDIX.

3702 451 3846 512 “68

2259 565 2446 613 cuncta
2474 556 2756 624 discutere,
2790 555 2986 615 idcirco
3013 557 3068 615 in
3109 559 3251 636 aliud
3292 566 3503 634 tempus
3527 563 3844 636 Scriptura-

2257 643 2376 682 rum
2423 639 2768 706 monumenta
2804 640 3156 706 reservantes,
3195 633 3331 706 sicut
3359 633 3604 706 superius
3641 633 3844 696 factum

2259 710 2360 772 est,
2395 701 2482 772 sic
2534 701 2691 755 etiam
2722 701 2804 772 Ade
2851 702 3041 756 anima:
3087 701 3442 772 inquisitione—
3470 707 3842 765 tractabimus.

2259 771 2409 836 Quod
2452 779 2508 824 ut
2543 772 2664 842 ffieri
2713 770 2914 825 facilius
2951 770 3307 842 possitpquze
3352 775 3612 833 Salvatori
3657 789 3845 836 nostro

2258 841 2575 917 suscipiendi
2596 841 2832 917 hominis
2861 858 3014 917 causa
3042 841 3217 917 fuerit,
3245 861 3346 900 una
3375 857 3576 902 tantum
3593 850 3837 917 Apostoli

2257 911 2483 990 lectione
2527 912 2764 990 subjecta
2789 913 3036 990 breviter
3066 915 3393 990 inquii-amns
3422 935 3437 972 :
3468 934 3570 990 qua
3601 911 3839 990 inventa,

2257 982 2372 1061 sine
2401 983 2575 1061 aliqua
2604 982 2912 1038 difficultate
2933 985 3091 1061 etiam
3118 982 3183 1038 ad
3209 986 3343 1061 haec,
3366 982 3498 1061 quae
3521 989 3682 1060 hujus
3708 982 3843 1061 pm;

2256 1052 2500 1124 cedentis
2540 1063 2663 1108 sunt
2711 1056 3112 1124 consequentia,
3159 1052 3522 1114 transibimus.
3563 1052 3647 1116 A'b
3688 1052 3842 1118 initio

2257 1123 2417 1204 igitur
2440 1139 2510 1178 ex
2540 1138 2764 1194 corpore
2789 1134 2844 1178 et
2871 1123 3048 1179 anima
3072 1127 3212 1181 Deus
3243 1128 3517 1184 hominem
3545 1130 3672 1204 fecit
3699 1150 3714 1186 :
3744 1135 3834 1204 qui

2256 1193 2389 1266 legis
2431 1193 2692 1266 praecepta
2734 1205 3112 1264 transgressus,
3163 1207 3283 1266 post
3328 1201 3732 1266 usurpationem
3760 1193 3840 1260 in-

2255 1265 2492 1342 terdicta:
2518 1265 3081 1342 arboris_,__sententiam
3107 1265 3336 1337 quodam
3359 1265 3532 1342 modo
3547 1287 3722 1342 paena:
3741 1289 3837 1330 ea-

2255 1335 2682 1412 pitalise‘xcepit.
2714 1335 2810 1412 llic
2844 1335 2910 1412 ad
2945 1351 3072 1412 eum
3108 1335 3300 1412 statum
3329 1354 3359 1393 a
3389 1355 3496 1410 quo
3521 1335 3706 1412 lapsus
3733 1354 3833 1410 est,

2258 1406 2495 1482 non_nisi
2541 1406 2774 1482 auctoris
2815 1407 2897 1460 sui
2939 1408 3107 1482 gratia
3155 1406 3493 1482 reformatus,
3524 1406 3831 1482 postliminii

2253 1476 2668 1552 quodammodo
2708 1477 2826 1544 jure
2854 1477 3023 1552 potuit
3051 1493 3291 1552 remeare
3320 1476 3494 1552 :isicut
3524 1476 3623 1552 qui
3667 1499 3727 1540 se
3763 1486 3832 1541 dc

2253 1547 2465 1623 excelso
2485 1549 2535 1600 in
2559 1561 2794 1616 praeceps
2815 1548 3090 1623 voluptate
3110 1548 3402 1623 demiserit,
3425 1552 3476 1606 in
3498 1547 3593 1608 sua
3619 1554 3834 1623 quidem

2255 1617 2436 1671 habuit
2459 1626 2723 1688 potestate
2749 1618 2891 1687 quod
2923 1617 3066 1684 fecit,
3097 1618 3192 1673 sed
3214 1621 3324 1688 jam
3354 1636 3452 1677 suo
3478 1617 3702 1680 arbitrio
3725 1641 3837 1682 cer-

2252 1694 2363 1766 tum
2392 1698 2469 1766 est
2503 1704 2608 1766 non
2629 1688 3070 1766 subjacereqitod
3095 1690 3237 1766 cadit
3259 1691 3299 1744 ί.
3326 1691 3504 1766 _Surgi_t
3527 1695 3707 1766 itaque
3732 1696 3829 1753 be-

2253 1758 2441 1831 neficio
2468 1759 2661 1831 alieno,
2692 1758 2780 1826 qui
2810 1759 2999 1831 cecidit
3023 1760 3150 1814 vitio
3171 1762 3406 1831 pr0prio.
3430 1758 3547 1819 Nec
3574 1758 3700 1821 ideo
3723 1783 3831 1823 non

2251 1842 2350 1882 suo
2373 1828 2629 1883 dicendus
2657 1838 2740 1883 est
2769 1828 3047 1898 cecidisse,
3079 1828 3202 1901 quia
3231 1828 3406 1888 alieno
3445 1837 3686 1892 noscitur
3717 1852 3835 1894 sur-

2248 1913 2412 1968 gere;
2443 1915 2540 1953 nec
2567 1907 2846 1974 propterea
2881 1902 3339 1974 suo‘surrexisse,
3371 1905 3495 1974 quia
3523 1921 3630 1962 non
3659 1908 3834 1964 alieno

2249 1978 2452 2048 certum
2481 1978 2563 2024 est
2586 1969 3008 2048 cecidisseﬁed
3047 1970 3116 2026 de
3141 1970 3245 2028 hoc
3270 1969 3431 2048 alias,
3453 1991 3602 2048 nunc,
3618 1977 3686 2032 ad
3714 1993 3834 2048 pro-

2250 2041 2479 2116 positum
2519 2039 2828 2116 redeamus.
2871 2039 3007 2116 Dicit
3045 2057 3175 2112 ergo
3219 2039 3534 2102 venerabilis
3585 2039 3783 2104 Paulus
3811 2090 3830 2116 ,

2248 2111 2495 2184 quoniam
2518 2110 2715 2164 idcirco
2735 2110 3024 2184 secundum
3051 2110 3265 2168 carnem
3287 2123 3436 2170 natus
3457 2125 3539 2172 est
3557 2110 3829 2184 Christus;

2249 2191 2307 2253 ut
2329 2182 2454 2234 sicut
2477 2199 2565 2250 per
2591 2197 2743 2235 unum
2781 2181 3031 2236 hominem
3055 2194 3314 2253 peccatum
3344 2187 3395 2238 in
3419 2186 3550 2240 hunc
3579 2181 3831 2244 mundum

2247 2252 2466 2315 intravit,
2501 2260 2546 2303 et
2581 2269 2668 2320 per
2691 2261 2946 2320 peccatum
2978 2252 3131 2320 mors,
3163 2264 3210 2308 et
3233 2255 3305 2308 ita
3329 2256 3380 2309 in
3406 2273 3573 2312 omnes
3598 2259 3830 2317 homines

2248 2321 2554 2400 pertransiit,
2582 2322 2632 2374 in
2663 2339 2761 2400 quo
2790 2339 2959 2400 omnes
2991 2326 3452 2400 peccaveruntLEt
3474 2328 3643 2400 paulo
3680 2339 3830 2400 post,

2248 2391 2354 2465 Sed
2379 2393 2629 2465 nonfsicut
2654 2391 2906 2465 delictum,
2938 2391 3007 2446 ita
3030 2405 3079 2448 et
3103 2397 3288 2465 gratia.
3319 2395 3380 2451 Si
3405 2391 3536 2451 enim
3567 2391 3722 2453 uniu's
3745 2391 3832 2455 de;

2246 2462 2363 2543 (icto
2387 2464 2532 2544 multi
2563 2463 2745 2547 mortui
2759 2475 2894 2544 sunt,
2918 2462 3250 2547 multomagis
3265 2467 3429 2547 gratia
3447 2467 3543 2523 Dei
3566 2479 3614 2547 ¢_t
3642 2471 3828 2547 donum

2245 2534 2297 2606 in
2326 2533 2488 2603 gratia
2508 2534 2659 2606 unius
2688 2533 2902 2587 hominis
2925 2533 2957 2586 J
2964 2551 3047 2587 esu
3065 2533 3250 2590 Christi
3265 2533 3326 2591 in
3353 2539 3524 2606 plures
3537 2540 3825 2595 abundauit.

2246 2601 2311 2655 Et
2329 2601 2440 2657 'non
2474 2604 2601 2657 sicut
2627 2621 2716 2674 per
2754 2621 2907 2658 unum
2946 2616 3221 2673 peccatum,
3258 2610 3330 2661 ita
3353 2601 3402 2662 et
3436 2610 3664 2665 donatio.
3694 2611 3827 2666 Nam

2235 2674 2488 2750 judicium
2517 2690 2717 2750 cunno
2742 2674 2794 2750 in
2831 2676 3312 2750 condemnationem,
3359 2681 3526 2750 gratia
3565 2691 3732 2735 autem
3768 2699 3827 2738 ea:

2246 2745 2417 2798 multis
2445 2744 2638 2797 delictis
2661 2746 2713 2797 in
2733 2746 3165 2812 justi/icationem.
3195 2749 3255 2803 Si
3295 2744 3426 2803 enim
3470 2751 3620 2805 unius
3648 2751 3825 2808 delicto

2245 2831 2378 2891 mors
2425 2816 2646 2891 regnavit
2691 2832 2780 2891 per
2827 2832 3003 2891 unum,
3059 2819 3215 2891 multo
3262 2821 3422 2891 magis
3466 2822 3826 2878 abundantiam

2243 2886 2420 2955 gratiae
2457 2896 2502 2937 et
2526 2886 2711 2964 donum
2731 2887 2947 2964 iustitiae
2980 2888 3279 2964 accipimtes
3303 2886 3366 2944 iii
3380 2892 3481 2946 vita
3504 2895 3824 2964 regnabimus

2244 2954 2331 3024 per
2353 2972 2508 3031 unum
2526 2954 2703 3031 Iesum
2725 2954 2998 3031 Christum.
3027 2957 3055 3010 Ι
3061 2954 3197 3029 gitur
3233 2962 3359 3015 sicut
3387 2979 3477 3031 per
3511 2954 3667 3017 unius
3696 2965 3821 3018 deli-

2242 3035 2375 3104 ctum
2403 3028 2456 3104 in
2483 3043 2652 3104 omnes
2682 3027 2904 3104 homines
2929 3029 2983 3104 in
3011 3027 3471 3104 condemnationem
3505 3050 3524 3096 ;
3553 3035 3627 3086 sic
3657 3045 3705 3088 et
3738 3052 3823 3104 per

2242 3097 2394 3171 unius
2413 3098 2667 3171 justitiam
2688 3098 2740 3171 in
2760 3114 2929 3171 omnes
2946 3099 3167 3171 homines
3191 3103 3243 3154 in
3255 3102 3675 3171 justiﬁcationem
3694 3097 3818 3158 vitta.

2244 3165 2552 3243 Sicut’enim
2584 3184 2672 3236 per
2703 3168 3088 3243 inohedientiam
3115 3165 3270 3243 unius
3291 3165 3507 3226 hominis
3542 3183 3820 3243 petcatorcs

2242 3239 2497 3316 constituti
2516 3247 2631 3290 sunt
2659 3238 2826 3316 multi,
2840 3239 2924 3316 ita
2951 3249 2998 3292 et
3020 3255 3109 3310 per
3122 3238 3674 3316 μῃὶυξρραμάὶιξρηεηι
3688 3247 3816 3316 justi

2242 3309 2611 3380 {cnstituuntur
2634 3307 2980 3380 multiA(Rom.
3009 3307 3074 3378 v,
3115 3310 3204 3378 12,
3251 3313 3460 3380 15-19).
3509 3315 3658 3369 Venit
3688 3307 3822 3380 ergo

2241 3377 2486 3456 Christus
2520 3378 2721 3456 salvum
2767 3377 2942 3435 facere
2969 3381 3110 3456 quod
3141 3377 3531 3456 perierat(Luc.
3559 3401 3670 3449 XIX,
3700 3377 3817 3456 10).

2241 3446 2399 3536 Prius
2422 3464 2552 3530 ergo
2571 3446 3023 3536 videamushquid
3044 3446 3173 3536 illud
3193 3461 3294 3536 est,
3327 3446 3467 3536 quod
3509 3446 3820 3536 protoplasti

2241 3521 2664 3596 transgressione
2695 3521 2934 3596 perierit,
2966 3530 3019 3596 et
3043 3537 3108 3596 ex
3135 3521 3421 3596 hoc_facile
3449 3521 3589 3581 scire
3619 3521 3815 3596 poteri-

2239 3604 2377 3653 mus,
2411 3589 2534 3662 quid
2584 3591 2845 3662 Dominus
2881 3592 3142 3646 veniendo
3184 3593 3388 3652 salvare
3433 3589 3688 3662 potuerit.
3713 3597 3817 3652 Re-

2237 3659 2554 3736 quircndum
2573 3661 2738 3736 igitur
2759 3661 2915 3736 nobis
2944 3663 3320 3736 est,_q_uisnam
3349 3659 3519 3736 legem
3545 3667 3812 3723 Creatoris

2235 3732 2501 3798 acceperit
2528 3748 2540 3783 :
2573 3732 2659 3785 ille
2685 3733 2842 3808 enim.
2875 3735 2992 3788 sine
3041 3733 3204 3789 dubio
3232 3732 3492 3804 peccavit,
3540 3739 3632 3807 qui
3683 3754 3816 3808 prae-

2235 3801 2877 3878 ccp_ta.contempsit;.iilc
2896 3813 3162 3878 princepta
3200 3801 3522 3878 contempsit
3551 3801 3642 3878 qui
3672 3801 3813 3875 quod

2238 3871 2612 3946 prohibebaiur
2637 3872 3032 3946 admisit.__Dicit
3060 3871 3235 3946 autem
3277 3871 3611 3946 Scriptura}
3665 3871 3811 3933 Prat-

2235 3943 2362 4010 ccpit
2387 3941 2805 4018 poritinus_Adtc,
2831 3942 3136 4018 idicensLAb
3157 3947 3292 4000 omni
3329 3941 3466 4018 (ig—no
3496 3949 3637 4018 quod
3665 3959 3735 4004 est
3761 3949 3815 4002 in

2234 4012 2472 4086 paradiso
2503 4012 2888 4086 manducabitis,
2921 4015 2984 4086 de
3012 4015 3148 4086 ligno
3179 4027 3344 4070 autem
3367 4012 3594 4072 'scien'tite
3622 4020 3738 4073 boni
3764 4028 3814 4073 et

2233 4081 2373 4156 mah’,
2404 4100 2503 4136 non
2532 4083 2896 4156 manducabitis
2917 4081 3068 4156 deﬂeo
3112 4103 3210 4156 qua
3237 4087 3318 4141 die
3341 4098 3506 4142 autem
3533 4092 3815 4144 manduca-

2233 4153 2420 4217 veritis,
2449 4155 2912 4231 morte_mori_emini
2939 4153 3179 4231 (Gcn._it,
3214 4157 3324 4226 16).
3352 4159 3666 4231 Quzeramns
3684 4175 3816 4231 ergo

2232 4232 2594 4297 nunc,_u_truni
2608 4223 2742 4278 hanc
2757 4224 2924 4294 legem
2942 4234 3080 4297 totus
3102 4226 3260 4280 homo
3271 4223 3627 4297 acceperit?_Si
3643 4223 3809 4296 enim,

2232 4302 2289 4367 ut
2325 4295 2374 4346 in
2399 4295 2532 4367 libro
2557 4294 2824 4367 Geneseos
2848 4296 3148 4350 continetur
3167 4340 3182 4363 ,
3215 4314 3279 4352 ex
3307 4294 3524 4367 corpore
3551 4294 3606 4352 et
3629 4294 3814 4356 anima

2225 4363 2334 4437 jam
2353 4364 2616 4433 perfectus
2630 4366 2855 4437 accepit,
2870 4375 3012 4420 totus
3029 4363 3458 4437 transgrediendo
3472 4371 3709 4436 peccavit
3725 4387 3738 4421 :
3756 4381 3815 4425 et

2231 4434 2274 4487 si
2296 4445 2433 4488 totus
2463 4436 2895 4505 transgrediendo
2922 4434 3344 4505 peecavitftotus
3360 4434 3555 4507 peccati
3571 4439 3657 4493 sui
3675 4441 3811 4495 vitio

2230 4512 2354 4558 tunc
2386 4507 2557 4574 periit.
2587 4508 2641 4560 Si
2669 4517 2843 4560 autem
2873 4517 3013 4561 totus
3042 4510 3215 4576 periit,
3247 4519 3386 4562 totus
3407 4509 3668 4565 beneficio
3689 4510 3811 4567 Sal-

2230 4577 2429 4645 vatoris
2466 4576 2685 4645 indiguit
2713 4593 2727 4630 :
2759 4587 2813 4632 et
2841 4577 2883 4630 si
2918 4586 3056 4632 totus
3086 4581 3340 4633 beneficio
3379 4580 3672 4637 Salvatoris
3719 4583 3806 4636 in-

2229 4643 2413 4714 diguit,
2439 4643 2606 4700 totum
2625 4647 2868 4702 Christus
2893 4650 3154 4704 veniendo
3183 4651 3404 4704 salvavit
3433 4669 3445 4703 :
3471 4659 3526 4706 ct
3561 4652 3605 4706 si
3634 4663 3806 4708 totum

2228 4717 2488 4770 veniendo
2535 4718 2777 4790 salvavit,
2827 4733 2942 4790 non,
2985 4735 3179 4789 corpus
3220 4721 3419 4790 absque
3468 4725 3677 4788 anima;
3711 4723 3806 4778 sed

2228 4801 2420 4856 corpus
2445 4796 2499 4841 et
2544 4789 2797 4856 animam,
2838 4789 3028 4858 quibus
3079 4800 3285 4845 constat
3333 4789 3700 4860 totushomo,
3755 4803 3808 4847 et

2229 4860 2420 4931 quibus
2441 4873 2688 4927 peccasse
2714 4870 2868 4931 antea
2891 4861 3098 4914 videtur
3122 4863 3422 4931 assumpsit.
3450 4859 3584 4916 Nam
3607 4864 3656 4917 si
3688 4859 3804 4918 toto

2227 4930 2440 4984 homine
2469 4938 2738 4997 peccante,
2766 4929 2933 4984 solam
2955 4932 3068 4998 ejus
3092 4929 3564 4986 carnem—Christus
3589 4948 3804 4988 assum-

2225 5001 2348 5070 psit,
2380 4999 2554 5053 anima
2598 5014 2767 5068 postne
2809 5002 2993 5072 prima:
3024 5002 3160 5056 illius
3204 5003 3643 5072 transgressionis
3683 5005 3803 5060 sine

2225 5072 2397 5140 aliqua
2423 5083 2516 5142 spe
2545 5071 2706 5126 etiam
2735 5087 2873 5125 nunc
2897 5071 3104 5125 addicta
3135 5071 3440 5142 permansit.
3467 5073 3619 5139 Quod
3653 5075 3699 5129 si
3730 5074 3804 5129 ita

2223 5151 2324 5208 est,
2373 5140 2554 5212 nescio
2579 5142 2704 5210 quid
2735 5143 2885 5197 nobis
2911 5140 3210 5197 Mediatoris
3235 5158 3459 5212 persona
3490 5144 3802 5210 contulerit,

2223 5228 2340 5282 qum
2367 5211 2560 5265 melius
2586 5221 2822 5266 nostrum
2859 5229 2924 5268 ex
2957 5222 3065 5266 toto
3101 5229 3207 5267 non
3238 5211 3537 5280 redimens,
3589 5215 3802 5270 brutam

2223 5298 2317 5357 per
2347 5297 2666 5357 secantem,
2695 5291 2750 5336 et
2772 5299 2888 5357 qua:
2916 5284 3029 5338 sine
3053 5285 3224 5357 anima
3247 5299 3321 5357 u_e_
3338 5283 3659 5357 beneficium
3682 5287 3803 5357 qui-

2222 5352 2342 5425 dem
2370 5352 2496 5425 ejus
2509 5361 2700 5425 posset
2738 5355 2952 5418 sentire,
2995 5355 3248 5425 suscepit.
3280 5353 3484 5409 Vellem
3514 5352 3716 5411 tamen
3737 5357 3805 5412 ab

2221 5423 2525 5496 bujusmodi
2543 5424 2970 5496 pradicatoribns
2994 5423 3370 5496 qumrere,cur
3387 5437 3609 5496 aceepta
3637 5442 3800 5482 carne

2219 5495 2450 5548 animam
2480 5494 2809 5564 dispensatio
2834 5495 3136 5548 Mcdiatoris
3167 5495 3407 5549 omiserit
3454 5515 3466 5549 :
3519 5494 3625 5551 nisi
3665 5497 3804 5552 forte

2218 5574 2309 5618 aut
2350 5565 2617 5636 innoxiam
2656 5566 2830 5620 sciens
2879 5565 3155 5620 medicina:
3187 5566 3510 5636 indigentem
3544 5582 3672 5622 esse
3699 5584 3802 5623 non

2218 5634 2523 5699 crediderit,
2555 5644 2646 5690 aut
2669 5652 2700 5690 a
2725 5651 2783 5689 se
2803 5637 3027 5690 alienam
3053 5646 3264 5704 putans,
3293 5634 3688 5706 redemptionis
3713 5639 3804 5694 be-

2218 5707 2408 5760 neflcio
2421 5721 2522 5760 non
2541 5706 2832 5767 donaverit,
2851 5715 2941 5760 aut
2955 5722 3021 5761 ex
3043 5715 3152 5762 toto
3167 5707 3516 5762 insanabilem
3527 5708 3801 5775 judicans,

2216 5791 2405 5833 curare
2444 5777 2756 5848 nequiverit,
2785 5785 2876 5830 aut
2904 5787 2962 5831 ut
3003 5777 3161 5832 vilem
3199 5786 3254 5833 et
3276 5793 3395 5848 quae.
3424 5777 3590 5835 nullis
3614 5780 3802 5836 usibus

3803 5925 3820 5970 ἒ

2170 5987 2194 6036 ι
2269 5976 2287 6010 ι
2323 5982 2421 6026 Am.
2445 5979 2520 6024 Et.
2546 5978 2598 6024 et
2617 5969 3092 6036 Lov.,quodsurgat.
