  <div class='ocr_page' id='page_1' title='image "/cluster/home/n/w/nwhite01/storage/ocr_20150623/42/hvd.32044015471493/590.png"; bbox 0 0 4072 6436; ppageno 0'>
   <div class='ocr_carea' id='block_1_1' title="bbox 261 368 398 428">
    <p class='ocr_par' dir='ltr' id='par_1_1' title="bbox 261 368 398 428">
     <span class='ocr_line' id='line_1_1' title="bbox 261 368 398 428; baseline -0.029 0"><span class='ocrx_word' id='word_1_1' title='bbox 261 368 398 428; x_wconf 74' lang='grc'>1169</span> 
     </span>
    </p>
   </div>
   <div class='ocr_carea' id='block_1_2' title="bbox 261 481 1832 555">
    <p class='ocr_par' dir='ltr' id='par_1_2' title="bbox 261 481 1832 555">
     <span class='ocr_line' id='line_1_2' title="bbox 261 481 1832 555; baseline -0.003 -15"><span class='ocrx_word' id='word_1_2' title='bbox 261 494 380 553; x_wconf 88' lang='lat' dir='ltr'><strong>apta</strong></span> <span class='ocrx_word' id='word_1_3' title='bbox 411 481 701 555; x_wconf 83' lang='lat' dir='ltr'><strong>videretur,</strong></span> <span class='ocrx_word' id='word_1_4' title='bbox 728 482 1000 555; x_wconf 78' lang='lat' dir='ltr'><strong>abiecerit.</strong></span> <span class='ocrx_word' id='word_1_5' title='bbox 1031 481 1235 539; x_wconf 82' lang='lat' dir='ltr'><strong>Horum</strong></span> <span class='ocrx_word' id='word_1_6' title='bbox 1255 481 1360 538; x_wconf 90' lang='lat' dir='ltr'><strong>duo</strong></span> <span class='ocrx_word' id='word_1_7' title='bbox 1384 481 1440 537; x_wconf 89' lang='lat' dir='ltr'><strong>in</strong></span> <span class='ocrx_word' id='word_1_8' title='bbox 1468 481 1643 555; x_wconf 81' lang='lat' dir='ltr'><strong>ipsum</strong></span> <span class='ocrx_word' id='word_1_9' title='bbox 1670 481 1832 555; x_wconf 77' lang='lat' dir='ltr'><strong>totius</strong></span> 
     </span>
    </p>
   </div>
   <div class='ocr_carea' id='block_1_3' title="bbox 266 552 1832 626">
    <p class='ocr_par' dir='ltr' id='par_1_3' title="bbox 266 552 1832 626">
     <span class='ocr_line' id='line_1_3' title="bbox 266 552 1832 626; baseline -0.001 -17"><span class='ocrx_word' id='word_1_10' title='bbox 266 555 494 609; x_wconf 83' lang='lat' dir='ltr'><strong>hominis</strong></span> <span class='ocrx_word' id='word_1_11' title='bbox 532 552 835 611; x_wconf 85' lang='lat' dir='ltr'><strong>Creatorem</strong></span> <span class='ocrx_word' id='word_1_12' title='bbox 875 555 1171 626; x_wconf 76' lang='lat' dir='ltr'><strong>blasphemi</strong></span> <span class='ocrx_word' id='word_1_13' title='bbox 1209 555 1427 622; x_wconf 74' lang='lat' dir='ltr'><strong>spiritus</strong></span> <span class='ocrx_word' id='word_1_14' title='bbox 1464 552 1832 626; x_wconf 63' lang='lat' dir='ltr'><strong>incredulitate</strong></span> 
     </span>
    </p>
   </div>
   <div class='ocr_carea' id='block_1_4' title="bbox 266 622 1832 697">
    <p class='ocr_par' dir='ltr' id='par_1_4' title="bbox 266 622 1832 697">
     <span class='ocr_line' id='line_1_4' title="bbox 266 622 1832 697; baseline -0.001 -17"><span class='ocrx_word' id='word_1_15' title='bbox 266 625 550 697; x_wconf 84' lang='lat' dir='ltr'><strong>desipiunt.</strong></span> <span class='ocrx_word' id='word_1_16' title='bbox 594 626 725 680; x_wconf 88' lang='lat' dir='ltr'><strong>Nam</strong></span> <span class='ocrx_word' id='word_1_17' title='bbox 796 622 1404 697; x_wconf 48' lang='lat' dir='ltr'><strong>primo—impotentem,</strong></span> <span class='ocrx_word' id='word_1_18' title='bbox 1449 622 1684 697; x_wconf 83' lang='lat' dir='ltr'><strong>secundo</strong></span> <span class='ocrx_word' id='word_1_19' title='bbox 1726 638 1832 678; x_wconf 91' lang='lat' dir='ltr'><strong>non</strong></span> 
     </span>
    </p>
   </div>
   <div class='ocr_carea' id='block_1_5' title="bbox 265 693 1834 763">
    <p class='ocr_par' dir='ltr' id='par_1_5' title="bbox 265 693 1834 763">
     <span class='ocr_line' id='line_1_5' title="bbox 265 693 1834 763; baseline -0.002 -14"><span class='ocrx_word' id='word_1_20' title='bbox 265 693 500 750; x_wconf 72' lang='lat' dir='ltr'><strong>omnium</strong></span> <span class='ocrx_word' id='word_1_21' title='bbox 534 698 696 751; x_wconf 87' lang='lat' dir='ltr'><strong>Deum</strong></span> <span class='ocrx_word' id='word_1_22' title='bbox 729 693 1404 763; x_wconf 51' lang='lat' dir='ltr'><strong>crediderunthuomodo</strong></span> <span class='ocrx_word' id='word_1_23' title='bbox 1441 695 1582 750; x_wconf 91' lang='lat' dir='ltr'><strong>enim</strong></span> <span class='ocrx_word' id='word_1_24' title='bbox 1611 693 1834 748; x_wconf 87' lang='lat' dir='ltr'><strong>docetur</strong></span> 
     </span>
    </p>
   </div>
   <div class='ocr_carea' id='block_1_6' title="bbox 265 764 1834 837">
    <p class='ocr_par' dir='ltr' id='par_1_6' title="bbox 265 764 1834 837">
     <span class='ocr_line' id='line_1_6' title="bbox 265 764 1834 837; baseline -0.003 -15"><span class='ocrx_word' id='word_1_25' title='bbox 265 768 612 837; x_wconf 75' lang='lat' dir='ltr'><strong>Omnipotens</strong></span> <span class='ocrx_word' id='word_1_26' title='bbox 635 809 650 832; x_wconf 94' lang='lat'><strong>,</strong></span> <span class='ocrx_word' id='word_1_27' title='bbox 683 769 726 822; x_wconf 89' lang='lat' dir='ltr'><strong>si</strong></span> <span class='ocrx_word' id='word_1_28' title='bbox 754 783 940 822; x_wconf 80' lang='lat' dir='ltr'><strong>cumre</strong></span> <span class='ocrx_word' id='word_1_29' title='bbox 979 782 1082 821; x_wconf 94' lang='lat' dir='ltr'><strong>non</strong></span> <span class='ocrx_word' id='word_1_30' title='bbox 1125 768 1293 837; x_wconf 89' lang='lat' dir='ltr'><strong>potuit</strong></span> <span class='ocrx_word' id='word_1_31' title='bbox 1331 764 1700 837; x_wconf 80' lang='lat' dir='ltr'><strong>desperatam?</strong></span> <span class='ocrx_word' id='word_1_32' title='bbox 1729 765 1834 818; x_wconf 86' lang='lat' dir='ltr'><strong>Aut</strong></span> 
     </span>
    </p>
   </div>
   <div class='ocr_carea' id='block_1_7' title="bbox 263 835 1832 907">
    <p class='ocr_par' dir='ltr' id='par_1_7' title="bbox 263 835 1832 907">
     <span class='ocr_line' id='line_1_7' title="bbox 263 835 1832 907; baseline -0.004 -15"><span class='ocrx_word' id='word_1_33' title='bbox 263 835 529 907; x_wconf 76' lang='lat' dir='ltr'><strong>quomodo</strong></span> <span class='ocrx_word' id='word_1_34' title='bbox 571 839 806 892; x_wconf 88' lang='lat' dir='ltr'><strong>omnium</strong></span> <span class='ocrx_word' id='word_1_35' title='bbox 853 839 994 893; x_wconf 90' lang='lat' dir='ltr'><strong>Deus</strong></span> <span class='ocrx_word' id='word_1_36' title='bbox 1019 880 1032 904; x_wconf 93' lang='lat'><strong>,</strong></span> <span class='ocrx_word' id='word_1_37' title='bbox 1065 835 1256 892; x_wconf 57' lang='lat' dir='ltr'><strong>si&#39;non</strong></span> <span class='ocrx_word' id='word_1_38' title='bbox 1296 837 1408 905; x_wconf 93' lang='lat' dir='ltr'><strong>ipse</strong></span> <span class='ocrx_word' id='word_1_39' title='bbox 1432 835 1576 891; x_wconf 77' lang='lat' dir='ltr'><strong>fecit</strong></span> <span class='ocrx_word' id='word_1_40' title='bbox 1603 836 1832 907; x_wconf 88' lang='lat' dir='ltr'><strong>animam</strong></span> 
     </span>
    </p>
   </div>
   <div class='ocr_carea' id='block_1_8' title="bbox 265 906 1830 975">
    <p class='ocr_par' dir='ltr' id='par_1_8' title="bbox 265 906 1830 975">
     <span class='ocr_line' id='line_1_8' title="bbox 265 906 1830 975; baseline -0.004 -11"><span class='ocrx_word' id='word_1_41' title='bbox 265 906 541 964; x_wconf 82' lang='lat' dir='ltr'><strong>nostram?</strong></span> <span class='ocrx_word' id='word_1_42' title='bbox 569 909 783 964; x_wconf 90' lang='lat' dir='ltr'><strong>Duobus</strong></span> <span class='ocrx_word' id='word_1_43' title='bbox 813 925 937 964; x_wconf 85' lang='lat' dir='ltr'><strong>vero</strong></span> <span class='ocrx_word' id='word_1_44' title='bbox 964 909 1102 975; x_wconf 88' lang='lat' dir='ltr'><strong>aliis,</strong></span> <span class='ocrx_word' id='word_1_45' title='bbox 1124 923 1232 962; x_wconf 92' lang='lat' dir='ltr'><strong>uno</strong></span> <span class='ocrx_word' id='word_1_46' title='bbox 1260 909 1450 961; x_wconf 73' lang='lat' dir='ltr'><strong>anima:</strong></span> <span class='ocrx_word' id='word_1_47' title='bbox 1473 920 1629 960; x_wconf 91' lang='lat' dir='ltr'><strong>causa</strong></span> <span class='ocrx_word' id='word_1_48' title='bbox 1657 906 1830 958; x_wconf 86' lang='lat' dir='ltr'><strong>nesci-</strong></span> 
     </span>
    </p>
   </div>
   <div class='ocr_carea' id='block_1_9' title="bbox 266 976 1834 1045">
    <p class='ocr_par' dir='ltr' id='par_1_9' title="bbox 266 976 1834 1045">
     <span class='ocr_line' id='line_1_9' title="bbox 266 976 1834 1045; baseline -0.002 -12"><span class='ocrx_word' id='word_1_49' title='bbox 266 989 370 1042; x_wconf 93' lang='lat' dir='ltr'><strong>tur,</strong></span> <span class='ocrx_word' id='word_1_50' title='bbox 417 979 584 1033; x_wconf 89' lang='lat' dir='ltr'><strong>altero</strong></span> <span class='ocrx_word' id='word_1_51' title='bbox 629 980 876 1034; x_wconf 90' lang='lat' dir='ltr'><strong>meritum</strong></span> <span class='ocrx_word' id='word_1_52' title='bbox 922 995 1028 1033; x_wconf 90' lang='lat' dir='ltr'><strong>non</strong></span> <span class='ocrx_word' id='word_1_53' title='bbox 1070 978 1348 1033; x_wconf 68' lang='lat' dir='ltr'><strong>metitur‘.</strong></span> <span class='ocrx_word' id='word_1_54' title='bbox 1391 978 1494 1031; x_wconf 84' lang='lat' dir='ltr'><strong>Aut</strong></span> <span class='ocrx_word' id='word_1_55' title='bbox 1537 976 1834 1045; x_wconf 79' lang='lat' dir='ltr'><strong>intelligere</strong></span> 
     </span>
    </p>
   </div>
   <div class='ocr_carea' id='block_1_10' title="bbox 263 1046 1832 1119">
    <p class='ocr_par' dir='ltr' id='par_1_10' title="bbox 263 1046 1832 1119">
     <span class='ocr_line' id='line_1_10' title="bbox 263 1046 1832 1119; baseline -0.003 -15"><span class='ocrx_word' id='word_1_56' title='bbox 263 1065 477 1104; x_wconf 87' lang='lat' dir='ltr'><strong>causam</strong></span> <span class='ocrx_word' id='word_1_57' title='bbox 507 1049 767 1118; x_wconf 83' lang='lat' dir='ltr'><strong>putandus</strong></span> <span class='ocrx_word' id='word_1_58' title='bbox 791 1059 874 1104; x_wconf 80' lang='lat' dir='ltr'><strong>est</strong></span> <span class='ocrx_word' id='word_1_59' title='bbox 897 1051 1108 1115; x_wconf 81' lang='lat' dir='ltr'><strong>animae,</strong></span> <span class='ocrx_word' id='word_1_60' title='bbox 1131 1048 1220 1119; x_wconf 90' lang='lat' dir='ltr'><strong>qui</strong></span> <span class='ocrx_word' id='word_1_61' title='bbox 1246 1062 1362 1102; x_wconf 90' lang='lat' dir='ltr'><strong>eam</strong></span> <span class='ocrx_word' id='word_1_62' title='bbox 1383 1046 1450 1100; x_wconf 92' lang='lat' dir='ltr'><strong>ad</strong></span> <span class='ocrx_word' id='word_1_63' title='bbox 1474 1047 1832 1116; x_wconf 87' lang='lat' dir='ltr'><strong>accipiendam</strong></span> 
     </span>
    </p>
   </div>
   <div class='ocr_carea' id='block_1_11' title="bbox 263 1119 1832 1190">
    <p class='ocr_par' dir='ltr' id='par_1_11' title="bbox 263 1119 1832 1190">
     <span class='ocr_line' id='line_1_11' title="bbox 263 1119 1832 1190; baseline -0.003 -16"><span class='ocrx_word' id='word_1_64' title='bbox 263 1120 457 1190; x_wconf 85' lang='lat' dir='ltr'><strong>legem,</strong></span> <span class='ocrx_word' id='word_1_65' title='bbox 490 1120 670 1174; x_wconf 89' lang='lat' dir='ltr'><strong>habitu</strong></span> <span class='ocrx_word' id='word_1_66' title='bbox 698 1121 870 1174; x_wconf 72' lang='lat' dir='ltr'><strong>insita:</strong></span> <span class='ocrx_word' id='word_1_67' title='bbox 902 1120 1124 1174; x_wconf 84' lang='lat' dir='ltr'><strong>rationis</strong></span> <span class='ocrx_word' id='word_1_68' title='bbox 1158 1119 1466 1174; x_wconf 84' lang='lat' dir='ltr'><strong>instructam</strong></span> <span class='ocrx_word' id='word_1_69' title='bbox 1493 1157 1506 1181; x_wconf 92' lang='lat'><strong>,</strong></span> <span class='ocrx_word' id='word_1_70' title='bbox 1537 1131 1577 1190; x_wconf 86' lang='lat' dir='ltr'><strong>_a</strong></span> <span class='ocrx_word' id='word_1_71' title='bbox 1598 1125 1832 1190; x_wconf 90' lang='lat' dir='ltr'><strong>peccato</strong></span> 
     </span>
    </p>
   </div>
   <div class='ocr_carea' id='block_1_12' title="bbox 263 1187 1830 1260">
    <p class='ocr_par' dir='ltr' id='par_1_12' title="bbox 263 1187 1830 1260">
     <span class='ocr_line' id='line_1_12' title="bbox 263 1187 1830 1260; baseline -0.003 -15"><span class='ocrx_word' id='word_1_72' title='bbox 263 1187 579 1245; x_wconf 73' lang='lat' dir='ltr'><strong>voluntaria:</strong></span> <span class='ocrx_word' id='word_1_73' title='bbox 606 1191 1044 1260; x_wconf 82' lang='lat' dir='ltr'><strong>transgressionis</strong></span> <span class='ocrx_word' id='word_1_74' title='bbox 1072 1191 1258 1244; x_wconf 83' lang='lat' dir='ltr'><strong>nititur</strong></span> <span class='ocrx_word' id='word_1_75' title='bbox 1285 1187 1557 1260; x_wconf 77' lang='lat' dir='ltr'><strong>separare?</strong></span> <span class='ocrx_word' id='word_1_76' title='bbox 1581 1189 1830 1260; x_wconf 75' lang='lat' dir='ltr'><strong>Atitqno-</strong></span> 
     </span>
    </p>
   </div>
   <div class='ocr_carea' id='block_1_13' title="bbox 264 1257 1834 1330">
    <p class='ocr_par' dir='ltr' id='par_1_13' title="bbox 264 1257 1834 1330">
     <span class='ocr_line' id='line_1_13' title="bbox 264 1257 1834 1330; baseline -0.003 -15"><span class='ocrx_word' id='word_1_77' title='bbox 264 1261 428 1315; x_wconf 87' lang='lat' dir='ltr'><strong>modo</strong></span> <span class='ocrx_word' id='word_1_78' title='bbox 454 1261 570 1330; x_wconf 82' lang='lat' dir='ltr'><strong>ejus</strong></span> <span class='ocrx_word' id='word_1_79' title='bbox 592 1257 997 1330; x_wconf 65' lang='lat' dir='ltr'><strong>generositatem</strong></span> <span class='ocrx_word' id='word_1_80' title='bbox 1026 1262 1192 1325; x_wconf 86' lang='lat' dir='ltr'><strong>novit,</strong></span> <span class='ocrx_word' id='word_1_81' title='bbox 1219 1261 1308 1328; x_wconf 88' lang='lat' dir='ltr'><strong>qui</strong></span> <span class='ocrx_word' id='word_1_82' title='bbox 1339 1257 1680 1330; x_wconf 81' lang='lat' dir='ltr'><strong>ignobilitatis</strong></span> <span class='ocrx_word' id='word_1_83' title='bbox 1705 1257 1834 1330; x_wconf 83' lang='lat' dir='ltr'><strong>vitio</strong></span> 
     </span>
    </p>
   </div>
   <div class='ocr_carea' id='block_1_14' title="bbox 261 1327 1834 1401">
    <p class='ocr_par' dir='ltr' id='par_1_14' title="bbox 261 1327 1834 1401">
     <span class='ocr_line' id='line_1_14' title="bbox 261 1327 1834 1401; baseline -0.004 -14"><span class='ocrx_word' id='word_1_84' title='bbox 261 1330 391 1387; x_wconf 89' lang='lat' dir='ltr'><strong>dicit</strong></span> <span class='ocrx_word' id='word_1_85' title='bbox 419 1327 537 1385; x_wconf 67' lang='lat' dir='ltr'><strong>esSe</strong></span> <span class='ocrx_word' id='word_1_86' title='bbox 563 1327 865 1401; x_wconf 75' lang='lat' dir='ltr'><strong>despectant</strong></span> <span class='ocrx_word' id='word_1_87' title='bbox 886 1373 901 1397; x_wconf 90' lang='lat'><strong>,</strong></span> <span class='ocrx_word' id='word_1_88' title='bbox 931 1331 1145 1400; x_wconf 85' lang='lat' dir='ltr'><strong>praelata</strong></span> <span class='ocrx_word' id='word_1_89' title='bbox 1171 1327 1330 1385; x_wconf 85' lang='lat' dir='ltr'><strong>carne</strong></span> <span class='ocrx_word' id='word_1_90' title='bbox 1343 1327 1546 1398; x_wconf 56' lang='lat' dir='ltr'><strong>{quam</strong></span> <span class='ocrx_word' id='word_1_91' title='bbox 1573 1344 1678 1382; x_wconf 93' lang='lat' dir='ltr'><strong>non</strong></span> <span class='ocrx_word' id='word_1_92' title='bbox 1707 1327 1834 1401; x_wconf 80' lang='lat' dir='ltr'><strong>ﬁalu</strong></span> 
     </span>
    </p>
   </div>
   <div class='ocr_carea' id='block_1_15' title="bbox 260 1399 1828 1468">
    <p class='ocr_par' dir='ltr' id='par_1_15' title="bbox 260 1399 1828 1468">
     <span class='ocr_line' id='line_1_15' title="bbox 260 1399 1828 1468; baseline -0.004 -11"><span class='ocrx_word' id='word_1_93' title='bbox 260 1401 357 1457; x_wconf 86' lang='lat' dir='ltr'><strong>Dei</strong></span> <span class='ocrx_word' id='word_1_94' title='bbox 385 1402 521 1456; x_wconf 88' lang='lat' dir='ltr'><strong>sicut</strong></span> <span class='ocrx_word' id='word_1_95' title='bbox 544 1399 795 1468; x_wconf 87' lang='lat' dir='ltr'><strong>animam,</strong></span> <span class='ocrx_word' id='word_1_96' title='bbox 823 1401 916 1457; x_wconf 89' lang='lat' dir='ltr'><strong>sed</strong></span> <span class='ocrx_word' id='word_1_97' title='bbox 940 1417 970 1456; x_wconf 92' lang='lat' dir='ltr'><strong>e</strong></span> <span class='ocrx_word' id='word_1_98' title='bbox 998 1402 1125 1455; x_wconf 91' lang='lat' dir='ltr'><strong>limo</strong></span> <span class='ocrx_word' id='word_1_99' title='bbox 1152 1409 1306 1455; x_wconf 73' lang='lat' dir='ltr'><strong>terrm</strong></span> <span class='ocrx_word' id='word_1_100' title='bbox 1331 1407 1540 1455; x_wconf 86' lang='lat' dir='ltr'><strong>constat</strong></span> <span class='ocrx_word' id='word_1_101' title='bbox 1569 1413 1690 1453; x_wconf 89' lang='lat' dir='ltr'><strong>esse</strong></span> <span class='ocrx_word' id='word_1_102' title='bbox 1713 1399 1828 1468; x_wconf 86' lang='lat' dir='ltr'><strong>pla-</strong></span> 
     </span>
    </p>
   </div>
   <div class='ocr_carea' id='block_1_16' title="bbox 261 1470 1836 1528">
    <p class='ocr_par' dir='ltr' id='par_1_16' title="bbox 261 1470 1836 1528">
     <span class='ocr_line' id='line_1_16' title="bbox 261 1470 1836 1528; baseline -0.003 -2"><span class='ocrx_word' id='word_1_103' title='bbox 261 1473 526 1526; x_wconf 91' lang='lat' dir='ltr'><strong>smatam?</strong></span> <span class='ocrx_word' id='word_1_104' title='bbox 555 1472 613 1528; x_wconf 90' lang='lat' dir='ltr'><strong>Si</strong></span> <span class='ocrx_word' id='word_1_105' title='bbox 642 1481 815 1527; x_wconf 89' lang='lat' dir='ltr'><strong>autem</strong></span> <span class='ocrx_word' id='word_1_106' title='bbox 848 1472 974 1525; x_wconf 89' lang='lat' dir='ltr'><strong>nihil</strong></span> <span class='ocrx_word' id='word_1_107' title='bbox 1007 1473 1191 1526; x_wconf 89' lang='lat' dir='ltr'><strong>horum</strong></span> <span class='ocrx_word' id='word_1_108' title='bbox 1221 1470 1289 1525; x_wconf 89' lang='lat' dir='ltr'><strong>de</strong></span> <span class='ocrx_word' id='word_1_109' title='bbox 1329 1471 1500 1524; x_wconf 86' lang='lat' dir='ltr'><strong>anima</strong></span> <span class='ocrx_word' id='word_1_110' title='bbox 1531 1479 1676 1524; x_wconf 89' lang='lat' dir='ltr'><strong>recte</strong></span> <span class='ocrx_word' id='word_1_111' title='bbox 1713 1483 1836 1523; x_wconf 79' lang='lat' dir='ltr'><strong>sen-</strong></span> 
     </span>
    </p>
   </div>
   <div class='ocr_carea' id='block_1_17' title="bbox 263 1539 1838 1612">
    <p class='ocr_par' dir='ltr' id='par_1_17' title="bbox 263 1539 1838 1612">
     <span class='ocr_line' id='line_1_17' title="bbox 263 1539 1838 1612; baseline -0.003 -16"><span class='ocrx_word' id='word_1_112' title='bbox 263 1543 411 1607; x_wconf 85' lang='lat' dir='ltr'><strong>titur,</strong></span> <span class='ocrx_word' id='word_1_113' title='bbox 441 1542 717 1598; x_wconf 88' lang='lat' dir='ltr'><strong>credamus</strong></span> <span class='ocrx_word' id='word_1_114' title='bbox 742 1544 862 1612; x_wconf 87' lang='lat' dir='ltr'><strong>quia</strong></span> <span class='ocrx_word' id='word_1_115' title='bbox 892 1542 1124 1610; x_wconf 84' lang='lat' dir='ltr'><strong>suscepit</strong></span> <span class='ocrx_word' id='word_1_116' title='bbox 1154 1541 1500 1610; x_wconf 84' lang='lat' dir='ltr'><strong>Redemptor.</strong></span> <span class='ocrx_word' id='word_1_117' title='bbox 1520 1539 1838 1612; x_wconf 13' lang='lat' dir='ltr'><strong>nosteriho-</strong></span> 
     </span>
    </p>
   </div>
   <div class='ocr_carea' id='block_1_18' title="bbox 260 1610 1835 1681">
    <p class='ocr_par' dir='ltr' id='par_1_18' title="bbox 260 1610 1835 1681">
     <span class='ocr_line' id='line_1_18' title="bbox 260 1610 1835 1681; baseline -0.003 -13"><span class='ocrx_word' id='word_1_118' title='bbox 260 1614 462 1668; x_wconf 89' lang='lat' dir='ltr'><strong>minem</strong></span> <span class='ocrx_word' id='word_1_119' title='bbox 503 1621 671 1668; x_wconf 90' lang='lat' dir='ltr'><strong>totum</strong></span> <span class='ocrx_word' id='word_1_120' title='bbox 693 1655 710 1680; x_wconf 93' lang='lat'><strong>,</strong></span> <span class='ocrx_word' id='word_1_121' title='bbox 740 1610 808 1668; x_wconf 80' lang='lat' dir='ltr'><strong>ne</strong></span> <span class='ocrx_word' id='word_1_122' title='bbox 846 1614 1162 1668; x_wconf 89' lang='lat' dir='ltr'><strong>intercidere</strong></span> <span class='ocrx_word' id='word_1_123' title='bbox 1190 1611 1418 1681; x_wconf 85' lang='lat' dir='ltr'><strong>quodam</strong></span> <span class='ocrx_word' id='word_1_124' title='bbox 1461 1610 1835 1681; x_wconf 70' lang='lat' dir='ltr'><strong>modoanimze</strong></span> 
     </span>
    </p>
   </div>
   <div class='ocr_carea' id='block_1_19' title="bbox 261 1679 1837 1753">
    <p class='ocr_par' dir='ltr' id='par_1_19' title="bbox 261 1679 1837 1753">
     <span class='ocr_line' id='line_1_19' title="bbox 261 1679 1837 1753; baseline -0.002 -16"><span class='ocrx_word' id='word_1_125' title='bbox 261 1694 461 1739; x_wconf 72' lang='lat' dir='ltr'><strong>nostrae</strong></span> <span class='ocrx_word' id='word_1_126' title='bbox 499 1679 775 1740; x_wconf 86' lang='lat' dir='ltr'><strong>videamur</strong></span> <span class='ocrx_word' id='word_1_127' title='bbox 804 1683 1116 1739; x_wconf 91' lang='lat' dir='ltr'><strong>beneﬁcium</strong></span> <span class='ocrx_word' id='word_1_128' title='bbox 1146 1679 1546 1753; x_wconf 83' lang='lat' dir='ltr'><strong>sempiternum.</strong></span> <span class='ocrx_word' id='word_1_129' title='bbox 1572 1679 1713 1753; x_wconf 84' lang='lat' dir='ltr'><strong>Proh</strong></span> <span class='ocrx_word' id='word_1_130' title='bbox 1739 1679 1837 1753; x_wconf 83' lang='lat' dir='ltr'><strong>do-</strong></span> 
     </span>
    </p>
   </div>
   <div class='ocr_carea' id='block_1_20' title="bbox 261 1751 1833 1824">
    <p class='ocr_par' dir='ltr' id='par_1_20' title="bbox 261 1751 1833 1824">
     <span class='ocr_line' id='line_1_20' title="bbox 261 1751 1833 1824; baseline -0.002 -16"><span class='ocrx_word' id='word_1_131' title='bbox 261 1753 375 1810; x_wconf 86' lang='lat' dir='ltr'><strong>lor!</strong></span> <span class='ocrx_word' id='word_1_132' title='bbox 399 1769 647 1821; x_wconf 90' lang='lat' dir='ltr'><strong>carnem,</strong></span> <span class='ocrx_word' id='word_1_133' title='bbox 676 1755 873 1824; x_wconf 90' lang='lat' dir='ltr'><strong>inquit,</strong></span> <span class='ocrx_word' id='word_1_134' title='bbox 907 1754 1072 1807; x_wconf 90' lang='lat' dir='ltr'><strong>solam</strong></span> <span class='ocrx_word' id='word_1_135' title='bbox 1103 1751 1342 1808; x_wconf 81' lang='lat' dir='ltr'><strong>Christus</strong></span> <span class='ocrx_word' id='word_1_136' title='bbox 1369 1751 1693 1820; x_wconf 87' lang='lat' dir='ltr'><strong>assumpsit,</strong></span> <span class='ocrx_word' id='word_1_137' title='bbox 1723 1751 1833 1805; x_wconf 55' lang='lat' dir='ltr'><strong>ani.</strong></span> 
     </span>
    </p>
   </div>
   <div class='ocr_carea' id='block_1_21' title="bbox 262 1823 1836 1894">
    <p class='ocr_par' dir='ltr' id='par_1_21' title="bbox 262 1823 1836 1894">
     <span class='ocr_line' id='line_1_21' title="bbox 262 1823 1836 1894; baseline -0.003 -15"><span class='ocrx_word' id='word_1_138' title='bbox 262 1839 408 1879; x_wconf 90' lang='lat' dir='ltr'><strong>mam</strong></span> <span class='ocrx_word' id='word_1_139' title='bbox 435 1841 539 1880; x_wconf 93' lang='lat' dir='ltr'><strong>non</strong></span> <span class='ocrx_word' id='word_1_140' title='bbox 579 1823 839 1894; x_wconf 62' lang='lat' dir='ltr'><strong>quaesivit.</strong></span> <span class='ocrx_word' id='word_1_141' title='bbox 869 1825 966 1879; x_wconf 85' lang='lat' dir='ltr'><strong>llic</strong></span> <span class='ocrx_word' id='word_1_142' title='bbox 989 1826 1033 1878; x_wconf 93' lang='lat' dir='ltr'><strong>si</strong></span> <span class='ocrx_word' id='word_1_143' title='bbox 1060 1825 1317 1894; x_wconf 81' lang='lat' dir='ltr'><strong>originem</strong></span> <span class='ocrx_word' id='word_1_144' title='bbox 1345 1823 1617 1894; x_wconf 88' lang='lat' dir='ltr'><strong>utriusque</strong></span> <span class='ocrx_word' id='word_1_145' title='bbox 1641 1835 1836 1894; x_wconf 79' lang='lat' dir='ltr'><strong>gnarus</strong></span> 
     </span>
    </p>
   </div>
   <div class='ocr_carea' id='block_1_22' title="bbox 261 1891 1836 1965">
    <p class='ocr_par' dir='ltr' id='par_1_22' title="bbox 261 1891 1836 1965">
     <span class='ocr_line' id='line_1_22' title="bbox 261 1891 1836 1965; baseline -0.003 -15"><span class='ocrx_word' id='word_1_146' title='bbox 261 1909 442 1950; x_wconf 90' lang='lat' dir='ltr'><strong>rerum</strong></span> <span class='ocrx_word' id='word_1_147' title='bbox 472 1891 857 1965; x_wconf 84' lang='lat' dir='ltr'><strong>contemplator</strong></span> <span class='ocrx_word' id='word_1_148' title='bbox 896 1891 1171 1960; x_wconf 54' lang='lat' dir='ltr'><strong>attendas,</strong></span> <span class='ocrx_word' id='word_1_149' title='bbox 1204 1893 1483 1964; x_wconf 86' lang='lat' dir='ltr'><strong>pretiosior</strong></span> <span class='ocrx_word' id='word_1_150' title='bbox 1526 1891 1608 1948; x_wconf 89' lang='lat' dir='ltr'><strong>est</strong></span> <span class='ocrx_word' id='word_1_151' title='bbox 1644 1891 1836 1965; x_wconf 71' lang='lat' dir='ltr'><strong>anima:</strong></span> 
     </span>
    </p>
   </div>
   <div class='ocr_carea' id='block_1_23' title="bbox 261 1961 1835 2036">
    <p class='ocr_par' dir='ltr' id='par_1_23' title="bbox 261 1961 1835 2036">
     <span class='ocr_line' id='line_1_23' title="bbox 261 1961 1835 2036; baseline -0.003 -17"><span class='ocrx_word' id='word_1_152' title='bbox 261 1967 558 2036; x_wconf 88' lang='lat' dir='ltr'><strong>substantia</strong></span> <span class='ocrx_word' id='word_1_153' title='bbox 587 1982 602 2021; x_wconf 71' lang='grc' dir='ltr'>ε</span> <span class='ocrx_word' id='word_1_154' title='bbox 629 1967 672 2020; x_wconf 90' lang='lat' dir='ltr'><strong>si</strong></span> <span class='ocrx_word' id='word_1_155' title='bbox 689 1961 1138 2036; x_wconf 71' lang='lat' dir='ltr'><strong>transgressionis</strong></span> <span class='ocrx_word' id='word_1_156' title='bbox 1163 1961 1370 2035; x_wconf 82' lang='lat' dir='ltr'><strong>culpam</strong></span> <span class='ocrx_word' id='word_1_157' title='bbox 1391 2004 1406 2028; x_wconf 95' lang='lat'><strong>,</strong></span> <span class='ocrx_word' id='word_1_158' title='bbox 1433 1971 1650 2036; x_wconf 84' lang='lat' dir='ltr'><strong>propter</strong></span> <span class='ocrx_word' id='word_1_159' title='bbox 1677 1961 1835 2016; x_wconf 81' lang='lat' dir='ltr'><strong>intel-</strong></span> 
     </span>
    </p>
   </div>
   <div class='ocr_carea' id='block_1_24' title="bbox 262 2033 1838 2108">
    <p class='ocr_par' dir='ltr' id='par_1_24' title="bbox 262 2033 1838 2108">
     <span class='ocr_line' id='line_1_24' title="bbox 262 2033 1838 2108; baseline -0.003 -18"><span class='ocrx_word' id='word_1_160' title='bbox 262 2035 535 2108; x_wconf 86' lang='lat' dir='ltr'><strong>ligentiam</strong></span> <span class='ocrx_word' id='word_1_161' title='bbox 555 2078 570 2104; x_wconf 92' lang='lat'><strong>,</strong></span> <span class='ocrx_word' id='word_1_162' title='bbox 598 2037 749 2108; x_wconf 85' lang='lat' dir='ltr'><strong>pejor</strong></span> <span class='ocrx_word' id='word_1_163' title='bbox 787 2033 873 2108; x_wconf 73' lang='lat' dir='ltr'><strong>esi</strong></span> <span class='ocrx_word' id='word_1_164' title='bbox 915 2051 1095 2092; x_wconf 90' lang='lat' dir='ltr'><strong>causa.</strong></span> <span class='ocrx_word' id='word_1_165' title='bbox 1124 2037 1234 2108; x_wconf 85' lang='lat' dir='ltr'><strong>Ego</strong></span> <span class='ocrx_word' id='word_1_166' title='bbox 1256 2033 1455 2108; x_wconf 50' lang='lat' dir='ltr'><strong>:autem</strong></span> <span class='ocrx_word' id='word_1_167' title='bbox 1491 2033 1763 2108; x_wconf 78' lang='lat' dir='ltr'><strong>Christum</strong></span> <span class='ocrx_word' id='word_1_168' title='bbox 1783 2039 1838 2087; x_wconf 90' lang='lat' dir='ltr'><strong>et</strong></span> 
     </span>
    </p>
   </div>
   <div class='ocr_carea' id='block_1_25' title="bbox 261 2102 1835 2231">
    <p class='ocr_par' dir='ltr' id='par_1_25' title="bbox 261 2102 1835 2231">
     <span class='ocr_line' id='line_1_25' title="bbox 261 2102 1835 2231; baseline -0.004 -70"><span class='ocrx_word' id='word_1_169' title='bbox 261 2102 562 2231; x_wconf 58' lang='lat' dir='ltr'><strong>pcrfectum</strong></span> <span class='ocrx_word' id='word_1_170' title='bbox 589 2102 846 2177; x_wconf 77' lang='lat' dir='ltr'><strong>sapientia</strong></span> <span class='ocrx_word' id='word_1_171' title='bbox 873 2109 986 2162; x_wconf 90' lang='lat' dir='ltr'><strong>scio</strong></span> <span class='ocrx_word' id='word_1_172' title='bbox 1005 2150 1018 2169; x_wconf 87' lang='lat'><strong>,</strong></span> <span class='ocrx_word' id='word_1_173' title='bbox 1049 2115 1102 2162; x_wconf 91' lang='lat' dir='ltr'><strong>et</strong></span> <span class='ocrx_word' id='word_1_174' title='bbox 1125 2102 1420 2176; x_wconf 81' lang='lat' dir='ltr'><strong>piissimum</strong></span> <span class='ocrx_word' id='word_1_175' title='bbox 1445 2118 1564 2157; x_wconf 86' lang='lat' dir='ltr'><strong>esse</strong></span> <span class='ocrx_word' id='word_1_176' title='bbox 1597 2118 1703 2156; x_wconf 91' lang='lat' dir='ltr'><strong>non</strong></span> <span class='ocrx_word' id='word_1_177' title='bbox 1732 2102 1835 2156; x_wconf 86' lang='lat' dir='ltr'><strong>du-</strong></span> 
     </span>
     <span class='ocr_line' id='line_1_26' title="bbox 301 2175 1835 2231; baseline -0.003 0"><span class='ocrx_word' id='word_1_178' title='bbox 301 2177 377 2231; x_wconf 90' lang='lat' dir='ltr'><strong>ito</strong></span> <span class='ocrx_word' id='word_1_179' title='bbox 399 2219 414 2231; x_wconf 88' lang='lat'><strong>.</strong></span> <span class='ocrx_word' id='word_1_180' title='bbox 445 2193 670 2231; x_wconf 86' lang='lat' dir='ltr'><strong>auorum</strong></span> <span class='ocrx_word' id='word_1_181' title='bbox 699 2179 869 2231; x_wconf 83' lang='lat' dir='ltr'><strong>primo</strong></span> <span class='ocrx_word' id='word_1_182' title='bbox 894 2177 1166 2231; x_wconf 90' lang='lat' dir='ltr'><strong>meliorem</strong></span> <span class='ocrx_word' id='word_1_183' title='bbox 1193 2185 1248 2230; x_wconf 90' lang='lat' dir='ltr'><strong>et</strong></span> <span class='ocrx_word' id='word_1_184' title='bbox 1275 2175 1566 2231; x_wconf 75' lang='lat' dir='ltr'><strong>prudentiae</strong></span> <span class='ocrx_word' id='word_1_185' title='bbox 1589 2187 1835 2231; x_wconf 79' lang='lat' dir='ltr'><strong>capacem</strong></span> 
     </span>
    </p>
   </div>
   <div class='ocr_carea' id='block_1_26' title="bbox 301 2175 1836 2248">
    <p class='ocr_par' dir='ltr' id='par_1_26' title="bbox 301 2175 1836 2248">
     <span class='ocr_line' id='line_1_27' title="bbox 301 2175 1836 2248; baseline -0.005 -15"><span class='ocrx_word' id='word_1_186' title='bbox 301 2177 377 2232; x_wconf 89' lang='lat' dir='ltr'><strong>ito</strong></span> <span class='ocrx_word' id='word_1_187' title='bbox 399 2219 414 2243; x_wconf 93' lang='lat'><strong>,</strong></span> <span class='ocrx_word' id='word_1_188' title='bbox 445 2175 670 2248; x_wconf 82' lang='lat' dir='ltr'><strong>quorum</strong></span> <span class='ocrx_word' id='word_1_189' title='bbox 699 2177 1166 2248; x_wconf 88' lang='lat' dir='ltr'><strong>primomeliorem</strong></span> <span class='ocrx_word' id='word_1_190' title='bbox 1193 2185 1248 2230; x_wconf 91' lang='lat' dir='ltr'><strong>et</strong></span> <span class='ocrx_word' id='word_1_191' title='bbox 1275 2175 1566 2248; x_wconf 71' lang='lat' dir='ltr'><strong>prudentiae</strong></span> <span class='ocrx_word' id='word_1_192' title='bbox 1589 2187 1836 2248; x_wconf 73' lang='lat' dir='ltr'><strong>capacem</strong></span> 
     </span>
    </p>
   </div>
   <div class='ocr_carea' id='block_1_27' title="bbox 263 2241 1836 2319">
    <p class='ocr_par' dir='ltr' id='par_1_27' title="bbox 263 2241 1836 2319">
     <span class='ocr_line' id='line_1_28' title="bbox 263 2241 1836 2319; baseline -0.003 -19"><span class='ocrx_word' id='word_1_193' title='bbox 263 2262 375 2302; x_wconf 85' lang='lat' dir='ltr'><strong>non</strong></span> <span class='ocrx_word' id='word_1_194' title='bbox 401 2241 664 2319; x_wconf 77' lang='lat' dir='ltr'><strong>despexit,</strong></span> <span class='ocrx_word' id='word_1_195' title='bbox 686 2241 930 2319; x_wconf 56' lang='lat' dir='ltr'><strong>secundo</strong></span> <span class='ocrx_word' id='word_1_196' title='bbox 957 2262 1072 2319; x_wconf 83' lang='lat' dir='ltr'><strong>eam</strong></span> <span class='ocrx_word' id='word_1_197' title='bbox 1103 2261 1221 2314; x_wconf 85' lang='lat' dir='ltr'><strong>quae</strong></span> <span class='ocrx_word' id='word_1_198' title='bbox 1245 2241 1414 2319; x_wconf 79' lang='lat' dir='ltr'><strong>magis</strong></span> <span class='ocrx_word' id='word_1_199' title='bbox 1454 2241 1626 2296; x_wconf 79' lang='lat' dir='ltr'><strong>fuerat</strong></span> <span class='ocrx_word' id='word_1_200' title='bbox 1647 2241 1836 2319; x_wconf 79' lang='lat' dir='ltr'><strong>vulne-</strong></span> 
     </span>
    </p>
   </div>
   <div class='ocr_carea' id='block_1_28' title="bbox 261 2311 1837 2386">
    <p class='ocr_par' dir='ltr' id='par_1_28' title="bbox 261 2311 1837 2386">
     <span class='ocr_line' id='line_1_29' title="bbox 261 2311 1837 2386; baseline -0.002 -16"><span class='ocrx_word' id='word_1_201' title='bbox 261 2326 381 2371; x_wconf 87' lang='lat' dir='ltr'><strong>rata</strong></span> <span class='ocrx_word' id='word_1_202' title='bbox 411 2311 663 2386; x_wconf 73' lang='lat' dir='ltr'><strong>suscepit.</strong></span> <span class='ocrx_word' id='word_1_203' title='bbox 685 2317 867 2385; x_wconf 87' lang='lat' dir='ltr'><strong>Neque</strong></span> <span class='ocrx_word' id='word_1_204' title='bbox 887 2316 1028 2370; x_wconf 90' lang='lat' dir='ltr'><strong>enim</strong></span> <span class='ocrx_word' id='word_1_205' title='bbox 1055 2311 1146 2386; x_wconf 79' lang='lat' dir='ltr'><strong>aut</strong></span> <span class='ocrx_word' id='word_1_206' title='bbox 1172 2311 1446 2386; x_wconf 70' lang='lat' dir='ltr'><strong>sapientia:</strong></span> <span class='ocrx_word' id='word_1_207' title='bbox 1470 2313 1740 2380; x_wconf 84' lang='lat' dir='ltr'><strong>convenit,</strong></span> <span class='ocrx_word' id='word_1_208' title='bbox 1768 2311 1837 2367; x_wconf 90' lang='lat' dir='ltr'><strong>de</strong></span> 
     </span>
    </p>
   </div>
   <div class='ocr_carea' id='block_1_29' title="bbox 263 2383 1839 2456">
    <p class='ocr_par' dir='ltr' id='par_1_29' title="bbox 263 2383 1839 2456">
     <span class='ocr_line' id='line_1_30' title="bbox 263 2383 1839 2456; baseline -0.002 -15"><span class='ocrx_word' id='word_1_209' title='bbox 263 2387 476 2441; x_wconf 91' lang='lat' dir='ltr'><strong>duobus</strong></span> <span class='ocrx_word' id='word_1_210' title='bbox 513 2383 662 2456; x_wconf 77' lang='lat' dir='ltr'><strong>aeque</strong></span> <span class='ocrx_word' id='word_1_211' title='bbox 704 2383 814 2440; x_wconf 83' lang='lat' dir='ltr'><strong>suis</strong></span> <span class='ocrx_word' id='word_1_212' title='bbox 856 2383 1337 2454; x_wconf 86' lang='lat' dir='ltr'><strong>insipientissimam</strong></span> <span class='ocrx_word' id='word_1_213' title='bbox 1375 2383 1493 2456; x_wconf 87' lang='lat' dir='ltr'><strong>plus</strong></span> <span class='ocrx_word' id='word_1_214' title='bbox 1512 2396 1721 2456; x_wconf 85' lang='lat' dir='ltr'><strong>amare;</strong></span> <span class='ocrx_word' id='word_1_215' title='bbox 1747 2390 1839 2438; x_wconf 86' lang='lat' dir='ltr'><strong>aut</strong></span> 
     </span>
    </p>
   </div>
   <div class='ocr_carea' id='block_1_30' title="bbox 261 2454 1639 2526">
    <p class='ocr_par' dir='ltr' id='par_1_30' title="bbox 261 2454 1639 2526">
     <span class='ocr_line' id='line_1_31' title="bbox 261 2454 1639 2526; baseline -0.003 -15"><span class='ocrx_word' id='word_1_216' title='bbox 261 2457 513 2526; x_wconf 61' lang='lat' dir='ltr'><strong>perfecte</strong></span> <span class='ocrx_word' id='word_1_217' title='bbox 539 2454 741 2523; x_wconf 86' lang='lat' dir='ltr'><strong>pietati,</strong></span> <span class='ocrx_word' id='word_1_218' title='bbox 765 2457 931 2526; x_wconf 88' lang='lat' dir='ltr'><strong>magis</strong></span> <span class='ocrx_word' id='word_1_219' title='bbox 954 2456 1274 2526; x_wconf 82' lang='lat' dir='ltr'><strong>indigentem</strong></span> <span class='ocrx_word' id='word_1_220' title='bbox 1294 2469 1398 2526; x_wconf 83' lang='lat' dir='ltr'><strong>non</strong></span> <span class='ocrx_word' id='word_1_221' title='bbox 1421 2454 1639 2523; x_wconf 90' lang='lat' dir='ltr'><strong>juvisse.</strong></span> 
     </span>
    </p>
   </div>
   <div class='ocr_carea' id='block_1_31' title="bbox 335 2471 1840 2594">
    <p class='ocr_par' dir='ltr' id='par_1_31' title="bbox 335 2471 1840 2594">
     <span class='ocr_line' id='line_1_32' title="bbox 338 2471 1639 2580; baseline -0.002 -72"><span class='ocrx_word' id='word_1_222' title='bbox 338 2471 513 2510; x_wconf 60' lang='lat' dir='ltr'><strong>“CCI!!!</strong></span> <span class='ocrx_word' id='word_1_223' title='bbox 539 2471 741 2523; x_wconf 71' lang='grc' dir='ltr'><strong>ιηθηιῑι,</strong></span> <span class='ocrx_word' id='word_1_224' title='bbox 765 2471 931 2580; x_wconf 52' lang='lat' dir='ltr'><strong>magis</strong></span> <span class='ocrx_word' id='word_1_225' title='bbox 954 2471 1274 2537; x_wconf 78' lang='lat' dir='ltr'><strong>indigentem</strong></span> <span class='ocrx_word' id='word_1_226' title='bbox 1294 2471 1398 2536; x_wconf 72' lang='grc' dir='ltr'><strong><em>ῃοη</em></strong></span> <span class='ocrx_word' id='word_1_227' title='bbox 1421 2471 1639 2523; x_wconf 72' lang='grc' dir='ltr'><strong>μινιδεθ.</strong></span> 
     </span>
     <span class='ocr_line' id='line_1_33' title="bbox 335 2524 1840 2594; baseline -0.001 -13"><span class='ocrx_word' id='word_1_228' title='bbox 335 2524 560 2583; x_wconf 85' lang='lat' dir='ltr'><strong>CAPUT</strong></span> <span class='ocrx_word' id='word_1_229' title='bbox 595 2526 734 2582; x_wconf 78' lang='lat' dir='ltr'><strong>XIV.</strong></span> <span class='ocrx_word' id='word_1_230' title='bbox 759 2557 830 2566; x_wconf 97' lang='lat'><strong>—</strong></span> <span class='ocrx_word' id='word_1_231' title='bbox 885 2526 986 2581; x_wconf 71' lang='grc' dir='ltr'><strong>ἐιη</strong></span> <span class='ocrx_word' id='word_1_232' title='bbox 1015 2525 1202 2584; x_wconf 79' lang='lat' dir='ltr'><strong>Omnia</strong></span> <span class='ocrx_word' id='word_1_233' title='bbox 1226 2524 1440 2594; x_wconf 81' lang='lat' dir='ltr'><strong>quidem</strong></span> <span class='ocrx_word' id='word_1_234' title='bbox 1459 2539 1578 2594; x_wconf 74' lang='lat' dir='ltr'><strong>quae</strong></span> <span class='ocrx_word' id='word_1_235' title='bbox 1599 2539 1630 2578; x_wconf 93' lang='lat' dir='ltr'><strong>a</strong></span> <span class='ocrx_word' id='word_1_236' title='bbox 1661 2532 1712 2580; x_wconf 91' lang='lat' dir='ltr'><strong>te</strong></span> <span class='ocrx_word' id='word_1_237' title='bbox 1729 2539 1840 2580; x_wconf 91' lang='lat' dir='ltr'><strong>non</strong></span> 
     </span>
    </p>
   </div>
   <div class='ocr_carea' id='block_1_32' title="bbox 262 2593 1835 2661">
    <p class='ocr_par' dir='ltr' id='par_1_32' title="bbox 262 2593 1835 2661">
     <span class='ocr_line' id='line_1_34' title="bbox 262 2593 1835 2661; baseline -0.001 -9"><span class='ocrx_word' id='word_1_238' title='bbox 262 2597 647 2653; x_wconf 84' lang='lat' dir='ltr'><strong>rationabiliter</strong></span> <span class='ocrx_word' id='word_1_239' title='bbox 674 2605 896 2661; x_wconf 90' lang='lat' dir='ltr'><strong>tantum,</strong></span> <span class='ocrx_word' id='word_1_240' title='bbox 925 2596 1019 2652; x_wconf 89' lang='lat' dir='ltr'><strong>sed</strong></span> <span class='ocrx_word' id='word_1_241' title='bbox 1047 2596 1206 2650; x_wconf 91' lang='lat' dir='ltr'><strong>etiam</strong></span> <span class='ocrx_word' id='word_1_242' title='bbox 1236 2593 1496 2650; x_wconf 76' lang='lat' dir='ltr'><strong>veraciter</strong></span> <span class='ocrx_word' id='word_1_243' title='bbox 1521 2593 1662 2649; x_wconf 89' lang='lat' dir='ltr'><strong>dicta</strong></span> <span class='ocrx_word' id='word_1_244' title='bbox 1690 2603 1835 2661; x_wconf 91' lang='lat' dir='ltr'><strong>sunt,</strong></span> 
     </span>
    </p>
   </div>
   <div class='ocr_carea' id='block_1_33' title="bbox 261 2664 1840 2738">
    <p class='ocr_par' dir='ltr' id='par_1_33' title="bbox 261 2664 1840 2738">
     <span class='ocr_line' id='line_1_35' title="bbox 261 2664 1840 2738; baseline -0.001 -14"><span class='ocrx_word' id='word_1_245' title='bbox 261 2675 320 2724; x_wconf 88' lang='lat' dir='ltr'><strong>et</strong></span> <span class='ocrx_word' id='word_1_246' title='bbox 348 2667 673 2724; x_wconf 87' lang='lat' dir='ltr'><strong>intellexisse</strong></span> <span class='ocrx_word' id='word_1_247' title='bbox 693 2684 776 2723; x_wconf 91' lang='lat' dir='ltr'><strong>me</strong></span> <span class='ocrx_word' id='word_1_248' title='bbox 793 2669 848 2723; x_wconf 90' lang='lat' dir='ltr'><strong>in</strong></span> <span class='ocrx_word' id='word_1_249' title='bbox 867 2666 1287 2738; x_wconf 67' lang='lat' dir='ltr'><strong>prazcedentibus</strong></span> <span class='ocrx_word' id='word_1_250' title='bbox 1307 2664 1494 2731; x_wconf 88' lang='lat' dir='ltr'><strong>fateor,</strong></span> <span class='ocrx_word' id='word_1_251' title='bbox 1517 2673 1571 2720; x_wconf 91' lang='lat' dir='ltr'><strong>et</strong></span> <span class='ocrx_word' id='word_1_252' title='bbox 1586 2665 1840 2735; x_wconf 85' lang='lat' dir='ltr'><strong>probasse</strong></span> 
     </span>
    </p>
   </div>
   <div class='ocr_carea' id='block_1_34' title="bbox 262 2737 1834 2810">
    <p class='ocr_par' dir='ltr' id='par_1_34' title="bbox 262 2737 1834 2810">
     <span class='ocr_line' id='line_1_36' title="bbox 262 2737 1834 2810; baseline -0.001 -18"><span class='ocrx_word' id='word_1_253' title='bbox 262 2752 371 2792; x_wconf 89' lang='lat' dir='ltr'><strong>non</strong></span> <span class='ocrx_word' id='word_1_254' title='bbox 397 2754 577 2810; x_wconf 77' lang='lat' dir='ltr'><strong>nego;</strong></span> <span class='ocrx_word' id='word_1_255' title='bbox 603 2738 807 2810; x_wconf 87' lang='lat' dir='ltr'><strong>Christi</strong></span> <span class='ocrx_word' id='word_1_256' title='bbox 823 2737 998 2793; x_wconf 87' lang='lat' dir='ltr'><strong>autem</strong></span> <span class='ocrx_word' id='word_1_257' title='bbox 1025 2737 1272 2810; x_wconf 79' lang='lat' dir='ltr'><strong>divinitas</strong></span> <span class='ocrx_word' id='word_1_258' title='bbox 1298 2751 1404 2807; x_wconf 90' lang='lat' dir='ltr'><strong>quo</strong></span> <span class='ocrx_word' id='word_1_259' title='bbox 1427 2744 1582 2804; x_wconf 89' lang='lat' dir='ltr'><strong>pacto</strong></span> <span class='ocrx_word' id='word_1_260' title='bbox 1607 2745 1834 2810; x_wconf 81' lang='lat' dir='ltr'><strong>mortem</strong></span> 
     </span>
    </p>
   </div>
   <div class='ocr_carea' id='block_1_35' title="bbox 259 2806 1841 2880">
    <p class='ocr_par' dir='ltr' id='par_1_35' title="bbox 259 2806 1841 2880">
     <span class='ocr_line' id='line_1_37' title="bbox 259 2806 1841 2880; baseline -0.001 -16"><span class='ocrx_word' id='word_1_261' title='bbox 259 2806 752 2880; x_wconf 68' lang='lat' dir='ltr'><strong>sensissedicatur,</strong></span> <span class='ocrx_word' id='word_1_262' title='bbox 798 2809 1002 2880; x_wconf 90' lang='lat' dir='ltr'><strong>ignoro.</strong></span> <span class='ocrx_word' id='word_1_263' title='bbox 1040 2808 1133 2880; x_wconf 79' lang='lat' dir='ltr'><strong>De</strong></span> <span class='ocrx_word' id='word_1_264' title='bbox 1170 2823 1275 2877; x_wconf 92' lang='lat' dir='ltr'><strong>quo</strong></span> <span class='ocrx_word' id='word_1_265' title='bbox 1301 2806 1479 2880; x_wconf 81' lang='lat' dir='ltr'><strong>utrum</strong></span> <span class='ocrx_word' id='word_1_266' title='bbox 1508 2817 1578 2880; x_wconf 14' lang='lat' dir='ltr'><strong>itu</strong></span> <span class='ocrx_word' id='word_1_267' title='bbox 1615 2806 1841 2880; x_wconf 84' lang='lat' dir='ltr'><strong>obscure</strong></span> 
     </span>
    </p>
   </div>
   <div class='ocr_carea' id='block_1_36' title="bbox 261 2876 1842 2951">
    <p class='ocr_par' dir='ltr' id='par_1_36' title="bbox 261 2876 1842 2951">
     <span class='ocr_line' id='line_1_38' title="bbox 261 2876 1842 2951; baseline -0.003 -18"><span class='ocrx_word' id='word_1_268' title='bbox 261 2878 461 2951; x_wconf 71' lang='lat' dir='ltr'><strong>aliquid</strong></span> <span class='ocrx_word' id='word_1_269' title='bbox 488 2879 706 2948; x_wconf 81' lang='lat' dir='ltr'><strong>dixeris,</strong></span> <span class='ocrx_word' id='word_1_270' title='bbox 734 2895 802 2934; x_wconf 91' lang='lat' dir='ltr'><strong>an</strong></span> <span class='ocrx_word' id='word_1_271' title='bbox 820 2876 938 2951; x_wconf 59' lang='lat' dir='ltr'><strong>&#39;ego</strong></span> <span class='ocrx_word' id='word_1_272' title='bbox 966 2876 1290 2951; x_wconf 81' lang='lat' dir='ltr'><strong>sufficienter</strong></span> <span class='ocrx_word' id='word_1_273' title='bbox 1331 2877 1470 2951; x_wconf 70' lang='lat' dir='ltr'><strong>dicta</strong></span> <span class='ocrx_word' id='word_1_274' title='bbox 1505 2876 1702 2951; x_wconf 83' lang='lat' dir='ltr'><strong>ingenii</strong></span> <span class='ocrx_word' id='word_1_275' title='bbox 1733 2885 1842 2931; x_wconf 87' lang='lat' dir='ltr'><strong>tar-</strong></span> 
     </span>
    </p>
   </div>
   <div class='ocr_carea' id='block_1_37' title="bbox 259 2947 1842 3020">
    <p class='ocr_par' dir='ltr' id='par_1_37' title="bbox 259 2947 1842 3020">
     <span class='ocr_line' id='line_1_39' title="bbox 259 2947 1842 3020; baseline 0 -18"><span class='ocrx_word' id='word_1_276' title='bbox 259 2947 428 3020; x_wconf 79' lang='lat' dir='ltr'><strong>ditate</strong></span> <span class='ocrx_word' id='word_1_277' title='bbox 451 2952 659 3020; x_wconf 89' lang='lat' dir='ltr'><strong>assequi</strong></span> <span class='ocrx_word' id='word_1_278' title='bbox 687 2947 793 3005; x_wconf 89' lang='lat' dir='ltr'><strong>non</strong></span> <span class='ocrx_word' id='word_1_279' title='bbox 816 2947 1098 3020; x_wconf 72' lang='lat' dir='ltr'><strong>potuerim,</strong></span> <span class='ocrx_word' id='word_1_280' title='bbox 1125 2948 1324 3004; x_wconf 90' lang='lat' dir='ltr'><strong>nescio.</strong></span> <span class='ocrx_word' id='word_1_281' title='bbox 1353 2947 1536 3020; x_wconf 79' lang='lat' dir='ltr'><strong>Neque</strong></span> <span class='ocrx_word' id='word_1_282' title='bbox 1562 2947 1704 3020; x_wconf 86' lang='lat' dir='ltr'><strong>enim</strong></span> <span class='ocrx_word' id='word_1_283' title='bbox 1724 2961 1842 3002; x_wconf 91' lang='lat' dir='ltr'><strong>cre-</strong></span> 
     </span>
    </p>
   </div>
   <div class='ocr_carea' id='block_1_38' title="bbox 261 3017 1840 3101">
    <p class='ocr_par' dir='ltr' id='par_1_38' title="bbox 261 3017 1840 3101">
     <span class='ocr_line' id='line_1_40' title="bbox 261 3017 1840 3101; baseline 0.001 -28"><span class='ocrx_word' id='word_1_284' title='bbox 261 3017 760 3101; x_wconf 47' lang='lat' dir='ltr'><strong>dere.au._sim,quod</strong></span> <span class='ocrx_word' id='word_1_285' title='bbox 787 3017 904 3101; x_wconf 75' lang='lat' dir='ltr'><strong>fons</strong></span> <span class='ocrx_word' id='word_1_286' title='bbox 919 3021 1010 3101; x_wconf 77' lang='lat' dir='ltr'><strong>ille</strong></span> <span class='ocrx_word' id='word_1_287' title='bbox 1030 3020 1171 3084; x_wconf 71' lang='lat' dir='ltr'><strong>vitae,</strong></span> <span class='ocrx_word' id='word_1_288' title='bbox 1193 3034 1224 3073; x_wconf 92' lang='lat' dir='ltr'><strong>a</strong></span> <span class='ocrx_word' id='word_1_289' title='bbox 1245 3033 1350 3101; x_wconf 82' lang='lat' dir='ltr'><strong>quo</strong></span> <span class='ocrx_word' id='word_1_290' title='bbox 1378 3017 1574 3101; x_wconf 77' lang='lat' dir='ltr'><strong>habent</strong></span> <span class='ocrx_word' id='word_1_291' title='bbox 1595 3018 1840 3074; x_wconf 80' lang='lat' dir='ltr'><strong>universa</strong></span> 
     </span>
    </p>
   </div>
   <div class='ocr_carea' id='block_1_39' title="bbox 261 3089 1842 3162">
    <p class='ocr_par' dir='ltr' id='par_1_39' title="bbox 261 3089 1842 3162">
     <span class='ocr_line' id='line_1_41' title="bbox 261 3089 1842 3162; baseline -0.001 -19"><span class='ocrx_word' id='word_1_292' title='bbox 261 3089 406 3162; x_wconf 78' lang='lat' dir='ltr'><strong>quod</strong></span> <span class='ocrx_word' id='word_1_293' title='bbox 447 3089 651 3154; x_wconf 72' lang='lat' dir='ltr'><strong>vivunt,</strong></span> <span class='ocrx_word' id='word_1_294' title='bbox 701 3107 796 3162; x_wconf 91' lang='lat' dir='ltr'><strong>per</strong></span> <span class='ocrx_word' id='word_1_295' title='bbox 836 3091 1070 3146; x_wconf 86' lang='lat' dir='ltr'><strong>triduum</strong></span> <span class='ocrx_word' id='word_1_296' title='bbox 1115 3105 1222 3160; x_wconf 90' lang='lat' dir='ltr'><strong>quo</strong></span> <span class='ocrx_word' id='word_1_297' title='bbox 1262 3089 1316 3144; x_wconf 90' lang='lat' dir='ltr'><strong>in</strong></span> <span class='ocrx_word' id='word_1_298' title='bbox 1357 3089 1601 3162; x_wconf 81' lang='lat' dir='ltr'><strong>sepulcro</strong></span> <span class='ocrx_word' id='word_1_299' title='bbox 1645 3102 1842 3162; x_wconf 74' lang='lat' dir='ltr'><strong>corpus</strong></span> 
     </span>
    </p>
   </div>
   <div class='ocr_carea' id='block_1_40' title="bbox 256 3157 1838 3230">
    <p class='ocr_par' dir='ltr' id='par_1_40' title="bbox 256 3157 1838 3230">
     <span class='ocr_line' id='line_1_42' title="bbox 256 3157 1838 3230; baseline 0 -17"><span class='ocrx_word' id='word_1_300' title='bbox 256 3157 445 3230; x_wconf 67' lang='lat' dir='ltr'><strong>iacuit,</strong></span> <span class='ocrx_word' id='word_1_301' title='bbox 477 3177 645 3230; x_wconf 91' lang='lat' dir='ltr'><strong>usque</strong></span> <span class='ocrx_word' id='word_1_302' title='bbox 667 3157 732 3218; x_wconf 77' lang='lat' dir='ltr'><strong>eo</strong></span> <span class='ocrx_word' id='word_1_303' title='bbox 760 3177 791 3216; x_wconf 92' lang='lat' dir='ltr'><strong>a</strong></span> <span class='ocrx_word' id='word_1_304' title='bbox 836 3171 1038 3217; x_wconf 69' lang='lat' dir='ltr'><strong>naturae</strong></span> <span class='ocrx_word' id='word_1_305' title='bbox 1078 3157 1188 3216; x_wconf 69' lang='lat' dir='ltr'><strong>sua:</strong></span> <span class='ocrx_word' id='word_1_306' title='bbox 1220 3160 1540 3230; x_wconf 86' lang='lat' dir='ltr'><strong>proprietate</strong></span> <span class='ocrx_word' id='word_1_307' title='bbox 1565 3157 1838 3230; x_wconf 84' lang='lat' dir='ltr'><strong>deciderit,</strong></span> 
     </span>
    </p>
   </div>
   <div class='ocr_carea' id='block_1_41' title="bbox 261 3228 1841 3302">
    <p class='ocr_par' dir='ltr' id='par_1_41' title="bbox 261 3228 1841 3302">
     <span class='ocr_line' id='line_1_43' title="bbox 261 3228 1841 3302; baseline 0 -18"><span class='ocrx_word' id='word_1_308' title='bbox 261 3228 321 3302; x_wconf 84' lang='lat' dir='ltr'><strong>ut</strong></span> <span class='ocrx_word' id='word_1_309' title='bbox 347 3231 390 3284; x_wconf 89' lang='lat' dir='ltr'><strong>si</strong></span> <span class='ocrx_word' id='word_1_310' title='bbox 421 3231 523 3286; x_wconf 91' lang='lat' dir='ltr'><strong>dici</strong></span> <span class='ocrx_word' id='word_1_311' title='bbox 551 3228 628 3286; x_wconf 81' lang='lat' dir='ltr'><strong>fas</strong></span> <span class='ocrx_word' id='word_1_312' title='bbox 651 3243 754 3301; x_wconf 90' lang='lat' dir='ltr'><strong>est,</strong></span> <span class='ocrx_word' id='word_1_313' title='bbox 781 3233 997 3302; x_wconf 90' lang='lat' dir='ltr'><strong>sepultis</strong></span> <span class='ocrx_word' id='word_1_314' title='bbox 1027 3228 1273 3287; x_wconf 86' lang='lat' dir='ltr'><strong>sensibus</strong></span> <span class='ocrx_word' id='word_1_315' title='bbox 1293 3228 1513 3302; x_wconf 84' lang='lat' dir='ltr'><strong>omnem</strong></span> <span class='ocrx_word' id='word_1_316' title='bbox 1531 3228 1841 3302; x_wconf 66' lang='lat' dir='ltr'><strong>substantiae</strong></span> 
     </span>
    </p>
   </div>
   <div class='ocr_carea' id='block_1_42' title="bbox 259 3299 1842 3372">
    <p class='ocr_par' dir='ltr' id='par_1_42' title="bbox 259 3299 1842 3372">
     <span class='ocr_line' id='line_1_44' title="bbox 259 3299 1842 3372; baseline 0.001 -19"><span class='ocrx_word' id='word_1_317' title='bbox 259 3300 439 3372; x_wconf 75' lang='lat' dir='ltr'><strong>vitalis</strong></span> <span class='ocrx_word' id='word_1_318' title='bbox 485 3311 686 3357; x_wconf 90' lang='lat' dir='ltr'><strong>motum</strong></span> <span class='ocrx_word' id='word_1_319' title='bbox 721 3299 988 3358; x_wconf 79' lang='lat' dir='ltr'><strong>amitteret</strong></span> <span class='ocrx_word' id='word_1_320' title='bbox 1017 3303 1060 3369; x_wconf 79' lang='grc'><strong>⁸,</strong></span> <span class='ocrx_word' id='word_1_321' title='bbox 1092 3311 1146 3357; x_wconf 90' lang='lat' dir='ltr'><strong>et</strong></span> <span class='ocrx_word' id='word_1_322' title='bbox 1177 3309 1390 3372; x_wconf 90' lang='lat' dir='ltr'><strong>propter</strong></span> <span class='ocrx_word' id='word_1_323' title='bbox 1421 3299 1842 3372; x_wconf 77' lang='lat' dir='ltr'><strong>redemptionem</strong></span> 
     </span>
    </p>
   </div>
   <div class='ocr_carea' id='block_1_43' title="bbox 259 3369 1844 3444">
    <p class='ocr_par' dir='ltr' id='par_1_43' title="bbox 259 3369 1844 3444">
     <span class='ocr_line' id='line_1_45' title="bbox 259 3369 1844 3444; baseline 0 -20"><span class='ocrx_word' id='word_1_324' title='bbox 259 3369 479 3444; x_wconf 79' lang='lat' dir='ltr'><strong>humani</strong></span> <span class='ocrx_word' id='word_1_325' title='bbox 503 3375 712 3444; x_wconf 84' lang='lat' dir='ltr'><strong>generis</strong></span> <span class='ocrx_word' id='word_1_326' title='bbox 740 3390 844 3428; x_wconf 90' lang='lat' dir='ltr'><strong>non</strong></span> <span class='ocrx_word' id='word_1_327' title='bbox 873 3374 1080 3444; x_wconf 88' lang='lat' dir='ltr'><strong>Patrem</strong></span> <span class='ocrx_word' id='word_1_328' title='bbox 1103 3369 1324 3439; x_wconf 82' lang='lat' dir='ltr'><strong>tantum,</strong></span> <span class='ocrx_word' id='word_1_329' title='bbox 1345 3370 1440 3427; x_wconf 91' lang='lat' dir='ltr'><strong>sed</strong></span> <span class='ocrx_word' id='word_1_330' title='bbox 1460 3378 1514 3426; x_wconf 90' lang='lat' dir='ltr'><strong>et</strong></span> <span class='ocrx_word' id='word_1_331' title='bbox 1532 3370 1709 3426; x_wconf 86' lang='lat' dir='ltr'><strong>omnia</strong></span> <span class='ocrx_word' id='word_1_332' title='bbox 1734 3369 1844 3441; x_wconf 88' lang='lat' dir='ltr'><strong>spi-</strong></span> 
     </span>
    </p>
   </div>
   <div class='ocr_carea' id='block_1_44' title="bbox 259 3440 1328 3512">
    <p class='ocr_par' dir='ltr' id='par_1_44' title="bbox 259 3440 1328 3512">
     <span class='ocr_line' id='line_1_46' title="bbox 259 3440 1328 3512; baseline -0.002 -15"><span class='ocrx_word' id='word_1_333' title='bbox 259 3440 470 3497; x_wconf 84' lang='lat' dir='ltr'><strong>ritualis</strong></span> <span class='ocrx_word' id='word_1_334' title='bbox 495 3440 673 3512; x_wconf 70' lang='lat' dir='ltr'><strong>gloria:</strong></span> <span class='ocrx_word' id='word_1_335' title='bbox 699 3455 1010 3498; x_wconf 90' lang='lat' dir='ltr'><strong>ornamenta</strong></span> <span class='ocrx_word' id='word_1_336' title='bbox 1039 3443 1328 3498; x_wconf 87' lang='lat' dir='ltr'><strong>desereret.</strong></span> 
     </span>
    </p>
   </div>
   <div class='ocr_carea' id='block_1_45' title="bbox 333 3510 1845 3585">
    <p class='ocr_par' dir='ltr' id='par_1_45' title="bbox 333 3510 1845 3585">
     <span class='ocr_line' id='line_1_47' title="bbox 333 3510 1845 3585; baseline 0 -19"><span class='ocrx_word' id='word_1_337' title='bbox 333 3514 472 3585; x_wconf 75' lang='lat' dir='ltr'><strong>Avo.</strong></span> <span class='ocrx_word' id='word_1_338' title='bbox 499 3510 575 3585; x_wconf 68' lang='lat' dir='ltr'><strong>(a)</strong></span> <span class='ocrx_word' id='word_1_339' title='bbox 623 3515 794 3581; x_wconf 85' lang='lat' dir='ltr'><strong>Absit,</strong></span> <span class='ocrx_word' id='word_1_340' title='bbox 841 3514 976 3570; x_wconf 89' lang='lat' dir='ltr'><strong>absit</strong></span> <span class='ocrx_word' id='word_1_341' title='bbox 1015 3529 1045 3568; x_wconf 90' lang='lat' dir='ltr'><strong>a</strong></span> <span class='ocrx_word' id='word_1_342' title='bbox 1091 3513 1336 3569; x_wconf 89' lang='lat' dir='ltr'><strong>ﬁdelibus</strong></span> <span class='ocrx_word' id='word_1_343' title='bbox 1368 3512 1469 3567; x_wconf 88' lang='lat' dir='ltr'><strong>ista</strong></span> <span class='ocrx_word' id='word_1_344' title='bbox 1503 3510 1753 3581; x_wconf 89' lang='lat' dir='ltr'><strong>suspicio,</strong></span> <span class='ocrx_word' id='word_1_345' title='bbox 1786 3518 1845 3585; x_wconf 83' lang='lat' dir='ltr'><strong>ut</strong></span> 
     </span>
    </p>
   </div>
   <div class='ocr_carea' id='block_1_46' title="bbox 259 3581 1841 3650">
    <p class='ocr_par' dir='ltr' id='par_1_46' title="bbox 259 3581 1841 3650">
     <span class='ocr_line' id='line_1_48' title="bbox 259 3581 1841 3650; baseline -0.001 -13"><span class='ocrx_word' id='word_1_346' title='bbox 259 3581 343 3638; x_wconf 87' lang='lat' dir='ltr'><strong>sic</strong></span> <span class='ocrx_word' id='word_1_347' title='bbox 368 3581 611 3639; x_wconf 76' lang='lat' dir='ltr'><strong>Christus</strong></span> <span class='ocrx_word' id='word_1_348' title='bbox 637 3585 866 3640; x_wconf 78' lang='lat' dir='ltr'><strong>senserit</strong></span> <span class='ocrx_word' id='word_1_349' title='bbox 894 3592 1119 3639; x_wconf 89' lang='lat' dir='ltr'><strong>mortem</strong></span> <span class='ocrx_word' id='word_1_350' title='bbox 1147 3593 1406 3650; x_wconf 90' lang='lat' dir='ltr'><strong>nostram,</strong></span> <span class='ocrx_word' id='word_1_351' title='bbox 1436 3590 1494 3636; x_wconf 92' lang='lat' dir='ltr'><strong>ut</strong></span> <span class='ocrx_word' id='word_1_352' title='bbox 1512 3590 1766 3650; x_wconf 90' lang='lat' dir='ltr'><strong>quanttun</strong></span> <span class='ocrx_word' id='word_1_353' title='bbox 1787 3581 1841 3636; x_wconf 92' lang='lat' dir='ltr'><strong>in</strong></span> 
     </span>
    </p>
   </div>
   <div class='ocr_carea' id='block_1_47' title="bbox 260 3652 1842 3724">
    <p class='ocr_par' dir='ltr' id='par_1_47' title="bbox 260 3652 1842 3724">
     <span class='ocr_line' id='line_1_49' title="bbox 260 3652 1842 3724; baseline -0.001 -17"><span class='ocrx_word' id='word_1_354' title='bbox 260 3667 323 3708; x_wconf 90' lang='lat' dir='ltr'><strong>se</strong></span> <span class='ocrx_word' id='word_1_355' title='bbox 349 3664 450 3718; x_wconf 89' lang='lat' dir='ltr'><strong>est,</strong></span> <span class='ocrx_word' id='word_1_356' title='bbox 479 3656 583 3709; x_wconf 88' lang='lat' dir='ltr'><strong>vita</strong></span> <span class='ocrx_word' id='word_1_357' title='bbox 617 3656 859 3724; x_wconf 88' lang='lat' dir='ltr'><strong>perderet</strong></span> <span class='ocrx_word' id='word_1_358' title='bbox 886 3655 1066 3709; x_wconf 87' lang='lat' dir='ltr'><strong>vitam.</strong></span> <span class='ocrx_word' id='word_1_359' title='bbox 1091 3653 1220 3708; x_wconf 86' lang='lat' dir='ltr'><strong>Nam</strong></span> <span class='ocrx_word' id='word_1_360' title='bbox 1251 3654 1294 3707; x_wconf 92' lang='lat' dir='ltr'><strong>si</strong></span> <span class='ocrx_word' id='word_1_361' title='bbox 1317 3652 1416 3724; x_wconf 87' lang='lat' dir='ltr'><strong>hoc</strong></span> <span class='ocrx_word' id='word_1_362' title='bbox 1436 3653 1509 3724; x_wconf 80' lang='lat' dir='ltr'><strong>ita</strong></span> <span class='ocrx_word' id='word_1_363' title='bbox 1522 3661 1684 3724; x_wconf 83' lang='lat' dir='ltr'><strong>esset,</strong></span> <span class='ocrx_word' id='word_1_364' title='bbox 1706 3667 1842 3724; x_wconf 50' lang='lat' dir='ltr'><strong>quo-7</strong></span> 
     </span>
    </p>
   </div>
   <div class='ocr_carea' id='block_1_48' title="bbox 261 3722 1844 3795">
    <p class='ocr_par' dir='ltr' id='par_1_48' title="bbox 261 3722 1844 3795">
     <span class='ocr_line' id='line_1_50' title="bbox 261 3722 1844 3795; baseline 0 -19"><span class='ocrx_word' id='word_1_365' title='bbox 261 3725 430 3795; x_wconf 86' lang='lat' dir='ltr'><strong>modo</strong></span> <span class='ocrx_word' id='word_1_366' title='bbox 460 3725 549 3780; x_wconf 93' lang='lat' dir='ltr'><strong>illo</strong></span> <span class='ocrx_word' id='word_1_367' title='bbox 580 3722 752 3780; x_wconf 83' lang='lat' dir='ltr'><strong>triduo</strong></span> <span class='ocrx_word' id='word_1_368' title='bbox 782 3727 1015 3795; x_wconf 88' lang='lat' dir='ltr'><strong>potuisse</strong></span> <span class='ocrx_word' id='word_1_369' title='bbox 1053 3724 1276 3795; x_wconf 85' lang='lat' dir='ltr'><strong>dicimus</strong></span> <span class='ocrx_word' id='word_1_370' title='bbox 1319 3722 1514 3795; x_wconf 84' lang='lat' dir='ltr'><strong>aliquid</strong></span> <span class='ocrx_word' id='word_1_371' title='bbox 1552 3722 1751 3789; x_wconf 83' lang='lat' dir='ltr'><strong>vivere,</strong></span> <span class='ocrx_word' id='word_1_372' title='bbox 1795 3722 1844 3778; x_wconf 87' lang='lat' dir='ltr'><strong>si</strong></span> 
     </span>
    </p>
   </div>
   <div class='ocr_carea' id='block_1_49' title="bbox 263 3793 1843 3862">
    <p class='ocr_par' dir='ltr' id='par_1_49' title="bbox 263 3793 1843 3862">
     <span class='ocr_line' id='line_1_51' title="bbox 263 3793 1843 3862; baseline -0.001 -15"><span class='ocrx_word' id='word_1_373' title='bbox 263 3794 390 3848; x_wconf 77' lang='lat' dir='ltr'><strong>vita:</strong></span> <span class='ocrx_word' id='word_1_374' title='bbox 422 3795 619 3849; x_wconf 88' lang='lat' dir='ltr'><strong>fontem</strong></span> <span class='ocrx_word' id='word_1_375' title='bbox 661 3793 926 3850; x_wconf 85' lang='lat' dir='ltr'><strong>credimus</strong></span> <span class='ocrx_word' id='word_1_376' title='bbox 955 3795 1196 3849; x_wconf 84' lang='lat' dir='ltr'><strong>aruiSse?</strong></span> <span class='ocrx_word' id='word_1_377' title='bbox 1225 3793 1402 3849; x_wconf 85' lang='lat' dir='ltr'><strong>Sensit</strong></span> <span class='ocrx_word' id='word_1_378' title='bbox 1428 3793 1588 3862; x_wconf 85' lang='lat' dir='ltr'><strong>igitur</strong></span> <span class='ocrx_word' id='word_1_379' title='bbox 1613 3800 1843 3847; x_wconf 91' lang='lat' dir='ltr'><strong>mortem</strong></span> 
     </span>
    </p>
   </div>
   <div class='ocr_carea' id='block_1_50' title="bbox 261 3863 1845 3935">
    <p class='ocr_par' dir='ltr' id='par_1_50' title="bbox 261 3863 1845 3935">
     <span class='ocr_line' id='line_1_52' title="bbox 261 3863 1845 3935; baseline -0.001 -17"><span class='ocrx_word' id='word_1_380' title='bbox 261 3863 513 3922; x_wconf 87' lang='lat' dir='ltr'><strong>divinitas</strong></span> <span class='ocrx_word' id='word_1_381' title='bbox 533 3865 750 3933; x_wconf 87' lang='lat' dir='ltr'><strong>Christi,</strong></span> <span class='ocrx_word' id='word_1_382' title='bbox 779 3866 1177 3935; x_wconf 86' lang='lat' dir='ltr'><strong>participatione</strong></span> <span class='ocrx_word' id='word_1_383' title='bbox 1199 3863 1415 3919; x_wconf 88' lang='lat' dir='ltr'><strong>humani</strong></span> <span class='ocrx_word' id='word_1_384' title='bbox 1439 3863 1660 3918; x_wconf 73' lang='lat' dir='ltr'><strong>allectus</strong></span> <span class='ocrx_word' id='word_1_385' title='bbox 1685 3878 1845 3935; x_wconf 89' lang='lat' dir='ltr'><strong>quem</strong></span> 
     </span>
    </p>
   </div>
   <div class='ocr_carea' id='block_1_51' title="bbox 259 3934 1845 4008">
    <p class='ocr_par' dir='ltr' id='par_1_51' title="bbox 259 3934 1845 4008">
     <span class='ocr_line' id='line_1_53' title="bbox 259 3934 1845 4008; baseline -0.001 -18"><span class='ocrx_word' id='word_1_386' title='bbox 259 3946 579 4008; x_wconf 82' lang='lat' dir='ltr'><strong>spontesua</strong></span> <span class='ocrx_word' id='word_1_387' title='bbox 627 3934 983 4008; x_wconf 57' lang='lat' dir='ltr'><strong>susceperat,</strong></span> <span class='ocrx_word' id='word_1_388' title='bbox 1008 3944 1357 4008; x_wconf 11' lang='lat' dir='ltr'><strong>noninaturae</strong></span> <span class='ocrx_word' id='word_1_389' title='bbox 1391 3949 1519 4008; x_wconf 73' lang='lat' dir='ltr'><strong>sate</strong></span> <span class='ocrx_word' id='word_1_390' title='bbox 1555 3934 1845 4008; x_wconf 85' lang='lat' dir='ltr'><strong>potentiam</strong></span> 
     </span>
    </p>
   </div>
   <div class='ocr_carea' id='block_1_52' title="bbox 262 4004 1844 4078">
    <p class='ocr_par' dir='ltr' id='par_1_52' title="bbox 262 4004 1844 4078">
     <span class='ocr_line' id='line_1_54' title="bbox 262 4004 1844 4078; baseline -0.001 -18"><span class='ocrx_word' id='word_1_391' title='bbox 262 4006 517 4075; x_wconf 88' lang='lat' dir='ltr'><strong>perdidit,</strong></span> <span class='ocrx_word' id='word_1_392' title='bbox 560 4023 654 4076; x_wconf 89' lang='lat' dir='ltr'><strong>per</strong></span> <span class='ocrx_word' id='word_1_393' title='bbox 681 4004 838 4078; x_wconf 79' lang='lat' dir='ltr'><strong>quain</strong></span> <span class='ocrx_word' id='word_1_394' title='bbox 869 4016 1055 4062; x_wconf 88' lang='lat' dir='ltr'><strong>cuncta</strong></span> <span class='ocrx_word' id='word_1_395' title='bbox 1084 4005 1351 4078; x_wconf 12' lang='lat' dir='ltr'><strong>ivivilicat.</strong></span> <span class='ocrx_word' id='word_1_396' title='bbox 1386 4004 1474 4060; x_wconf 91' lang='lat' dir='ltr'><strong>Sic</strong></span> <span class='ocrx_word' id='word_1_397' title='bbox 1507 4005 1562 4078; x_wconf 84' lang='lat' dir='ltr'><strong>in</strong></span> <span class='ocrx_word' id='word_1_398' title='bbox 1599 4005 1844 4078; x_wconf 80' lang='lat' dir='ltr'><strong>sepulcro</strong></span> 
     </span>
    </p>
   </div>
   <div class='ocr_carea' id='block_1_53' title="bbox 260 4073 1845 4139">
    <p class='ocr_par' dir='ltr' id='par_1_53' title="bbox 260 4073 1845 4139">
     <span class='ocr_line' id='line_1_55' title="bbox 260 4073 1845 4139; baseline -0.001 -9"><span class='ocrx_word' id='word_1_399' title='bbox 260 4073 510 4132; x_wconf 76' lang='lat' dir='ltr'><strong>carnem</strong></span> <span class='ocrx_word' id='word_1_400' title='bbox 538 4073 1132 4134; x_wconf 62' lang='lat' dir='ltr'><strong>suam&#39;commoriendo</strong></span> <span class='ocrx_word' id='word_1_401' title='bbox 1173 4093 1278 4130; x_wconf 90' lang='lat' dir='ltr'><strong>non</strong></span> <span class='ocrx_word' id='word_1_402' title='bbox 1321 4074 1574 4139; x_wconf 88' lang='lat' dir='ltr'><strong>deseruit,</strong></span> <span class='ocrx_word' id='word_1_403' title='bbox 1619 4074 1754 4128; x_wconf 90' lang='lat' dir='ltr'><strong>sicut</strong></span> <span class='ocrx_word' id='word_1_404' title='bbox 1790 4073 1845 4129; x_wconf 89' lang='lat' dir='ltr'><strong>in</strong></span> 
     </span>
    </p>
   </div>
   <div class='ocr_carea' id='block_1_54' title="bbox 261 4145 1847 4218">
    <p class='ocr_par' dir='ltr' id='par_1_54' title="bbox 261 4145 1847 4218">
     <span class='ocr_line' id='line_1_56' title="bbox 261 4145 1847 4218; baseline -0.001 -16"><span class='ocrx_word' id='word_1_405' title='bbox 261 4156 422 4202; x_wconf 90' lang='lat' dir='ltr'><strong>utero</strong></span> <span class='ocrx_word' id='word_1_406' title='bbox 446 4148 662 4218; x_wconf 84' lang='lat' dir='ltr'><strong>virginis</strong></span> <span class='ocrx_word' id='word_1_407' title='bbox 681 4148 1050 4205; x_wconf 88' lang='lat' dir='ltr'><strong>connascendo</strong></span> <span class='ocrx_word' id='word_1_408' title='bbox 1076 4146 1356 4218; x_wconf 80' lang='lat' dir='ltr'><strong>formavit:</strong></span> <span class='ocrx_word' id='word_1_409' title='bbox 1376 4155 1429 4201; x_wconf 87' lang='lat' dir='ltr'><strong>et</strong></span> <span class='ocrx_word' id='word_1_410' title='bbox 1454 4147 1530 4200; x_wconf 92' lang='lat' dir='ltr'><strong>sic</strong></span> <span class='ocrx_word' id='word_1_411' title='bbox 1550 4145 1608 4218; x_wconf 93' lang='lat' dir='ltr'><strong>in_</strong></span> <span class='ocrx_word' id='word_1_412' title='bbox 1625 4155 1847 4214; x_wconf 90' lang='lat' dir='ltr'><strong>utroque</strong></span> 
     </span>
    </p>
   </div>
   <div class='ocr_carea' id='block_1_55' title="bbox 261 4214 1847 4286">
    <p class='ocr_par' dir='ltr' id='par_1_55' title="bbox 261 4214 1847 4286">
     <span class='ocr_line' id='line_1_57' title="bbox 261 4214 1847 4286; baseline -0.003 -14"><span class='ocrx_word' id='word_1_413' title='bbox 261 4227 318 4272; x_wconf 90' lang='lat' dir='ltr'><strong>et</strong></span> <span class='ocrx_word' id='word_1_414' title='bbox 346 4220 496 4273; x_wconf 89' lang='lat' dir='ltr'><strong>nasci</strong></span> <span class='ocrx_word' id='word_1_415' title='bbox 525 4214 580 4273; x_wconf 77' lang='lat' dir='ltr'><strong>et</strong></span> <span class='ocrx_word' id='word_1_416' title='bbox 620 4221 776 4286; x_wconf 89' lang='lat' dir='ltr'><strong>mori,</strong></span> <span class='ocrx_word' id='word_1_417' title='bbox 805 4236 911 4274; x_wconf 90' lang='lat' dir='ltr'><strong>non</strong></span> <span class='ocrx_word' id='word_1_418' title='bbox 939 4227 1152 4275; x_wconf 89' lang='lat' dir='ltr'><strong>coactus</strong></span> <span class='ocrx_word' id='word_1_419' title='bbox 1189 4218 1255 4272; x_wconf 91' lang='lat' dir='ltr'><strong>ab</strong></span> <span class='ocrx_word' id='word_1_420' title='bbox 1299 4217 1486 4279; x_wconf 91' lang='lat' dir='ltr'><strong>altero,</strong></span> <span class='ocrx_word' id='word_1_421' title='bbox 1519 4214 1613 4270; x_wconf 88' lang='lat' dir='ltr'><strong>sed</strong></span> <span class='ocrx_word' id='word_1_422' title='bbox 1658 4223 1847 4286; x_wconf 87' lang='lat' dir='ltr'><strong>sponte</strong></span> 
     </span>
    </p>
   </div>
   <div class='ocr_carea' id='block_1_56' title="bbox 261 4285 1847 4356">
    <p class='ocr_par' dir='ltr' id='par_1_56' title="bbox 261 4285 1847 4356">
     <span class='ocr_line' id='line_1_58' title="bbox 261 4285 1847 4356; baseline -0.004 -12"><span class='ocrx_word' id='word_1_423' title='bbox 261 4287 528 4345; x_wconf 87' lang='lat' dir='ltr'><strong>Dominus</strong></span> <span class='ocrx_word' id='word_1_424' title='bbox 551 4291 735 4354; x_wconf 87' lang='lat' dir='ltr'><strong>voluit,</strong></span> <span class='ocrx_word' id='word_1_425' title='bbox 764 4285 825 4344; x_wconf 89' lang='lat' dir='ltr'><strong>ut</strong></span> <span class='ocrx_word' id='word_1_426' title='bbox 853 4290 954 4344; x_wconf 91' lang='lat' dir='ltr'><strong>hoc</strong></span> <span class='ocrx_word' id='word_1_427' title='bbox 993 4305 1116 4344; x_wconf 89' lang='lat' dir='ltr'><strong>eum</strong></span> <span class='ocrx_word' id='word_1_428' title='bbox 1158 4296 1363 4344; x_wconf 91' lang='lat' dir='ltr'><strong>constet</strong></span> <span class='ocrx_word' id='word_1_429' title='bbox 1394 4287 1674 4356; x_wconf 89' lang='lat' dir='ltr'><strong>pertulisse</strong></span> <span class='ocrx_word' id='word_1_430' title='bbox 1705 4285 1847 4355; x_wconf 91' lang='lat' dir='ltr'><strong>quod</strong></span> 
     </span>
    </p>
   </div>
   <div class='ocr_carea' id='block_1_57' title="bbox 262 4355 1848 4429">
    <p class='ocr_par' dir='ltr' id='par_1_57' title="bbox 262 4355 1848 4429">
     <span class='ocr_line' id='line_1_59' title="bbox 262 4355 1848 4429; baseline -0.002 -15"><span class='ocrx_word' id='word_1_431' title='bbox 262 4358 396 4414; x_wconf 86' lang='lat' dir='ltr'><strong>fecit</strong></span> <span class='ocrx_word' id='word_1_432' title='bbox 424 4377 437 4414; x_wconf 89' lang='lat'><strong>:</strong></span> <span class='ocrx_word' id='word_1_433' title='bbox 463 4375 560 4415; x_wconf 89' lang='lat' dir='ltr'><strong>nec</strong></span> <span class='ocrx_word' id='word_1_434' title='bbox 589 4361 707 4415; x_wconf 90' lang='lat' dir='ltr'><strong>ideo</strong></span> <span class='ocrx_word' id='word_1_435' title='bbox 733 4375 838 4415; x_wconf 91' lang='lat' dir='ltr'><strong>non</strong></span> <span class='ocrx_word' id='word_1_436' title='bbox 865 4361 1171 4429; x_wconf 88' lang='lat' dir='ltr'><strong>patientem,</strong></span> <span class='ocrx_word' id='word_1_437' title='bbox 1195 4359 1316 4426; x_wconf 89' lang='lat' dir='ltr'><strong>quia</strong></span> <span class='ocrx_word' id='word_1_438' title='bbox 1337 4355 1450 4426; x_wconf 89' lang='lat' dir='ltr'><strong>ipse</strong></span> <span class='ocrx_word' id='word_1_439' title='bbox 1470 4355 1725 4429; x_wconf 78' lang='lat' dir='ltr'><strong>faciebat;</strong></span> <span class='ocrx_word' id='word_1_440' title='bbox 1749 4370 1848 4429; x_wconf 80' lang='lat' dir='ltr'><strong>nec</strong></span> 
     </span>
    </p>
   </div>
   <div class='ocr_carea' id='block_1_58' title="bbox 263 4426 1848 4500">
    <p class='ocr_par' dir='ltr' id='par_1_58' title="bbox 263 4426 1848 4500">
     <span class='ocr_line' id='line_1_60' title="bbox 263 4426 1848 4500; baseline -0.004 -15"><span class='ocrx_word' id='word_1_441' title='bbox 263 4430 392 4486; x_wconf 91' lang='lat' dir='ltr'><strong>ideo</strong></span> <span class='ocrx_word' id='word_1_442' title='bbox 421 4446 526 4486; x_wconf 91' lang='lat' dir='ltr'><strong>non</strong></span> <span class='ocrx_word' id='word_1_443' title='bbox 554 4430 833 4486; x_wconf 80' lang='lat' dir='ltr'><strong>facientem</strong></span> <span class='ocrx_word' id='word_1_444' title='bbox 866 4426 998 4500; x_wconf 80' lang='lat' dir='ltr'><strong>quia</strong></span> <span class='ocrx_word' id='word_1_445' title='bbox 1038 4445 1144 4484; x_wconf 92' lang='lat' dir='ltr'><strong>non</strong></span> <span class='ocrx_word' id='word_1_446' title='bbox 1172 4430 1304 4483; x_wconf 90' lang='lat' dir='ltr'><strong>alius</strong></span> <span class='ocrx_word' id='word_1_447' title='bbox 1333 4428 1614 4500; x_wconf 82' lang='lat' dir='ltr'><strong>tolerabat.</strong></span> <span class='ocrx_word' id='word_1_448' title='bbox 1639 4426 1773 4500; x_wconf 48' lang='lat' dir='ltr'><strong>ﬁam</strong></span> <span class='ocrx_word' id='word_1_449' title='bbox 1802 4427 1848 4480; x_wconf 91' lang='lat' dir='ltr'><strong>si</strong></span> 
     </span>
    </p>
   </div>
   <div class='ocr_carea' id='block_1_59' title="bbox 262 4497 1849 4570">
    <p class='ocr_par' dir='ltr' id='par_1_59' title="bbox 262 4497 1849 4570">
     <span class='ocr_line' id='line_1_61' title="bbox 262 4497 1849 4570; baseline -0.003 -16"><span class='ocrx_word' id='word_1_450' title='bbox 262 4500 550 4556; x_wconf 76' lang='lat' dir='ltr'><strong>dominica:</strong></span> <span class='ocrx_word' id='word_1_451' title='bbox 594 4497 969 4556; x_wconf 79' lang='lat' dir='ltr'><strong>incarnationis</strong></span> <span class='ocrx_word' id='word_1_452' title='bbox 1008 4501 1316 4570; x_wconf 82' lang='lat' dir='ltr'><strong>mysterium</strong></span> <span class='ocrx_word' id='word_1_453' title='bbox 1365 4498 1514 4570; x_wconf 81' lang='lat' dir='ltr'><strong>salva</strong></span> <span class='ocrx_word' id='word_1_454' title='bbox 1562 4497 1849 4570; x_wconf 67' lang='lat' dir='ltr'><strong>individua:</strong></span> 
     </span>
    </p>
   </div>
   <div class='ocr_carea' id='block_1_60' title="bbox 263 4567 1849 4642">
    <p class='ocr_par' dir='ltr' id='par_1_60' title="bbox 263 4567 1849 4642">
     <span class='ocr_line' id='line_1_62' title="bbox 263 4567 1849 4642; baseline -0.003 -16"><span class='ocrx_word' id='word_1_455' title='bbox 263 4569 545 4642; x_wconf 66' lang='lat' dir='ltr'><strong>Trinitatis</strong></span> <span class='ocrx_word' id='word_1_456' title='bbox 583 4571 953 4642; x_wconf 79' lang='lat' dir='ltr'><strong>coaperatione</strong></span> <span class='ocrx_word' id='word_1_457' title='bbox 995 4567 1320 4642; x_wconf 81' lang='lat' dir='ltr'><strong>consideres,</strong></span> <span class='ocrx_word' id='word_1_458' title='bbox 1363 4567 1501 4623; x_wconf 91' lang='lat' dir='ltr'><strong>idem</strong></span> <span class='ocrx_word' id='word_1_459' title='bbox 1529 4568 1639 4642; x_wconf 78' lang='lat' dir='ltr'><strong>sibi</strong></span> <span class='ocrx_word' id='word_1_460' title='bbox 1669 4567 1722 4621; x_wconf 92' lang='lat' dir='ltr'><strong>in</strong></span> <span class='ocrx_word' id='word_1_461' title='bbox 1748 4569 1849 4621; x_wconf 88' lang='lat' dir='ltr'><strong>hac</strong></span> 
     </span>
    </p>
   </div>
   <div class='ocr_carea' id='block_1_61' title="bbox 263 4638 1849 4710">
    <p class='ocr_par' dir='ltr' id='par_1_61' title="bbox 263 4638 1849 4710">
     <span class='ocr_line' id='line_1_63' title="bbox 263 4638 1849 4710; baseline -0.003 -15"><span class='ocrx_word' id='word_1_462' title='bbox 263 4640 568 4698; x_wconf 86' lang='lat' dir='ltr'><strong>humilitate</strong></span> <span class='ocrx_word' id='word_1_463' title='bbox 593 4638 778 4697; x_wconf 36' lang='lat' dir='ltr'><strong>auc—tor</strong></span> <span class='ocrx_word' id='word_1_464' title='bbox 805 4651 858 4697; x_wconf 92' lang='lat' dir='ltr'><strong>et</strong></span> <span class='ocrx_word' id='word_1_465' title='bbox 883 4657 1015 4710; x_wconf 89' lang='lat' dir='ltr'><strong>opus</strong></span> <span class='ocrx_word' id='word_1_466' title='bbox 1038 4650 1118 4695; x_wconf 88' lang='lat' dir='ltr'><strong>est</strong></span> <span class='ocrx_word' id='word_1_467' title='bbox 1142 4659 1154 4694; x_wconf 90' lang='lat'>:</span> <span class='ocrx_word' id='word_1_468' title='bbox 1176 4639 1313 4695; x_wconf 92' lang='lat' dir='ltr'><strong>idem</strong></span> <span class='ocrx_word' id='word_1_469' title='bbox 1327 4649 1533 4704; x_wconf 89' lang='lat' dir='ltr'><strong>auctor,</strong></span> <span class='ocrx_word' id='word_1_470' title='bbox 1553 4638 1640 4707; x_wconf 92' lang='lat' dir='ltr'><strong>qui</strong></span> <span class='ocrx_word' id='word_1_471' title='bbox 1659 4645 1849 4705; x_wconf 88' lang='lat' dir='ltr'><strong>sponte</strong></span> 
     </span>
    </p>
   </div>
   <div class='ocr_carea' id='block_1_62' title="bbox 263 4711 1852 4782">
    <p class='ocr_par' dir='ltr' id='par_1_62' title="bbox 263 4711 1852 4782">
     <span class='ocr_line' id='line_1_64' title="bbox 263 4711 1852 4782; baseline -0.003 -16"><span class='ocrx_word' id='word_1_472' title='bbox 263 4713 529 4779; x_wconf 85' lang='lat' dir='ltr'><strong>nascitur,</strong></span> <span class='ocrx_word' id='word_1_473' title='bbox 562 4723 752 4782; x_wconf 90' lang='lat' dir='ltr'><strong>sponte</strong></span> <span class='ocrx_word' id='word_1_474' title='bbox 777 4713 1007 4782; x_wconf 90' lang='lat' dir='ltr'><strong>patitur;</strong></span> <span class='ocrx_word' id='word_1_475' title='bbox 1054 4711 1191 4766; x_wconf 86' lang='lat' dir='ltr'><strong>idem</strong></span> <span class='ocrx_word' id='word_1_476' title='bbox 1228 4725 1392 4782; x_wconf 79' lang='lat' dir='ltr'><strong>Opus,</strong></span> <span class='ocrx_word' id='word_1_477' title='bbox 1412 4711 1534 4778; x_wconf 90' lang='lat' dir='ltr'><strong>quia</strong></span> <span class='ocrx_word' id='word_1_478' title='bbox 1566 4720 1852 4782; x_wconf 87' lang='lat' dir='ltr'><strong>utrumque</strong></span> 
     </span>
    </p>
   </div>
   <div class='ocr_carea' id='block_1_63' title="bbox 263 4779 1845 4852">
    <p class='ocr_par' dir='ltr' id='par_1_63' title="bbox 263 4779 1845 4852">
     <span class='ocr_line' id='line_1_65' title="bbox 263 4779 1845 4852; baseline -0.004 -16"><span class='ocrx_word' id='word_1_479' title='bbox 263 4782 397 4837; x_wconf 89' lang='lat' dir='ltr'><strong>licet</strong></span> <span class='ocrx_word' id='word_1_480' title='bbox 425 4798 529 4838; x_wconf 93' lang='lat' dir='ltr'><strong>non</strong></span> <span class='ocrx_word' id='word_1_481' title='bbox 557 4779 662 4837; x_wconf 90' lang='lat' dir='ltr'><strong>alio</strong></span> <span class='ocrx_word' id='word_1_482' title='bbox 700 4779 942 4852; x_wconf 74' lang='lat' dir='ltr'><strong>cogente,</strong></span> <span class='ocrx_word' id='word_1_483' title='bbox 986 4783 1130 4836; x_wconf 89' lang='lat' dir='ltr'><strong>solus</strong></span> <span class='ocrx_word' id='word_1_484' title='bbox 1174 4789 1351 4852; x_wconf 87' lang='lat' dir='ltr'><strong>tamen</strong></span> <span class='ocrx_word' id='word_1_485' title='bbox 1380 4780 1495 4849; x_wconf 83' lang='lat' dir='ltr'><strong>ipSe</strong></span> <span class='ocrx_word' id='word_1_486' title='bbox 1532 4779 1845 4848; x_wconf 88' lang='lat' dir='ltr'><strong>perpetitur.</strong></span> 
     </span>
    </p>
   </div>
   <div class='ocr_carea' id='block_1_64' title="bbox 260 4851 1849 4918">
    <p class='ocr_par' dir='ltr' id='par_1_64' title="bbox 260 4851 1849 4918">
     <span class='ocr_line' id='line_1_66' title="bbox 260 4851 1849 4918; baseline -0.003 -10"><span class='ocrx_word' id='word_1_487' title='bbox 260 4852 420 4908; x_wconf 89' lang='lat' dir='ltr'><strong>Fecit</strong></span> <span class='ocrx_word' id='word_1_488' title='bbox 446 4867 660 4907; x_wconf 91' lang='lat' dir='ltr'><strong>carnem</strong></span> <span class='ocrx_word' id='word_1_489' title='bbox 683 4856 736 4908; x_wconf 89' lang='lat' dir='ltr'><strong>in</strong></span> <span class='ocrx_word' id='word_1_490' title='bbox 765 4851 916 4908; x_wconf 92' lang='lat' dir='ltr'><strong>utero</strong></span> <span class='ocrx_word' id='word_1_491' title='bbox 955 4852 1174 4917; x_wconf 88' lang='lat' dir='ltr'><strong>matris;</strong></span> <span class='ocrx_word' id='word_1_492' title='bbox 1225 4851 1391 4905; x_wconf 88' lang='lat' dir='ltr'><strong>habes</strong></span> <span class='ocrx_word' id='word_1_493' title='bbox 1417 4859 1686 4905; x_wconf 87' lang='lat' dir='ltr'><strong>auctorem</strong></span> <span class='ocrx_word' id='word_1_494' title='bbox 1718 4863 1849 4918; x_wconf 90' lang='lat' dir='ltr'><strong>ope-</strong></span> 
     </span>
    </p>
   </div>
   <div class='ocr_carea' id='block_1_65' title="bbox 262 4919 1853 4992">
    <p class='ocr_par' dir='ltr' id='par_1_65' title="bbox 262 4919 1853 4992">
     <span class='ocr_line' id='line_1_67' title="bbox 262 4919 1853 4992; baseline -0.004 -14"><span class='ocrx_word' id='word_1_495' title='bbox 262 4925 341 4978; x_wconf 89' lang='lat' dir='ltr'><strong>ris</strong></span> <span class='ocrx_word' id='word_1_496' title='bbox 372 4940 384 4972; x_wconf 90' lang='lat'>:</span> <span class='ocrx_word' id='word_1_497' title='bbox 419 4923 530 4989; x_wconf 91' lang='lat' dir='ltr'><strong>ipse</strong></span> <span class='ocrx_word' id='word_1_498' title='bbox 561 4924 609 4975; x_wconf 93' lang='lat' dir='ltr'><strong>in</strong></span> <span class='ocrx_word' id='word_1_499' title='bbox 642 4925 739 4976; x_wconf 91' lang='lat' dir='ltr'><strong>hac</strong></span> <span class='ocrx_word' id='word_1_500' title='bbox 779 4924 924 4978; x_wconf 89' lang='lat' dir='ltr'><strong>nasci</strong></span> <span class='ocrx_word' id='word_1_501' title='bbox 966 4923 1210 4992; x_wconf 86' lang='lat' dir='ltr'><strong>dignatus</strong></span> <span class='ocrx_word' id='word_1_502' title='bbox 1239 4930 1353 4987; x_wconf 90' lang='lat' dir='ltr'><strong>est;</strong></span> <span class='ocrx_word' id='word_1_503' title='bbox 1394 4919 1558 4975; x_wconf 89' lang='lat' dir='ltr'><strong>habes</strong></span> <span class='ocrx_word' id='word_1_504' title='bbox 1587 4935 1721 4989; x_wconf 92' lang='lat' dir='ltr'><strong>opus</strong></span> <span class='ocrx_word' id='word_1_505' title='bbox 1758 4934 1853 4972; x_wconf 90' lang='lat' dir='ltr'><strong>au-</strong></span> 
     </span>
    </p>
   </div>
   <div class='ocr_carea' id='block_1_66' title="bbox 261 4992 1852 5062">
    <p class='ocr_par' dir='ltr' id='par_1_66' title="bbox 261 4992 1852 5062">
     <span class='ocr_line' id='line_1_68' title="bbox 261 4992 1852 5062; baseline -0.003 -14"><span class='ocrx_word' id='word_1_506' title='bbox 261 4992 472 5048; x_wconf 88' lang='lat' dir='ltr'><strong>ctoris:</strong></span> <span class='ocrx_word' id='word_1_507' title='bbox 504 5007 603 5045; x_wconf 93' lang='lat' dir='ltr'><strong>una</strong></span> <span class='ocrx_word' id='word_1_508' title='bbox 633 5003 806 5046; x_wconf 84' lang='lat' dir='ltr'><strong>tamen</strong></span> <span class='ocrx_word' id='word_1_509' title='bbox 835 5007 1063 5062; x_wconf 88' lang='lat' dir='ltr'><strong>persona</strong></span> <span class='ocrx_word' id='word_1_510' title='bbox 1093 5002 1194 5056; x_wconf 91' lang='lat' dir='ltr'><strong>est,</strong></span> <span class='ocrx_word' id='word_1_511' title='bbox 1228 4993 1372 5045; x_wconf 90' lang='lat' dir='ltr'><strong>salva</strong></span> <span class='ocrx_word' id='word_1_512' title='bbox 1413 4992 1687 5060; x_wconf 88' lang='lat' dir='ltr'><strong>utriusque</strong></span> <span class='ocrx_word' id='word_1_513' title='bbox 1727 5004 1852 5059; x_wconf 87' lang='lat' dir='ltr'><strong>pro-</strong></span> 
     </span>
    </p>
   </div>
   <div class='ocr_carea' id='block_1_67' title="bbox 265 5062 1852 5134">
    <p class='ocr_par' dir='ltr' id='par_1_67' title="bbox 265 5062 1852 5134">
     <span class='ocr_line' id='line_1_69' title="bbox 265 5062 1852 5134; baseline -0.003 -17"><span class='ocrx_word' id='word_1_514' title='bbox 265 5066 499 5134; x_wconf 89' lang='lat' dir='ltr'><strong>prietate</strong></span> <span class='ocrx_word' id='word_1_515' title='bbox 531 5062 857 5134; x_wconf 74' lang='lat' dir='ltr'><strong>substantiae,</strong></span> <span class='ocrx_word' id='word_1_516' title='bbox 904 5071 954 5134; x_wconf 88' lang='lat' dir='ltr'><strong>et</strong></span> <span class='ocrx_word' id='word_1_517' title='bbox 994 5063 1225 5116; x_wconf 91' lang='lat' dir='ltr'><strong>auctoris</strong></span> <span class='ocrx_word' id='word_1_518' title='bbox 1255 5072 1308 5134; x_wconf 91' lang='lat' dir='ltr'><strong>et</strong></span> <span class='ocrx_word' id='word_1_519' title='bbox 1351 5062 1549 5130; x_wconf 90' lang='lat' dir='ltr'><strong>operis.</strong></span> <span class='ocrx_word' id='word_1_520' title='bbox 1597 5062 1685 5114; x_wconf 85' lang='lat' dir='ltr'><strong>Sic</strong></span> <span class='ocrx_word' id='word_1_521' title='bbox 1725 5074 1852 5127; x_wconf 87' lang='lat' dir='ltr'><strong>ergo</strong></span> 
     </span>
    </p>
   </div>
   <div class='ocr_carea' id='block_1_68' title="bbox 265 5133 1852 5199">
    <p class='ocr_par' dir='ltr' id='par_1_68' title="bbox 265 5133 1852 5199">
     <span class='ocr_line' id='line_1_70' title="bbox 265 5133 1852 5199; baseline -0.002 -12"><span class='ocrx_word' id='word_1_522' title='bbox 265 5133 512 5190; x_wconf 83' lang='lat' dir='ltr'><strong>mortuus</strong></span> <span class='ocrx_word' id='word_1_523' title='bbox 541 5143 622 5188; x_wconf 88' lang='lat' dir='ltr'><strong>est</strong></span> <span class='ocrx_word' id='word_1_524' title='bbox 652 5149 754 5186; x_wconf 92' lang='lat' dir='ltr'><strong>non</strong></span> <span class='ocrx_word' id='word_1_525' title='bbox 783 5133 1086 5187; x_wconf 89' lang='lat' dir='ltr'><strong>discedente</strong></span> <span class='ocrx_word' id='word_1_526' title='bbox 1111 5133 1236 5197; x_wconf 84' lang='lat' dir='ltr'><strong>vita,</strong></span> <span class='ocrx_word' id='word_1_527' title='bbox 1266 5133 1401 5185; x_wconf 89' lang='lat' dir='ltr'><strong>sicut</strong></span> <span class='ocrx_word' id='word_1_528' title='bbox 1431 5146 1616 5199; x_wconf 88' lang='lat' dir='ltr'><strong>passus</strong></span> <span class='ocrx_word' id='word_1_529' title='bbox 1645 5140 1727 5184; x_wconf 89' lang='lat' dir='ltr'><strong>est</strong></span> <span class='ocrx_word' id='word_1_530' title='bbox 1747 5145 1852 5184; x_wconf 88' lang='lat' dir='ltr'><strong>non</strong></span> 
     </span>
    </p>
   </div>
   <div class='ocr_carea' id='block_1_69' title="bbox 266 5201 1853 5273">
    <p class='ocr_par' dir='ltr' id='par_1_69' title="bbox 266 5201 1853 5273">
     <span class='ocr_line' id='line_1_71' title="bbox 266 5201 1853 5273; baseline -0.003 -17"><span class='ocrx_word' id='word_1_531' title='bbox 266 5212 529 5272; x_wconf 86' lang='lat' dir='ltr'><strong>pereunte</strong></span> <span class='ocrx_word' id='word_1_532' title='bbox 558 5205 809 5273; x_wconf 90' lang='lat' dir='ltr'><strong>potentia.</strong></span> <span class='ocrx_word' id='word_1_533' title='bbox 845 5201 1008 5256; x_wconf 82' lang='lat' dir='ltr'><strong>Nemo</strong></span> <span class='ocrx_word' id='word_1_534' title='bbox 1053 5207 1218 5272; x_wconf 72' lang='lat' dir='ltr'><strong>aufert</strong></span> <span class='ocrx_word' id='word_1_535' title='bbox 1255 5203 1477 5254; x_wconf 82' lang='lat' dir='ltr'><strong>animum</strong></span> <span class='ocrx_word' id='word_1_536' title='bbox 1517 5202 1626 5271; x_wconf 83' lang='lat' dir='ltr'><strong>ejus</strong></span> <span class='ocrx_word' id='word_1_537' title='bbox 1667 5202 1728 5253; x_wconf 85' lang='lat' dir='ltr'><strong>ab</strong></span> <span class='ocrx_word' id='word_1_538' title='bbox 1758 5216 1853 5273; x_wconf 51' lang='lat' dir='ltr'><strong>eo;</strong></span> 
     </span>
    </p>
   </div>
   <div class='ocr_carea' id='block_1_70' title="bbox 267 5270 1854 5343">
    <p class='ocr_par' dir='ltr' id='par_1_70' title="bbox 267 5270 1854 5343">
     <span class='ocr_line' id='line_1_72' title="bbox 267 5270 1854 5343; baseline -0.003 -15"><span class='ocrx_word' id='word_1_539' title='bbox 267 5270 393 5343; x_wconf 76' lang='lat' dir='ltr'><strong>quia</strong></span> <span class='ocrx_word' id='word_1_540' title='bbox 422 5270 710 5340; x_wconf 75' lang='lat' dir='ltr'><strong>potestatem</strong></span> <span class='ocrx_word' id='word_1_541' title='bbox 733 5273 874 5328; x_wconf 81' lang='lat' dir='ltr'><strong>habet</strong></span> <span class='ocrx_word' id='word_1_542' title='bbox 903 5270 1134 5343; x_wconf 78' lang='lat' dir='ltr'><strong>ponendi,</strong></span> <span class='ocrx_word' id='word_1_543' title='bbox 1167 5283 1212 5325; x_wconf 88' lang='lat' dir='ltr'><strong>et</strong></span> <span class='ocrx_word' id='word_1_544' title='bbox 1246 5270 1544 5343; x_wconf 81' lang='lat' dir='ltr'><strong>potestatem</strong></span> <span class='ocrx_word' id='word_1_545' title='bbox 1567 5270 1854 5343; x_wconf 74' lang='lat' dir='ltr'><strong>assumendi</strong></span> 
     </span>
    </p>
   </div>
   <div class='ocr_carea' id='block_1_71' title="bbox 268 5341 1854 5410">
    <p class='ocr_par' dir='ltr' id='par_1_71' title="bbox 268 5341 1854 5410">
     <span class='ocr_line' id='line_1_73' title="bbox 268 5341 1854 5410; baseline -0.004 -12"><span class='ocrx_word' id='word_1_546' title='bbox 268 5341 384 5398; x_wconf 78' lang='lat' dir='ltr'><strong>eam</strong></span> <span class='ocrx_word' id='word_1_547' title='bbox 404 5360 424 5408; x_wconf 90' lang='lat'><strong><em>;</em></strong></span> <span class='ocrx_word' id='word_1_548' title='bbox 445 5345 608 5400; x_wconf 86' lang='lat' dir='ltr'><strong>habes</strong></span> <span class='ocrx_word' id='word_1_549' title='bbox 635 5346 792 5400; x_wconf 89' lang='lat' dir='ltr'><strong>etiam</strong></span> <span class='ocrx_word' id='word_1_550' title='bbox 821 5341 909 5399; x_wconf 85' lang='lat' dir='ltr'><strong>hic</strong></span> <span class='ocrx_word' id='word_1_551' title='bbox 931 5354 1198 5398; x_wconf 87' lang='lat' dir='ltr'><strong>auctorem</strong></span> <span class='ocrx_word' id='word_1_552' title='bbox 1230 5342 1406 5410; x_wconf 90' lang='lat' dir='ltr'><strong>operis</strong></span> <span class='ocrx_word' id='word_1_553' title='bbox 1431 5358 1444 5394; x_wconf 94' lang='lat'>:</span> <span class='ocrx_word' id='word_1_554' title='bbox 1475 5341 1613 5409; x_wconf 82' lang='lat' dir='ltr'><strong>ponit</strong></span> <span class='ocrx_word' id='word_1_555' title='bbox 1633 5341 1854 5393; x_wconf 85' lang='lat' dir='ltr'><strong>animam</strong></span> 
     </span>
    </p>
   </div>
   <div class='ocr_carea' id='block_1_72' title="bbox 269 5410 1852 5487">
    <p class='ocr_par' dir='ltr' id='par_1_72' title="bbox 269 5410 1852 5487">
     <span class='ocr_line' id='line_1_74' title="bbox 269 5410 1852 5487; baseline -0.001 -20"><span class='ocrx_word' id='word_1_556' title='bbox 269 5432 368 5487; x_wconf 61' lang='lat' dir='ltr'><strong>pro</strong></span> <span class='ocrx_word' id='word_1_557' title='bbox 397 5416 568 5487; x_wconf 76' lang='lat' dir='ltr'><strong>amicis</strong></span> <span class='ocrx_word' id='word_1_558' title='bbox 587 5417 688 5470; x_wconf 87' lang='lat' dir='ltr'><strong>suis</strong></span> <span class='ocrx_word' id='word_1_559' title='bbox 717 5414 892 5487; x_wconf 79' lang='lat' dir='ltr'><strong>(Joan.</strong></span> <span class='ocrx_word' id='word_1_560' title='bbox 915 5430 974 5487; x_wconf 10' lang='lat' dir='ltr'><strong>7x,</strong></span> <span class='ocrx_word' id='word_1_561' title='bbox 999 5415 1085 5487; x_wconf 77' lang='grc'><strong>18,</strong></span> <span class='ocrx_word' id='word_1_562' title='bbox 1115 5411 1220 5484; x_wconf 83' lang='lat' dir='ltr'><strong>l7),</strong></span> <span class='ocrx_word' id='word_1_563' title='bbox 1254 5413 1417 5487; x_wconf 81' lang='lat' dir='ltr'><strong>habes</strong></span> <span class='ocrx_word' id='word_1_564' title='bbox 1443 5426 1576 5480; x_wconf 90' lang='lat' dir='ltr'><strong>opus</strong></span> <span class='ocrx_word' id='word_1_565' title='bbox 1601 5410 1852 5487; x_wconf 80' lang='lat' dir='ltr'><strong>auctoris.</strong></span> 
     </span>
    </p>
   </div>
   <div class='ocr_carea' id='block_1_73' title="bbox 272 5481 1854 5557">
    <p class='ocr_par' dir='ltr' id='par_1_73' title="bbox 272 5481 1854 5557">
     <span class='ocr_line' id='line_1_75' title="bbox 272 5481 1854 5557; baseline -0.003 -18"><span class='ocrx_word' id='word_1_566' title='bbox 272 5481 431 5554; x_wconf 72' lang='lat' dir='ltr'><strong>Quod</strong></span> <span class='ocrx_word' id='word_1_567' title='bbox 475 5495 534 5540; x_wconf 88' lang='lat' dir='ltr'><strong>ut</strong></span> <span class='ocrx_word' id='word_1_568' title='bbox 567 5481 798 5557; x_wconf 82' lang='lat' dir='ltr'><strong>generali</strong></span> <span class='ocrx_word' id='word_1_569' title='bbox 829 5486 1135 5542; x_wconf 89' lang='lat' dir='ltr'><strong>deﬁnitione</strong></span> <span class='ocrx_word' id='word_1_570' title='bbox 1174 5481 1489 5540; x_wconf 84' lang='lat' dir='ltr'><strong>concludam</strong></span> <span class='ocrx_word' id='word_1_571' title='bbox 1522 5499 1536 5537; x_wconf 87' lang='lat'><strong>:</strong></span> <span class='ocrx_word' id='word_1_572' title='bbox 1567 5481 1777 5552; x_wconf 90' lang='lat' dir='ltr'><strong>quoties</strong></span> <span class='ocrx_word' id='word_1_573' title='bbox 1801 5483 1854 5536; x_wconf 90' lang='lat' dir='ltr'><strong>in</strong></span> 
     </span>
    </p>
   </div>
   <div class='ocr_carea' id='block_1_74' title="bbox 339 5618 1420 5682">
    <p class='ocr_par' dir='ltr' id='par_1_74' title="bbox 339 5618 1420 5682">
     <span class='ocr_line' id='line_1_76' title="bbox 339 5618 1420 5682; baseline 0 -15"><span class='ocrx_word' id='word_1_574' title='bbox 339 5618 358 5682; x_wconf 56' lang='grc' dir='ltr'>ξ</span> <span class='ocrx_word' id='word_1_575' title='bbox 394 5619 654 5682; x_wconf 72' lang='lat' dir='ltr'><strong>Chimetius</strong></span> <span class='ocrx_word' id='word_1_576' title='bbox 672 5627 723 5670; x_wconf 90' lang='lat' dir='ltr'><strong>et</strong></span> <span class='ocrx_word' id='word_1_577' title='bbox 737 5619 929 5682; x_wconf 89' lang='lat' dir='ltr'><strong>quidam</strong></span> <span class='ocrx_word' id='word_1_578' title='bbox 953 5628 1078 5682; x_wconf 67' lang='lat' dir='ltr'><strong>Mss,</strong></span> <span class='ocrx_word' id='word_1_579' title='bbox 1101 5631 1194 5670; x_wconf 82' lang='lat' dir='ltr'><strong>non</strong></span> <span class='ocrx_word' id='word_1_580' title='bbox 1215 5618 1420 5682; x_wconf 75' lang='lat' dir='ltr'><strong>videtur.</strong></span> 
     </span>
    </p>
   </div>
   <div class='ocr_carea' id='block_1_75' title="bbox 338 5680 1862 5744">
    <p class='ocr_par' dir='ltr' id='par_1_75' title="bbox 338 5680 1862 5744">
     <span class='ocr_line' id='line_1_77' title="bbox 338 5680 1862 5744; baseline 0.004 -18"><span class='ocrx_word' id='word_1_581' title='bbox 338 5681 360 5709; x_wconf 79' lang='grc'>²</span> <span class='ocrx_word' id='word_1_582' title='bbox 398 5687 462 5728; x_wconf 87' lang='lat' dir='ltr'><strong>tta</strong></span> <span class='ocrx_word' id='word_1_583' title='bbox 482 5681 740 5744; x_wconf 81' lang='lat' dir='ltr'><strong>chililetius</strong></span> <span class='ocrx_word' id='word_1_584' title='bbox 755 5680 814 5730; x_wconf 73' lang='lat' dir='ltr'><strong>et</strong></span> <span class='ocrx_word' id='word_1_585' title='bbox 838 5690 940 5732; x_wconf 79' lang='lat' dir='ltr'><strong>Mss.</strong></span> <span class='ocrx_word' id='word_1_586' title='bbox 967 5689 1021 5731; x_wconf 77' lang='lat' dir='ltr'><strong>At</strong></span> <span class='ocrx_word' id='word_1_587' title='bbox 1038 5680 1170 5744; x_wconf 76' lang='lat' dir='ltr'><strong>Lov.,</strong></span> <span class='ocrx_word' id='word_1_588' title='bbox 1189 5680 1383 5732; x_wconf 83' lang='lat' dir='ltr'><strong>modum</strong></span> <span class='ocrx_word' id='word_1_589' title='bbox 1403 5680 1656 5733; x_wconf 82' lang='lat' dir='ltr'><strong>amitteret.</strong></span> <span class='ocrx_word' id='word_1_590' title='bbox 1677 5687 1776 5730; x_wconf 77' lang='lat' dir='ltr'><strong>Am.</strong></span> <span class='ocrx_word' id='word_1_591' title='bbox 1806 5686 1862 5732; x_wconf 86' lang='lat' dir='ltr'><strong>et</strong></span> 
     </span>
    </p>
   </div>
   <div class='ocr_carea' id='block_1_76' title="bbox 266 5742 882 5798">
    <p class='ocr_par' dir='ltr' id='par_1_76' title="bbox 266 5742 882 5798">
     <span class='ocr_line' id='line_1_78' title="bbox 266 5742 882 5798; baseline 0.005 -10"><span class='ocrx_word' id='word_1_592' title='bbox 266 5745 369 5798; x_wconf 66' lang='lat' dir='ltr'><strong>In,</strong></span> <span class='ocrx_word' id='word_1_593' title='bbox 395 5749 616 5791; x_wconf 84' lang='lat' dir='ltr'><strong>naturam</strong></span> <span class='ocrx_word' id='word_1_594' title='bbox 632 5742 882 5794; x_wconf 84' lang='lat' dir='ltr'><strong>amitteret.</strong></span> 
     </span>
    </p>
   </div>
   <div class='ocr_carea' id='block_1_77' title="bbox 265 5801 1857 5927">
    <p class='ocr_par' dir='ltr' id='par_1_77' title="bbox 265 5801 1857 5927">
     <span class='ocr_line' id='line_1_79' title="bbox 265 5801 1857 5927; baseline 0.004 -75"><span class='ocrx_word' id='word_1_595' title='bbox 265 5801 483 5927; x_wconf 31' lang='lat' dir='ltr'><strong>“ista?</strong></span> <span class='ocrx_word' id='word_1_596' title='bbox 511 5811 642 5856; x_wconf 84' lang='lat' dir='ltr'><strong>seut.</strong></span> <span class='ocrx_word' id='word_1_597' title='bbox 683 5805 793 5876; x_wconf 73' lang='lat' dir='ltr'><strong>dist.</strong></span> <span class='ocrx_word' id='word_1_598' title='bbox 836 5805 890 5854; x_wconf 82' lang='lat' dir='ltr'><strong>2i</strong></span> <span class='ocrx_word' id='word_1_599' title='bbox 915 5839 930 5867; x_wconf 90' lang='lat'><strong>,</strong></span> <span class='ocrx_word' id='word_1_600' title='bbox 971 5817 1074 5869; x_wconf 87' lang='lat' dir='ltr'><strong>cap.</strong></span> <span class='ocrx_word' id='word_1_601' title='bbox 1116 5805 1282 5869; x_wconf 81' lang='lat' dir='ltr'><strong>sicut;</strong></span> <span class='ocrx_word' id='word_1_602' title='bbox 1317 5814 1369 5860; x_wconf 89' lang='lat' dir='ltr'><strong>et</strong></span> <span class='ocrx_word' id='word_1_603' title='bbox 1396 5806 1492 5859; x_wconf 82' lang='lat' dir='ltr'><strong>dist</strong></span> <span class='ocrx_word' id='word_1_604' title='bbox 1520 5805 1610 5872; x_wconf 58' lang='grc' dir='ltr'><strong>Ἠ,</strong></span> <span class='ocrx_word' id='word_1_605' title='bbox 1651 5817 1757 5870; x_wconf 87' lang='lat' dir='ltr'><strong>cap.</strong></span> <span class='ocrx_word' id='word_1_606' title='bbox 1801 5809 1857 5858; x_wconf 75' lang='lat' dir='ltr'><strong>Et</strong></span> 
     </span>
    </p>
   </div>
   <div class='ocr_carea' id='block_1_78' title="bbox 1466 359 2322 422">
    <p class='ocr_par' dir='ltr' id='par_1_78' title="bbox 1466 359 2322 422">
     <span class='ocr_line' id='line_1_80' title="bbox 1466 359 2322 422; baseline -0.005 0"><span class='ocrx_word' id='word_1_607' title='bbox 1466 364 1554 422; x_wconf 88' lang='lat' dir='ltr'><strong>DE</strong></span> <span class='ocrx_word' id='word_1_608' title='bbox 1597 361 1891 422; x_wconf 84' lang='lat' dir='ltr'><strong>UNITATE</strong></span> <span class='ocrx_word' id='word_1_609' title='bbox 1917 359 2322 420; x_wconf 81' lang='lat' dir='ltr'><strong>TRINITATIS.</strong></span> 
     </span>
    </p>
   </div>
   <div class='ocr_carea' id='block_1_79' title="bbox 3379 364 3523 423">
    <p class='ocr_par' dir='ltr' id='par_1_79' title="bbox 3379 364 3523 423">
     <span class='ocr_line' id='line_1_81' title="bbox 3379 364 3523 423; baseline 0.007 -1"><span class='ocrx_word' id='word_1_610' title='bbox 3379 364 3523 423; x_wconf 77' lang='lat' dir='ltr'><strong>H70</strong></span> 
     </span>
    </p>
   </div>
   <div class='ocr_carea' id='block_1_80' title="bbox 1940 478 3521 552">
    <p class='ocr_par' dir='ltr' id='par_1_80' title="bbox 1940 478 3521 552">
     <span class='ocr_line' id='line_1_82' title="bbox 1940 478 3521 552; baseline 0.001 -14"><span class='ocrx_word' id='word_1_611' title='bbox 1940 495 2101 538; x_wconf 85' lang='lat' dir='ltr'><strong>carne</strong></span> <span class='ocrx_word' id='word_1_612' title='bbox 2122 480 2364 536; x_wconf 87' lang='lat' dir='ltr'><strong>Christus</strong></span> <span class='ocrx_word' id='word_1_613' title='bbox 2391 478 2590 550; x_wconf 88' lang='lat' dir='ltr'><strong>aliquid</strong></span> <span class='ocrx_word' id='word_1_614' title='bbox 2617 480 2834 550; x_wconf 84' lang='lat' dir='ltr'><strong>patitur,</strong></span> <span class='ocrx_word' id='word_1_615' title='bbox 2861 493 2997 552; x_wconf 89' lang='lat' dir='ltr'><strong>opus</strong></span> <span class='ocrx_word' id='word_1_616' title='bbox 3019 482 3254 537; x_wconf 84' lang='lat' dir='ltr'><strong>auctoris</strong></span> <span class='ocrx_word' id='word_1_617' title='bbox 3270 489 3391 542; x_wconf 88' lang='lat' dir='ltr'><strong>est:</strong></span> <span class='ocrx_word' id='word_1_618' title='bbox 3421 483 3521 540; x_wconf 85' lang='lat' dir='ltr'><strong>sed</strong></span> 
     </span>
    </p>
   </div>
   <div class='ocr_carea' id='block_1_81' title="bbox 1938 551 3521 626">
    <p class='ocr_par' dir='ltr' id='par_1_81' title="bbox 1938 551 3521 626">
     <span class='ocr_line' id='line_1_83' title="bbox 1938 551 3521 626; baseline 0.002 -20"><span class='ocrx_word' id='word_1_619' title='bbox 1938 553 2063 626; x_wconf 86' lang='lat' dir='ltr'><strong>quia</strong></span> <span class='ocrx_word' id='word_1_620' title='bbox 2089 552 2319 626; x_wconf 82' lang='lat' dir='ltr'><strong>idipsum</strong></span> <span class='ocrx_word' id='word_1_621' title='bbox 2350 566 2444 606; x_wconf 90' lang='lat' dir='ltr'><strong>sua</strong></span> <span class='ocrx_word' id='word_1_622' title='bbox 2471 559 2754 626; x_wconf 83' lang='lat' dir='ltr'><strong>potestate,</strong></span> <span class='ocrx_word' id='word_1_623' title='bbox 2786 551 2913 626; x_wconf 72' lang='lat' dir='ltr'><strong>non</strong></span> <span class='ocrx_word' id='word_1_624' title='bbox 2934 551 3040 607; x_wconf 89' lang='lat' dir='ltr'><strong>alio</strong></span> <span class='ocrx_word' id='word_1_625' title='bbox 3066 561 3286 626; x_wconf 78' lang='lat' dir='ltr'><strong>cogente</strong></span> <span class='ocrx_word' id='word_1_626' title='bbox 3313 569 3521 626; x_wconf 84' lang='lat' dir='ltr'><strong>perpe-</strong></span> 
     </span>
    </p>
   </div>
   <div class='ocr_carea' id='block_1_82' title="bbox 1938 622 3521 692">
    <p class='ocr_par' dir='ltr' id='par_1_82' title="bbox 1938 622 3521 692">
     <span class='ocr_line' id='line_1_84' title="bbox 1938 622 3521 692; baseline 0.001 -15"><span class='ocrx_word' id='word_1_627' title='bbox 1938 623 2092 690; x_wconf 87' lang='lat' dir='ltr'><strong>titur,</strong></span> <span class='ocrx_word' id='word_1_628' title='bbox 2125 623 2237 692; x_wconf 89' lang='lat' dir='ltr'><strong>ipse</strong></span> <span class='ocrx_word' id='word_1_629' title='bbox 2263 632 2448 677; x_wconf 88' lang='lat' dir='ltr'><strong>auctor</strong></span> <span class='ocrx_word' id='word_1_630' title='bbox 2471 631 2554 677; x_wconf 88' lang='lat' dir='ltr'><strong>est</strong></span> <span class='ocrx_word' id='word_1_631' title='bbox 2583 624 2780 690; x_wconf 75' lang='lat' dir='ltr'><strong>oneris.</strong></span> <span class='ocrx_word' id='word_1_632' title='bbox 2809 622 2924 677; x_wconf 87' lang='lat' dir='ltr'><strong>Non</strong></span> <span class='ocrx_word' id='word_1_633' title='bbox 2955 639 3081 692; x_wconf 86' lang='lat' dir='ltr'><strong>ergo</strong></span> <span class='ocrx_word' id='word_1_634' title='bbox 3101 622 3166 678; x_wconf 87' lang='lat' dir='ltr'><strong>ad</strong></span> <span class='ocrx_word' id='word_1_635' title='bbox 3196 622 3521 680; x_wconf 65' lang='lat' dir='ltr'><strong>Mariam&#39;lo-</strong></span> 
     </span>
    </p>
   </div>
   <div class='ocr_carea' id='block_1_83' title="bbox 1939 692 3521 762">
    <p class='ocr_par' dir='ltr' id='par_1_83' title="bbox 1939 692 3521 762">
     <span class='ocr_line' id='line_1_85' title="bbox 1939 692 3521 762; baseline 0.003 -15"><span class='ocrx_word' id='word_1_636' title='bbox 1939 694 2040 748; x_wconf 91' lang='lat' dir='ltr'><strong>cali</strong></span> <span class='ocrx_word' id='word_1_637' title='bbox 2070 703 2213 748; x_wconf 89' lang='lat' dir='ltr'><strong>motu</strong></span> <span class='ocrx_word' id='word_1_638' title='bbox 2241 693 2488 747; x_wconf 88' lang='lat' dir='ltr'><strong>divinitas</strong></span> <span class='ocrx_word' id='word_1_639' title='bbox 2513 694 2676 759; x_wconf 88' lang='lat' dir='ltr'><strong>venit,</strong></span> <span class='ocrx_word' id='word_1_640' title='bbox 2709 693 2802 748; x_wconf 92' lang='lat' dir='ltr'><strong>sed</strong></span> <span class='ocrx_word' id='word_1_641' title='bbox 2835 692 3088 748; x_wconf 76' lang='lat' dir='ltr'><strong>ineffabili</strong></span> <span class='ocrx_word' id='word_1_642' title='bbox 3134 695 3384 762; x_wconf 70' lang='lat' dir='ltr'><strong>potentias</strong></span> <span class='ocrx_word' id='word_1_643' title='bbox 3409 709 3521 752; x_wconf 70' lang='lat' dir='ltr'><strong>suae</strong></span> 
     </span>
    </p>
   </div>
   <div class='ocr_carea' id='block_1_84' title="bbox 1938 763 3518 834">
    <p class='ocr_par' dir='ltr' id='par_1_84' title="bbox 1938 763 3518 834">
     <span class='ocr_line' id='line_1_86' title="bbox 1938 763 3518 834; baseline 0.003 -16"><span class='ocrx_word' id='word_1_644' title='bbox 1938 763 2364 818; x_wconf 87' lang='lat' dir='ltr'><strong>manifestatione</strong></span> <span class='ocrx_word' id='word_1_645' title='bbox 2393 773 2447 819; x_wconf 91' lang='lat' dir='ltr'><strong>et</strong></span> <span class='ocrx_word' id='word_1_646' title='bbox 2467 773 2676 819; x_wconf 90' lang='lat' dir='ltr'><strong>uterum</strong></span> <span class='ocrx_word' id='word_1_647' title='bbox 2707 765 2890 818; x_wconf 89' lang='lat' dir='ltr'><strong>matris</strong></span> <span class='ocrx_word' id='word_1_648' title='bbox 2915 764 3213 834; x_wconf 78' lang='lat' dir='ltr'><strong>gignendus</strong></span> <span class='ocrx_word' id='word_1_649' title='bbox 3241 765 3518 833; x_wconf 85' lang='lat' dir='ltr'><strong>implevit:</strong></span> 
     </span>
    </p>
   </div>
   <div class='ocr_carea' id='block_1_85' title="bbox 1938 834 3520 916">
    <p class='ocr_par' dir='ltr' id='par_1_85' title="bbox 1938 834 3520 916">
     <span class='ocr_line' id='line_1_87' title="bbox 1938 834 3520 916; baseline 0.001 -27"><span class='ocrx_word' id='word_1_650' title='bbox 1938 842 1994 889; x_wconf 89' lang='lat' dir='ltr'><strong>et</strong></span> <span class='ocrx_word' id='word_1_651' title='bbox 2020 834 2361 916; x_wconf 49' lang='lat' dir='ltr'><strong>quod&#39;totum</strong></span> <span class='ocrx_word' id='word_1_652' title='bbox 2389 834 2771 916; x_wconf 76' lang='lat' dir='ltr'><strong>estsubtantia:</strong></span> <span class='ocrx_word' id='word_1_653' title='bbox 2787 850 2896 890; x_wconf 68' lang='lat' dir='ltr'><strong>sua:</strong></span> <span class='ocrx_word' id='word_1_654' title='bbox 2922 834 3251 916; x_wconf 80' lang='lat' dir='ltr'><strong>plenitudine</strong></span> <span class='ocrx_word' id='word_1_655' title='bbox 3264 850 3382 916; x_wconf 79' lang='lat' dir='ltr'><strong>non</strong></span> <span class='ocrx_word' id='word_1_656' title='bbox 3411 836 3520 906; x_wconf 90' lang='lat' dir='ltr'><strong>pri-</strong></span> 
     </span>
    </p>
   </div>
   <div class='ocr_carea' id='block_1_86' title="bbox 1937 904 3519 977">
    <p class='ocr_par' dir='ltr' id='par_1_86' title="bbox 1937 904 3519 977">
     <span class='ocr_line' id='line_1_88' title="bbox 1937 904 3519 977; baseline 0.003 -19"><span class='ocrx_word' id='word_1_657' title='bbox 1937 904 2098 977; x_wconf 80' lang='lat' dir='ltr'><strong>vavit.</strong></span> <span class='ocrx_word' id='word_1_658' title='bbox 2143 904 2259 959; x_wconf 87' lang='lat' dir='ltr'><strong>Non</strong></span> <span class='ocrx_word' id='word_1_659' title='bbox 2296 905 2498 977; x_wconf 83' lang='lat' dir='ltr'><strong>dimisit</strong></span> <span class='ocrx_word' id='word_1_660' title='bbox 2526 913 2728 977; x_wconf 86' lang='lat' dir='ltr'><strong>patrem</strong></span> <span class='ocrx_word' id='word_1_661' title='bbox 2775 921 2895 960; x_wconf 92' lang='lat' dir='ltr'><strong>cum</strong></span> <span class='ocrx_word' id='word_1_662' title='bbox 2936 906 3082 977; x_wconf 85' lang='lat' dir='ltr'><strong>venit</strong></span> <span class='ocrx_word' id='word_1_663' title='bbox 3119 905 3184 960; x_wconf 89' lang='lat' dir='ltr'><strong>ad</strong></span> <span class='ocrx_word' id='word_1_664' title='bbox 3217 904 3519 977; x_wconf 74' lang='lat' dir='ltr'><strong>virginem,</strong></span> 
     </span>
    </p>
   </div>
   <div class='ocr_carea' id='block_1_87' title="bbox 1939 975 3515 1058">
    <p class='ocr_par' dir='ltr' id='par_1_87' title="bbox 1939 975 3515 1058">
     <span class='ocr_line' id='line_1_89' title="bbox 1939 975 3515 1058; baseline 0.001 -28"><span class='ocrx_word' id='word_1_665' title='bbox 1939 975 2134 1058; x_wconf 80' lang='lat' dir='ltr'><strong>ubique</strong></span> <span class='ocrx_word' id='word_1_666' title='bbox 2164 986 2323 1058; x_wconf 78' lang='lat' dir='ltr'><strong>totus,</strong></span> <span class='ocrx_word' id='word_1_667' title='bbox 2369 975 2563 1058; x_wconf 70' lang='lat' dir='ltr'><strong>ubique</strong></span> <span class='ocrx_word' id='word_1_668' title='bbox 2592 975 2892 1058; x_wconf 61' lang='lat' dir='ltr'><strong>perfectus,</strong></span> <span class='ocrx_word' id='word_1_669' title='bbox 2919 976 3054 1058; x_wconf 43' lang='lat' dir='ltr'><strong>quia.</strong></span> <span class='ocrx_word' id='word_1_670' title='bbox 3073 991 3171 1030; x_wconf 92' lang='lat' dir='ltr'><strong>nec</strong></span> <span class='ocrx_word' id='word_1_671' title='bbox 3197 975 3515 1058; x_wconf 78' lang='lat' dir='ltr'><strong>divisionem</strong></span> 
     </span>
    </p>
   </div>
   <div class='ocr_carea' id='block_1_88' title="bbox 1939 1045 3521 1118">
    <p class='ocr_par' dir='ltr' id='par_1_88' title="bbox 1939 1045 3521 1118">
     <span class='ocr_line' id='line_1_90' title="bbox 1939 1045 3521 1118; baseline 0.001 -18"><span class='ocrx_word' id='word_1_672' title='bbox 1939 1045 2238 1118; x_wconf 79' lang='lat' dir='ltr'><strong>incorporei</strong></span> <span class='ocrx_word' id='word_1_673' title='bbox 2268 1045 2578 1118; x_wconf 87' lang='lat' dir='ltr'><strong>simplicitas</strong></span> <span class='ocrx_word' id='word_1_674' title='bbox 2600 1045 2812 1118; x_wconf 89' lang='lat' dir='ltr'><strong>recipit,</strong></span> <span class='ocrx_word' id='word_1_675' title='bbox 2844 1055 2899 1102; x_wconf 91' lang='lat' dir='ltr'><strong>et</strong></span> <span class='ocrx_word' id='word_1_676' title='bbox 2921 1045 3086 1115; x_wconf 86' lang='lat' dir='ltr'><strong>partis</strong></span> <span class='ocrx_word' id='word_1_677' title='bbox 3112 1063 3304 1102; x_wconf 88' lang='lat' dir='ltr'><strong>nomen</strong></span> <span class='ocrx_word' id='word_1_678' title='bbox 3349 1048 3521 1117; x_wconf 87' lang='lat' dir='ltr'><strong>pleni-</strong></span> 
     </span>
    </p>
   </div>
   <div class='ocr_carea' id='block_1_89' title="bbox 1938 1117 3518 1188">
    <p class='ocr_par' dir='ltr' id='par_1_89' title="bbox 1938 1117 3518 1188">
     <span class='ocr_line' id='line_1_91' title="bbox 1938 1117 3518 1188; baseline 0.003 -18"><span class='ocrx_word' id='word_1_679' title='bbox 1938 1117 2066 1188; x_wconf 88' lang='lat' dir='ltr'><strong>tudo</strong></span> <span class='ocrx_word' id='word_1_680' title='bbox 2096 1131 2202 1172; x_wconf 91' lang='lat' dir='ltr'><strong>non</strong></span> <span class='ocrx_word' id='word_1_681' title='bbox 2231 1117 2395 1171; x_wconf 89' lang='lat' dir='ltr'><strong>novit.</strong></span> <span class='ocrx_word' id='word_1_682' title='bbox 2419 1117 2570 1188; x_wconf 81' lang='lat' dir='ltr'><strong>Erat</strong></span> <span class='ocrx_word' id='word_1_683' title='bbox 2590 1117 2727 1186; x_wconf 84' lang='lat' dir='ltr'><strong>ergo</strong></span> <span class='ocrx_word' id='word_1_684' title='bbox 2744 1131 2850 1171; x_wconf 90' lang='lat' dir='ltr'><strong>uno</strong></span> <span class='ocrx_word' id='word_1_685' title='bbox 2869 1127 3026 1187; x_wconf 90' lang='lat' dir='ltr'><strong>atque</strong></span> <span class='ocrx_word' id='word_1_686' title='bbox 3061 1119 3246 1173; x_wconf 88' lang='lat' dir='ltr'><strong>eodem</strong></span> <span class='ocrx_word' id='word_1_687' title='bbox 3275 1127 3518 1188; x_wconf 87' lang='lat' dir='ltr'><strong>tempore</strong></span> 
     </span>
    </p>
   </div>
   <div class='ocr_carea' id='block_1_90' title="bbox 1939 1186 3515 1257">
    <p class='ocr_par' dir='ltr' id='par_1_90' title="bbox 1939 1186 3515 1257">
     <span class='ocr_line' id='line_1_92' title="bbox 1939 1186 3515 1257; baseline 0.003 -16"><span class='ocrx_word' id='word_1_688' title='bbox 1939 1187 2052 1256; x_wconf 90' lang='lat' dir='ltr'><strong>ipse</strong></span> <span class='ocrx_word' id='word_1_689' title='bbox 2072 1196 2215 1242; x_wconf 90' lang='lat' dir='ltr'><strong>totus</strong></span> <span class='ocrx_word' id='word_1_690' title='bbox 2230 1188 2390 1243; x_wconf 88' lang='lat' dir='ltr'><strong>etiam</strong></span> <span class='ocrx_word' id='word_1_691' title='bbox 2413 1187 2464 1242; x_wconf 93' lang='lat' dir='ltr'><strong>in</strong></span> <span class='ocrx_word' id='word_1_692' title='bbox 2491 1186 2722 1253; x_wconf 89' lang='lat' dir='ltr'><strong>inferno,</strong></span> <span class='ocrx_word' id='word_1_693' title='bbox 2751 1195 2892 1242; x_wconf 91' lang='lat' dir='ltr'><strong>totus</strong></span> <span class='ocrx_word' id='word_1_694' title='bbox 2911 1186 2962 1242; x_wconf 87' lang='lat' dir='ltr'><strong>in</strong></span> <span class='ocrx_word' id='word_1_695' title='bbox 2979 1188 3116 1243; x_wconf 73' lang='lat' dir='ltr'><strong>caelo</strong></span> <span class='ocrx_word' id='word_1_696' title='bbox 3139 1205 3153 1242; x_wconf 92' lang='lat'><strong>:</strong></span> <span class='ocrx_word' id='word_1_697' title='bbox 3177 1189 3283 1244; x_wconf 92' lang='lat' dir='ltr'><strong>illic</strong></span> <span class='ocrx_word' id='word_1_698' title='bbox 3309 1186 3515 1257; x_wconf 82' lang='lat' dir='ltr'><strong>patiens</strong></span> 
     </span>
    </p>
   </div>
   <div class='ocr_carea' id='block_1_91' title="bbox 1939 1257 3514 1329">
    <p class='ocr_par' dir='ltr' id='par_1_91' title="bbox 1939 1257 3514 1329">
     <span class='ocr_line' id='line_1_93' title="bbox 1939 1257 3514 1329; baseline 0 -17"><span class='ocrx_word' id='word_1_699' title='bbox 1939 1257 2182 1329; x_wconf 90' lang='lat' dir='ltr'><strong>injuriam</strong></span> <span class='ocrx_word' id='word_1_700' title='bbox 2205 1259 2399 1329; x_wconf 82' lang='lat' dir='ltr'><strong>carnis,</strong></span> <span class='ocrx_word' id='word_1_701' title='bbox 2448 1258 2534 1311; x_wconf 88' lang='lat' dir='ltr'><strong>hic</strong></span> <span class='ocrx_word' id='word_1_702' title='bbox 2558 1273 2664 1311; x_wconf 89' lang='lat' dir='ltr'><strong>non</strong></span> <span class='ocrx_word' id='word_1_703' title='bbox 2705 1259 3010 1329; x_wconf 88' lang='lat' dir='ltr'><strong>relinquens</strong></span> <span class='ocrx_word' id='word_1_704' title='bbox 3033 1258 3252 1329; x_wconf 81' lang='lat' dir='ltr'><strong>gloriam</strong></span> <span class='ocrx_word' id='word_1_705' title='bbox 3281 1259 3514 1314; x_wconf 88' lang='lat' dir='ltr'><strong>deitatis.</strong></span> 
     </span>
    </p>
   </div>
   <div class='ocr_carea' id='block_1_92' title="bbox 1939 1327 3515 1400">
    <p class='ocr_par' dir='ltr' id='par_1_92' title="bbox 1939 1327 3515 1400">
     <span class='ocr_line' id='line_1_94' title="bbox 1939 1327 3515 1400; baseline 0.002 -17"><span class='ocrx_word' id='word_1_706' title='bbox 1939 1327 2066 1383; x_wconf 87' lang='lat' dir='ltr'><strong>Erat</strong></span> <span class='ocrx_word' id='word_1_707' title='bbox 2093 1328 2231 1400; x_wconf 88' lang='lat' dir='ltr'><strong>apud</strong></span> <span class='ocrx_word' id='word_1_708' title='bbox 2262 1327 2459 1400; x_wconf 86' lang='lat' dir='ltr'><strong>inferos</strong></span> <span class='ocrx_word' id='word_1_709' title='bbox 2488 1329 2807 1400; x_wconf 66' lang='lat' dir='ltr'><strong>resurrectio</strong></span> <span class='ocrx_word' id='word_1_710' title='bbox 2836 1327 3188 1394; x_wconf 76' lang='lat' dir='ltr'><strong>mortuorum,</strong></span> <span class='ocrx_word' id='word_1_711' title='bbox 3215 1338 3330 1385; x_wconf 88' lang='lat' dir='ltr'><strong>erat</strong></span> <span class='ocrx_word' id='word_1_712' title='bbox 3352 1345 3515 1400; x_wconf 83' lang='lat' dir='ltr'><strong>super</strong></span> 
     </span>
    </p>
   </div>
   <div class='ocr_carea' id='block_1_93' title="bbox 1937 1397 3514 1465">
    <p class='ocr_par' dir='ltr' id='par_1_93' title="bbox 1937 1397 3514 1465">
     <span class='ocr_line' id='line_1_95' title="bbox 1937 1397 3514 1465; baseline 0.002 -12"><span class='ocrx_word' id='word_1_713' title='bbox 1937 1400 2104 1454; x_wconf 83' lang='lat' dir='ltr'><strong>caelos</strong></span> <span class='ocrx_word' id='word_1_714' title='bbox 2131 1397 2238 1453; x_wconf 86' lang='lat' dir='ltr'><strong>vita</strong></span> <span class='ocrx_word' id='word_1_715' title='bbox 2267 1398 2576 1454; x_wconf 86' lang='lat' dir='ltr'><strong>viventium.</strong></span> <span class='ocrx_word' id='word_1_716' title='bbox 2606 1397 2746 1454; x_wconf 83' lang='lat' dir='ltr'><strong>Vere</strong></span> <span class='ocrx_word' id='word_1_717' title='bbox 2785 1412 3045 1465; x_wconf 83' lang='lat' dir='ltr'><strong>mortuus,</strong></span> <span class='ocrx_word' id='word_1_718' title='bbox 3074 1415 3199 1456; x_wconf 88' lang='lat' dir='ltr'><strong>vere</strong></span> <span class='ocrx_word' id='word_1_719' title='bbox 3237 1402 3387 1455; x_wconf 89' lang='lat' dir='ltr'><strong>vivus</strong></span> <span class='ocrx_word' id='word_1_720' title='bbox 3414 1397 3435 1454; x_wconf 78' lang='grc' dir='ltr'>Ξ</span> <span class='ocrx_word' id='word_1_721' title='bbox 3459 1401 3514 1456; x_wconf 92' lang='lat' dir='ltr'><strong>in</strong></span> 
     </span>
    </p>
   </div>
   <div class='ocr_carea' id='block_1_94' title="bbox 1937 1470 3513 1541">
    <p class='ocr_par' dir='ltr' id='par_1_94' title="bbox 1937 1470 3513 1541">
     <span class='ocr_line' id='line_1_96' title="bbox 1937 1470 3513 1541; baseline 0.002 -18"><span class='ocrx_word' id='word_1_722' title='bbox 1937 1484 2046 1538; x_wconf 92' lang='lat' dir='ltr'><strong>quo</strong></span> <span class='ocrx_word' id='word_1_723' title='bbox 2079 1478 2135 1541; x_wconf 87' lang='lat' dir='ltr'><strong>et</strong></span> <span class='ocrx_word' id='word_1_724' title='bbox 2170 1479 2394 1526; x_wconf 87' lang='lat' dir='ltr'><strong>mortem</strong></span> <span class='ocrx_word' id='word_1_725' title='bbox 2423 1470 2690 1539; x_wconf 90' lang='lat' dir='ltr'><strong>susceptio</strong></span> <span class='ocrx_word' id='word_1_726' title='bbox 2720 1471 3055 1524; x_wconf 84' lang='lat' dir='ltr'><strong>mortalitatis</strong></span> <span class='ocrx_word' id='word_1_727' title='bbox 3083 1472 3311 1541; x_wconf 76' lang='lat' dir='ltr'><strong>excepit,</strong></span> <span class='ocrx_word' id='word_1_728' title='bbox 3349 1482 3403 1526; x_wconf 88' lang='lat' dir='ltr'><strong>et</strong></span> <span class='ocrx_word' id='word_1_729' title='bbox 3431 1472 3513 1526; x_wconf 84' lang='lat' dir='ltr'><strong>vi-</strong></span> 
     </span>
    </p>
   </div>
   <div class='ocr_carea' id='block_1_95' title="bbox 1942 1539 3515 1612">
    <p class='ocr_par' dir='ltr' id='par_1_95' title="bbox 1942 1539 3515 1612">
     <span class='ocr_line' id='line_1_97' title="bbox 1942 1539 3515 1612; baseline 0.002 -18"><span class='ocrx_word' id='word_1_730' title='bbox 1942 1548 2047 1594; x_wconf 82' lang='lat' dir='ltr'><strong>tam</strong></span> <span class='ocrx_word' id='word_1_731' title='bbox 2083 1539 2329 1612; x_wconf 80' lang='lat' dir='ltr'><strong>divinitas</strong></span> <span class='ocrx_word' id='word_1_732' title='bbox 2367 1550 2574 1612; x_wconf 48' lang='lat' dir='ltr'><strong>servata</strong></span> <span class='ocrx_word' id='word_1_733' title='bbox 2624 1557 2728 1612; x_wconf 85' lang='lat' dir='ltr'><strong>non</strong></span> <span class='ocrx_word' id='word_1_734' title='bbox 2774 1541 3023 1610; x_wconf 88' lang='lat' dir='ltr'><strong>perdidit.</strong></span> <span class='ocrx_word' id='word_1_735' title='bbox 3069 1539 3515 1612; x_wconf 84' lang='lat' dir='ltr'><strong>Quotiescumque</strong></span> 
     </span>
    </p>
   </div>
   <div class='ocr_carea' id='block_1_96' title="bbox 1940 1607 3512 1680">
    <p class='ocr_par' dir='ltr' id='par_1_96' title="bbox 1940 1607 3512 1680">
     <span class='ocr_line' id='line_1_98' title="bbox 1940 1607 3512 1680; baseline 0.001 -16"><span class='ocrx_word' id='word_1_736' title='bbox 1940 1625 2067 1680; x_wconf 88' lang='lat' dir='ltr'><strong>ergo</strong></span> <span class='ocrx_word' id='word_1_737' title='bbox 2095 1609 2208 1665; x_wconf 64' lang='lat' dir='ltr'><strong>haec</strong></span> <span class='ocrx_word' id='word_1_738' title='bbox 2235 1625 2353 1680; x_wconf 65' lang='lat' dir='ltr'><strong>quae</strong></span> <span class='ocrx_word' id='word_1_739' title='bbox 2375 1626 2405 1664; x_wconf 89' lang='lat' dir='ltr'><strong>a</strong></span> <span class='ocrx_word' id='word_1_740' title='bbox 2431 1607 2642 1664; x_wconf 89' lang='lat' dir='ltr'><strong>Christo</strong></span> <span class='ocrx_word' id='word_1_741' title='bbox 2668 1607 2932 1666; x_wconf 81' lang='lat' dir='ltr'><strong>humiliter</strong></span> <span class='ocrx_word' id='word_1_742' title='bbox 2959 1622 3080 1666; x_wconf 91' lang='lat' dir='ltr'><strong>sunt</strong></span> <span class='ocrx_word' id='word_1_743' title='bbox 3111 1612 3350 1676; x_wconf 82' lang='lat' dir='ltr'><strong>tolerata,</strong></span> <span class='ocrx_word' id='word_1_744' title='bbox 3379 1607 3512 1666; x_wconf 78' lang='lat' dir='ltr'><strong>con-</strong></span> 
     </span>
    </p>
   </div>
   <div class='ocr_carea' id='block_1_97' title="bbox 1939 1681 3514 1765">
    <p class='ocr_par' dir='ltr' id='par_1_97' title="bbox 1939 1681 3514 1765">
     <span class='ocr_line' id='line_1_99' title="bbox 1939 1681 3514 1765; baseline 0.003 -31"><span class='ocrx_word' id='word_1_745' title='bbox 1939 1681 2162 1765; x_wconf 52' lang='lat' dir='ltr'><strong>sidera&#39;s,</strong></span> <span class='ocrx_word' id='word_1_746' title='bbox 2209 1681 2380 1765; x_wconf 76' lang='lat' dir='ltr'><strong>ipsum</strong></span> <span class='ocrx_word' id='word_1_747' title='bbox 2422 1682 3028 1765; x_wconf 68' lang='lat' dir='ltr'><strong>auctqrent__voluntarim</strong></span> <span class='ocrx_word' id='word_1_748' title='bbox 3055 1684 3318 1765; x_wconf 70' lang='lat' dir='ltr'><strong>passionis</strong></span> <span class='ocrx_word' id='word_1_749' title='bbox 3344 1697 3514 1765; x_wconf 82' lang='lat' dir='ltr'><strong>agno-</strong></span> 
     </span>
    </p>
   </div>
   <div class='ocr_carea' id='block_1_98' title="bbox 1939 1749 3516 1822">
    <p class='ocr_par' dir='ltr' id='par_1_98' title="bbox 1939 1749 3516 1822">
     <span class='ocr_line' id='line_1_100' title="bbox 1939 1749 3516 1822; baseline 0.002 -17"><span class='ocrx_word' id='word_1_750' title='bbox 1939 1765 2092 1822; x_wconf 68' lang='lat' dir='ltr'><strong>scas.</strong></span> <span class='ocrx_word' id='word_1_751' title='bbox 2108 1751 2182 1805; x_wconf 89' lang='lat' dir='ltr'><strong>Ita</strong></span> <span class='ocrx_word' id='word_1_752' title='bbox 2208 1749 2329 1822; x_wconf 89' lang='lat' dir='ltr'><strong>ﬁet,</strong></span> <span class='ocrx_word' id='word_1_753' title='bbox 2347 1760 2405 1805; x_wconf 93' lang='lat' dir='ltr'><strong>ut</strong></span> <span class='ocrx_word' id='word_1_754' title='bbox 2419 1751 2543 1805; x_wconf 94' lang='lat' dir='ltr'><strong>dum</strong></span> <span class='ocrx_word' id='word_1_755' title='bbox 2561 1749 2832 1806; x_wconf 88' lang='lat' dir='ltr'><strong>humilitas</strong></span> <span class='ocrx_word' id='word_1_756' title='bbox 2852 1749 3091 1822; x_wconf 83' lang='lat' dir='ltr'><strong>patienti.</strong></span> <span class='ocrx_word' id='word_1_757' title='bbox 3112 1753 3321 1807; x_wconf 78' lang='lat' dir='ltr'><strong>facienti</strong></span> <span class='ocrx_word' id='word_1_758' title='bbox 3349 1749 3516 1808; x_wconf 87' lang='lat' dir='ltr'><strong>virtus</strong></span> 
     </span>
    </p>
   </div>
   <div class='ocr_carea' id='block_1_99' title="bbox 1939 1821 3518 1892">
    <p class='ocr_par' dir='ltr' id='par_1_99' title="bbox 1939 1821 3518 1892">
     <span class='ocr_line' id='line_1_101' title="bbox 1939 1821 3518 1892; baseline 0.003 -18"><span class='ocrx_word' id='word_1_759' title='bbox 1939 1821 2254 1886; x_wconf 88' lang='lat' dir='ltr'><strong>ascribitur;</strong></span> <span class='ocrx_word' id='word_1_760' title='bbox 2285 1821 2424 1892; x_wconf 90' lang='lat' dir='ltr'><strong>idem</strong></span> <span class='ocrx_word' id='word_1_761' title='bbox 2450 1822 2691 1876; x_wconf 92' lang='lat' dir='ltr'><strong>Christus</strong></span> <span class='ocrx_word' id='word_1_762' title='bbox 2730 1837 2836 1876; x_wconf 92' lang='lat' dir='ltr'><strong>uno</strong></span> <span class='ocrx_word' id='word_1_763' title='bbox 2858 1821 3024 1892; x_wconf 82' lang='lat' dir='ltr'><strong>atque</strong></span> <span class='ocrx_word' id='word_1_764' title='bbox 3057 1822 3247 1878; x_wconf 89' lang='lat' dir='ltr'><strong>eodem</strong></span> <span class='ocrx_word' id='word_1_765' title='bbox 3277 1833 3518 1892; x_wconf 84' lang='lat' dir='ltr'><strong>tempore</strong></span> 
     </span>
    </p>
   </div>
   <div class='ocr_carea' id='block_1_100' title="bbox 1939 1891 3514 1962">
    <p class='ocr_par' dir='ltr' id='par_1_100' title="bbox 1939 1891 3514 1962">
     <span class='ocr_line' id='line_1_102' title="bbox 1939 1891 3514 1962; baseline 0.001 -16"><span class='ocrx_word' id='word_1_766' title='bbox 1939 1906 2061 1962; x_wconf 83' lang='lat' dir='ltr'><strong>cum</strong></span> <span class='ocrx_word' id='word_1_767' title='bbox 2089 1893 2284 1962; x_wconf 89' lang='lat' dir='ltr'><strong>patitur</strong></span> <span class='ocrx_word' id='word_1_768' title='bbox 2312 1891 2574 1958; x_wconf 89' lang='lat' dir='ltr'><strong>inﬁrmus,</strong></span> <span class='ocrx_word' id='word_1_769' title='bbox 2595 1907 2715 1946; x_wconf 91' lang='lat' dir='ltr'><strong>cum</strong></span> <span class='ocrx_word' id='word_1_770' title='bbox 2737 1893 2860 1947; x_wconf 85' lang='lat' dir='ltr'><strong>facit</strong></span> <span class='ocrx_word' id='word_1_771' title='bbox 2881 1891 3217 1962; x_wconf 88' lang='lat' dir='ltr'><strong>omnipotens</strong></span> <span class='ocrx_word' id='word_1_772' title='bbox 3238 1891 3514 1949; x_wconf 74' lang='lat' dir='ltr'><strong>doceatur.</strong></span> 
     </span>
    </p>
   </div>
   <div class='ocr_carea' id='block_1_101' title="bbox 1940 1961 3517 2032">
    <p class='ocr_par' dir='ltr' id='par_1_101' title="bbox 1940 1961 3517 2032">
     <span class='ocr_line' id='line_1_103' title="bbox 1940 1961 3517 2032; baseline 0.001 -15"><span class='ocrx_word' id='word_1_773' title='bbox 1940 1961 2047 2017; x_wconf 89' lang='lat' dir='ltr'><strong>Sed</strong></span> <span class='ocrx_word' id='word_1_774' title='bbox 2074 1978 2139 2016; x_wconf 88' lang='lat' dir='ltr'><strong>ne</strong></span> <span class='ocrx_word' id='word_1_775' title='bbox 2163 1961 2336 2016; x_wconf 89' lang='lat' dir='ltr'><strong>adhuc</strong></span> <span class='ocrx_word' id='word_1_776' title='bbox 2364 1963 2416 2032; x_wconf 91' lang='lat' dir='ltr'><strong>in</strong></span> <span class='ocrx_word' id='word_1_777' title='bbox 2445 1971 2617 2017; x_wconf 90' lang='lat' dir='ltr'><strong>morte</strong></span> <span class='ocrx_word' id='word_1_778' title='bbox 2647 1963 2764 2016; x_wconf 87' lang='lat' dir='ltr'><strong>Filii</strong></span> <span class='ocrx_word' id='word_1_779' title='bbox 2798 1963 2886 2017; x_wconf 93' lang='lat' dir='ltr'><strong>Dei</strong></span> <span class='ocrx_word' id='word_1_780' title='bbox 2927 1961 3155 2032; x_wconf 87' lang='lat' dir='ltr'><strong>aliquam</strong></span> <span class='ocrx_word' id='word_1_781' title='bbox 3193 1964 3517 2019; x_wconf 82' lang='lat' dir='ltr'><strong>insensibili-</strong></span> 
     </span>
    </p>
   </div>
   <div class='ocr_carea' id='block_1_102' title="bbox 1941 2031 3518 2103">
    <p class='ocr_par' dir='ltr' id='par_1_102' title="bbox 1941 2031 3518 2103">
     <span class='ocr_line' id='line_1_104' title="bbox 1941 2031 3518 2103; baseline 0.001 -17"><span class='ocrx_word' id='word_1_782' title='bbox 1941 2041 2101 2103; x_wconf 83' lang='lat' dir='ltr'><strong>tatem</strong></span> <span class='ocrx_word' id='word_1_783' title='bbox 2133 2046 2230 2086; x_wconf 91' lang='lat' dir='ltr'><strong>nos</strong></span> <span class='ocrx_word' id='word_1_784' title='bbox 2257 2031 2485 2103; x_wconf 90' lang='lat' dir='ltr'><strong>credatis</strong></span> <span class='ocrx_word' id='word_1_785' title='bbox 2505 2031 2772 2101; x_wconf 85' lang='lat' dir='ltr'><strong>accipere,</strong></span> <span class='ocrx_word' id='word_1_786' title='bbox 2791 2031 3148 2102; x_wconf 84' lang='lat' dir='ltr'><strong>importunum</strong></span> <span class='ocrx_word' id='word_1_787' title='bbox 3170 2048 3275 2087; x_wconf 92' lang='lat' dir='ltr'><strong>non</strong></span> <span class='ocrx_word' id='word_1_788' title='bbox 3294 2043 3376 2087; x_wconf 90' lang='lat' dir='ltr'><strong>est</strong></span> <span class='ocrx_word' id='word_1_789' title='bbox 3395 2049 3518 2103; x_wconf 67' lang='lat' dir='ltr'><strong>qua:</strong></span> 
     </span>
    </p>
   </div>
   <div class='ocr_carea' id='block_1_103' title="bbox 1941 2101 3516 2173">
    <p class='ocr_par' dir='ltr' id='par_1_103' title="bbox 1941 2101 3516 2173">
     <span class='ocr_line' id='line_1_105' title="bbox 1941 2101 3516 2173; baseline 0.001 -16"><span class='ocrx_word' id='word_1_790' title='bbox 1941 2101 2008 2173; x_wconf 84' lang='lat' dir='ltr'><strong>de</strong></span> <span class='ocrx_word' id='word_1_791' title='bbox 2033 2112 2208 2173; x_wconf 84' lang='lat' dir='ltr'><strong>morte</strong></span> <span class='ocrx_word' id='word_1_792' title='bbox 2233 2116 2388 2157; x_wconf 90' lang='lat' dir='ltr'><strong>sensa</strong></span> <span class='ocrx_word' id='word_1_793' title='bbox 2419 2102 2526 2157; x_wconf 89' lang='lat' dir='ltr'><strong>sint</strong></span> <span class='ocrx_word' id='word_1_794' title='bbox 2554 2101 2875 2173; x_wconf 68' lang='lat' dir='ltr'><strong>investigare</strong></span> <span class='ocrx_word' id='word_1_795' title='bbox 2917 2121 2932 2158; x_wconf 90' lang='lat'><strong>:</strong></span> <span class='ocrx_word' id='word_1_796' title='bbox 2973 2104 3026 2156; x_wconf 93' lang='lat' dir='ltr'><strong>in</strong></span> <span class='ocrx_word' id='word_1_797' title='bbox 3070 2118 3171 2172; x_wconf 91' lang='lat' dir='ltr'><strong>qua</strong></span> <span class='ocrx_word' id='word_1_798' title='bbox 3203 2103 3326 2173; x_wconf 89' lang='lat' dir='ltr'><strong>sine</strong></span> <span class='ocrx_word' id='word_1_799' title='bbox 3355 2101 3516 2158; x_wconf 80' lang='lat' dir='ltr'><strong>dubio</strong></span> 
     </span>
    </p>
   </div>
   <div class='ocr_carea' id='block_1_104' title="bbox 1942 2171 3515 2243">
    <p class='ocr_par' dir='ltr' id='par_1_104' title="bbox 1942 2171 3515 2243">
     <span class='ocr_line' id='line_1_106' title="bbox 1942 2171 3515 2243; baseline 0 -15"><span class='ocrx_word' id='word_1_800' title='bbox 1942 2171 2180 2243; x_wconf 83' lang='lat' dir='ltr'><strong>destituit</strong></span> <span class='ocrx_word' id='word_1_801' title='bbox 2203 2187 2414 2242; x_wconf 92' lang='lat' dir='ltr'><strong>corpus,</strong></span> <span class='ocrx_word' id='word_1_802' title='bbox 2444 2173 2552 2228; x_wconf 88' lang='lat' dir='ltr'><strong>vita</strong></span> <span class='ocrx_word' id='word_1_803' title='bbox 2579 2171 2887 2229; x_wconf 55' lang='lat' dir='ltr'><strong>nostra&#39;non</strong></span> <span class='ocrx_word' id='word_1_804' title='bbox 2919 2171 3152 2243; x_wconf 50' lang='lat' dir='ltr'><strong>periit&quot;;</strong></span> <span class='ocrx_word' id='word_1_805' title='bbox 3183 2172 3311 2227; x_wconf 90' lang='lat' dir='ltr'><strong>dum</strong></span> <span class='ocrx_word' id='word_1_806' title='bbox 3339 2173 3515 2228; x_wconf 89' lang='lat' dir='ltr'><strong>disce-</strong></span> 
     </span>
    </p>
   </div>
   <div class='ocr_carea' id='block_1_105' title="bbox 1940 2241 3520 2313">
    <p class='ocr_par' dir='ltr' id='par_1_105' title="bbox 1940 2241 3520 2313">
     <span class='ocr_line' id='line_1_107' title="bbox 1940 2241 3520 2313; baseline 0 -15"><span class='ocrx_word' id='word_1_807' title='bbox 1940 2241 2074 2298; x_wconf 91' lang='lat' dir='ltr'><strong>dens</strong></span> <span class='ocrx_word' id='word_1_808' title='bbox 2106 2243 2282 2297; x_wconf 89' lang='lat' dir='ltr'><strong>anima</strong></span> <span class='ocrx_word' id='word_1_809' title='bbox 2302 2241 2415 2297; x_wconf 83' lang='lat' dir='ltr'><strong>non</strong></span> <span class='ocrx_word' id='word_1_810' title='bbox 2444 2244 2550 2298; x_wconf 92' lang='lat' dir='ltr'><strong>vim</strong></span> <span class='ocrx_word' id='word_1_811' title='bbox 2579 2257 2726 2298; x_wconf 91' lang='lat' dir='ltr'><strong>suam</strong></span> <span class='ocrx_word' id='word_1_812' title='bbox 2755 2241 2946 2312; x_wconf 79' lang='lat' dir='ltr'><strong>perdit,</strong></span> <span class='ocrx_word' id='word_1_813' title='bbox 2986 2243 3079 2299; x_wconf 91' lang='lat' dir='ltr'><strong>sed</strong></span> <span class='ocrx_word' id='word_1_814' title='bbox 3106 2243 3247 2313; x_wconf 89' lang='lat' dir='ltr'><strong>quod</strong></span> <span class='ocrx_word' id='word_1_815' title='bbox 3285 2243 3520 2298; x_wconf 82' lang='lat' dir='ltr'><strong>viviﬁca-</strong></span> 
     </span>
    </p>
   </div>
   <div class='ocr_carea' id='block_1_106' title="bbox 1942 2313 3520 2384">
    <p class='ocr_par' dir='ltr' id='par_1_106' title="bbox 1942 2313 3520 2384">
     <span class='ocr_line' id='line_1_108' title="bbox 1942 2313 3520 2384; baseline 0.002 -18"><span class='ocrx_word' id='word_1_816' title='bbox 1942 2321 2093 2384; x_wconf 88' lang='lat' dir='ltr'><strong>verat</strong></span> <span class='ocrx_word' id='word_1_817' title='bbox 2121 2315 2219 2368; x_wconf 87' lang='lat' dir='ltr'><strong>hoc</strong></span> <span class='ocrx_word' id='word_1_818' title='bbox 2244 2313 2478 2378; x_wconf 89' lang='lat' dir='ltr'><strong>dimittit,</strong></span> <span class='ocrx_word' id='word_1_819' title='bbox 2505 2323 2561 2370; x_wconf 90' lang='lat' dir='ltr'><strong>et</strong></span> <span class='ocrx_word' id='word_1_820' title='bbox 2583 2325 2836 2384; x_wconf 87' lang='lat' dir='ltr'><strong>quantum</strong></span> <span class='ocrx_word' id='word_1_821' title='bbox 2854 2315 2909 2368; x_wconf 91' lang='lat' dir='ltr'><strong>in</strong></span> <span class='ocrx_word' id='word_1_822' title='bbox 2934 2329 2993 2369; x_wconf 90' lang='lat' dir='ltr'><strong>se</strong></span> <span class='ocrx_word' id='word_1_823' title='bbox 3016 2323 3116 2379; x_wconf 92' lang='lat' dir='ltr'><strong>est,</strong></span> <span class='ocrx_word' id='word_1_824' title='bbox 3135 2314 3355 2368; x_wconf 88' lang='lat' dir='ltr'><strong>alterius</strong></span> <span class='ocrx_word' id='word_1_825' title='bbox 3376 2328 3520 2384; x_wconf 85' lang='lat' dir='ltr'><strong>mor-</strong></span> 
     </span>
    </p>
   </div>
   <div class='ocr_carea' id='block_1_107' title="bbox 1941 2383 3518 2454">
    <p class='ocr_par' dir='ltr' id='par_1_107' title="bbox 1941 2383 3518 2454">
     <span class='ocr_line' id='line_1_109' title="bbox 1941 2383 3518 2454; baseline 0 -16"><span class='ocrx_word' id='word_1_826' title='bbox 1941 2391 2049 2438; x_wconf 87' lang='lat' dir='ltr'><strong>tem</strong></span> <span class='ocrx_word' id='word_1_827' title='bbox 2077 2383 2221 2451; x_wconf 85' lang='lat' dir='ltr'><strong>facit,</strong></span> <span class='ocrx_word' id='word_1_828' title='bbox 2261 2385 2373 2454; x_wconf 89' lang='lat' dir='ltr'><strong>ipsa</strong></span> <span class='ocrx_word' id='word_1_829' title='bbox 2401 2399 2504 2439; x_wconf 92' lang='lat' dir='ltr'><strong>non</strong></span> <span class='ocrx_word' id='word_1_830' title='bbox 2535 2383 2742 2453; x_wconf 85' lang='lat' dir='ltr'><strong>recipit.</strong></span> <span class='ocrx_word' id='word_1_831' title='bbox 2775 2385 2942 2450; x_wconf 87' lang='lat' dir='ltr'><strong>Facit,</strong></span> <span class='ocrx_word' id='word_1_832' title='bbox 2984 2385 3220 2454; x_wconf 89' lang='lat' dir='ltr'><strong>inquam,</strong></span> <span class='ocrx_word' id='word_1_833' title='bbox 3249 2400 3354 2438; x_wconf 93' lang='lat' dir='ltr'><strong>non</strong></span> <span class='ocrx_word' id='word_1_834' title='bbox 3385 2383 3518 2439; x_wconf 89' lang='lat' dir='ltr'><strong>vivi-</strong></span> 
     </span>
    </p>
   </div>
   <div class='ocr_carea' id='block_1_108' title="bbox 1943 2454 3518 2525">
    <p class='ocr_par' dir='ltr' id='par_1_108' title="bbox 1943 2454 3518 2525">
     <span class='ocr_line' id='line_1_110' title="bbox 1943 2454 3518 2525; baseline 0.001 -17"><span class='ocrx_word' id='word_1_835' title='bbox 1943 2454 2150 2525; x_wconf 79' lang='lat' dir='ltr'><strong>ﬁcando</strong></span> <span class='ocrx_word' id='word_1_836' title='bbox 2170 2456 2310 2525; x_wconf 90' lang='lat' dir='ltr'><strong>quod</strong></span> <span class='ocrx_word' id='word_1_837' title='bbox 2337 2455 2551 2515; x_wconf 83' lang='lat' dir='ltr'><strong>deserit.</strong></span> <span class='ocrx_word' id='word_1_838' title='bbox 2572 2470 2676 2509; x_wconf 93' lang='lat' dir='ltr'><strong>non</strong></span> <span class='ocrx_word' id='word_1_839' title='bbox 2698 2455 2989 2511; x_wconf 90' lang='lat' dir='ltr'><strong>amittendo</strong></span> <span class='ocrx_word' id='word_1_840' title='bbox 3011 2455 3150 2524; x_wconf 89' lang='lat' dir='ltr'><strong>quod</strong></span> <span class='ocrx_word' id='word_1_841' title='bbox 3171 2456 3314 2509; x_wconf 89' lang='lat' dir='ltr'><strong>vivit.</strong></span> <span class='ocrx_word' id='word_1_842' title='bbox 3338 2456 3518 2525; x_wconf 88' lang='lat' dir='ltr'><strong>Itaque</strong></span> 
     </span>
    </p>
   </div>
   <div class='ocr_carea' id='block_1_109' title="bbox 1941 2523 3517 2595">
    <p class='ocr_par' dir='ltr' id='par_1_109' title="bbox 1941 2523 3517 2595">
     <span class='ocr_line' id='line_1_111' title="bbox 1941 2523 3517 2595; baseline 0 -16"><span class='ocrx_word' id='word_1_843' title='bbox 1941 2523 2343 2581; x_wconf 31' lang='lat' dir='ltr'><strong>hominis‘mors</strong></span> <span class='ocrx_word' id='word_1_844' title='bbox 2381 2525 2513 2580; x_wconf 93' lang='lat' dir='ltr'><strong>nihil</strong></span> <span class='ocrx_word' id='word_1_845' title='bbox 2538 2525 2680 2581; x_wconf 91' lang='lat' dir='ltr'><strong>aliud</strong></span> <span class='ocrx_word' id='word_1_846' title='bbox 2708 2541 2866 2595; x_wconf 89' lang='lat' dir='ltr'><strong>quam</strong></span> <span class='ocrx_word' id='word_1_847' title='bbox 2887 2523 3066 2581; x_wconf 87' lang='lat' dir='ltr'><strong>carnis</strong></span> <span class='ocrx_word' id='word_1_848' title='bbox 3088 2541 3310 2580; x_wconf 86' lang='lat' dir='ltr'><strong>occasus</strong></span> <span class='ocrx_word' id='word_1_849' title='bbox 3336 2523 3463 2580; x_wconf 14' lang='lat' dir='ltr'><strong>esti:</strong></span> <span class='ocrx_word' id='word_1_850' title='bbox 3485 2539 3517 2579; x_wconf 92' lang='lat' dir='ltr'><strong>a</strong></span> 
     </span>
    </p>
   </div>
   <div class='ocr_carea' id='block_1_110' title="bbox 1942 2597 3520 2665">
    <p class='ocr_par' dir='ltr' id='par_1_110' title="bbox 1942 2597 3520 2665">
     <span class='ocr_line' id='line_1_112' title="bbox 1942 2597 3520 2665; baseline 0 -15"><span class='ocrx_word' id='word_1_851' title='bbox 1942 2610 2047 2665; x_wconf 90' lang='lat' dir='ltr'><strong>qua</strong></span> <span class='ocrx_word' id='word_1_852' title='bbox 2073 2611 2192 2650; x_wconf 89' lang='lat' dir='ltr'><strong>cum</strong></span> <span class='ocrx_word' id='word_1_853' title='bbox 2223 2597 2304 2652; x_wconf 89' lang='lat' dir='ltr'><strong>vis</strong></span> <span class='ocrx_word' id='word_1_854' title='bbox 2343 2597 2592 2665; x_wconf 81' lang='lat' dir='ltr'><strong>potentiae</strong></span> <span class='ocrx_word' id='word_1_855' title='bbox 2619 2597 2930 2652; x_wconf 84' lang='lat' dir='ltr'><strong>viviticantis</strong></span> <span class='ocrx_word' id='word_1_856' title='bbox 2959 2597 3294 2663; x_wconf 86' lang='lat' dir='ltr'><strong>abscesserit,</strong></span> <span class='ocrx_word' id='word_1_857' title='bbox 3324 2597 3376 2650; x_wconf 92' lang='lat' dir='ltr'><strong>in</strong></span> <span class='ocrx_word' id='word_1_858' title='bbox 3408 2604 3520 2650; x_wconf 89' lang='lat' dir='ltr'><strong>ter-</strong></span> 
     </span>
    </p>
   </div>
   <div class='ocr_carea' id='block_1_111' title="bbox 1941 2667 3520 2737">
    <p class='ocr_par' dir='ltr' id='par_1_111' title="bbox 1941 2667 3520 2737">
     <span class='ocr_line' id='line_1_113' title="bbox 1941 2667 3520 2737; baseline 0.001 -18"><span class='ocrx_word' id='word_1_859' title='bbox 1941 2681 2056 2737; x_wconf 85' lang='lat' dir='ltr'><strong>ram</strong></span> <span class='ocrx_word' id='word_1_860' title='bbox 2083 2667 2149 2722; x_wconf 90' lang='lat' dir='ltr'><strong>de</strong></span> <span class='ocrx_word' id='word_1_861' title='bbox 2176 2682 2276 2736; x_wconf 89' lang='lat' dir='ltr'><strong>qua</strong></span> <span class='ocrx_word' id='word_1_862' title='bbox 2314 2677 2522 2736; x_wconf 89' lang='lat' dir='ltr'><strong>sumpta</strong></span> <span class='ocrx_word' id='word_1_863' title='bbox 2569 2676 2670 2732; x_wconf 84' lang='lat' dir='ltr'><strong>est,</strong></span> <span class='ocrx_word' id='word_1_864' title='bbox 2719 2667 2927 2722; x_wconf 68' lang='lat' dir='ltr'><strong>amissis</strong></span> <span class='ocrx_word' id='word_1_865' title='bbox 2980 2680 3115 2737; x_wconf 90' lang='lat' dir='ltr'><strong>quos</strong></span> <span class='ocrx_word' id='word_1_866' title='bbox 3163 2681 3268 2721; x_wconf 91' lang='lat' dir='ltr'><strong>non</strong></span> <span class='ocrx_word' id='word_1_867' title='bbox 3318 2682 3414 2737; x_wconf 87' lang='lat' dir='ltr'><strong>per</strong></span> <span class='ocrx_word' id='word_1_868' title='bbox 3452 2681 3520 2737; x_wconf 84' lang='lat' dir='ltr'><strong>se</strong></span> 
     </span>
    </p>
   </div>
   <div class='ocr_carea' id='block_1_112' title="bbox 1943 2735 3514 2807">
    <p class='ocr_par' dir='ltr' id='par_1_112' title="bbox 1943 2735 3514 2807">
     <span class='ocr_line' id='line_1_114' title="bbox 1943 2735 3514 2807; baseline 0 -17"><span class='ocrx_word' id='word_1_869' title='bbox 1943 2735 2113 2806; x_wconf 89' lang='lat' dir='ltr'><strong>ipsam</strong></span> <span class='ocrx_word' id='word_1_870' title='bbox 2145 2735 2327 2792; x_wconf 88' lang='lat' dir='ltr'><strong>habuit</strong></span> <span class='ocrx_word' id='word_1_871' title='bbox 2359 2739 2603 2793; x_wconf 89' lang='lat' dir='ltr'><strong>sensibus</strong></span> <span class='ocrx_word' id='word_1_872' title='bbox 2628 2738 2786 2793; x_wconf 89' lang='lat' dir='ltr'><strong>redit.</strong></span> <span class='ocrx_word' id='word_1_873' title='bbox 2816 2738 2975 2807; x_wconf 82' lang='lat' dir='ltr'><strong>Atqui</strong></span> <span class='ocrx_word' id='word_1_874' title='bbox 2998 2735 3285 2803; x_wconf 78' lang='lat' dir='ltr'><strong>contraria,</strong></span> <span class='ocrx_word' id='word_1_875' title='bbox 3318 2735 3514 2807; x_wconf 90' lang='lat' dir='ltr'><strong>inquis,</strong></span> 
     </span>
    </p>
   </div>
   <div class='ocr_carea' id='block_1_113' title="bbox 1944 2807 3517 2875">
    <p class='ocr_par' dir='ltr' id='par_1_113' title="bbox 1944 2807 3517 2875">
     <span class='ocr_line' id='line_1_115' title="bbox 1944 2807 3517 2875; baseline 0.001 -15"><span class='ocrx_word' id='word_1_876' title='bbox 1944 2807 2067 2862; x_wconf 77' lang='lat' dir='ltr'><strong>vita:</strong></span> <span class='ocrx_word' id='word_1_877' title='bbox 2105 2823 2248 2862; x_wconf 89' lang='lat' dir='ltr'><strong>mors</strong></span> <span class='ocrx_word' id='word_1_878' title='bbox 2286 2818 2386 2863; x_wconf 91' lang='lat' dir='ltr'><strong>est.</strong></span> <span class='ocrx_word' id='word_1_879' title='bbox 2421 2808 2650 2864; x_wconf 87' lang='lat' dir='ltr'><strong>Fateor:</strong></span> <span class='ocrx_word' id='word_1_880' title='bbox 2680 2809 2773 2864; x_wconf 92' lang='lat' dir='ltr'><strong>sed</strong></span> <span class='ocrx_word' id='word_1_881' title='bbox 2813 2825 2917 2862; x_wconf 91' lang='lat' dir='ltr'><strong>non</strong></span> <span class='ocrx_word' id='word_1_882' title='bbox 2950 2823 3012 2861; x_wconf 87' lang='lat' dir='ltr'><strong>ex</strong></span> <span class='ocrx_word' id='word_1_883' title='bbox 3043 2822 3108 2862; x_wconf 92' lang='lat' dir='ltr'><strong>eo</strong></span> <span class='ocrx_word' id='word_1_884' title='bbox 3145 2821 3339 2875; x_wconf 83' lang='lat' dir='ltr'><strong>genere</strong></span> <span class='ocrx_word' id='word_1_885' title='bbox 3383 2821 3517 2862; x_wconf 85' lang='lat' dir='ltr'><strong>con-</strong></span> 
     </span>
    </p>
   </div>
   <div class='ocr_carea' id='block_1_114' title="bbox 1944 2877 3520 2949">
    <p class='ocr_par' dir='ltr' id='par_1_114' title="bbox 1944 2877 3520 2949">
     <span class='ocr_line' id='line_1_116' title="bbox 1944 2877 3520 2949; baseline -0.001 -16"><span class='ocrx_word' id='word_1_886' title='bbox 1944 2879 2246 2949; x_wconf 87' lang='lat' dir='ltr'><strong>trariorum,</strong></span> <span class='ocrx_word' id='word_1_887' title='bbox 2295 2895 2415 2949; x_wconf 69' lang='lat' dir='ltr'><strong>quze</strong></span> <span class='ocrx_word' id='word_1_888' title='bbox 2447 2879 2721 2934; x_wconf 87' lang='lat' dir='ltr'><strong>existentis</strong></span> <span class='ocrx_word' id='word_1_889' title='bbox 2763 2879 3070 2949; x_wconf 79' lang='lat' dir='ltr'><strong>substantiae</strong></span> <span class='ocrx_word' id='word_1_890' title='bbox 3097 2877 3432 2949; x_wconf 82' lang='lat' dir='ltr'><strong>oppositione</strong></span> <span class='ocrx_word' id='word_1_891' title='bbox 3459 2891 3520 2932; x_wconf 88' lang='lat' dir='ltr'><strong>se</strong></span> 
     </span>
    </p>
   </div>
   <div class='ocr_carea' id='block_1_115' title="bbox 1943 2948 3518 3020">
    <p class='ocr_par' dir='ltr' id='par_1_115' title="bbox 1943 2948 3518 3020">
     <span class='ocr_line' id='line_1_117' title="bbox 1943 2948 3518 3020; baseline 0 -18"><span class='ocrx_word' id='word_1_892' title='bbox 1943 2948 2246 3020; x_wconf 80' lang='lat' dir='ltr'><strong>perimunt;</strong></span> <span class='ocrx_word' id='word_1_893' title='bbox 2273 2948 2366 3005; x_wconf 89' lang='lat' dir='ltr'><strong>sed</strong></span> <span class='ocrx_word' id='word_1_894' title='bbox 2383 2965 2450 3005; x_wconf 80' lang='lat' dir='ltr'><strong>ex</strong></span> <span class='ocrx_word' id='word_1_895' title='bbox 2477 2965 2661 3004; x_wconf 91' lang='lat' dir='ltr'><strong>eorum</strong></span> <span class='ocrx_word' id='word_1_896' title='bbox 2689 2950 2864 3020; x_wconf 92' lang='lat' dir='ltr'><strong>potius</strong></span> <span class='ocrx_word' id='word_1_897' title='bbox 2888 2965 3007 3019; x_wconf 77' lang='lat' dir='ltr'><strong>quae</strong></span> <span class='ocrx_word' id='word_1_898' title='bbox 3028 2948 3153 3003; x_wconf 89' lang='lat' dir='ltr'><strong>dum</strong></span> <span class='ocrx_word' id='word_1_899' title='bbox 3183 2948 3396 3020; x_wconf 80' lang='lat' dir='ltr'><strong>cuilibet</strong></span> <span class='ocrx_word' id='word_1_900' title='bbox 3423 2962 3518 3020; x_wconf 82' lang='lat' dir='ltr'><strong>ac-</strong></span> 
     </span>
    </p>
   </div>
   <div class='ocr_carea' id='block_1_116' title="bbox 1943 3017 3520 3088">
    <p class='ocr_par' dir='ltr' id='par_1_116' title="bbox 1943 3017 3520 3088">
     <span class='ocr_line' id='line_1_118' title="bbox 1943 3017 3520 3088; baseline -0.002 -14"><span class='ocrx_word' id='word_1_901' title='bbox 1943 3017 2144 3086; x_wconf 90' lang='lat' dir='ltr'><strong>cidunt,</strong></span> <span class='ocrx_word' id='word_1_902' title='bbox 2173 3020 2332 3075; x_wconf 90' lang='lat' dir='ltr'><strong>simul</strong></span> <span class='ocrx_word' id='word_1_903' title='bbox 2375 3020 2587 3088; x_wconf 91' lang='lat' dir='ltr'><strong>quidem</strong></span> <span class='ocrx_word' id='word_1_904' title='bbox 2633 3017 2754 3075; x_wconf 81' lang='lat' dir='ltr'><strong>esse</strong></span> <span class='ocrx_word' id='word_1_905' title='bbox 2792 3017 2918 3076; x_wconf 12' lang='lat' dir='ltr'><strong>noni</strong></span> <span class='ocrx_word' id='word_1_906' title='bbox 2951 3027 3192 3088; x_wconf 89' lang='lat' dir='ltr'><strong>possunt,</strong></span> <span class='ocrx_word' id='word_1_907' title='bbox 3239 3017 3334 3073; x_wconf 89' lang='lat' dir='ltr'><strong>sed</strong></span> <span class='ocrx_word' id='word_1_908' title='bbox 3362 3017 3520 3072; x_wconf 88' lang='lat' dir='ltr'><strong>unius</strong></span> 
     </span>
    </p>
   </div>
   <div class='ocr_carea' id='block_1_117' title="bbox 1945 3089 3514 3170">
    <p class='ocr_par' dir='ltr' id='par_1_117' title="bbox 1945 3089 3514 3170">
     <span class='ocr_line' id='line_1_119' title="bbox 1945 3089 3514 3170; baseline 0.001 -27"><span class='ocrx_word' id='word_1_909' title='bbox 1945 3096 2150 3170; x_wconf 65' lang='lat' dir='ltr'><strong>tantum</strong></span> <span class='ocrx_word' id='word_1_910' title='bbox 2195 3091 2504 3170; x_wconf 69' lang='lat' dir='ltr'><strong>substantia:</strong></span> <span class='ocrx_word' id='word_1_911' title='bbox 2549 3090 2729 3145; x_wconf 85' lang='lat' dir='ltr'><strong>habitu</strong></span> <span class='ocrx_word' id='word_1_912' title='bbox 2767 3106 2833 3170; x_wconf 85' lang='lat' dir='ltr'><strong>ac_</strong></span> <span class='ocrx_word' id='word_1_913' title='bbox 2874 3089 3167 3160; x_wconf 88' lang='lat' dir='ltr'><strong>privatione</strong></span> <span class='ocrx_word' id='word_1_914' title='bbox 3193 3094 3514 3170; x_wconf 72' lang='lat' dir='ltr'><strong>gignuntur.</strong></span> 
     </span>
    </p>
   </div>
   <div class='ocr_carea' id='block_1_118' title="bbox 1945 3158 3519 3232">
    <p class='ocr_par' dir='ltr' id='par_1_118' title="bbox 1945 3158 3519 3232">
     <span class='ocr_line' id='line_1_120' title="bbox 1945 3158 3519 3232; baseline -0.001 -18"><span class='ocrx_word' id='word_1_915' title='bbox 1945 3158 2114 3232; x_wconf 83' lang='lat' dir='ltr'><strong>Sicut,</strong></span> <span class='ocrx_word' id='word_1_916' title='bbox 2148 3161 2296 3216; x_wconf 92' lang='lat' dir='ltr'><strong>verbi</strong></span> <span class='ocrx_word' id='word_1_917' title='bbox 2331 3162 2522 3232; x_wconf 88' lang='lat' dir='ltr'><strong>gratia,</strong></span> <span class='ocrx_word' id='word_1_918' title='bbox 2559 3171 2767 3216; x_wconf 91' lang='lat' dir='ltr'><strong>noctem</strong></span> <span class='ocrx_word' id='word_1_919' title='bbox 2801 3158 3056 3216; x_wconf 79' lang='lat' dir='ltr'><strong>docemus</strong></span> <span class='ocrx_word' id='word_1_920' title='bbox 3083 3175 3147 3214; x_wconf 88' lang='lat' dir='ltr'><strong>ac</strong></span> <span class='ocrx_word' id='word_1_921' title='bbox 3175 3158 3314 3232; x_wconf 73' lang='lat' dir='ltr'><strong>diem</strong></span> <span class='ocrx_word' id='word_1_922' title='bbox 3348 3176 3362 3214; x_wconf 89' lang='lat'><strong>:</strong></span> <span class='ocrx_word' id='word_1_923' title='bbox 3395 3173 3519 3213; x_wconf 89' lang='lat' dir='ltr'><strong>nam</strong></span> 
     </span>
    </p>
   </div>
   <div class='ocr_carea' id='block_1_119' title="bbox 1944 3229 3517 3303">
    <p class='ocr_par' dir='ltr' id='par_1_119' title="bbox 1944 3229 3517 3303">
     <span class='ocr_line' id='line_1_121' title="bbox 1944 3229 3517 3303; baseline -0.001 -18"><span class='ocrx_word' id='word_1_924' title='bbox 1944 3238 1999 3286; x_wconf 91' lang='lat' dir='ltr'><strong>et</strong></span> <span class='ocrx_word' id='word_1_925' title='bbox 2025 3230 2142 3286; x_wconf 67' lang='lat' dir='ltr'><strong>hanc</strong></span> <span class='ocrx_word' id='word_1_926' title='bbox 2168 3229 2406 3302; x_wconf 78' lang='lat' dir='ltr'><strong>ejusdem</strong></span> <span class='ocrx_word' id='word_1_927' title='bbox 2434 3233 2644 3303; x_wconf 89' lang='lat' dir='ltr'><strong>generis</strong></span> <span class='ocrx_word' id='word_1_928' title='bbox 2667 3232 2925 3287; x_wconf 91' lang='lat' dir='ltr'><strong>docentur</strong></span> <span class='ocrx_word' id='word_1_929' title='bbox 2943 3246 3062 3303; x_wconf 81' lang='lat' dir='ltr'><strong>esse</strong></span> <span class='ocrx_word' id='word_1_930' title='bbox 3085 3229 3369 3294; x_wconf 90' lang='lat' dir='ltr'><strong>contraria,</strong></span> <span class='ocrx_word' id='word_1_931' title='bbox 3392 3243 3517 3303; x_wconf 84' lang='lat' dir='ltr'><strong>cum</strong></span> 
     </span>
    </p>
   </div>
   <div class='ocr_carea' id='block_1_120' title="bbox 1944 3299 3514 3374">
    <p class='ocr_par' dir='ltr' id='par_1_120' title="bbox 1944 3299 3514 3374">
     <span class='ocr_line' id='line_1_122' title="bbox 1944 3299 3514 3374; baseline -0.002 -18"><span class='ocrx_word' id='word_1_932' title='bbox 1944 3317 2050 3356; x_wconf 93' lang='lat' dir='ltr'><strong>non</strong></span> <span class='ocrx_word' id='word_1_933' title='bbox 2077 3299 2370 3374; x_wconf 81' lang='lat' dir='ltr'><strong>utriusque,</strong></span> <span class='ocrx_word' id='word_1_934' title='bbox 2417 3299 2512 3358; x_wconf 73' lang='lat' dir='ltr'><strong>sed</strong></span> <span class='ocrx_word' id='word_1_935' title='bbox 2557 3303 2712 3358; x_wconf 91' lang='lat' dir='ltr'><strong>unius</strong></span> <span class='ocrx_word' id='word_1_936' title='bbox 2749 3312 2953 3374; x_wconf 85' lang='lat' dir='ltr'><strong>tantum</strong></span> <span class='ocrx_word' id='word_1_937' title='bbox 2979 3301 3220 3356; x_wconf 87' lang='lat' dir='ltr'><strong>videatur</strong></span> <span class='ocrx_word' id='word_1_938' title='bbox 3244 3314 3363 3354; x_wconf 89' lang='lat' dir='ltr'><strong>esse</strong></span> <span class='ocrx_word' id='word_1_939' title='bbox 3390 3299 3514 3374; x_wconf 79' lang='lat' dir='ltr'><strong>sub-</strong></span> 
     </span>
    </p>
   </div>
   <div class='ocr_carea' id='block_1_121' title="bbox 1944 3369 3522 3434">
    <p class='ocr_par' dir='ltr' id='par_1_121' title="bbox 1944 3369 3522 3434">
     <span class='ocr_line' id='line_1_123' title="bbox 1944 3369 3522 3434; baseline -0.001 -8"><span class='ocrx_word' id='word_1_940' title='bbox 1944 3374 2156 3427; x_wconf 88' lang='lat' dir='ltr'><strong>stantia.</strong></span> <span class='ocrx_word' id='word_1_941' title='bbox 2206 3369 2361 3428; x_wconf 79' lang='lat' dir='ltr'><strong>Ecce</strong></span> <span class='ocrx_word' id='word_1_942' title='bbox 2386 3374 2528 3429; x_wconf 92' lang='lat' dir='ltr'><strong>enim</strong></span> <span class='ocrx_word' id='word_1_943' title='bbox 2565 3373 2705 3428; x_wconf 91' lang='lat' dir='ltr'><strong>diem</strong></span> <span class='ocrx_word' id='word_1_944' title='bbox 2750 3373 2972 3426; x_wconf 90' lang='lat' dir='ltr'><strong>dicimus</strong></span> <span class='ocrx_word' id='word_1_945' title='bbox 2998 3385 3138 3434; x_wconf 89' lang='lat' dir='ltr'><strong>esse,</strong></span> <span class='ocrx_word' id='word_1_946' title='bbox 3177 3385 3298 3424; x_wconf 90' lang='lat' dir='ltr'><strong>cum</strong></span> <span class='ocrx_word' id='word_1_947' title='bbox 3327 3369 3408 3422; x_wconf 93' lang='lat' dir='ltr'><strong>sol</strong></span> <span class='ocrx_word' id='word_1_948' title='bbox 3435 3377 3522 3424; x_wconf 83' lang='lat' dir='ltr'><strong>est;</strong></span> 
     </span>
    </p>
   </div>
   <div class='ocr_carea' id='block_1_122' title="bbox 1945 3439 3517 3512">
    <p class='ocr_par' dir='ltr' id='par_1_122' title="bbox 1945 3439 3517 3512">
     <span class='ocr_line' id='line_1_124' title="bbox 1945 3439 3517 3512; baseline -0.003 -15"><span class='ocrx_word' id='word_1_949' title='bbox 1945 3456 2103 3512; x_wconf 88' lang='lat' dir='ltr'><strong>super</strong></span> <span class='ocrx_word' id='word_1_950' title='bbox 2127 3452 2324 3499; x_wconf 87' lang='lat' dir='ltr'><strong>terram</strong></span> <span class='ocrx_word' id='word_1_951' title='bbox 2350 3443 2548 3499; x_wconf 90' lang='lat' dir='ltr'><strong>:solem</strong></span> <span class='ocrx_word' id='word_1_952' title='bbox 2576 3453 2753 3498; x_wconf 90' lang='lat' dir='ltr'><strong>autem</strong></span> <span class='ocrx_word' id='word_1_953' title='bbox 2777 3449 2984 3497; x_wconf 88' lang='lat' dir='ltr'><strong>constat</strong></span> <span class='ocrx_word' id='word_1_954' title='bbox 3005 3455 3124 3496; x_wconf 89' lang='lat' dir='ltr'><strong>esse</strong></span> <span class='ocrx_word' id='word_1_955' title='bbox 3146 3439 3517 3512; x_wconf 68' lang='lat' dir='ltr'><strong>substantiam,</strong></span> 
     </span>
    </p>
   </div>
   <div class='ocr_carea' id='block_1_123' title="bbox 1946 3509 3520 3584">
    <p class='ocr_par' dir='ltr' id='par_1_123' title="bbox 1946 3509 3520 3584">
     <span class='ocr_line' id='line_1_125' title="bbox 1946 3509 3520 3584; baseline -0.001 -18"><span class='ocrx_word' id='word_1_956' title='bbox 1946 3509 2045 3567; x_wconf 80' lang='lat' dir='ltr'><strong>llic</strong></span> <span class='ocrx_word' id='word_1_957' title='bbox 2071 3529 2213 3579; x_wconf 90' lang='lat' dir='ltr'><strong>cum,</strong></span> <span class='ocrx_word' id='word_1_958' title='bbox 2260 3523 2475 3584; x_wconf 89' lang='lat' dir='ltr'><strong>peracto</strong></span> <span class='ocrx_word' id='word_1_959' title='bbox 2504 3513 2677 3584; x_wconf 90' lang='lat' dir='ltr'><strong>diurni</strong></span> <span class='ocrx_word' id='word_1_960' title='bbox 2706 3513 2960 3581; x_wconf 89' lang='lat' dir='ltr'><strong>temporis</strong></span> <span class='ocrx_word' id='word_1_961' title='bbox 2983 3525 3164 3577; x_wconf 84' lang='lat' dir='ltr'><strong>cursu,</strong></span> <span class='ocrx_word' id='word_1_962' title='bbox 3195 3509 3264 3584; x_wconf 80' lang='lat' dir='ltr'><strong>ab</strong></span> <span class='ocrx_word' id='word_1_963' title='bbox 3303 3509 3520 3584; x_wconf 83' lang='lat' dir='ltr'><strong>humani</strong></span> 
     </span>
    </p>
   </div>
   <div class='ocr_carea' id='block_1_124' title="bbox 1946 3578 3520 3654">
    <p class='ocr_par' dir='ltr' id='par_1_124' title="bbox 1946 3578 3520 3654">
     <span class='ocr_line' id='line_1_126' title="bbox 1946 3578 3520 3654; baseline -0.004 -15"><span class='ocrx_word' id='word_1_964' title='bbox 1946 3583 2092 3639; x_wconf 91' lang='lat' dir='ltr'><strong>visus</strong></span> <span class='ocrx_word' id='word_1_965' title='bbox 2133 3578 2580 3654; x_wconf 77' lang='lat' dir='ltr'><strong>contemplatione</strong></span> <span class='ocrx_word' id='word_1_966' title='bbox 2602 3578 2924 3654; x_wconf 78' lang='lat' dir='ltr'><strong>discesserit,</strong></span> <span class='ocrx_word' id='word_1_967' title='bbox 2957 3589 3167 3654; x_wconf 86' lang='lat' dir='ltr'><strong>noctem</strong></span> <span class='ocrx_word' id='word_1_968' title='bbox 3196 3578 3520 3654; x_wconf 70' lang='lat' dir='ltr'><strong>discedendo</strong></span> 
     </span>
    </p>
   </div>
   <div class='ocr_carea' id='block_1_125' title="bbox 1946 3649 3520 3724">
    <p class='ocr_par' dir='ltr' id='par_1_125' title="bbox 1946 3649 3520 3724">
     <span class='ocr_line' id='line_1_127' title="bbox 1946 3649 3520 3724; baseline -0.004 -15"><span class='ocrx_word' id='word_1_969' title='bbox 1946 3669 2072 3709; x_wconf 80' lang='lat' dir='ltr'><strong>mox</strong></span> <span class='ocrx_word' id='word_1_970' title='bbox 2100 3654 2244 3710; x_wconf 88' lang='lat' dir='ltr'><strong>facit.</strong></span> <span class='ocrx_word' id='word_1_971' title='bbox 2271 3649 2436 3720; x_wconf 79' lang='lat' dir='ltr'><strong>Facit,</strong></span> <span class='ocrx_word' id='word_1_972' title='bbox 2467 3655 2700 3724; x_wconf 88' lang='lat' dir='ltr'><strong>inquam,</strong></span> <span class='ocrx_word' id='word_1_973' title='bbox 2727 3652 3090 3724; x_wconf 86' lang='lat' dir='ltr'><strong>subtrahendo</strong></span> <span class='ocrx_word' id='word_1_974' title='bbox 3125 3649 3520 3724; x_wconf 82' lang='lat' dir='ltr'><strong>copi_am_lumi-</strong></span> 
     </span>
    </p>
   </div>
   <div class='ocr_carea' id='block_1_126' title="bbox 1948 3720 3523 3794">
    <p class='ocr_par' dir='ltr' id='par_1_126' title="bbox 1948 3720 3523 3794">
     <span class='ocr_line' id='line_1_128' title="bbox 1948 3720 3523 3794; baseline -0.004 -14"><span class='ocrx_word' id='word_1_975' title='bbox 1948 3724 2052 3790; x_wconf 89' lang='lat' dir='ltr'><strong>nis,</strong></span> <span class='ocrx_word' id='word_1_976' title='bbox 2079 3741 2184 3782; x_wconf 92' lang='lat' dir='ltr'><strong>non</strong></span> <span class='ocrx_word' id='word_1_977' title='bbox 2207 3726 2262 3780; x_wconf 90' lang='lat' dir='ltr'><strong>in</strong></span> <span class='ocrx_word' id='word_1_978' title='bbox 2300 3741 2358 3780; x_wconf 88' lang='lat' dir='ltr'><strong>se</strong></span> <span class='ocrx_word' id='word_1_979' title='bbox 2384 3720 2688 3794; x_wconf 88' lang='lat' dir='ltr'><strong>recipiendo</strong></span> <span class='ocrx_word' id='word_1_980' title='bbox 2725 3723 3070 3794; x_wconf 85' lang='lat' dir='ltr'><strong>substantiam</strong></span> <span class='ocrx_word' id='word_1_981' title='bbox 3094 3721 3306 3794; x_wconf 77' lang='lat' dir='ltr'><strong>noctis.</strong></span> <span class='ocrx_word' id='word_1_982' title='bbox 3339 3720 3523 3794; x_wconf 82' lang='lat' dir='ltr'><strong>Itaque</strong></span> 
     </span>
    </p>
   </div>
   <div class='ocr_carea' id='block_1_127' title="bbox 1946 3791 3518 3856">
    <p class='ocr_par' dir='ltr' id='par_1_127' title="bbox 1946 3791 3518 3856">
     <span class='ocr_line' id='line_1_129' title="bbox 1946 3791 3518 3856; baseline -0.004 -6"><span class='ocrx_word' id='word_1_983' title='bbox 1946 3811 2052 3850; x_wconf 91' lang='lat' dir='ltr'><strong>una</strong></span> <span class='ocrx_word' id='word_1_984' title='bbox 2073 3797 2205 3852; x_wconf 89' lang='lat' dir='ltr'><strong>lucis</strong></span> <span class='ocrx_word' id='word_1_985' title='bbox 2231 3791 2524 3852; x_wconf 78' lang='lat' dir='ltr'><strong>substantia</strong></span> <span class='ocrx_word' id='word_1_986' title='bbox 2549 3805 2602 3849; x_wconf 92' lang='lat' dir='ltr'><strong>et</strong></span> <span class='ocrx_word' id='word_1_987' title='bbox 2627 3803 2834 3850; x_wconf 90' lang='lat' dir='ltr'><strong>noctem</strong></span> <span class='ocrx_word' id='word_1_988' title='bbox 2863 3793 3036 3848; x_wconf 87' lang='lat' dir='ltr'><strong>facere</strong></span> <span class='ocrx_word' id='word_1_989' title='bbox 3056 3791 3263 3846; x_wconf 89' lang='lat' dir='ltr'><strong>videtur</strong></span> <span class='ocrx_word' id='word_1_990' title='bbox 3278 3800 3333 3846; x_wconf 89' lang='lat' dir='ltr'><strong>et</strong></span> <span class='ocrx_word' id='word_1_991' title='bbox 3350 3791 3518 3856; x_wconf 88' lang='lat' dir='ltr'><strong>diem,</strong></span> 
     </span>
    </p>
   </div>
   <div class='ocr_carea' id='block_1_128' title="bbox 1947 3859 3522 3926">
    <p class='ocr_par' dir='ltr' id='par_1_128' title="bbox 1947 3859 3522 3926">
     <span class='ocr_line' id='line_1_130' title="bbox 1947 3859 3522 3926; baseline -0.003 -6"><span class='ocrx_word' id='word_1_992' title='bbox 1947 3867 2040 3920; x_wconf 88' lang='lat' dir='ltr'><strong>sed</strong></span> <span class='ocrx_word' id='word_1_993' title='bbox 2067 3884 2173 3922; x_wconf 89' lang='lat' dir='ltr'><strong>non</strong></span> <span class='ocrx_word' id='word_1_994' title='bbox 2199 3882 2304 3922; x_wconf 94' lang='lat' dir='ltr'><strong>uno</strong></span> <span class='ocrx_word' id='word_1_995' title='bbox 2331 3867 2509 3922; x_wconf 91' lang='lat' dir='ltr'><strong>modo.</strong></span> <span class='ocrx_word' id='word_1_996' title='bbox 2539 3866 2672 3920; x_wconf 87' lang='lat' dir='ltr'><strong>Nam</strong></span> <span class='ocrx_word' id='word_1_997' title='bbox 2699 3865 2838 3920; x_wconf 90' lang='lat' dir='ltr'><strong>diem</strong></span> <span class='ocrx_word' id='word_1_998' title='bbox 2861 3880 2980 3919; x_wconf 93' lang='lat' dir='ltr'><strong>cum</strong></span> <span class='ocrx_word' id='word_1_999' title='bbox 3009 3863 3168 3926; x_wconf 89' lang='lat' dir='ltr'><strong>venit,</strong></span> <span class='ocrx_word' id='word_1_1000' title='bbox 3201 3872 3410 3916; x_wconf 88' lang='lat' dir='ltr'><strong>noctem</strong></span> <span class='ocrx_word' id='word_1_1001' title='bbox 3440 3859 3522 3916; x_wconf 87' lang='lat' dir='ltr'><strong>ef-</strong></span> 
     </span>
    </p>
   </div>
   <div class='ocr_carea' id='block_1_129' title="bbox 1948 3931 3524 3994">
    <p class='ocr_par' dir='ltr' id='par_1_129' title="bbox 1948 3931 3524 3994">
     <span class='ocr_line' id='line_1_131' title="bbox 1948 3931 3524 3994; baseline -0.003 -4"><span class='ocrx_word' id='word_1_1002' title='bbox 1948 3937 2057 3992; x_wconf 89' lang='lat' dir='ltr'><strong>ﬁcit</strong></span> <span class='ocrx_word' id='word_1_1003' title='bbox 2093 3954 2214 3992; x_wconf 89' lang='lat' dir='ltr'><strong>eum</strong></span> <span class='ocrx_word' id='word_1_1004' title='bbox 2245 3937 2466 3994; x_wconf 89' lang='lat' dir='ltr'><strong>recedit.</strong></span> <span class='ocrx_word' id='word_1_1005' title='bbox 2500 3936 2653 3992; x_wconf 89' lang='lat' dir='ltr'><strong>Unde</strong></span> <span class='ocrx_word' id='word_1_1006' title='bbox 2685 3945 2739 3990; x_wconf 91' lang='lat' dir='ltr'><strong>et</strong></span> <span class='ocrx_word' id='word_1_1007' title='bbox 2776 3933 3186 3989; x_wconf 67' lang='lat' dir='ltr'><strong>Manichaaorum</strong></span> <span class='ocrx_word' id='word_1_1008' title='bbox 3213 3948 3319 3987; x_wconf 90' lang='lat' dir='ltr'><strong>non</strong></span> <span class='ocrx_word' id='word_1_1009' title='bbox 3347 3931 3524 3987; x_wconf 89' lang='lat' dir='ltr'><strong>irreli-</strong></span> 
     </span>
    </p>
   </div>
   <div class='ocr_carea' id='block_1_130' title="bbox 1947 4003 3525 4132">
    <p class='ocr_par' dir='ltr' id='par_1_130' title="bbox 1947 4003 3525 4132">
     <span class='ocr_line' id='line_1_132' title="bbox 1947 4003 3525 4132; baseline -0.004 -70"><span class='ocrx_word' id='word_1_1010' title='bbox 1947 4010 2148 4132; x_wconf 59' lang='lat' dir='ltr'><strong>giosam</strong></span> <span class='ocrx_word' id='word_1_1011' title='bbox 2178 4017 2402 4075; x_wconf 90' lang='lat' dir='ltr'><strong>tantum,</strong></span> <span class='ocrx_word' id='word_1_1012' title='bbox 2432 4022 2618 4062; x_wconf 88' lang='lat' dir='ltr'><strong>verum</strong></span> <span class='ocrx_word' id='word_1_1013' title='bbox 2640 4007 2800 4062; x_wconf 92' lang='lat' dir='ltr'><strong>etiam</strong></span> <span class='ocrx_word' id='word_1_1014' title='bbox 2825 4005 3038 4060; x_wconf 90' lang='lat' dir='ltr'><strong>stultam</strong></span> <span class='ocrx_word' id='word_1_1015' title='bbox 3065 4003 3400 4068; x_wconf 87' lang='lat' dir='ltr'><strong>divisionem,</strong></span> <span class='ocrx_word' id='word_1_1016' title='bbox 3418 4017 3525 4072; x_wconf 87' lang='lat' dir='ltr'><strong>qua</strong></span> 
     </span>
     <span class='ocr_line' id='line_1_133' title="bbox 1987 4075 3525 4132; baseline -0.003 0"><span class='ocrx_word' id='word_1_1017' title='bbox 1987 4094 2088 4132; x_wconf 90' lang='lat' dir='ltr'><strong>ona</strong></span> <span class='ocrx_word' id='word_1_1018' title='bbox 2137 4093 2165 4132; x_wconf 91' lang='lat' dir='ltr'><strong>a</strong></span> <span class='ocrx_word' id='word_1_1019' title='bbox 2212 4079 2385 4132; x_wconf 89' lang='lat' dir='ltr'><strong>malis.</strong></span> <span class='ocrx_word' id='word_1_1020' title='bbox 2435 4093 2585 4132; x_wconf 64' lang='lat' dir='ltr'><strong>aeque</strong></span> <span class='ocrx_word' id='word_1_1021' title='bbox 2626 4077 2954 4132; x_wconf 84' lang='lat' dir='ltr'><strong>exstantibus</strong></span> <span class='ocrx_word' id='word_1_1022' title='bbox 2996 4075 3236 4130; x_wconf 90' lang='lat' dir='ltr'><strong>nituntur</strong></span> <span class='ocrx_word' id='word_1_1023' title='bbox 3275 4086 3525 4132; x_wconf 78' lang='lat' dir='ltr'><strong>separare</strong></span> 
     </span>
    </p>
   </div>
   <div class='ocr_carea' id='block_1_131' title="bbox 1987 4075 3528 4148">
    <p class='ocr_par' dir='ltr' id='par_1_131' title="bbox 1987 4075 3528 4148">
     <span class='ocr_line' id='line_1_134' title="bbox 1987 4075 3528 4148; baseline -0.003 -16"><span class='ocrx_word' id='word_1_1024' title='bbox 1987 4094 2088 4133; x_wconf 89' lang='lat' dir='ltr'><strong>ona</strong></span> <span class='ocrx_word' id='word_1_1025' title='bbox 2137 4093 2165 4132; x_wconf 91' lang='lat' dir='ltr'><strong>a</strong></span> <span class='ocrx_word' id='word_1_1026' title='bbox 2212 4079 2385 4143; x_wconf 89' lang='lat' dir='ltr'><strong>malis,</strong></span> <span class='ocrx_word' id='word_1_1027' title='bbox 2435 4093 2585 4148; x_wconf 74' lang='lat' dir='ltr'><strong>teque</strong></span> <span class='ocrx_word' id='word_1_1028' title='bbox 2626 4077 2954 4148; x_wconf 80' lang='lat' dir='ltr'><strong>exstantibus</strong></span> <span class='ocrx_word' id='word_1_1029' title='bbox 2996 4075 3528 4148; x_wconf 80' lang='lat' dir='ltr'><strong>nituntur_separare</strong></span> 
     </span>
    </p>
   </div>
   <div class='ocr_carea' id='block_1_132' title="bbox 1949 4142 3527 4220">
    <p class='ocr_par' dir='ltr' id='par_1_132' title="bbox 1949 4142 3527 4220">
     <span class='ocr_line' id='line_1_135' title="bbox 1949 4142 3527 4220; baseline -0.004 -17"><span class='ocrx_word' id='word_1_1030' title='bbox 1949 4149 2278 4214; x_wconf 85' lang='lat' dir='ltr'><strong>substantiis,</strong></span> <span class='ocrx_word' id='word_1_1031' title='bbox 2307 4142 2619 4220; x_wconf 79' lang='lat' dir='ltr'><strong>plerumque</strong></span> <span class='ocrx_word' id='word_1_1032' title='bbox 2642 4146 3050 4220; x_wconf 73' lang='lat' dir='ltr'><strong>confundimus;</strong></span> <span class='ocrx_word' id='word_1_1033' title='bbox 3078 4144 3420 4200; x_wconf 88' lang='lat' dir='ltr'><strong>ostendentes</strong></span> <span class='ocrx_word' id='word_1_1034' title='bbox 3446 4142 3527 4198; x_wconf 90' lang='lat' dir='ltr'><strong>eis</strong></span> 
     </span>
    </p>
   </div>
   <div class='ocr_carea' id='block_1_133' title="bbox 1951 4216 3526 4290">
    <p class='ocr_par' dir='ltr' id='par_1_133' title="bbox 1951 4216 3526 4290">
     <span class='ocr_line' id='line_1_136' title="bbox 1951 4216 3526 4290; baseline -0.004 -16"><span class='ocrx_word' id='word_1_1035' title='bbox 1951 4220 2212 4274; x_wconf 89' lang='lat' dir='ltr'><strong>luminare</strong></span> <span class='ocrx_word' id='word_1_1036' title='bbox 2241 4216 2430 4290; x_wconf 80' lang='lat' dir='ltr'><strong>majus,</strong></span> <span class='ocrx_word' id='word_1_1037' title='bbox 2455 4216 2560 4290; x_wconf 79' lang='lat' dir='ltr'><strong>quo</strong></span> <span class='ocrx_word' id='word_1_1038' title='bbox 2588 4217 2702 4290; x_wconf 80' lang='lat' dir='ltr'><strong>ﬁeri</strong></span> <span class='ocrx_word' id='word_1_1039' title='bbox 2729 4218 2973 4271; x_wconf 91' lang='lat' dir='ltr'><strong>novimus</strong></span> <span class='ocrx_word' id='word_1_1040' title='bbox 2996 4216 3171 4290; x_wconf 83' lang='lat' dir='ltr'><strong>diem;</strong></span> <span class='ocrx_word' id='word_1_1041' title='bbox 3198 4223 3252 4270; x_wconf 91' lang='lat' dir='ltr'><strong>et</strong></span> <span class='ocrx_word' id='word_1_1042' title='bbox 3274 4223 3526 4290; x_wconf 72' lang='lat' dir='ltr'><strong>cogentes</strong></span> 
     </span>
    </p>
   </div>
   <div class='ocr_carea' id='block_1_134' title="bbox 1950 4284 3528 4362">
    <p class='ocr_par' dir='ltr' id='par_1_134' title="bbox 1950 4284 3528 4362">
     <span class='ocr_line' id='line_1_137' title="bbox 1950 4284 3528 4362; baseline -0.006 -17"><span class='ocrx_word' id='word_1_1043' title='bbox 1950 4300 2010 4345; x_wconf 90' lang='lat' dir='ltr'><strong>ut</strong></span> <span class='ocrx_word' id='word_1_1044' title='bbox 2033 4301 2085 4345; x_wconf 92' lang='lat' dir='ltr'><strong>et</strong></span> <span class='ocrx_word' id='word_1_1045' title='bbox 2121 4291 2218 4360; x_wconf 91' lang='lat' dir='ltr'><strong>ipsi</strong></span> <span class='ocrx_word' id='word_1_1046' title='bbox 2255 4284 2500 4345; x_wconf 77' lang='lat' dir='ltr'><strong>similiter</strong></span> <span class='ocrx_word' id='word_1_1047' title='bbox 2525 4303 2623 4362; x_wconf 83' lang='lat' dir='ltr'><strong>nos</strong></span> <span class='ocrx_word' id='word_1_1048' title='bbox 2647 4288 2920 4362; x_wconf 85' lang='lat' dir='ltr'><strong>docerent,</strong></span> <span class='ocrx_word' id='word_1_1049' title='bbox 2945 4285 3085 4362; x_wconf 82' lang='lat' dir='ltr'><strong>qqu</strong></span> <span class='ocrx_word' id='word_1_1050' title='bbox 3112 4285 3348 4362; x_wconf 10' lang='lat' dir='ltr'><strong>ess_et_,_rsi</strong></span> <span class='ocrx_word' id='word_1_1051' title='bbox 3381 4284 3528 4362; x_wconf 78' lang='lat' dir='ltr'><strong>dictu</strong></span> 
     </span>
    </p>
   </div>
   <div class='ocr_carea' id='block_1_135' title="bbox 1951 4353 3530 4428">
    <p class='ocr_par' dir='ltr' id='par_1_135' title="bbox 1951 4353 3530 4428">
     <span class='ocr_line' id='line_1_138' title="bbox 1951 4353 3530 4428; baseline -0.006 -13"><span class='ocrx_word' id='word_1_1052' title='bbox 1951 4361 2030 4416; x_wconf 91' lang='lat' dir='ltr'><strong>fas</strong></span> <span class='ocrx_word' id='word_1_1053' title='bbox 2058 4353 2159 4425; x_wconf 65' lang='lat' dir='ltr'><strong>est,</strong></span> <span class='ocrx_word' id='word_1_1054' title='bbox 2205 4362 2475 4416; x_wconf 89' lang='lat' dir='ltr'><strong>tenebrale</strong></span> <span class='ocrx_word' id='word_1_1055' title='bbox 2523 4359 2692 4428; x_wconf 91' lang='lat' dir='ltr'><strong>majus</strong></span> <span class='ocrx_word' id='word_1_1056' title='bbox 2724 4353 2914 4428; x_wconf 11' lang='grc' dir='ltr'><strong>’,ξειυο</strong></span> <span class='ocrx_word' id='word_1_1057' title='bbox 2953 4353 3367 4428; x_wconf 82' lang='lat' dir='ltr'><strong>substantialiter</strong></span> <span class='ocrx_word' id='word_1_1058' title='bbox 3410 4353 3530 4428; x_wconf 72' lang='lat' dir='ltr'><strong>ﬁeri</strong></span> 
     </span>
    </p>
   </div>
   <div class='ocr_carea' id='block_1_136' title="bbox 1951 4422 3528 4494">
    <p class='ocr_par' dir='ltr' id='par_1_136' title="bbox 1951 4422 3528 4494">
     <span class='ocr_line' id='line_1_139' title="bbox 1951 4422 3528 4494; baseline -0.007 -7"><span class='ocrx_word' id='word_1_1059' title='bbox 1951 4422 2289 4487; x_wconf 74' lang='lat' dir='ltr'><strong>crederemus</strong></span> <span class='ocrx_word' id='word_1_1060' title='bbox 2309 4441 2361 4486; x_wconf 90' lang='lat' dir='ltr'><strong>et</strong></span> <span class='ocrx_word' id='word_1_1061' title='bbox 2382 4422 2622 4485; x_wconf 55' lang='lat' dir='ltr'><strong>noctem:</strong></span> <span class='ocrx_word' id='word_1_1062' title='bbox 2639 4422 2840 4484; x_wconf 45' lang='lat' dir='ltr'><strong>Sed&#39;de&#39;</strong></span> <span class='ocrx_word' id='word_1_1063' title='bbox 2859 4427 2939 4481; x_wconf 93' lang='lat' dir='ltr'><strong>his</strong></span> <span class='ocrx_word' id='word_1_1064' title='bbox 2967 4427 3120 4488; x_wconf 89' lang='lat' dir='ltr'><strong>alias,</strong></span> <span class='ocrx_word' id='word_1_1065' title='bbox 3147 4425 3236 4494; x_wconf 92' lang='lat' dir='ltr'><strong>qui</strong></span> <span class='ocrx_word' id='word_1_1066' title='bbox 3267 4439 3362 4494; x_wconf 89' lang='lat' dir='ltr'><strong>per</strong></span> <span class='ocrx_word' id='word_1_1067' title='bbox 3387 4422 3528 4478; x_wconf 84' lang='lat' dir='ltr'><strong>stul-</strong></span> 
     </span>
    </p>
   </div>
   <div class='ocr_carea' id='block_1_137' title="bbox 1953 4495 3530 4570">
    <p class='ocr_par' dir='ltr' id='par_1_137' title="bbox 1953 4495 3530 4570">
     <span class='ocr_line' id='line_1_140' title="bbox 1953 4495 3530 4570; baseline -0.007 -12"><span class='ocrx_word' id='word_1_1068' title='bbox 1953 4504 2121 4558; x_wconf 83' lang='lat' dir='ltr'><strong>titiam</strong></span> <span class='ocrx_word' id='word_1_1069' title='bbox 2162 4501 2452 4570; x_wconf 82' lang='lat' dir='ltr'><strong>blaSphemi</strong></span> <span class='ocrx_word' id='word_1_1070' title='bbox 2483 4499 2900 4570; x_wconf 77' lang='lat' dir='ltr'><strong>dogmatis,_aut</strong></span> <span class='ocrx_word' id='word_1_1071' title='bbox 2936 4512 3032 4567; x_wconf 91' lang='lat' dir='ltr'><strong>pro</strong></span> <span class='ocrx_word' id='word_1_1072' title='bbox 3060 4495 3393 4552; x_wconf 83' lang='lat' dir='ltr'><strong>exstantibus</strong></span> <span class='ocrx_word' id='word_1_1073' title='bbox 3421 4506 3530 4548; x_wconf 92' lang='lat' dir='ltr'><strong>non</strong></span> 
     </span>
    </p>
   </div>
   <div class='ocr_carea' id='block_1_138' title="bbox 1951 4568 3532 4646">
    <p class='ocr_par' dir='ltr' id='par_1_138' title="bbox 1951 4568 3532 4646">
     <span class='ocr_line' id='line_1_141' title="bbox 1951 4568 3532 4646; baseline -0.008 -17"><span class='ocrx_word' id='word_1_1074' title='bbox 1951 4573 2234 4646; x_wconf 78' lang='lat' dir='ltr'><strong>exstantia,</strong></span> <span class='ocrx_word' id='word_1_1075' title='bbox 2261 4568 2351 4646; x_wconf 81' lang='lat' dir='ltr'><strong>aut</strong></span> <span class='ocrx_word' id='word_1_1076' title='bbox 2398 4586 2491 4640; x_wconf 90' lang='lat' dir='ltr'><strong>pro</strong></span> <span class='ocrx_word' id='word_1_1077' title='bbox 2535 4568 2908 4646; x_wconf 77' lang='lat' dir='ltr'><strong>principalibus</strong></span> <span class='ocrx_word' id='word_1_1078' title='bbox 2949 4576 3269 4646; x_wconf 73' lang='lat' dir='ltr'><strong>consecuta,</strong></span> <span class='ocrx_word' id='word_1_1079' title='bbox 3313 4574 3404 4646; x_wconf 83' lang='lat' dir='ltr'><strong>aut</strong></span> <span class='ocrx_word' id='word_1_1080' title='bbox 3435 4577 3532 4644; x_wconf 75' lang='lat' dir='ltr'><strong>pro</strong></span> 
     </span>
    </p>
   </div>
   <div class='ocr_carea' id='block_1_139' title="bbox 1953 4637 3530 4703">
    <p class='ocr_par' dir='ltr' id='par_1_139' title="bbox 1953 4637 3530 4703">
     <span class='ocr_line' id='line_1_142' title="bbox 1953 4637 3530 4703; baseline -0.006 -5"><span class='ocrx_word' id='word_1_1081' title='bbox 1953 4643 2235 4700; x_wconf 88' lang='lat' dir='ltr'><strong>contrariis</strong></span> <span class='ocrx_word' id='word_1_1082' title='bbox 2261 4637 2505 4696; x_wconf 87' lang='lat' dir='ltr'><strong>videntur</strong></span> <span class='ocrx_word' id='word_1_1083' title='bbox 2527 4637 2796 4695; x_wconf 79' lang='lat' dir='ltr'><strong>affirmare</strong></span> <span class='ocrx_word' id='word_1_1084' title='bbox 2816 4638 3140 4693; x_wconf 90' lang='lat' dir='ltr'><strong>communia.</strong></span> <span class='ocrx_word' id='word_1_1085' title='bbox 3169 4637 3298 4702; x_wconf 70' lang='lat' dir='ltr'><strong>Quae</strong></span> <span class='ocrx_word' id='word_1_1086' title='bbox 3329 4637 3374 4688; x_wconf 89' lang='lat' dir='ltr'><strong>si</strong></span> <span class='ocrx_word' id='word_1_1087' title='bbox 3411 4637 3530 4703; x_wconf 85' lang='lat' dir='ltr'><strong>quis</strong></span> 
     </span>
    </p>
   </div>
   <div class='ocr_carea' id='block_1_140' title="bbox 1955 4710 3534 4785">
    <p class='ocr_par' dir='ltr' id='par_1_140' title="bbox 1955 4710 3534 4785">
     <span class='ocr_line' id='line_1_143' title="bbox 1955 4710 3534 4785; baseline -0.008 -17"><span class='ocrx_word' id='word_1_1088' title='bbox 1955 4714 2076 4769; x_wconf 87' lang='lat' dir='ltr'><strong>ﬁdei</strong></span> <span class='ocrx_word' id='word_1_1089' title='bbox 2129 4713 2297 4785; x_wconf 80' lang='lat' dir='ltr'><strong>oculis</strong></span> <span class='ocrx_word' id='word_1_1090' title='bbox 2342 4727 2447 4785; x_wconf 88' lang='lat' dir='ltr'><strong>non</strong></span> <span class='ocrx_word' id='word_1_1091' title='bbox 2493 4710 2730 4785; x_wconf 83' lang='lat' dir='ltr'><strong>privatus</strong></span> <span class='ocrx_word' id='word_1_1092' title='bbox 2772 4710 3088 4785; x_wconf 71' lang='lat' dir='ltr'><strong>excusserit,</strong></span> <span class='ocrx_word' id='word_1_1093' title='bbox 3131 4721 3318 4785; x_wconf 85' lang='lat' dir='ltr'><strong>omnes</strong></span> <span class='ocrx_word' id='word_1_1094' title='bbox 3346 4717 3534 4785; x_wconf 72' lang='lat' dir='ltr'><strong>eorum</strong></span> 
     </span>
    </p>
   </div>
   <div class='ocr_carea' id='block_1_141' title="bbox 1954 4774 3535 4852">
    <p class='ocr_par' dir='ltr' id='par_1_141' title="bbox 1954 4774 3535 4852">
     <span class='ocr_line' id='line_1_144' title="bbox 1954 4774 3535 4852; baseline -0.008 -13"><span class='ocrx_word' id='word_1_1095' title='bbox 1954 4786 2229 4839; x_wconf 88' lang='lat' dir='ltr'><strong>machinas</strong></span> <span class='ocrx_word' id='word_1_1096' title='bbox 2275 4781 2413 4838; x_wconf 89' lang='lat' dir='ltr'><strong>facili</strong></span> <span class='ocrx_word' id='word_1_1097' title='bbox 2462 4774 2666 4837; x_wconf 77' lang='lat' dir='ltr'><strong>ratione</strong></span> <span class='ocrx_word' id='word_1_1098' title='bbox 2705 4778 2998 4836; x_wconf 89' lang='lat' dir='ltr'><strong>confundit.</strong></span> <span class='ocrx_word' id='word_1_1099' title='bbox 3030 4779 3202 4852; x_wconf 76' lang='lat' dir='ltr'><strong>Ergo,</strong></span> <span class='ocrx_word' id='word_1_1100' title='bbox 3251 4783 3311 4830; x_wconf 93' lang='lat' dir='ltr'><strong>ut</strong></span> <span class='ocrx_word' id='word_1_1101' title='bbox 3353 4774 3535 4852; x_wconf 73' lang='lat' dir='ltr'><strong>dicere</strong></span> 
     </span>
    </p>
   </div>
   <div class='ocr_carea' id='block_1_142' title="bbox 1955 4843 3537 4927">
    <p class='ocr_par' dir='ltr' id='par_1_142' title="bbox 1955 4843 3537 4927">
     <span class='ocr_line' id='line_1_145' title="bbox 1955 4843 3537 4927; baseline -0.009 -16"><span class='ocrx_word' id='word_1_1102' title='bbox 1955 4869 2307 4924; x_wconf 85' lang='lat' dir='ltr'><strong>coeperamus,</strong></span> <span class='ocrx_word' id='word_1_1103' title='bbox 2340 4855 2514 4927; x_wconf 81' lang='lat' dir='ltr'><strong>anima</strong></span> <span class='ocrx_word' id='word_1_1104' title='bbox 2541 4867 2646 4907; x_wconf 89' lang='lat' dir='ltr'><strong>non</strong></span> <span class='ocrx_word' id='word_1_1105' title='bbox 2685 4851 3017 4927; x_wconf 78' lang='lat' dir='ltr'><strong>alite_r_quam</strong></span> <span class='ocrx_word' id='word_1_1106' title='bbox 3049 4843 3128 4902; x_wconf 82' lang='lat' dir='ltr'><strong>sol</strong></span> <span class='ocrx_word' id='word_1_1107' title='bbox 3153 4846 3314 4927; x_wconf 73' lang='lat' dir='ltr'><strong>vitam</strong></span> <span class='ocrx_word' id='word_1_1108' title='bbox 3353 4843 3537 4927; x_wconf 61' lang='lat' dir='ltr'><strong>tribuit</strong></span> 
     </span>
    </p>
   </div>
   <div class='ocr_carea' id='block_1_143' title="bbox 1954 4915 3535 4990">
    <p class='ocr_par' dir='ltr' id='par_1_143' title="bbox 1954 4915 3535 4990">
     <span class='ocr_line' id='line_1_146' title="bbox 1954 4915 3535 4990; baseline -0.01 -9"><span class='ocrx_word' id='word_1_1109' title='bbox 1954 4915 2101 4982; x_wconf 69' lang='lat' dir='ltr'><strong>carni</strong></span> <span class='ocrx_word' id='word_1_1110' title='bbox 2121 4940 2243 4980; x_wconf 93' lang='lat' dir='ltr'><strong>cum</strong></span> <span class='ocrx_word' id='word_1_1111' title='bbox 2277 4924 2495 4990; x_wconf 73' lang='lat' dir='ltr'><strong>venerit,</strong></span> <span class='ocrx_word' id='word_1_1112' title='bbox 2525 4932 2749 4978; x_wconf 90' lang='lat' dir='ltr'><strong>mortem</strong></span> <span class='ocrx_word' id='word_1_1113' title='bbox 2771 4915 2933 4976; x_wconf 79' lang='lat' dir='ltr'><strong>efﬁcit</strong></span> <span class='ocrx_word' id='word_1_1114' title='bbox 2959 4933 3081 4990; x_wconf 90' lang='lat' dir='ltr'><strong>cum</strong></span> <span class='ocrx_word' id='word_1_1115' title='bbox 3110 4916 3329 4990; x_wconf 83' lang='lat' dir='ltr'><strong>recedit.</strong></span> <span class='ocrx_word' id='word_1_1116' title='bbox 3364 4915 3535 4990; x_wconf 78' lang='lat' dir='ltr'><strong>Quam</strong></span> 
     </span>
    </p>
   </div>
   <div class='ocr_carea' id='block_1_144' title="bbox 1955 4983 3536 5068">
    <p class='ocr_par' dir='ltr' id='par_1_144' title="bbox 1955 4983 3536 5068">
     <span class='ocr_line' id='line_1_147' title="bbox 1955 4983 3536 5068; baseline -0.009 -16"><span class='ocrx_word' id='word_1_1117' title='bbox 1955 5013 2024 5052; x_wconf 93' lang='lat' dir='ltr'><strong>ne</strong></span> <span class='ocrx_word' id='word_1_1118' title='bbox 2053 4996 2172 5067; x_wconf 84' lang='lat' dir='ltr'><strong>quis</strong></span> <span class='ocrx_word' id='word_1_1119' title='bbox 2197 5005 2346 5068; x_wconf 87' lang='lat' dir='ltr'><strong>putet</strong></span> <span class='ocrx_word' id='word_1_1120' title='bbox 2371 4983 2610 5068; x_wconf 75' lang='lat' dir='ltr'><strong>corporis</strong></span> <span class='ocrx_word' id='word_1_1121' title='bbox 2632 5000 2801 5068; x_wconf 74' lang='lat' dir='ltr'><strong>morte</strong></span> <span class='ocrx_word' id='word_1_1122' title='bbox 2821 4989 3082 5068; x_wconf 68' lang='lat' dir='ltr'><strong>consumi,</strong></span> <span class='ocrx_word' id='word_1_1123' title='bbox 3113 4987 3294 5068; x_wconf 79' lang='lat' dir='ltr'><strong>audiat</strong></span> <span class='ocrx_word' id='word_1_1124' title='bbox 3313 4983 3441 5068; x_wconf 75' lang='lat' dir='ltr'><strong>quid</strong></span> <span class='ocrx_word' id='word_1_1125' title='bbox 3467 4983 3536 5068; x_wconf 76' lang='lat' dir='ltr'><strong>de</strong></span> 
     </span>
    </p>
   </div>
   <div class='ocr_carea' id='block_1_145' title="bbox 1956 5053 3540 5134">
    <p class='ocr_par' dir='ltr' id='par_1_145' title="bbox 1956 5053 3540 5134">
     <span class='ocr_line' id='line_1_148' title="bbox 1956 5053 3540 5134; baseline -0.009 -12"><span class='ocrx_word' id='word_1_1126' title='bbox 1956 5053 2345 5122; x_wconf 50' lang='lat' dir='ltr'><strong>hoc-Dominus</strong></span> <span class='ocrx_word' id='word_1_1127' title='bbox 2384 5067 2434 5119; x_wconf 92' lang='lat' dir='ltr'><strong>in</strong></span> <span class='ocrx_word' id='word_1_1128' title='bbox 2469 5053 2769 5134; x_wconf 72' lang='lat' dir='ltr'><strong>Evangeliis</strong></span> <span class='ocrx_word' id='word_1_1129' title='bbox 2809 5059 3039 5134; x_wconf 88' lang='lat' dir='ltr'><strong>generali</strong></span> <span class='ocrx_word' id='word_1_1130' title='bbox 3068 5057 3381 5134; x_wconf 78' lang='lat' dir='ltr'><strong>auctoritate</strong></span> <span class='ocrx_word' id='word_1_1131' title='bbox 3407 5053 3540 5134; x_wconf 80' lang='lat' dir='ltr'><strong>deﬁ-</strong></span> 
     </span>
    </p>
   </div>
   <div class='ocr_carea' id='block_1_146' title="bbox 1956 5125 3536 5205">
    <p class='ocr_par' dir='ltr' id='par_1_146' title="bbox 1956 5125 3536 5205">
     <span class='ocr_line' id='line_1_149' title="bbox 1956 5125 3536 5205; baseline -0.01 -12"><span class='ocrx_word' id='word_1_1132' title='bbox 1956 5139 2068 5193; x_wconf 88' lang='lat' dir='ltr'><strong>niat</strong></span> <span class='ocrx_word' id='word_1_1133' title='bbox 2104 5156 2116 5192; x_wconf 90' lang='lat'><strong>:</strong></span> <span class='ocrx_word' id='word_1_1134' title='bbox 2152 5136 2326 5191; x_wconf 86' lang='lat' dir='ltr'><strong>Nolite</strong></span> <span class='ocrx_word' id='word_1_1135' title='bbox 2345 5179 2360 5202; x_wconf 92' lang='lat'><strong>,</strong></span> <span class='ocrx_word' id='word_1_1136' title='bbox 2392 5136 2592 5205; x_wconf 90' lang='lat' dir='ltr'><strong>inquit,</strong></span> <span class='ocrx_word' id='word_1_1137' title='bbox 2624 5125 2799 5185; x_wconf 52' lang='lat' dir='ltr'><strong>Timere</strong></span> <span class='ocrx_word' id='word_1_1138' title='bbox 2813 5125 2913 5205; x_wconf 37' lang='lat' dir='ltr'><strong>veos</strong></span> <span class='ocrx_word' id='word_1_1139' title='bbox 2939 5130 3030 5205; x_wconf 66' lang='lat' dir='ltr'><strong>qui</strong></span> <span class='ocrx_word' id='word_1_1140' title='bbox 3059 5125 3536 5205; x_wconf 60' lang='lat' dir='ltr'><strong>corpusbccidunt,</strong></span> 
     </span>
    </p>
   </div>
   <div class='ocr_carea' id='block_1_147' title="bbox 1957 5199 3541 5272">
    <p class='ocr_par' dir='ltr' id='par_1_147' title="bbox 1957 5199 3541 5272">
     <span class='ocr_line' id='line_1_150' title="bbox 1957 5199 3541 5272; baseline -0.009 -10"><span class='ocrx_word' id='word_1_1141' title='bbox 1957 5210 2180 5272; x_wconf 67' lang='lat' dir='ltr'><strong>animum</strong></span> <span class='ocrx_word' id='word_1_1142' title='bbox 2209 5199 2376 5261; x_wconf 79' lang='lat' dir='ltr'><strong>autent</strong></span> <span class='ocrx_word' id='word_1_1143' title='bbox 2412 5199 2513 5260; x_wconf 67' lang='lat' dir='ltr'><strong>non</strong></span> <span class='ocrx_word' id='word_1_1144' title='bbox 2557 5212 2764 5272; x_wconf 84' lang='lat' dir='ltr'><strong>possunt</strong></span> <span class='ocrx_word' id='word_1_1145' title='bbox 2809 5199 3192 5272; x_wconf 76' lang='lat' dir='ltr'><strong>occidere;_sed</strong></span> <span class='ocrx_word' id='word_1_1146' title='bbox 3231 5199 3400 5272; x_wconf 71' lang='lat' dir='ltr'><strong>timete</strong></span> <span class='ocrx_word' id='word_1_1147' title='bbox 3424 5212 3541 5249; x_wconf 80' lang='lat' dir='ltr'><strong>eum</strong></span> 
     </span>
    </p>
   </div>
   <div class='ocr_carea' id='block_1_148' title="bbox 1958 5263 3543 5364">
    <p class='ocr_par' dir='ltr' id='par_1_148' title="bbox 1958 5263 3543 5364">
     <span class='ocr_line' id='line_1_151' title="bbox 1958 5263 3543 5364; baseline -0.009 -31"><span class='ocrx_word' id='word_1_1148' title='bbox 1958 5263 2126 5364; x_wconf 49' lang='lat' dir='ltr'><strong>[potius</strong></span> <span class='ocrx_word' id='word_1_1149' title='bbox 2148 5279 2232 5364; x_wconf 68' lang='lat' dir='ltr'><strong>qui</strong></span> <span class='ocrx_word' id='word_1_1150' title='bbox 2259 5278 2481 5330; x_wconf 84' lang='lat' dir='ltr'><strong>animam</strong></span> <span class='ocrx_word' id='word_1_1151' title='bbox 2493 5263 2768 5364; x_wconf 44' lang='lat' dir='ltr'><strong>0efficimus</strong></span> <span class='ocrx_word' id='word_1_1152' title='bbox 2799 5279 2955 5341; x_wconf 79' lang='lat' dir='ltr'><strong>potest</strong></span> <span class='ocrx_word' id='word_1_1153' title='bbox 2980 5263 3279 5350; x_wconf 61' lang='lat' dir='ltr'><strong>occiderent</strong></span> <span class='ocrx_word' id='word_1_1154' title='bbox 3314 5266 3543 5338; x_wconf 80' lang='lat' dir='ltr'><strong>gehenna</strong></span> 
     </span>
    </p>
   </div>
   <div class='ocr_carea' id='block_1_149' title="bbox 1958 5339 3543 5422">
    <p class='ocr_par' dir='ltr' id='par_1_149' title="bbox 1958 5339 3543 5422">
     <span class='ocr_line' id='line_1_152' title="bbox 1958 5339 3543 5422; baseline -0.01 -17"><span class='ocrx_word' id='word_1_1155' title='bbox 1958 5339 2089 5422; x_wconf 84' lang='lat' dir='ltr'><strong>ignis</strong></span> <span class='ocrx_word' id='word_1_1156' title='bbox 2130 5339 2444 5422; x_wconf 70' lang='lat' dir='ltr'><strong>(Matt/t.__x,</strong></span> <span class='ocrx_word' id='word_1_1157' title='bbox 2493 5343 2604 5414; x_wconf 77' lang='lat'><strong>‘28).</strong></span> <span class='ocrx_word' id='word_1_1158' title='bbox 2638 5339 3105 5411; x_wconf 51' lang='lat' dir='ltr'><strong>E&#39;rgo&#39;superstite</strong></span> <span class='ocrx_word' id='word_1_1159' title='bbox 3133 5339 3304 5392; x_wconf 85' lang='lat' dir='ltr'><strong>anima</strong></span> <span class='ocrx_word' id='word_1_1160' title='bbox 3347 5349 3543 5422; x_wconf 81' lang='lat' dir='ltr'><strong>corpus</strong></span> 
     </span>
    </p>
   </div>
   <div class='ocr_carea' id='block_1_150' title="bbox 1959 5415 3544 5484">
    <p class='ocr_par' dir='ltr' id='par_1_150' title="bbox 1959 5415 3544 5484">
     <span class='ocr_line' id='line_1_153' title="bbox 1959 5415 3544 5484; baseline -0.01 -8"><span class='ocrx_word' id='word_1_1161' title='bbox 1959 5415 2167 5476; x_wconf 57' lang='lat' dir='ltr'><strong>c&#39;onsta&#39;t</strong></span> <span class='ocrx_word' id='word_1_1162' title='bbox 2214 5415 2402 5479; x_wconf 88' lang='lat' dir='ltr'><strong>occidi,</strong></span> <span class='ocrx_word' id='word_1_1163' title='bbox 2453 5423 2508 5469; x_wconf 90' lang='lat' dir='ltr'><strong>et</strong></span> <span class='ocrx_word' id='word_1_1164' title='bbox 2547 5421 2826 5484; x_wconf 87' lang='lat' dir='ltr'><strong>propterea</strong></span> <span class='ocrx_word' id='word_1_1165' title='bbox 2867 5424 3200 5484; x_wconf 89' lang='lat' dir='ltr'><strong>consequens</strong></span> <span class='ocrx_word' id='word_1_1166' title='bbox 3240 5415 3544 5484; x_wconf 76' lang='lat' dir='ltr'><strong>necessario</strong></span> 
     </span>
    </p>
   </div>
   <div class='ocr_carea' id='block_1_151' title="bbox 1960 5475 3542 5555">
    <p class='ocr_par' dir='ltr' id='par_1_151' title="bbox 1960 5475 3542 5555">
     <span class='ocr_line' id='line_1_154' title="bbox 1960 5475 3542 5555; baseline -0.011 -9"><span class='ocrx_word' id='word_1_1167' title='bbox 1960 5475 2065 5546; x_wconf 76' lang='lat' dir='ltr'><strong>nun</strong></span> <span class='ocrx_word' id='word_1_1168' title='bbox 2091 5497 2192 5555; x_wconf 90' lang='lat' dir='ltr'><strong>est,</strong></span> <span class='ocrx_word' id='word_1_1169' title='bbox 2224 5475 2428 5542; x_wconf 82' lang='lat' dir='ltr'><strong>animas</strong></span> <span class='ocrx_word' id='word_1_1170' title='bbox 2447 5475 2730 5554; x_wconf 78' lang='lat' dir='ltr'><strong>corporum</strong></span> <span class='ocrx_word' id='word_1_1171' title='bbox 2757 5475 3124 5555; x_wconf 79' lang='lat' dir='ltr'><strong>internecione</strong></span> <span class='ocrx_word' id='word_1_1172' title='bbox 3139 5479 3379 5555; x_wconf 72' lang='lat' dir='ltr'><strong>consumi</strong></span> <span class='ocrx_word' id='word_1_1173' title='bbox 3401 5475 3542 5555; x_wconf 81' lang='lat' dir='ltr'><strong>:_hoc</strong></span> 
     </span>
    </p>
   </div>
   <div class='ocr_carea' id='block_1_152' title="bbox 1867 5545 3544 5634">
    <p class='ocr_par' dir='ltr' id='par_1_152' title="bbox 1867 5545 3544 5634">
     <span class='ocr_line' id='line_1_155' title="bbox 1867 5545 3544 5634; baseline -0.011 -16"><span class='ocrx_word' id='word_1_1174' title='bbox 1867 5621 1878 5634; x_wconf 50' lang='grc' dir='ltr'><strong><em>ο</em></strong></span> <span class='ocrx_word' id='word_1_1175' title='bbox 1961 5545 2008 5617; x_wconf 85' lang='lat' dir='ltr'><strong>si</strong></span> <span class='ocrx_word' id='word_1_1176' title='bbox 2034 5561 2107 5616; x_wconf 86' lang='lat' dir='ltr'><strong>ita</strong></span> <span class='ocrx_word' id='word_1_1177' title='bbox 2142 5545 2242 5625; x_wconf 77' lang='lat' dir='ltr'><strong>est,</strong></span> <span class='ocrx_word' id='word_1_1178' title='bbox 2269 5556 2441 5628; x_wconf 70' lang='lat' dir='ltr'><strong>etiam</strong></span> <span class='ocrx_word' id='word_1_1179' title='bbox 2489 5545 2610 5628; x_wconf 74' lang='lat' dir='ltr'><strong>post</strong></span> <span class='ocrx_word' id='word_1_1180' title='bbox 2649 5561 2877 5610; x_wconf 88' lang='lat' dir='ltr'><strong>mortem</strong></span> <span class='ocrx_word' id='word_1_1181' title='bbox 2917 5550 3157 5624; x_wconf 91' lang='lat' dir='ltr'><strong>corporis</strong></span> <span class='ocrx_word' id='word_1_1182' title='bbox 3198 5545 3544 5606; x_wconf 88' lang='lat' dir='ltr'><strong>nihilominus</strong></span> 
     </span>
    </p>
   </div>
   <div class='ocr_carea' id='block_1_153' title="bbox 2028 5722 3546 5807">
    <p class='ocr_par' dir='ltr' id='par_1_153' title="bbox 2028 5722 3546 5807">
     <span class='ocr_line' id='line_1_156' title="bbox 2028 5722 3546 5807; baseline -0.009 -21"><span class='ocrx_word' id='word_1_1183' title='bbox 2028 5739 2046 5770; x_wconf 74' lang='grc' dir='ltr'>ί</span> <span class='ocrx_word' id='word_1_1184' title='bbox 2080 5743 2147 5787; x_wconf 83' lang='lat' dir='ltr'><strong>Ita</strong></span> <span class='ocrx_word' id='word_1_1185' title='bbox 2189 5734 2451 5807; x_wconf 67' lang='lat' dir='ltr'><strong>ghiﬁletius</strong></span> <span class='ocrx_word' id='word_1_1186' title='bbox 2489 5740 2542 5784; x_wconf 87' lang='lat' dir='ltr'><strong>et</strong></span> <span class='ocrx_word' id='word_1_1187' title='bbox 2576 5738 2681 5807; x_wconf 53' lang='grc' dir='ltr'><strong>ηδε.</strong></span> <span class='ocrx_word' id='word_1_1188' title='bbox 2721 5738 2778 5782; x_wconf 79' lang='lat' dir='ltr'><strong>At</strong></span> <span class='ocrx_word' id='word_1_1189' title='bbox 2814 5739 2913 5781; x_wconf 84' lang='lat' dir='ltr'><strong>Am.</strong></span> <span class='ocrx_word' id='word_1_1190' title='bbox 2939 5736 3099 5807; x_wconf 33' lang='lat' dir='ltr'><strong>neget</strong></span> <span class='ocrx_word' id='word_1_1191' title='bbox 3116 5734 3245 5792; x_wconf 84' lang='lat' dir='ltr'><strong>Lov.,</strong></span> <span class='ocrx_word' id='word_1_1192' title='bbox 3270 5722 3546 5777; x_wconf 76' lang='lat' dir='ltr'><strong>destitutum</strong></span> 
     </span>
    </p>
   </div>
   <div class='ocr_carea' id='block_1_154' title="bbox 1965 5797 3147 5926">
    <p class='ocr_par' dir='ltr' id='par_1_154' title="bbox 1965 5797 3147 5926">
     <span class='ocr_line' id='line_1_157' title="bbox 1965 5797 3147 5867; baseline -0.014 -13"><span class='ocrx_word' id='word_1_1193' title='bbox 1965 5812 2139 5864; x_wconf 79' lang='lat' dir='ltr'><strong>corpus</strong></span> <span class='ocrx_word' id='word_1_1194' title='bbox 2159 5797 2256 5849; x_wconf 74' lang='lat' dir='ltr'><strong>vita</strong></span> <span class='ocrx_word' id='word_1_1195' title='bbox 2277 5797 2487 5847; x_wconf 82' lang='lat' dir='ltr'><strong>animam</strong></span> <span class='ocrx_word' id='word_1_1196' title='bbox 2507 5801 2718 5867; x_wconf 75' lang='lat' dir='ltr'><strong>nostram</strong></span> <span class='ocrx_word' id='word_1_1197' title='bbox 2738 5807 2833 5846; x_wconf 80' lang='lat' dir='ltr'><strong>non</strong></span> <span class='ocrx_word' id='word_1_1198' title='bbox 2851 5797 3064 5860; x_wconf 73' lang='lat' dir='ltr'><strong>perimit.</strong></span> <span class='ocrx_word' id='word_1_1199' title='bbox 3145 5835 3147 5838; x_wconf 38' lang='lat'><strong>.</strong></span> 
     </span>
     <span class='ocr_line' id='line_1_158' title="bbox 2030 5861 3119 5926; baseline -0.007 -14"><span class='ocrx_word' id='word_1_1200' title='bbox 2030 5865 2051 5897; x_wconf 75' lang='grc'>³</span> <span class='ocrx_word' id='word_1_1201' title='bbox 2083 5867 2178 5926; x_wconf 81' lang='lat' dir='ltr'><strong>Er.,</strong></span> <span class='ocrx_word' id='word_1_1202' title='bbox 2199 5863 2444 5923; x_wconf 77' lang='lat' dir='ltr'><strong>tenebrarc</strong></span> <span class='ocrx_word' id='word_1_1203' title='bbox 2465 5870 2638 5922; x_wconf 69' lang='lat' dir='ltr'><strong>majus.</strong></span> <span class='ocrx_word' id='word_1_1204' title='bbox 2701 5861 2756 5909; x_wconf 79' lang='grc' dir='ltr'><strong>Μ.</strong></span> <span class='ocrx_word' id='word_1_1205' title='bbox 3081 5918 3088 5925; x_wconf 84' lang='lat'>_</span> <span class='ocrx_word' id='word_1_1206' title='bbox 3113 5923 3119 5926; x_wconf 83' lang='lat'>_</span> 
     </span>
    </p>
   </div>
  </div>
