4126 6444
333 376 464 436 H77

1959 284 1996 300 "‘1
2027 285 2123 302 .0.”

1244 374 1338 434 DE
1372 369 1877 435 lNCARNATlONE
1913 367 2119 431 VEBBI
2155 369 2358 434 LlBEh
2395 379 2672 442 PRIMUS.

3447 386 3588 450 1178

324 493 530 577 tudinis
544 490 862 577 haereditate
887 490 1152 577 potitura",
1181 490 1240 575 ,εἰ
1267 491 1370 547 hoc
1394 491 1444 574 ei
1468 506 1571 577 sua
1588 500 1736 575 gesta
1762 505 1900 577 pite-
1935 491 1980 569 ’ξ
2011 490 2128 577 ipso
2151 493 2370 577 quidem
2391 497 2500 577 nati
2524 539 2542 565 ,
2571 507 2629 554 et
2648 499 2791 577 quod
2815 508 2899 557 est
2920 502 2989 560 ab
3014 503 3135 577 ipso
3155 503 3444 577 trahentis,
3470 510 3590 568 sine

325 564 592 622 stiterint:
616 565 729 619 sive
748 561 949 618 aeterno
973 562 1232 633 supplicio
1258 561 1626 633 mancipanda,
1652 563 1696 618 si
1723 563 1778 617 in
1801 562 1904 619 hoc
1955 561 1962 588 ⁵

327 635 571 692 eamdem
615 634 875 689 scelerum
914 634 1070 703 culpa
1097 633 1398 689 deterserit.
1427 633 1531 690 Sed
1560 643 1613 689 et
1639 635 1740 688 erit
1767 642 1903 688 tem-

328 723 430 778 pus
455 705 862 778 resurrectionis
887 714 1239 778 mortuorum,
1266 720 1386 760 cum
1414 720 1611 778 corpus
1640 704 1740 759 hoc
1762 704 1901 778 quod

329 775 466 832 hunc
489 777 543 832 in
565 776 887 846 corruptione
905 777 1192 839 seminatur,
1223 785 1392 846 surget
1413 776 1467 830 in
1492 775 1904 846 incorruptione;

329 861 380 904 et
403 849 541 928 queri
565 844 837 928 seminam!
856 845 910 899 in
935 846 1230 928 t'goit-ouiiu‘ia'2
1256 844 1422 927 surget
1446 847 1500 928 in
1522 846 1689 928 gloria
1717 844 1758 928 (Ι
1781 844 1900 927 Cor.

331 916 425 984 xv,
470 917 573 980 42,
623 917 739 986 45).
772 916 869 972 Est
894 916 1102 972 et'illud
1130 916 1404 972 deﬁnitum
1448 917 1501 971 in
1546 916 1902 971 ecclesiastica

333 989 742 1061 praedicatione,
760 1002 972 1061 omnem
995 987 1224 1042 animam
1251 1002 1371 1042 esse
1391 987 1726 1061 rationalem,
1755 986 1906 1061 liberi

330 1057 538 1115 arbitrii
578 1068 631 1114 et
663 1059 952 1114 voluntatis
979 1075 993 1113 :
1019 1072 1137 1114 esse
1176 1073 1386 1128 quoque
1415 1058 1463 1112 ei
1507 1067 1778 1114 certamen
1809 1057 1906 1112 ad-
1953 1063 1967 1110 ’.

333 1145 521 1186 versus
560 1128 830 1184 diabolum
871 1137 926 1200 et
965 1127 1766 1200 angelosejusicontrariasque
1794 1129 1907 1184 vir-

334 1209 506 1268 tutes,
545 1215 610 1256 ex
648 1215 715 1256 eo
759 1199 900 1271 quod
925 1199 1156 1271 peccatis
1182 1213 1303 1271 eam
1328 1199 1404 1254 illi
1433 1213 1658 1255 onerare
1686 1199 1908 1256 conten-

333 1271 482 1339 dant,
531 1285 630 1326 nos
674 1269 802 1326 vero
851 1271 896 1326 si
926 1269 1083 1326 recte
1125 1269 1470 1341 consulteque
1515 1271 1788 1338 vivamus,
1840 1271 1909 1326 ab

332 1341 700 1411 hujuscemodi
753 1341 872 1396 labe
923 1356 1020 1396 nos
1066 1355 1263 1398 exuere
1309 1355 1583 1396 conemur.
1651 1342 1803 1397 Unde
1855 1350 1910 1398 et

335 1427 673 1482 consequens
710 1421 793 1468 est
821 1412 1133 1482 intelligere,
1174 1427 1282 1467 non
1324 1427 1422 1468 nos
1460 1413 1762 1468 necessitati
1783 1427 1903 1468 esse

334 1483 622 1552 subjectos,
650 1491 708 1539 ιιι
743 1485 979 1551 omnino,
998 1483 1206 1539 etiamsi
1248 1484 1520 1548 nolimus‘,
1551 1484 1634 1539 vel
1663 1485 1800 1539 bona
1825 1483 1911 1539 vel

339 1553 477 1610 mala
516 1568 674 1624 agere
698 1569 973 1624 cogamur.
1003 1553 1062 1609 Si
1087 1554 1230 1610 enim
1260 1554 1428 1610 nostri
1453 1555 1655 1609 arbitrii
1681 1569 1868 1610 sumus
1890 1597 1906 1622 ,

339 1626 655 1695 impugnare
694 1640 791 1680 nos
836 1624 1059 1681 fortasse
1094 1635 1316 1695 possunt
1353 1624 1544 1694 aliqua:
1578 1625 1802 1680 virtutes
1843 1626 1911 1680 ad

340 1706 638 1768 peccatum,
686 1704 740 1750 et
787 1696 906 1752 alia:
947 1697 1135 1764 juvare
1181 1697 1247 1751 ad
1293 1696 1560 1768 salutem:
1587 1711 1692 1768 non
1735 1705 1908 1768 tamen

343 1765 660 1822 necessitate
699 1767 958 1837 cogimur,
989 1768 1072 1822 vel
1104 1775 1249 1823 recte
1273 1782 1431 1837 agere
1457 1766 1542 1822 vel
1572 1767 1742 1829 male;
1770 1765 1912 1835 quod

336 1837 453 1893 ﬁeri
494 1837 818 1908 arbitrantur
856 1837 907 1892 hi
945 1839 1032 1908 qui
1061 1837 1332 1893 stellarum
1362 1851 1576 1892 cursum
1606 1845 1661 1891 et
1688 1845 1901 1902 motus,

335 1922 550 1965 causam
581 1908 763 1963 dicunt
801 1907 1152 1964 humanorum
1194 1923 1314 1964 esse
1347 1918 1615 1976 gestorum
1637 1947 1652 1971 ,
1685 1922 1790 1962 non
1821 1921 1911 1962 εο-

339 1978 449 2036 lum
479 1993 662 2035 eorum
694 1994 812 2048 quae
853 1989 1002 2035 extra
1043 1979 1246 2034 arbitrii
1286 1977 1532 2034 accidunt
1574 1977 1910 2044 libertatem,

337 2051 430 2105 sed
469 2065 650 2105 eorum
691 2065 809 2120 qua:
837 2050 891 2104 in
923 2058 1102 2106 nostra
1143 2049 1311 2119 posita
1356 2057 1480 2104 sunt
1505 2056 1803 2120 potestate.
1837 2049 1914 2103 De

338 2121 512 2175 anima
539 2136 664 2175 vero
692 2118 867 2175 utrum
899 2137 964 2176 ex
994 2118 1214 2176 seminis
1239 2120 1458 2174 traduce
1487 2118 1727 2184 ducatur,
1759 2120 1829 2173 ita
1856 2126 1916 2173 ιιι

338 2192 476 2246 ratio
507 2191 699 2260 ipsius,
733 2192 816 2246 vel
847 2191 1139 2247 substantia
1167 2192 1363 2246 inserta
1393 2190 1524 2260 ipsis
1549 2190 1912 2260 corporalibus

339 2259 631 2317 seminibus
669 2261 924 2317 habeatur
954 2280 968 2317 :
1000 2278 1066 2316 an
1095 2276 1227 2318 vero
1255 2260 1397 2316 aliud
1420 2259 1627 2315 habeat
1665 2259 1870 2314 initium
1897 2277 1910 2311 ε

339 2340 397 2388 ει
433 2332 532 2387 hoc
575 2333 744 2402 ipsum
782 2332 987 2388 initium
1019 2333 1063 2387 si
1091 2340 1173 2388 est
1195 2331 1430 2401 genitum
1451 2372 1483 2402 ,ί
1507 2338 1599 2402 aut
1629 2343 1733 2386 non
1759 2330 1913 2401 geni-

342 2411 455 2458 tum
482 2420 495 2456 :
520 2400 610 2458 vel
630 2413 772 2458 certe
801 2404 844 2458 si
875 2400 1439 2472 extrinsecuscorpori
1471 2400 1690 2468 inditur,
1722 2400 1911 2470 necne,

339 2487 448 2544 non
474 2473 601 2544 satis
622 2473 907 2544 manifesta
938 2473 1313 2544 praedicatione
1338 2472 1697 2544 distinguitur.

410 2542 633 2598 CAPUT
669 2543 843 2600 lll.—
861 2541 1150 2598 De'diaboli
1178 2553 1330 2598 statu.
1363 2543 1439 2598 De
1467 2541 1678 2597 diabolo
1706 2556 1916 2612 quoque

339 2622 394 2670 et
417 2615 618 2686 angelis
657 2614 772 2686 ejus
812 2617 1196 2686 contrariisque
1239 2614 1521 2686 virtutibus
1552 2613 1914 2686 ecelesiastica

340 2682 648 2756 praedicatio
686 2682 872 2741 docuit
893 2727 909 2752 ,
942 2682 1189 2756 quoniam
1233 2685 1340 2740 sint
1378 2683 1592 2756 quidem
1619 2682 1769 2736 hmc:
1798 2698 1916 2756 qua:

337 2754 514 2812 autem
533 2757 660 2824 sint,
676 2766 768 2812 aut
784 2754 1048 2827 quomedo
1063 2757 1190 2821 sint,
1212 2771 1317 2810 non
1333 2756 1461 2810 satis
1481 2754 1622 2827 clare
1643 2754 1906 2827 exposuit.

339 2827 497 2897 Apud
539 2825 1001 2897 pluritnostamen
1035 2828 1134 2882 ista
1160 2827 1384 2882 habetur
1408 2825 1617 2897 opinio,
1646 2825 1785 2894 quod
1814 2839 1914 2879 an-

336 2894 485 2966 gelus
509 2894 670 2954 fuerit
697 2898 798 2953 iste
844 2895 1086 2952 diabolus
1104 2939 1120 2965 ,
1163 2906 1216 2952 et
1244 2894 1486 2966 apostata
1511 2894 1730 2951 effectus
1756 2910 1915 2966 quam

336 2965 600 3037 plurimos
645 2968 957 3037 angelorum
1002 2983 1184 3024 secum
1231 2965 1498 3022 declinare
1550 2965 1912 3035 persuaserit,

334 3040 509 3109 quiet
538 3039 1085 3109 nunciusqueiangeli
1113 3038 1280 3109 ipsius
1309 3045 1697 3109 nuncupantur.

407 3108 631 3165 CAPUT
663 3107 750 3162 IV.
778 3106 851 3148 5—-
874 3106 1060 3163 Mundi
1111 3106 1416 3178 principium
1448 3115 1499 3178 et
1536 3106 1674 3178 ﬁnis.
1719 3107 1816 3162 Est
1861 3115 1918 3178 et

336 3188 617 3252 praeterea
640 3179 770 3252 illud
818 3179 872 3232 in
917 3177 1284 3252 ecclesiastica:
1319 3177 1724 3247 praedicatione,
1773 3177 1918 3252 quod

333 3249 566 3305 inundus
603 3250 704 3304 iste
735 3249 907 3304 factus
935 3250 1034 3316 sit,
1068 3257 1123 3304 et
1149 3264 1179 3303 a
1208 3249 1358 3304 certo
1385 3257 1626 3318 tempore
1655 3249 1914 3318 coeperit,

333 3327 390 3376 et
418 3321 486 3375 sit
514 3335 608 3390 pro
633 3319 746 3389 ipsa
775 3319 858 3375 sui
884 3315 1227 3389 corruptione
1246 3315 1554 3390 solvendus.
1576 3315 1713 3390 Quid
1735 3315 1916 3390 tamen

332 3399 457 3446 ante
482 3387 625 3446 hunc
649 3387 904 3446 mundum
935 3387 1113 3458 fuerit,
1145 3400 1236 3444 aut
1260 3387 1388 3459 quid
1420 3387 1759 3459 postmodtun
1787 3387 1913 3459 erit,

331 3476 441 3516 non
482 3461 608 3531 jam_
631 3475 739 3531 pro
768 3459 1053 3531 manifesto
1087 3457 1290 3531 multis
1319 3458 1583 3531 inno_t_uit._
1606 3457 1724 3512 Non
1770 3458 1915 3513 enim

333 3526 554 3654 evicie'ns
579 3526 648 3586 de
688 3529 773 3586 his
815 3529 869 3584 in
909 3529 1269 3586 ecclesiastica
1314 3526 1690 3599 praedicatione
1737 3541 1916 3584 sermo

333 3615 431 3654 DI'O
453 3609 617 3654 ertur.
1143 3646 1148 3650 .

370 3609 617 3657 rot'ertur.
1143 3646 1148 3650 .

330 3615 617 3673 prorertur.
1143 3646 1148 3650 _

404 3670 628 3727 CAPUT
653 3669 736 3742 ἐν.
765 3699 838 3712 -
857 3670 1155 3742 Scriptura
1188 3685 1364 3742 sensus
1385 3684 1626 3742 arcanus.
1657 3667 1803 3742 Tum
1822 3666 1916 3724 de-

334 3757 484 3816 mum
527 3741 668 3812 quod
713 3739 1101 3816 per_Spiri’tum
1145 3741 1241 3797 Dei
1283 3740 1571 3816 Scriptura:
1598 3739 1915 3816 conscriptae
1965 3792 1972 3816 Α

1968 3811 1978 3884 ζ
2022 3831 2089 3872 eo
2125 3814 2266 3886 quod
2293 3814 2458 3870 Filius
2495 3815 2587 3870 Dei
2630 3811 2734 3869 vita
2772 3825 2876 3882 est,
2907 3823 2962 3870 et
2988 3830 3085 3885 pro
3116 3828 3182 3868 eo
3209 3811 3353 3886 quod
3376 3811 3601 3886 verbum

332 3814 464 3880 sint,
493 3809 790 3868 et'sensum
819 3809 1082 3879 habeant,
1111 3827 1218 3868 non
1245 3825 1365 3865 eum
1393 3809 1568 3864 solum
1593 3809 1683 3878 qui
1713 3809 1766 3863 in
1795 3825 1914 3864 ma-

333 3879 530 3940 nifeSto
571 3891 649 3938 est
676 3923 693 3946 ,
739 3881 834 3938 sed
863 3891 918 3938 et
943 3883 1109 3938 alium
1149 3882 1431 3952 quemdam
1474 3879 1728 3952 latentem
1753 3894 1912 3949 quam

334 3955 612 4025 plurimos.
657 3953 866 4009 Formae
903 3954 1046 4008 enim
1085 3949 1210 4025 sunt
1253 3952 1335 4007 hae
1376 3965 1495 4025 quae
1539 3949 1914 4006 describuntur

331 4020 787 4080 sacramentorum
850 4023 1238 4094 quorumdam,
1284 4031 1339 4094 et
1379 4020 1676 4075 divinarum
1731 4035 1911 4094 rerum

335 4096 592 4166 imagines
626 4113 639 4149 :
666 4095 734 4150 de
762 4091 886 4164 quo'
899 4095 1060 4166 totius
1104 4092 1360 4166 Ecclesia:
1389 4106 1492 4166 una
1516 4091 1777 4146 sententia
1807 4101 1910 4158 est,

333 4162 693 4236 esse'quidem
722 4162 935 4236 omnem
966 4164 1162 4236 Legem
1197 4162 1563 4236 spiriiualem;
1596 4175 1702 4217 non
1731 4169 1912 4236 tamen

337 4251 398 4292 ea
453 4231 570 4307 quae
613 4236 781 4305 spirat
823 4234 959 4307 Lexi
980 4231 1101 4291 esse
1148 4231 1452 4307 hominibus
1494 4239 1648 4307 nota,
1693 4231 1795 4307 nisi
1849 4233 1914 4307 iis

335 4301 714 4378 soluntquibus
732 4306 900 4378 gratia
926 4305 1154 4378 Spiritus
1173 4304 1343 4360 sancti
1368 4303 1423 4358 in
1448 4301 1613 4358 verbo
1639 4301 1914 4373 sapientia:

332 4392 400 4434 ac
423 4376 656 4434 scientim
682 4376 1014 4431 condonatur
1043 4376 1140 4445 (a).
1439 4444 1442 4445 ν
1561 4384 1572 4394 ·

405 4447 632 4504 CAPUT
662 4447 749 4502 Vl.
771 4475 840 4519 -τ
861 4445 992 4519 Boni
1017 4442 1206 4519 angeli.
1244 4446 1340 4501 Est
1378 4444 1557 4519 eiiam_
1577 4442 1708 4519 illud
1737 4444 1912 4519 inec-

333 4519 630 4575 clesiastica
677 4516 1051 4587 praedicatione
1068 4514 1105 4584 ,'
1133 4531 1253 4572 esse
1281 4515 1510 4587 angelos
1526 4515 1630 4587 Dei
1652 4514 1912 4587 quosdam

331 4599 390 4646 et
420 4591 644 4645 virtutes
669 4584 836 4644 bonas
855 4627 870 4652 ,
899 4603 1018 4656 quae
1044 4588 1092 4642 ei
1117 4587 1422 4656 ministrant
1449 4585 1516 4656 ad
1536 4584 1780 4656 salutem
1807 4584 1913 4656 ho-

331 4661 536 4718 minum
562 4654 1034 4716 consummandam
1061 4677 1074 4713 :
1100 4657 1196 4713 sed
1224 4655 1436 4726 quando
1463 4654 1550 4726 isti
1576 4655 1910 4726 creatisint,

326 4732 416 4858 391
440 4733 624 4814 quales
647 4740 740 4786 aut
779 4728 1046 4800 quomodo
1075 4729 1201 4794 sint,
1239 4723 1350 4784 non
1377 4726 1506 4782 satis
1530 4724 1586 4780 in
1625 4723 1909 4781 manifesto

367 4811 688 4858 tsttnttuttur.

367 4803 688 4858 istinauitur.

402 4865 629 4928 CAPUT
655 4872 763 4928 Vll.
781 4903 852 4915 —
875 4871 1138 4941 Quomodo
1156 4867 1448 4941 indaganda
1467 4867 1669 4941 ueritus.
1691 4865 1916 4941 Oportet

329 4943 491 5015 igitur
518 4943 664 5015 velut
700 4937 976 5015 elementis
1017 4957 1079 4996 ac
1120 4937 1813 5015 fitndainentis__bujusmodi
1839 4939 1915 5015 uti

329 5007 625 5070 secundum
655 5013 999 5079 mandatum,
1049 5011 1192 5080 quod
1229 5011 1397 5080 dicit,
1436 5007 1732 5080 llluminate
1777 5009 1916 5063 vobis

327 5085 501 5142 lumen
528 5084 750 5140 scientia:
768 5078 1095 5150 :omnis'qui
1124 5079 1272 5150 cupit
1297 5079 1490 5150 seriem
1521 5078 1827 5147 quamdam,
1857 5087 1914 5134 et

328 5171 524 5225 corpus
548 5170 614 5210 ex
641 5153 831 5208 horum
858 5147 1095 5225 omnium
1125 5149 1331 5225 ratione
1357 5147 1617 5225 perlicere
1636 5189 1652 5213 ,
1683 5156 1757 5225 ιιι
1794 5164 1913 5225 ma-

328 5217 538 5281 nifestis
564 5234 618 5281 et
645 5222 964 5278 necessariis
1001 5219 1389 5276 assertionibus
1416 5217 1486 5272 de
1525 5217 1761 5288 singulis
1789 5219 1915 5288 qui-

328 5297 534 5367 busque
559 5295 694 5367 quid
713 5295 782 5349 sit
805 5295 859 5349 in
883 5307 1012 5349 vero
1033 5293 1357 5367 rimeturznet
1375 5295 1641 5367 unutii,_ut
1659 5287 1912 5367 diximus,

327 5358 522 5436 corpus
561 5358 1181 5436 efﬁciat,iexempl_isiet
1221 5358 1698 5436 afﬁrmationibus,
1737 5358 1820 5414 vel
1849 5359 1916 5414 iis

329 5429 464 5507 quas
490 5439 543 5492 in
571 5429 1088 5507 sanctislscriptu’ris
1113 5431 1409 5507 invenerit,
1436 5429 1522 5484 vel
1548 5443 1681 5499 quas
1719 5443 1913 5507 conse-

329 5501 1024 5579 quenteripsiueindagine
1052 5519 1116 5559 ac
1143 5503 1275 5579 recti
1307 5509 1493 5579 tenore
1522 5501 1804 5579 repererit.

399 5569 626 5654 CAPUT
656 5577 864 5654 VlllL—
890 5569 1057 5630 Filius
1101 5575 1286 5654 absque
1320 5571 1462 5654 initio
1485 5569 1915 5654 .n.aiit.s‘:'(b).Nos
1975 5586 1980 5592 '

333 5665 552 5720 semper
577 5651 743 5704 Deum
773 5646 986 5702 Patrem
1014 5641 1258 5702 novimus
1283 5641 1542 5714 unigeniti
1567 5641 1692 5698 Filii
1714 5641 1819 5712 Sui,
1848 5657 1916 5698 ex

388 5765 407 5797 1
444 5764 824 5821 Victorinus.hls.,
851 5758 1080 5810 volumus.

411 5827 462 5886 (ι)
480 5827 562 5873 Hic
583 5821 811 5874 nonnulla
833 5825 1056 5886 Origenis
1072 5821 1409 5886 praetermissa.

411 5827 462 5886 (ι)
480 5827 562 5873 Hic
583 5827 811 5874 nonnulla
833 5827 1056 5883 Origenis
1072 5827 1409 5882 praetermissa.

387 5827 460 5952 ib)
483 5889 718 5950 Deinceps
733 5899 798 5938 ex
821 5883 1026 5948 capitc2
1043 5883 1187 5944 libri!
1212 5881 1320 5947 peri
1339 5879 1542 5948 Archt‘m.

2012 565 2121 651 ullo
2146 568 2507 651 tamendinitio
2518 565 2683 651 _:_non:
2697 572 2869 627 solum
2909 589 2976 629 eo
2999 565 3141 651 quod
3165 565 3591 651 aliq_uibusfiem-'-

2011 650 2198 718 porum
2220 639 2404 718 spatiis
2429 639 2676 718 distingui
2703 657 2809 718 non
2837 639 3030 712 potest,
3051 646 3141 718 sed
3165 662 3230 700 ne
3245 639 3336 718 illo
3353 649 3590 718 quidem,

2012 707 2153 790 quod
2192 709 2489 790 solahapud
2532 707 2874 790 semetipsaih
2918 707 3069 770 mens
3115 716 3308 772 intueri
3337 707 3504 782 solet,
3535 707 3595 776 εἰ

2011 776 2156 860 nudo
2173 819 2216 860 ,_
2223 790 2280 860 ut
2308 776 2629 835 ita—dixerim
2650 825 2666 849 ,
2695 776 3151 860 inteileciu_at_qtte
3178 791 3354 860 animo
3378 776 3600 860 conspi-

2012 849 2143 930 eaiji.
2173 849 2337 905 Extra
2365 865 2523 906 omne
2542 867 2668 923 ergo
2687 854 2827 930 quod
2848 855 2931 930 vel
2950 849 3156 930 dici'vel
3178 857 3397 930 intelligi
3421 849 3597 928 potest

2014 925 2250 1002 initium,
2279 931 2583 1002 generatam
2625 939 2745 1002 esse
2768 925 3098 1002 Sapientiam
3126 925 3450 1002 credendum
3488 941 3592 986 est.

2013 987 2071 1071 lu
2102 991 2203 1071 hac
2228 987 2340 1060 ipsa
2362 1007 2498 1071 _er_go
2547 993 2830 1071 Sapientiae
2847 987 3195 1071 subsistentia
3217 1039 3232 1063 ,
3272 999 3394 1068 quia
3419 1002 3598 1055 omnis

2012 1062 2182 1115 virtus
2228 1076 2291 1118 ac
2345 1062 2660 1120 deformatio
2711 1064 2900 1121 futura:
2948 1068 3118 1122 inerat
3163 1062 3421 1124 creatura:
3445 1109 3461 1135 ,
3507 1071 3598 1126 vel

2013 1144 2197 1210 eorum
2245 1149 2364 1203 qua:
2407 1135 2768 1210 principaliter
2810 1138 3076 1210 existunt,
3118 1138 3203 1194 vel
3247 1154 3429 1210 eorum
3473 1156 3599 1210 quae

1971 1266 1974 1268 γ
2014 1201 2877 1290 εεεὶᾀιιηιςεοιιεεᾳιιειιὶειζγίιιιιιιε
2891 1201 3239 1290 praescientize
3258 1201 3598 1290 praeformata

2013 1280 2173 1350 atque
2214 1273 2474 1350 disposita
2498 1293 2511 1330 :
2535 1292 2632 1346 pro
2659 1273 3049 1350 iis_ipsis-quaa
3087 1279 3141 1334 in
3183 1273 3295 1349 ipsa
3334 1281 3600 1350 sapientia

2015 1343 2160 1426 velut
2200 1343 2461 1426 deseiipu
2505 1343 2568 1403 ac
2608 1343 3500 1426 prmiigirrata'fuerantcreaiuris,
3531 1367 3598 1426 se

2016 1416 2130 1495 ipsa
2171 1416 2666 1495 per_Salomen_ent_
2699 1416 2832 1475 diiit
2872 1428 3106 1495 creatam
3157 1436 3278 1495 esse
3327 1416 3598 1495 Sapientia

2018 1486 2224 1567 initium
2252 1487 2454 1570 viarum
2483 1489 2575 1570 Dei
2597 1487 2780 1560 (Prov.
2805 1506 2918 1555 vui,
2946 1492 3066 1562 22),
3089 1493 3364 1570 eontinens
3389 1486 3596 1570 scilicet

2017 1560 2070 1637 in
2109 1560 2392 1637 semetipsa
2433 1560 2695 1637 universa:
2736 1570 2992 1637 creaturae
3026 1560 3119 1618 ‘vel
3161 1562 3470 1637 initia,__vel_
3508 1577 3597 1616 ra-

2019 1629 2220 1698 tiones,
2252 1629 2336 1683 vel
2377 1630 2603 1698 species.
2643 1631 2798 1696 Quali
2835 1642 3014 1687 autem
3055 1632 3215 1688 modo
3239 1633 3597 1687 intelleximus

2019 1694 2343 1767 Sapientiam
2385 1694 2592 1773 initium
2638 1694 2847 1773 viarum
2891 1701 2985 1773 Dei
3028 1716 3178 1773 esse,
3226 1712 3280 1758 et
3327 1702 3595 1773 quomodo

2019 1777 2196 1849 ereata
2229 1783 2346 1849 esse
2374 1769 2566 1825 dicitur
2589 1810 2605 1836 ,
2635 1772 2840 1849 species
2880 1772 3084 1828 scilicet
3110 1772 3163 1827 in
3194 1787 3252 1828 se
3281 1769 3598 1849 et’rationes

2021 1839 2182 1892 totius
2206 1839 2556 1909 prmformans
2582 1850 2637 1896 et
2663 1839 2942 1899 continens
2971 1850 3262 1909 creaturae,
3293 1841 3396 1897 hoc
3434 1843 3599 1898 modo

2019 1909 2180 1983 etiam
2208 1909 2438 1983 Verbum
2471 1913 2568 1966 Dei
2597 1928 2714 1966 eam
2763 1928 2882 1969 esse
2920 1911 3318 1983 intelligendum
3357 1922 3438 1968 est
3464 1930 3477 1966 :
3503 1915 3602 1983 per

2021 1977 2124 2034 hoc
2152 1980 2293 2062 quod
2334 1982 2464 2062 ipsa
2491 1983 2702 2062 caeteris
2745 1985 3026 2047 omnibus,
3073 1977 3126 2038 id
3169 1990 3282 2062 est,
3337 1977 3606 2038 universae

2020 2059 2298 2122 creaturaz,
2331 2054 2705 2122 mysteriorum
2737 2062 2792 2107 et
2818 2068 3132 2109 arcanorum
3162 2054 3444 2120 rationem,
3476 2068 3602 2122 quae

2020 2121 2203 2194 utique
2246 2121 2397 2194 intra:
2427 2122 2523 2177 Dei
2551 2122 2874 2194 Sapientiam
2919 2124 3252 2194 continetur,
3284 2121 3524 2194 aperiat:
3543 2131 3607 2179 et.

2019 2205 2116 2260 per
2144 2189 2245 2246 hoc
2275 2191 2506 2264 Verbum
2545 2189 2769 2260 dicitur,
2812 2193 2951 2264 quod
2997 2193 3067 2248 sit
3101 2189 3353 2264 tanquam
3377 2207 3608 2264 arcano:

2019 2277 2137 2316 rum
2164 2262 2666 2336 mentisinterpres.
2695 2262 2925 2321 Joannes
2953 2264 3006 2319 in
3030 2264 3185 2336 initio
3211 2262 3486 2336 Evangeiii
3510 2262 3601 2320 sui

2021 2333 2589 2413 propriandeﬁnitione
2608 2335 2808 2413 “Deum
2847 2350 2977 2413 esse
3011 2334 3299 2413 deﬁniens_
3323 2333 3556 2413 Yerbum
3578 2373 3604 2413 ε

2020 2402 2147 2475 dicit
2173 2421 2187 2458 :
2213 2403 2278 2475 Eg
2307 2403 2445 2460 Deus
2468 2413 2576 2460 erat
2608 2404 2828 2460 Verbum
2848 2447 2863 2470 ,
2889 2417 2936 2460 et
2955 2407 3049 2461 hoc
3071 2413 3179 2475 erat
3203 2406 3256 2459 in
3280 2405 3425 2475 initio
3461 2404 3607 2475 apud

1948 2487 1963 2515 τ-
2021 2470 2186 2556 Deunt
2218 2472 2397 2556 (ileon.
2429 2492 2481 2556 r_,
2617 2476 2716 2543 Qui
2745 2486 2922 2533 autem
2946 2475 3047 2556 dat_
3065 2474 3272 2556 initium
3300 2474 3479 2556 Verbo
3496 2470 3602 2556 Dei

2019 2543 2106 2598 vel
2130 2543 2413 2618 Sgpientia:
2439 2543 2554 2612 Dei,
2584 2548 2791 2602 intuere
2813 2563 2882 2604 ne
2911 2547 3080 2618 magis
3105 2547 3158 2602 in
3193 2546 3366 2616 ipsum
3390 2545 3602 2616 ingeni-

2021 2622 2132 2669 tum
2163 2615 2375 2671 Patrem
2401 2617 2727 2687 impietatem
2756 2633 2908 2674 suam
2933 2615 3117 2687 jaélet,
3149 2615 3270 2672 cum
3297 2633 3417 2671 eum
3445 2615 3602 2686 neget

2022 2698 2234 2758 semper
2250 2687 2471 2758 Patrem
2513 2688 2712 2755 fuisse,
2761 2697 2815 2744 et
2850 2689 3096 2758 genuisse
3124 2687 3388 2758 Verbum,
3423 2695 3478 2758 et
3508 2687 3603 2740 ha-

2022 2754 2201 2812 buisse
2241 2756 2564 2826 Sapientiam
2606 2759 2662 2814 in
2696 2754 2943 2814 Omnibus
2972 2757 3326 2813 anterioribus
3350 2757 3433 2812 vel
3461 2765 3602 2812 tem-

2023 2827 2351 2910 poribusvel
2382 2829 2624 2898 saeculis,
2654 2830 2739 2886 vel
2767 2830 2812 2885 si
2837 2828 2964 2901 quid
2990 2827 3120 2885 illud
3149 2837 3231 2884 est
3252 2826 3397 2899 quod
3424 2826 3602 2884 nomi-

2022 2909 2138 2967 nari
2169 2909 2364 2967 potest.

2070 2966 2295 3042 CAPUT
2308 2969 2482 3042 _IX.—
2493 2970 2735 3027 Rationes
2750 2970 3058 3042 exemplare:
3070 2970 3129 3042 in
3149 2969 3329 3025 Verbo.
3353 2967 3452 3024 Hic
3473 2983 3604 3042 ergo

2021 3037 2187 3112 Filius
2206 3080 2220 3106 ,
2249 3040 2407 3112 etiam
2433 3043 2668 3112 omnium
2697 3059 2816 3112 quae
2839 3037 2966 3097 sunt
2983 3081 2997 3106 ,
3023 3041 3220 3096 veritas
3244 3047 3361 3112 est,
3388 3048 3443 3112 et
3470 3037 3602 3105 vita,

2022 3119 2078 3166 ει
2097 3111 2204 3184 via,
2231 3109 2339 3180 (1d.
2369 3127 2456 3166 xtv
2474 3153 2490 3178 ,
2517 3111 2593 3184 6).
2624 3113 2691 3184 Et
2717 3109 2879 3168 recte.
2904 3112 3042 3184 Nam
3066 3110 3335 3184 quomodo
3358 3110 3604 3184 viverent

2022 3196 2143 3253 quae
2181 3179 2318 3236 facta
2345 3190 2504 3249 sunt,
2544 3179 2647 3237 nisi
2673 3198 2739 3238 ex
2779 3182 2922 3236 vita?
2948 3181 3050 3253 Vel
3071 3179 3339 3253 quomodo
3380 3181 3606 3253 veritate

1970 3283 1975 3290 -
2022 3250 2331 3308 constarent
2346 3269 2408 3307 ea
2429 3268 2546 3321 quae
2567 3262 2710 3318 sunt,
2735 3253 2837 3308 nisi
2857 3267 2925 3308 ex
2945 3250 3169 3307 veritate
3186 3250 3604 3307 descenderent?

2021 3322 2129 3394 Vel
2151 3323 2417 3392 quomodo
2443 3323 2728 3379 rationales
2752 3338 2870 3379 esse
2893 3330 3114 3394 possent
3140 3321 3471 3394 substantiae,
3501 3321 3604 3376 nisi

2021 3391 2247 3449 verbum
2273 3395 2357 3448 vel
2403 3396 2538 3448 ratio
2576 3391 2940 3462 praecederet?
2969 3392 3064 3448 Vel
3091 3391 3357 3462 quemodo
3383 3397 3604 3460 possent

2023 3478 2143 3533 esse
2171 3464 2443 3533 sapientes
2461 3505 2477 3528 ,
2519 3459 2627 3533 nisi
2673 3473 2816 3520 esset
2843 3459 3262 3533 sapietttia?_\_lia
3291 3459 3489 3533 facium
3518 3469 3602 3516 est

1971 3570 1977 3588 ~.
2021 3530 2384 3604 Verbumliei
2426 3539 2482 3588 et
2507 3532 2777 3604 Sapientia
2801 3575 2817 3600 ,
2859 3530 2982 3604 quae
3016 3532 3112 3604 via.
3143 3530 3344 3604 idcirco
3371 3530 3601 3598 dicitur,

1960 3638 1961 3641 η
2061 3602 2165 3658 uod
2209 3602 2276 3658 ad
2317 3603 2529 3658 Patrem

2021 3618 2381 3742 aumcumque
2423 3688 2529 3742 ergt

2607 3604 2712 3659 ucit
2757 3617 2852 3659 eos
2877 3601 2988 3673 'qui
3028 3601 3279 3673 incedunt
3317 3615 3420 3673 per
3455 3616 3598 3673 eam.

2072 3688 2381 3744 uaccumque
2423 3688 2551 3744 ergo
2586 3673 2879 3730 dixerimus
2905 3671 2974 3729 de
3002 3672 3280 3744 Sapientia
3314 3671 3438 3736 Dei,
3484 3671 3602 3727 haec

2022 3745 2184 3801 etiam
2223 3742 2602 3800 convenienter
2642 3745 2995 3814 aptabuutur,
3036 3753 3092 3799 et
3119 3742 3599 3814 intelligentur‘pro

2022 3895 2126 3952 est,
2142 3881 2204 3942 ἐι
2227 3899 2322 3956 pro
2338 3899 2405 3942 eo
2421 3886 2560 3956 quod
2583 3887 2778 3941 veritas
2797 3895 2899 3952 est,
2923 3895 2976 3940 et
2989 3881 3191 3956 ἰιι-σεο
3215 3881 3356 3952 quod
3381 3881 3467 3937 via
3494 3890 3598 3956 est,

2021 3966 2076 4013 et
2099 3972 2195 4027 pro
2221 3953 2288 4012 eo
2309 3955 2450 4027 quod
2479 3957 2798 4012 resurrectio
2820 3964 2904 4013 est
2923 3973 2934 4010 :
2955 3953 3075 4027 quia
3103 3955 3184 4027 hae
3209 3967 3396 4008 omnes
3417 3953 3602 4027 appel-

2021 4024 2251 4083 lationes
2297 4024 2364 4083 εἰ
2414 4027 2664 4098 operibus
2707 4027 2823 4098 ejus
2871 4024 3264 4098 tie—virtutibus
3311 4025 3600 4098 nominatae

1969 4111 1972 4115 ‘
2021 4107 2179 4166 sunt;
2221 4107 2276 4153 et
2313 4098 2366 4152 in
2404 4093 2551 4151 milla
2589 4093 2776 4152 barum
2813 4097 2899 4153 vel
2943 4096 3044 4153 levi
3081 4095 3345 4166 opinione
3377 4093 3600 4166 intelligi

2019 4164 2301 4240 corporale
2328 4167 2526 4240 aliquid
2556 4175 2749 4240 potest,
2777 4167 2861 4224 vel
2889 4167 3029 4240 quod
3059 4164 3479 4240 magnitudinem
3503 4164 3601 4220 de-

2019 4238 2521 4312 signarejideetur,
2545 4239 2631 4312 vel
2661 4239 2916 4312 habitum,
2944 4238 3032 4312 vel
3051 4238 3312 4312 colorem.

2091 4305 2319 4367 CAPUT
2356 4308 2427 4364 Χ.
2452 4339 2525 4350 --
2547 4309 2895 4381 Ineogitabiiis
2941 4308 3092 4381 Verbi
3119 4307 3370 4381 nativiiqs.
3399 4305 3599 4381 Verum

2021 4382 2274 4454 quoniam
2305 4381 2341 4435 ii
2370 4381 2459 4454 qui
2507 4380 2647 4454 apud
2678 4374 2774 4436 nos
2816 4380 2914 4454 lilii
2941 4379 3216 4434 hominum
3241 4377 3489 4454 videntur
3512 4374 3599 4454 vel

2019 4447 2339 4508 cancrorum
2367 4447 2674 4506 animalium
2692 4491 2708 4517 ,
2731 4451 2917 4506 semini
2945 4465 3128 4505 eorum
3154 4463 3185 4504 a
3215 4447 3405 4518 quibus
3431 4447 3600 4502 semi-

2020 4524 2130 4578 nati
2158 4532 2321 4589 sunt,
2373 4521 2738 4591 respondent.
2769 4522 2850 4577 vel
2876 4520 3037 4578 etiam
3065 4534 3250 4576 earum
3280 4520 3350 4591 in_
3375 4533 3599 4591 quarum

2021 4602 2175 4649 utero
2204 4587 2499 4648 formantur
2521 4608 2584 4647 ac
2609 4593 2931 4659 nutriuntur,
2964 4591 3224 4647 habentes
3245 4606 3310 4645 ex
3336 4587 3421 4645 his
3445 4587 3599 4659 quid-

2020 4663 2149 4735 quid
2180 4663 2310 4718 illud
2336 4671 2420 4718 est
2441 4662 2583 4735 quod
2609 4662 2662 4735 in
2694 4662 2865 4735 lucem
2889 4657 3028 4718 hanc
3055 4671 3332 4735 assumunt
3359 4657 3597 4735 ac_defe-

2021 4729 2147 4791 runt
2188 4729 2490 4805 processuri
2522 4751 2536 4788 :
2563 4732 2836 4805 infandum
2878 4743 2961 4805 est
2996 4741 3097 4805 eti
3111 4733 3383 4805 illicitum,
3428 4729 3597 4805 Deum

2021 4799 2232 4861 Patrem
2265 4805 2318 4860 in
2365 4805 2714 4874 generatione
2754 4803 3031 4874 unigeniti
3055 4803 3174 4874 Filii
3192 4801 3320 4874 sui,
3351 4799 3595 4874 atquein

2020 4876 2317 4932 substantia
2337 4869 2454 4945 ejus
2477 4882 2759 4943 exmquare
2778 4869 2945 4945 alieni
2957 4873 3040 4928 vel
3061 4873 3334 4927 hominum
3353 4869 3439 4924 vel
3464 4870 3598 4924 alio-

2021 4962 2140 5002 rum
2163 4943 2510 5001 animantium
2535 4945 2830 5015 generanti.
2847 4943 2951 5000 Sed
2975 4957 3194 5015 necesse
3211 4950 3294 5015 est
3311 4948 3598 5009 exceptum

2022 5017 2221 5088 aliquid
2250 5032 2404 5092 esse,
2453 5025 2512 5073 et
2539 5012 2651 5092 Deo
2695 5017 2946 5092 dignum,
2997 5013 3168 5092 cujus_
3187 5012 3330 5092 nulla
3377 5024 3599 5092 prorsus

2022 5083 2352 5157 comparatio
2375 5083 2397 5153 ,⁷
2419 5103 2524 5142 non
2565 5087 2618 5141 in
2646 5083 2806 5141 rebus
2831 5085 3002 5157 solum
3029 5125 3044 5150 ,
3068 5083 3171 5139 sed
3213 5098 3281 5138 ne
3311 5083 3598 5157 in_cogita-

2023 5151 2169 5230 tione
2207 5151 2421 5230 quidem
2449 5157 2545 5230 evel
2573 5171 2733 5230 sensu
2773 5155 2999 5230 inveniri
3045 5162 3251 5230 potest,
3285 5161 3346 5230 ut_
3369 5151 3598 5230 humana

2023 5221 2271 5300 eogitatio
2317 5229 2490 5300 possit.
2531 5221 3284 5300 apprehendereluqnornodo
3333 5221 3599 5292 ingenitus

2023 5294 2166 5354 Deus
2197 5294 2358 5355 Pate'r
2383 5294 2614 5354 etiicrtur
2640 5296 2898 5367 unigeniti
2941 5295 3089 5367 Filii.
3129 5294 3224 5349 Est
3270 5295 3341 5367 ita
3369 5307 3599 5367 namque

2026 5380 2224 5424 acterna
2251 5385 2316 5425 ac
2340 5367 2661 5436 sempiterna
2701 5363 2975 5436 generatio
2999 5407 3015 5433 ,
3040 5365 3186 5436 sicut
3229 5363 3481 5436 splendor
3508 5377 3601 5433 ge-

1980 5444 1982 5446 ’
2024 5449 2245 5496 neratur
2269 5455 2336 5494 ex
2359 5433 2498 5492 luce.
2545 5436 2662 5492 Non
2694 5433 2836 5492 enim
2866 5451 2963 5507 per
2986 5433 3326 5504 adoptionem
3346 5433 3596 5507 spiritus,

2023 5510 2192 5566 Filius
2215 5510 2275 5564 tit
2301 5508 2663 5565 exstrinsecus
2694 5525 2707 5561 :
2737 5507 2832 5564 sed
2852 5503 3040 5563 natura
3086 5503 3254 5562 Filius
3280 5503 3389 5560 est.
3409 5503 3600 5558 Videa-

2023 5596 2144 5636 mus
2165 5589 2341 5635 tamen
2382 5581 2652 5648 quomodo
2678 5579 2795 5634 haec
2823 5595 2942 5650 qua:
2963 5579 3190 5650 dicimus
3209 5577 3368 5650 etiam
3405 5574 3598 5650 digium

2023 5653 2315 5725 Scriptura:
2340 5645 3007 5725 auctoril:I_te_mttniantur.
3047 5648 3137 5703 Ait
3163 5646 3434 5725 apostelus
3459 5645 3602 5725 Pau-

2023 5723 2108 5779 lus
2132 5714 2163 5789 ,’
2196 5721 2528 5792 unigenitum
2577 5720 2769 5776 Filium
2817 5719 3102 5790 imaginem
3144 5714 3265 5792 esse
3319 5714 3601 5792 invisibilis

2025 5793 2155 5867 Dei,
2213 5801 2269 5848 et
2296 5789 2731 5867 primogenitum
2773 5807 2898 5847 eum
2932 5789 3084 5846 ’esse
3130 5789 3291 5867 totius
3339 5791 3600 5867 ereatui'ie

2030 5861 2250 5940 (Colore.
2276 5855 2462 5936 1,15).
2491 5855 2576 5924 Ad
2602 5861 2858 5923 Hebraeos
2882 5876 3010 5922 vero
3057 5859 3297 5922 scribens
3321 5855 3392 5917 de
3417 5871 3484 5917 eo
3507 5855 3594 5917 die
