4072 6496
530 360 667 427 1179

528 486 621 553 cit,
649 485 796 571 quod
829 486 899 543 sit
925 486 1164 555 splendor
1176 487 1361 613 gloria:
1380 521 1397 551 ,
1422 491 1491 568 et
1517 485 1947 567 ﬁguraexpressa
1982 486 2101 567 sub-

528 566 723 613 stantia:
748 575 859 613 eius
887 558 1070 613 (Hebr.
1114 574 1152 613 ι.
1215 559 1252 613 l.
1304 556 1605 612 Invenimus
1634 565 1793 611 etiam
1826 556 2100 611 mlnlomt-

527 555 723 614 stantia:
748 560 859 627 ejus
887 558 1070 625 (Hebr.
1114 574 1152 624 ι,
1176 555 1264 627 5),
1304 555 1605 612 Invenimus
1634 555 2100 627 etiamnihilomi-

527 637 627 684 nus
662 630 714 683 in
758 625 1046 699 Sapientia,
1072 625 1409 699 quzedicitur
1438 627 1763 699 Salomonis,
1788 626 2104 699 descriptio-

527 715 648 755 nem
671 697 952 769 quamdam
974 700 1039 754 de
1070 699 1163 753 Dei
1187 698 1610 769 Sapientia,iboc
1628 698 1786 752 modo
1818 697 2099 769 scriptam;

539 766 705 842 Vapor
723 782 793 826 est
822 772 970 835 enim,
1005 771 1206 839 inquit,
1235 766 1442 842 _t3irtutis
1475 768 1571 842 Dei
1593 810 1607 836 ,
1660 778 1705 823 et
1733 766 1999 842 énbﬁﬁota,
2018 766 2100 842 _id

522 838 638 908 est,
698 842 945 911 emanatio
996 838 1171 911 gloria:
1220 840 1589 909 Omnipotentis
1618 840 1922 911 purissima.
1978 838 2101 894 ldeo

522 924 653 983 ergo
700 908 829 983 nihil
871 908 1312 983 commaculatum
1345 908 1397 965 in
1443 926 1558 965 eam
1612 908 1868 983 incidere
1900 918 2097 979 potest.

521 979 562 1037 S
574 979 783 1052 utentior
820 993 891 1036 est
914 982 1044 1037 enim
1074 981 1200 1036 lucis
1226 992 1456 1048 (elerum,
1490 991 1536 1052 et
1565 982 1822 1052 speculum
1851 979 2097 1052 immacu-

456 1118 461 1121 ι
518 1051 674 1107 latum
698 1054 1055 1122 inoperationis
1085 1053 1208 1117 Dei,
1238 1062 1284 1107 et
1326 1054 1491 1122 imago
1519 1051 1756 1105 bonitatis
1781 1052 1893 1122 ejus
1933 1051 2093 1121 (Sap.

457 1118 464 1164 ἐ
517 1124 720 1195 “1.25,
742 1112 870 1195 3'6).
900 1112 1223 1195 Sapientiam
1250 1140 1377 1179 vero
1427 1112 1521 1195 Dei
1547 1112 1817 1195 dicimus;
1852 1112 1989 1176 sicut
2010 1112 2099 1195 sue
2129 1148 2142 1195 ι

516 1190 693 1277 pet-ius
722 1190 1003 1277 diximus,
1044 1196 1439 1277 subsistentiam
1488 1193 1773 1248 habentem
1823 1205 1930 1277 non
1970 1190 2155 1277 alibi‘t

516 1266 617 1319 nisi
649 1266 702 1319 in
726 1281 789 1319 eo
813 1267 901 1335 qui
928 1276 1010 1321 est
1054 1266 1264 1321 initium
1293 1265 1566 1332 omnium,
1610 1278 1811 1335 exequo
1841 1271 1960 1316 nata
1994 1271 2094 1335 e_s_t.

515 1336 645 1406 Qua:
670 1332 938 1405 Sapientia
959 1379 972 1401 ,
1007 1338 1132 1406 quia
1158 1338 1269 1406 ipse
1289 1346 1372 1393 est
1397 1336 1486 1405 qui
1517 1342 1600 1390 est
1618 1332 1768 1390 solus
1788 1342 1973 1388 natura
1999 1332 2092 1389 Fi-

514 1405 647 1471 lius,
680 1406 878 1477 idcirco
908 1417 963 1463 et
992 1405 1308 1477 Unigenitus
1337 1408 1550 1477 dicitur.

582 1475 804 1541 CAPUT
834 1478 925 1533 XI.
945 1509 1013 1518 —
1037 1474 1252 1534 Verbum
1269 1479 1433 1548 imago
1452 1476 1643 1548 Patris.
1669 1474 1953 1548 Videamus
1965 1489 2100 1548 sane

510 1548 635 1619 ghid
650 1548 870 1619 intelligi
883 1548 1239 1619 debeatetiam
1257 1549 1324 1605 de
1340 1546 1460 1615 hoc,
1480 1548 1619 1618 quod
1632 1547 1805 1619 imago
1822 1546 2100 1602 invisibilis

478 1642 485 1645 ν
510 1608 604 1688 Dei
626 1608 915 1685 diciturrut
933 1636 1026 1687 per
1042 1620 1143 1677 hoc
1156 1608 1769 1688 advertamusquomodo
1787 1617 1929 1688 Deus
1954 1625 2099 1671 recte

509 1686 866 1743 Paterdicitur
878 1686 995 1746 Filii
1013 1692 1115 1746 sui.
1140 1692 1206 1745 Et
1224 1686 1617 1746 consideremus
1631 1688 1799 1759 primo
1816 1704 1880 1743 ex
1903 1687 2099 1759 iisquae

509 1760 893 1830 consuetudine
950 1762 1222 1816 hominum
1286 1761 1540 1830 imagines
1594 1759 1848 1828 appellari
1900 1758 2093 1830 solent.

509 1828 685 1901 imago
727 1831 989 1887 interdum
1029 1833 1223 1887 dicitur
1263 1848 1326 1887 ea
1375 1828 1493 1901 quae
1540 1831 1591 1884 in
1630 1829 1852 1901 materia
1880 1828 2053 1901 aliqua
2079 1869 2095 1894 ,

508 1899 702 1967 idest,
754 1902 881 1971 ligni
920 1905 1002 1959 vel
1043 1903 1228 1972 lapidis
1256 1899 1466 1972 depingi
1505 1901 1589 1956 vel
1628 1900 1797 1972 sculpi
1821 1900 1977 1955 solet.
2010 1899 2096 1954 lu-

508 1972 715 2025 terdum
733 1970 922 2042 imago
968 1970 1163 2027 dicitur
1188 1973 1302 2041 ejus
1330 1970 1619 2042 qui'genuit
1639 1970 1791 2042 isqui
1820 1979 1972 2025 natus
1990 1978 2091 2038 est,

506 2053 624 2111 cum
647 2043 699 2095 in
726 2040 819 2099 illo
850 2040 1247 2099 similitudinem
1268 2044 1285 2075 ¹
1313 2040 1629 2099 lineamenta
1658 2040 1773 2111 ejus
1793 2042 1881 2110 qui
1915 2042 2097 2111 genuit

506 2110 560 2165 in
614 2127 679 2167 eo
730 2114 820 2183 qui
867 2123 1021 2169 natus
1064 2124 1149 2170 est
1172 2114 1521 2169 mentiuntur.
1577 2110 1713 2167 Puto
1742 2126 1892 2183 ergo
1926 2110 2097 2183 posse

504 2183 670 2251 priori
719 2181 931 2253 quidem
980 2186 1225 2255 exemplo
1276 2185 1444 2253 aptari
1496 2199 1618 2255 eum
1662 2182 1751 2252 qui
1797 2181 1865 2255 ad
1911 2181 2095 2255 imagi-

504 2268 626 2324 nem
648 2262 701 2309 et
729 2255 1124 2312 similitudinem
1138 2253 1246 2311 'Dei
1272 2256 1470 2324 primus
1490 2253 1660 2309 factus
1685 2262 1768 2308 est
1796 2253 2090 2318 hominum,

504 2323 571 2396 de
599 2340 718 2396 equo
755 2325 1077 2396 diligentius,
1110 2326 1219 2381 Deo
1272 2323 1511 2391 favente,
1568 2340 1686 2396 cum
1720 2324 2094 2396 locumipsum

503 2394 556 2468 ljn
584 2394 777 2451 Genesi
818 2394 1082 2468 eiponere
1124 2397 1474 2468 coeperimus.
1538 2394 1853 2468 videbimus.
1893 2394 2094 2449 Secun-

502 2462 587 2520 dae
642 2481 768 2521 vero
814 2462 1395 2539 comparationi-imago
1423 2468 1542 2539 Filii
1577 2466 1700 2531 Dei,
1730 2464 1797 2519 de
1822 2480 1928 2539 quo
1952 2478 2093 2539 nunc

503 2550 681 2609 sermo
721 2548 837 2609 est,
868 2533 1165 2607 comparari
1212 2533 1382 2609 potest
1405 2579 1421 2605 ,
1453 2538 1611 2593 etiam
1642 2533 1933 2609 secundum
1987 2533 2090 2590 hoc

502 2608 641 2676 quod
671 2607 949 2666 invisibilis
978 2605 1073 2665 Dei
1120 2605 1396 2666 invisibilis
1445 2609 1615 2679 imago
1664 2615 1775 2679 est.
1811 2605 1957 2662 Sicut
2004 2620 2091 2679 se-

502 2679 733 2733 cundum
780 2679 1056 2735 historiam
1104 2682 1331 2735 dicimus
1379 2676 1658 2747 imaginem
1698 2676 1827 2731 Adae
1861 2692 1981 2731 esse
2030 2676 2091 2730 li-

502 2747 630 2821 lium
657 2748 770 2817 ejus
790 2748 937 2805 Seth.
964 2752 1039 2806 lta
1067 2754 1206 2806 enim
1224 2751 1478 2821 scriptum
1507 2757 1610 2815 est,
1634 2748 1700 2801 Et
1725 2748 1892 2821 genuit
1924 2747 2090 2821 Adam

504 2818 633 2873 Set/1
672 2822 946 2892 seeundum
1000 2822 1269 2892 imaginem
1293 2818 1466 2884 suam,
1495 2830 1544 2892 et
1580 2819 1852 2872 secundum
1874 2818 2089 2892 speciei):

501 2904 656 2961 suam,
676 2890 830 2961 (Gen.
859 2908 910 2956 v,
941 2893 1017 2961 ὅ).
1077 2887 1205 2959 Quae
1237 2892 1408 2961 imago
1438 2891 1594 2945 etiam
1626 2899 1824 2943 naturae
1840 2902 1935 2961 -ac
1964 2887 2088 2961 sub-

501 2956 709 3015 stantife
763 2961 939 3017 Patris
965 2956 1027 3017 ac
1054 2956 1173 3018 Filii
1221 2956 1457 3016 continet
1505 2961 1785 3015 unitatem.
1836 2956 1892 3013 Si
1941 2958 2085 3013 enim

499 3032 679 3085 omnia
705 3047 823 3101 quae
853 3032 977 3087 fecit
1006 3033 1163 3089 Pater
1184 3074 1196 3096 ,
1242 3033 1357 3086 hcce
1387 3042 1442 3086 et
1473 3030 1639 3086 Filius
1688 3029 1933 3101 similiter
1960 3028 2088 3101 facit

525 3101 679 3155 Joan.
713 3100 764 3164 v,
795 3102 905 3173 l9);
938 3104 989 3157 in
1026 3118 1091 3158 eo
1119 3103 1258 3173 quod
1299 3103 1370 3156 ita
1397 3102 1520 3157 fecit
1541 3101 1716 3173 omnia
1756 3100 1922 3173 Filius
1948 3100 2085 3173 sicut

544 3182 680 3236 ater,
728 3170 900 3242 imago
929 3173 1103 3228 Patris
1127 3170 1457 3229 deformatur
1482 3173 1533 3225 in
1566 3170 1733 3238 Filio,
1783 3170 1873 3240 qui
1899 3171 2084 3239 utique

499 3251 655 3297 natus
681 3257 747 3313 ex
792 3241 857 3297 eo
882 3253 964 3297 est
993 3246 1137 3299 velut
1177 3242 1416 3313 quaedam
1464 3241 1707 3313 voluntas
1738 3242 1758 3271 ³
1779 3257 1867 3313 Δεεις
1900 3249 2082 3313 mente

502 3312 811 3384 procedens.
867 3314 934 3368 Et
959 3315 1078 3369 ideo
1109 3309 1209 3384 ego
1236 3312 1465 3367 arbitror
1484 3353 1497 3376 ,
1521 3311 1668 3384 quod
1708 3309 1952 3384 sufficere
1982 3310 2081 3384 de-

499 3383 624 3437 beat
652 3385 894 3438 voluntas
944 3385 1117 3440 Patris
1140 3381 1206 3439 ad
1233 3382 1626 3438 subsistendum
1658 3381 1759 3437 hoc
1786 3381 1928 3450 quod
1973 3381 2082 3435 vult

420 3486 423 3487 ν
498 3452 675 3508 Pater.
698 3452 896 3509 Volens
924 3458 1064 3510 enim
1096 3470 1201 3510 non
1228 3455 1329 3508 alia
1354 3454 1435 3508 via
1464 3454 1644 3513 utitur,
1675 3452 1775 3505 nisi
1804 3468 1921 3521 qum
1950 3466 2081 3506 con-

497 3524 619 3579 silio
651 3524 934 3580 voluntatis
967 3527 1252 3594 profertur.
1286 3525 1360 3579 lta
1390 3540 1515 3594 ergo
1532 3533 1596 3594 et
1614 3522 1829 3594 Filiieab
1857 3537 1923 3577 eo
1949 3521 2077 3594 sub-

497 3596 734 3650 sistentia
754 3592 1058 3665 generatur,
1089 3596 1229 3665 quod
1248 3592 1471 3651 necesse
1485 3603 1567 3648 est
1586 3593 1638 3665 in
1670 3592 1856 3663 primis
1882 3593 2077 3659 suscipi

496 3666 565 3719 ab
594 3666 678 3721 his
714 3668 803 3735 qui
833 3667 964 3720 nihil
995 3664 1287 3736 ingenitum
1308 3708 1322 3733 ,
1354 3666 1403 3719 id
1429 3673 1513 3736 est
1533 3705 1546 3728 ,
1603 3664 1837 3736 innatum
1883 3673 2077 3731 praeter

494 3736 666 3789 solum
700 3733 866 3790 Deum
897 3733 1126 3790 fatentur
1151 3736 1382 3790 Patrem.
1415 3733 1815 3789 Observandum
1848 3748 2075 3801 namque

497 3815 615 3869 est,
644 3820 712 3859 ne
740 3807 859 3875 quis
890 3808 1123 3861 incurrat
1148 3806 1198 3859 in
1229 3806 1345 3859 illas
1376 3804 1643 3875 absurdas
1664 3802 1868 3857 fabulas
1889 3818 2073 3875 eorum

494 3877 585 3946 qui
607 3873 928 3945 prolationes
957 3877 1212 3946 (piasdam
1241 3876 1341 3930 sibi
1369 3875 1497 3944 ipsis
1527 3874 1852 3946 depingunt,
1862 3880 1919 3926 ut
1944 3873 2076 3927 divi-

496 3942 619 3999 nam
647 3956 887 4000 naturam
936 3942 990 4000 in
1029 3957 1204 4015 partes
1248 3942 1478 4009 vocent,
1533 3942 1778 4015 et’Deum
1822 3942 2070 4015 Patrem,

495 4026 751 4085 quantum
806 4018 859 4070 in
906 4033 965 4072 se
994 4012 1109 4084 est,
1141 4017 1415 4073 dividant:
1448 4031 1569 4069 cum
1600 4015 1700 4068 hoc
1727 4014 1793 4069 de
1824 4012 2073 4082 incorpo-

496 4100 588 4155 rea
634 4095 821 4139 natura
848 4087 935 4141 vel
961 4088 1149 4143 leviter
1191 4086 1448 4155 suspicari
1477 4102 1579 4140 non
1621 4085 1789 4155 solum
1819 4094 2073 4139 extrema:

496 4154 781 4224 impietatis
806 4157 894 4221 sit,
924 4173 1108 4212 verum
1148 4154 1310 4214 etiam
1358 4157 1558 4209 ultima:
1590 4154 1939 4224 insipientize,
1972 4170 2072 4211 nec

496 4225 715 4279 omnino
744 4225 827 4280 vel
856 4227 1255 4295 intelligentiam
1281 4241 1637 4294 consequens,
1660 4234 1718 4279 ut
1746 4225 2071 4295 incorporea:

495 4304 699 4350 naturae
742 4294 1112 4352 substantialis
1155 4297 1346 4352 divisio
1390 4296 1555 4365 possit
1610 4295 1851 4365 intelligi.
1898 4294 2071 4364 Magis

494 4381 624 4436 ergo
643 4367 781 4422 sicut
806 4368 1053 4423 voluntas
1080 4368 1320 4437 procedit
1347 4382 1413 4422 ex
1437 4374 1645 4437 mente,
1676 4373 1730 4420 et
1746 4380 1917 4435 neque
1946 4380 2071 4434 par-

492 4435 605 4491 tem
630 4438 828 4508 mentis
873 4435 1101 4508 aliquam
1132 4449 1312 4505 secat,
1363 4453 1535 4508 neque
1584 4435 1651 4491 ab
1693 4452 1755 4508 ea
1796 4446 2072 4508 separatur

493 4515 589 4579 aut
610 4507 864 4563 dividitur
885 4549 900 4572 ,
932 4506 1024 4563 tali
1056 4510 1270 4579 quidem
1306 4506 1483 4578 specie
1514 4506 1775 4578 putandus
1805 4515 1889 4561 est
1913 4506 2071 4579 Pater

493 4575 685 4650 Filium
712 4580 993 4647 genuisse,
1042 4575 1571 4650 imaginem—scilicet
1609 4592 1759 4650 suam
1796 4595 1807 4630 :
1839 4586 1896 4630 ut
1934 4577 2072 4631 sicut

492 4647 608 4719 ipse
629 4650 908 4704 invisibilis
935 4660 1016 4705 est
1036 4665 1132 4719 per
1152 4647 1415 4715 naturam,
1446 4652 1518 4704 ita
1550 4649 1831 4719 imaginem
1858 4662 2071 4719 quoque

492 4718 818 4791 invisibilem
846 4718 1108 4791 genuerit.
1130 4720 1364 4775 Verbum
1385 4722 1524 4774 enim
1553 4728 1634 4774 est
1658 4718 1698 4791 If
1703 4719 1845 4784 ilius,
1876 4728 1929 4773 et
1951 4718 2071 4773 ideo

493 4788 628 4861 nihil
659 4790 711 4843 in
743 4805 809 4845 eo
833 4788 1085 4847 sensibile
1115 4791 1511 4861 intelligendum
1542 4799 1641 4861 est.
1672 4789 1939 4861 Sapientia
1967 4797 2067 4861 est,

491 4868 546 4915 et
571 4860 622 4913 in
646 4861 905 4929 sapientia
933 4862 1063 4916 nihil
1088 4858 1401 4930 corporeum
1424 4858 1798 4927 suSpicandum
1826 4869 1927 4913 est.
1960 4858 2069 4912 Lu-

490 4944 605 5002 men
651 4941 725 4984 est
763 4948 936 4986 verum
959 4975 974 4999 ,
1002 4933 1138 5002 quod
1178 4929 1431 5002 illuminat
1472 4946 1670 5002 onmem
1693 4929 1961 5002 ﬂaminem
1987 4944 2073 5002 re-

493 5000 711 5055 nientem
756 5004 809 5056 in
855 5005 990 5057 Imm:
1015 4999 1262 5073 mundum
1293 5000 1402 5073 (Id.
1434 5017 1472 5068 1,
1504 4999 1582 5073 9):
1616 4999 1710 5073 sed
1751 5000 1879 5053 nihil
1913 4999 2073 5053 habet

489 5086 777 5127 commune
803 5074 869 5127 ad
899 5072 1025 5128 solis
1070 5072 1228 5142 hujus
1255 5070 1454 5127 lumen.
1492 5072 1565 5141 (a)
1617 5070 1794 5139 Imago
1839 5084 1964 5139 ergo
1991 5078 2073 5142 est

494 5144 775 5199 invisibilis
806 5145 898 5199 Dei
947 5145 1118 5198 Patris
1144 5140 1404 5199 Salvator
1447 5140 1629 5196 uester
1660 5158 1672 5194 :
1705 5149 1961 5210 quantum
2004 5140 2073 5193 ad

492 5214 665 5284 ipsum
696 5214 909 5283 quidem
955 5215 1171 5270 Patrem
1220 5216 1446 5277 veritas,
1502 5219 1756 5282 quantum
1798 5220 1975 5265 autem
2004 5210 2071 5263 ad

492 5300 593 5339 nos
617 5286 810 5355 quibus
852 5286 1056 5341 revelat
1085 5286 1296 5342 Patrem
1320 5328 1332 5351 ,
1363 5285 1537 5354 imago
1561 5290 1642 5336 est
1669 5296 2073 5355 per_q_ua_m__co-

489 5349 794 5429 gnoseimus
820 5357 1051 5429 Patrem,
1078 5374 1224 5429 quem
1253 5349 1405 5429 nemo
1418 5349 1555 5429 alius
1578 5349 1831 5429 novit‘eis’i
1852 5349 2031 5429 filius
2051 5392 2067 5417 ,

489 5419 537 5481 Et
568 5428 647 5478 cui
667 5428 879 5481 voluerit
903 5419 1070 5483 Filius
1090 5419 1313 5482 revelare
1351 5426 1566 5494 (Matth.
1599 5440 1671 5489 ιι,
1706 5419 1821 5494 27).
1852 5421 2072 5494 Revelat

492 5505 672 5552 autem
706 5513 800 5566 per
849 5499 950 5553 hoc
976 5499 1115 5566 quod
1161 5500 1275 5566 ipse
1330 5492 1655 5565 intelligitur.
1702 5497 1748 5548 A
1776 5492 1895 5566 quo
1925 5492 2069 5547 enim

494 5570 608 5639 ipse
653 5564 814 5622 fuerit
858 5564 1194 5633 intellectus,
1253 5564 1642 5636 consequenter
1680 5564 1988 5635 intelligitur
2019 5570 2074 5618 et

560 5706 579 5737 ι
606 5710 736 5764 Mss,
760 5700 895 5751 nulla
932 5698 1314 5764 sindmudinum.
1337 5700 1591 5760 Origenes,
1630 5694 1679 5747 in
1714 5696 1860 5747 nullo.

557 5769 575 5797 ²
607 5762 1079 5873 Mss.addunt,ae{:us.
1430 5822 1440 5833 θ
1474 5830 1475 5833 η
1648 5822 1657 5832 ο
1754 5825 1763 5835 ι

557 5828 629 5873 fa)
653 5836 761 5873 llaec
782 5827 932 5873 verba
994 5832 1086 5873 iter
1102 5822 1329 5872 translata
1346 5834 1374 5870 a
1390 5828 1661 5873 uteronvnu
1689 5834 1763 5873 θυι

556 5828 629 5898 (a)
653 5836 761 5877 Haec
782 5827 932 5898 verba
947 5820 1086 5898 aliter
1102 5822 1331 5898 translata
1341 5834 1374 5898 ea
1390 5822 1661 5898 uierepymi
1689 5821 1892 5887 epistola
1912 5820 1976 5872 59
2008 5820 2071 5875 ad

491 5883 697 5951 Avitum,
715 5900 817 5951 cap.
846 5889 867 5937 l
884 5901 899 5952 ;
927 5894 979 5938 et
995 5892 1191 5949 august.
1215 5884 1279 5935 de
1296 5890 1477 5937 Haeres.
1494 5883 1573 5934 45.

1965 370 2332 435 APPENDIX.

3655 370 3795 432 {180

2224 484 2401 552 Pater,
2435 483 2727 556 secundum
2750 480 2850 539 hoc
2876 482 3014 554 quod
3043 483 3156 555 ipse
3180 483 3315 541 dixit
3339 524 3354 554 ,
3389 483 3493 551 Qui
3514 485 3642 541 vidit
3671 504 3787 556 me,

2211 556 2403 628 uiditet
2417 553 2642 628 _P_atr_ei_1_t
2670 555 2844 628 (Joan.
2870 553 2980 628 xlv,
3007 553 3086 628 9).

2279 623 2506 698 CAPUT
2545 624 2659 680 Xll.
2680 623 2753 667 L—
2778 627 3005 698 Cltristus
3031 623 3196 696 figura
3224 627 3517 682 substantia!
3539 638 3787 698 paterae.

2210 695 2314 750 Sed
2344 697 2591 765 quoniam
2624 711 2921 753 sermonem
2955 695 3101 753 Pauli
3133 697 3454 754 inseruimus
3479 695 3549 753 de
3575 699 3793 757 Christo

2208 766 2434 840 dicentis
2452 809 2465 832 ,
2491 767 2542 821 in
2566 782 2630 822 eo
2650 768 2907 840 quodait,
2940 769 3059 836 quia
3081 768 3322 840 splendor
3349 778 3421 825 est
3442 770 3622 840 gloria
3656 769 3754 825 Dei
3770 812 3792 840 ,

2208 846 2256 911 et
2285 838 2449 907 ﬁgura
2467 855 2702 911 expressa
2725 839 3017 911 substantia:
3040 838 3148 911 ejus
3177 838 3361 911 (Hebr.
3385 838 3533 911 1,3);
3568 841 3693 911 quid
3717 838 3793 899 de

2209 906 2685 978 hoc’sentiendum
2731 910 2830 973 sit,
2860 906 3152 965 videamus.
3183 906 3321 978 Deus
3351 906 3439 966 lux
3466 906 3560 978 est,
3584 906 3792 969 secun-

2206 977 2331 1053 dum
2360 978 2619 1053 Joannem
2651 978 2693 1050 (l
2730 972 2886 1053 Joan.
2932 996 2971 1053 ι,
2997 982 3073 1052 5).
3105 972 3372 1053 Splendor
3396 997 3524 1053 ergo
3548 972 3683 1037 lueis
3708 992 3797 1041 est

2206 1050 2507 1122 unigenitus
2522 1049 2708 1114 Filius,
2733 1066 2796 1122 ex
2820 1051 2935 1121 ipso
2962 1049 3409 1121 inseparabiliter,
3434 1049 3584 1108 velut
3608 1054 3795 1122 splen-

2213 1119 2304 1178 tlor
2329 1134 2392 1174 ex
2420 1120 2534 1175 luce
2558 1119 2873 1190 procedens,
2897 1131 2952 1177 et
2972 1119 3273 1177 illuminans
3299 1127 3601 1178 universam
3630 1119 3789 1180 crea-

2209 1198 2396 1245 turam.
2422 1189 2728 1264 Secundum
2755 1191 2857 1264 hoc
2886 1208 3113 1263 namque
3142 1195 3387 1264 superius
3416 1196 3791 1264 exposuimus,

2204 1261 2473 1383 Ψιοηιοείο
2518 1263 2599 1315 via
2631 1262 2698 1317 sit
2739 1271 2793 1318 et
2820 1263 2976 1318 ducat
3001 1261 3066 1318 ad
3112 1261 3369 1319 Patrem:
3414 1261 3791 1335 et'quomodo

2254 1333 2437 1383 erbmn
2477 1333 2563 1383 sit.
2597 1348 2787 1383 arcana
2832 1335 3103 1383 sanientim
3149 1344 3203 1383 et
3254 1335 3495 1383 scientim
3526 1337 3785 1383 musteria

2254 1333 2437 1386 erbum
2477 1333 2563 1399 sit,
2597 1335 3103 1406 arcana_sapienti:e
3149 1344 3203 1389 et
3254 1335 3495 1391 scientiae
3526 1333 3785 1406 mysteria

2204 1400 2580 1475 interpretans,
2610 1419 2671 1458 ac
2699 1400 2974 1472 proferens
3001 1406 3296 1460 rationabili
3318 1400 3619 1461 creatum}
3651 1420 3787 1475 quo-

2204 1472 2364 1529 modo
2384 1474 2541 1528 etiam
2567 1475 2782 1539 veritas,
2816 1476 2901 1530 vel
2925 1477 3029 1530 vita
3056 1485 3157 1541 est,
3179 1475 3261 1532 vel
3282 1477 3603 1532 resurrectio
3634 1472 3716 1531 est
3741 1479 3784 1529 ι.

2205 1543 2602 1617 Consequenter
2628 1546 2919 1617 intelligere
2965 1545 3218 1602 debemus
3272 1548 3434 1603 etiam
3484 1546 3793 1616 splendoris

2204 1614 2493 1689 opus._Per
2519 1614 2856 1689 splendorem
2886 1633 3114 1689 namque
3140 1617 3266 1689 quid
3311 1619 3382 1689 sit
3409 1614 3643 1689 lux—ipsa
3683 1632 3781 1672 co-

2203 1686 2550 1766 gnescituret
2590 1687 2835 1766 sentitur.
2883 1688 2984 1766 Qui
3028 1686 3279 1766 splendor
3304 1688 3578 1766 fragilibus
3628 1697 3789 1766 se_et

2204 1756 2431 1812 infirmis
2481 1756 2985 1829 mortaliumoculis
3032 1756 3287 1829 placidius
3330 1756 3409 1815 ac'
3436 1760 3611 1815 lenius
3639 1757 3783 1813 οπερ

2202 1841 2345 1892 rens,
2376 1837 2428 1882 et
2453 1828 2703 1896 paulatim
2727 1828 2871 1883 velut
2897 1828 3126 1884 edocens
3151 1839 3204 1885 et
3222 1844 3537 1885 assuescens
3562 1829 3785 1884 clarita-

2204 1907 2308 1971 tem
2336 1898 2547 1971 luminis
2575 1901 2678 1971 pati
2700 1941 2733 1971 ,ν
2764 1902 2995 1971 θωπικαὶ)
3024 1901 3101 1955 eis
3126 1901 3409 1956 dimoverit
3433 1916 3594 1971 omne
3637 1899 3779 1971 quod

2201 1969 2369 2041 visum
2401 1969 2616 2041 obducit
2644 1978 2697 2024 et
2725 1970 2965 2041 impedit,
2996 1971 3287 2041 secundum
3317 1971 3456 2041 quod
3504 1969 3785 2026 dixitDe-

2200 2039 2395 2108 minus,
2428 2040 2568 2112 Ejice
2597 2039 2817 2112 trabem?
2837 2042 2899 2095 de
2926 2042 3071 2112 oculo
3102 2052 3185 2096 tuo
3217 2039 3427 2110 (Matth.
3457 2058 3552 2106 vn,
3578 2043 3659 2112 5),
3688 2057 3782 2097 ca-

2200 2125 2357 2183 paces
2377 2110 2649 2183 eosefficit
2676 2110 2741 2183 ad
2768 2111 3153 2180 suscipiendam
3178 2114 3395 2183 gloriam
3422 2114 3575 2179 lucis,
3609 2110 3779 2167 etiam

2200 2181 2252 2234 in
2283 2185 2383 2236 hoc
2410 2182 2550 2236 velut
2571 2181 2782 2251 quidam
2813 2182 3072 2238 mediator
3098 2181 3367 2237 hominum
3392 2198 3453 2236 ac
3477 2183 3613 2237 lucis
3639 2183 3780 2237 etle—

2200 2260 2335 2306 ctus.
2386 2251 2578 2307 Verum
2626 2251 2872 2322 quoniam
2922 2269 3026 2307 non
3077 2254 3247 2307 solum
3296 2253 3535 2323 splendor
3578 2254 3778 2323 gloriae

2200 2336 2318 2377 esse
2343 2323 2534 2377 dicitur
2556 2323 2624 2395 ab
2656 2324 2924 2395 rApostolo
2943 2366 2957 2390 ,
3008 2324 3099 2395 sed
3125 2335 3178 2379 et
3205 2322 3367 2395 ﬁgura
3387 2339 3618 2395 expressa
3646 2322 3778 2395 sub-

2197 2394 2395 2467 stantiae
2416 2395 2495 2467 vel
2517 2393 2857 2467 subsistentia;
2882 2397 2988 2465 ejus
3021 2393 3211 2467 (Hebr.
3232 2393 3268 2460 ι’,
3303 2395 3378 2463 5);
3401 2409 3507 2449 non
3529 2393 3663 2467 mihi
3687 2393 3777 2467 vi-

2197 2462 2351 2519 detur
2375 2464 2527 2519 otiosi
2551 2479 2669 2518 csse
2708 2462 3040 2529 intellectus,
3074 2462 3351 2520 advertere
3370 2463 3638 2533 quomodo
3667 2464 3775 2519 alit

2200 2544 2392 2603 praeter
2441 2537 2607 2605 ipsam
2656 2534 2746 2589 Dei
2803 2535 3150 2591 subStantiam
3198 2535 3279 2590 vel
3333 2534 3769 2605 subsistentiam,

2197 2604 2541 2676 quacumque
2572 2605 2656 2659 illa
2708 2605 3001 2660 substantia
3033 2608 3112 2659 vel
3150 2606 3491 2676 subsistentia
3535 2604 3774 2671 dicitur,

2195 2674 2360 2746 ligura
2390 2674 2699 2730 substantia:
2728 2678 2844 2745 ejus
2870 2692 2988 2731 esse
3013 2676 3235 2731 dicatur.
3267 2678 3335 2732 Et
3377 2675 3495 2730 vide
3519 2690 3610 2746 ne,
3636 2677 3781 2730 forte

2234 2748 2443 2817 ueniam
2468 2746 2633 2801 Filius
2662 2746 2790 2813 Dei,
2815 2749 2903 2817 qui
2924 2756 2977 2802 et
3005 2746 3237 2803 Verbum
3266 2748 3382 2816 ejus
3410 2756 3465 2801 et
3490 2745 3764 2817 Sapientia

2237 2816 2405 2898 ieitue
2435 2817 2523 2898 qui
2550 2823 2604 2872 et
2640 2817 2788 2898 Seius
2816 2816 2960 2898 novit
2984 2817 3228 2898 Patrem,
3262 2827 3315 2874 et
3342 2816 3780 2898 revela_t.quibus

2193 2887 2304 2941 vult
2330 2887 2538 2958 (Matth.
2570 2904 2641 2949 xi,
2670 2888 2794 2958 27):
2836 2888 2888 2943 id
2917 2896 3035 2958 est,
3060 2890 3146 2957 qui
3169 2902 3390 2958 capaces
3412 2887 3567 2942 verbi
3606 2887 3779 2958 ipsius

2192 2965 2246 3011 et
2270 2930 2543 3027 sapientiae
2570 2930 2803 3024 iuerint,
2836 2930 3477 3028 s3eu°6ddiﬁii€f$§uui
3510 2930 3659 3028 quod
3686 2957 3770 3010 in-

2192 3028 2357 3100 telligi
2400 3038 2558 3100 atque
2584 3029 2829 3097 cognosci
2858 3030 3020 3085 Deum
3051 3031 3212 3099 facit,
3265 3030 3484 3100 ﬁguram
3515 3028 3764 3100 substan-

2193 3099 2280 3152 tiae
2308 3097 2392 3154 vel
2418 3097 2776 3155 subsistentia:
2806 3100 2920 3170 ejus
2962 3100 3168 3155 dicatur
3197 3097 3492 3169 exprimere
3518 3116 3531 3150 ε
3558 3097 3615 3170 id
3645 3108 3723 3153 est
3745 3138 3764 3160 ,

2189 3184 2310 3224 cum
2356 3171 2408 3224 in
2452 3170 2735 3240 semetipsa
2786 3169 3012 3239 primum
3057 3170 3309 3226 describit
3334 3169 3607 3240 Sapientia
3647 3183 3759 3236 quae

2188 3240 2426 3313 revelare
2455 3241 2567 3313 vult
2594 3242 2805 3313 eaeteris
2824 3283 2838 3307 ,
2891 3257 2956 3313 ex
2989 3243 3179 3313 quibus
3203 3241 3397 3297 abillis
3420 3240 3758 3309 cognoscitur

2187 3319 2241 3365 et
2256 3311 2571 3382 intelligitur
2597 3312 2738 3382 Deus
2768 3328 2780 3364 :
2810 3318 2863 3366 et
2892 3311 3021 3367 haec
3051 3313 3254 3368 dicatur
3298 3312 3463 3382 figura
3511 3322 3764 3382 expressa

2186 3381 2495 3453 substantiae
2523 3382 2637 3437 Dei.
2689 3380 2760 3439 Ut
2805 3392 2978 3437 autem
3012 3384 3218 3453 plenius
3241 3380 3415 3438 adhuc
3444 3380 3763 3453 intelligatur

2186 3452 2453 3520 quomodo
2477 3451 2719 3507 Salvator
2743 3453 2907 3521 figura
2930 3451 3342 3509 est'substantiaa
3363 3452 3449 3507 vel
3474 3451 3761 3505 subsisten-

2186 3522 2273 3577 tia:
2301 3522 2425 3588 Dei,
2459 3533 2669 3577 utamur
2694 3524 2852 3594 etiam
2880 3525 3127 3592 exemplo
3147 3566 3162 3589 ,
3209 3523 3347 3594 quod
3380 3522 3621 3592 quamvis
3650 3534 3763 3575 rem

2187 3609 2291 3647 non
2338 3594 2493 3662 plene
2536 3608 2635 3648 nec
2664 3593 2876 3662 proprie
2896 3594 3157 3663 signiticet
3181 3593 3247 3648 de
3275 3608 3377 3663 qua
3404 3594 3648 3661 agimus,
3676 3601 3759 3645 ta-

2183 3679 2305 3719 men
2336 3664 2401 3718 ad
2428 3664 2526 3718 hoc
2547 3664 2715 3719 solum
2744 3662 2982 3718 videatur
3008 3662 3336 3734 assumptum
3361 3704 3375 3727 ,
3398 3662 3551 3734 quod
3573 3663 3761 3734 exitia-

2180 3734 2337 3812 niens
2361 3749 2417 3789 se
2442 3734 2607 3812 Filius
2626 3735 2714 3812 qui
2736 3735 2924 3812 eratin
2956 3734 3120 3789 forma
3144 3732 3236 3812 ne;
3259 3732 3519 3812 (Philipp.
3544 3747 3631 3812 n,_
3662 3732 3767 3812 6A),

2182 3818 2289 3873 pcr'
2309 3805 2473 3873 ipsam
2503 3806 2583 3859 sui
2622 3803 3035 3861 exinanitionem
3064 3805 3261 3859 studuit
3286 3805 3438 3859 nobis
3466 3803 3769 3857 divinitatis

2181 3874 2565 3944 plenitudinem
2595 3875 2984 3931 demonstrare.
3014 3875 3174 3930 Verbi
3200 3875 3374 3944 gratia
3403 3891 3415 3926 :
3446 3874 3493 3929 si
3519 3873 3657 3927 facta
3680 3888 3771 3927 es-

2181 3954 2263 4000 set
2289 3946 2461 4015 aliqua
2482 3955 2650 4000 statua
2681 3948 2799 4000 talis
2818 3961 2937 4016 quae
2962 3945 3322 4016 magnitudine
3345 3946 3423 3999 sui
3440 3944 3768 4016 universum

2181 4013 2546 4086 orbcm’terrre
2573 4025 2783 4071 teneret
2805 4013 2852 4084 ,’
2876 4025 2928 4072 et
2956 4013 3160 4086 pro'sui
3208 4015 3565 4071 immensitate
3587 4013 3773 4069 consi-

2181 4085 2358 4156 derari
2396 4102 2425 4140 a
2452 4086 2592 4140 nullo
2640 4096 2847 4156 posset,
2897 4085 3047 4141 fieret
3068 4097 3242 4141 autem
3264 4086 3366 4140 alia
3390 4094 3564 4139 statua
3596 4098 3772 4138 mem-

2178 4155 2396 4211 brorum
2424 4156 2606 4211 habitu
2635 4155 2697 4212 ac
2721 4160 2896 4212 vultus
2922 4157 3256 4212 lineamentis
3274 4198 3291 4223 ,
3339 4157 3516 4225 specie
3542 4168 3608 4208 ac
3647 4168 3772 4208 ma—

2182 4228 2315 4298 teria
2343 4242 2437 4297 per
2468 4229 2644 4283 omnia
2688 4228 2878 4298 similis
2904 4225 3103 4298 absque
3132 4226 3509 4298 magnitudinis
3530 4226 3764 4298 immenv

2179 4294 2367 4363 sitate',
2421 4312 2515 4367 pro
2558 4313 2624 4354 eo
2652 4307 2710 4353 ut
2751 4297 2840 4368 qui
2871 4294 3034 4368 illam’
3059 4294 3371 4353 immensam
3418 4294 3777 4368 considerare

2180 4376 2338 4437 atque
2367 4363 2557 4423 intueri
2579 4383 2683 4423 non
2716 4363 2957 4438 possent,
2991 4367 3127 4423 hanc
3150 4366 3558 4438 videntesillam
3583 4379 3645 4419 se
3667 4363 3770 4419 vi-

2179 4436 2323 4509 disse
2367 4436 2732 4505 considerent,
2768 4454 2862 4509 pro
2889 4454 2953 4494 eo
2981 4439 3121 4509 quod
3148 4440 3325 4495 omnia
3349 4479 3365 4502 ,
3394 4436 3445 4491 id
3471 4445 3555 4491 est
3581 4448 3771 4509 mem—

2179 4456 2323 4493 uisse
2367 4456 2732 4505 consuaerent,
2803 4456 2862 4493 ro
2889 4456 2953 4494 eo
2981 4456 3121 4509 quoa
3148 4456 3325 4495 omnia
3349 4479 3365 4502 ,
3394 4456 3445 4491 iu
3471 4456 3555 4491 est
3582 4456 3771 4495 meiu—

2178 4508 2398 4564 brorum
2428 4509 2511 4564 vel
2552 4510 2729 4563 vultus
2768 4456 3087 4565 lineamenta
3112 4551 3127 4575 ,
3176 4510 3260 4563 vel
3311 4508 3480 4578 ipsam
3525 4506 3774 4575 speciem

2179 4579 2563 4649 materiamque
2584 4579 2924 4635 similitudine
2949 4595 3163 4649 prorsus
3179 4578 3463 4649 indiscreta
3486 4585 3766 4649 servaret;

2181 4649 2273 4703 tali
2324 4646 2548 4720 quadam
2576 4651 2918 4705 similitudine
2945 4646 3260 4705 exinaniens
3284 4663 3343 4703 se
3368 4646 3776 4720 Filius‘Deide

2181 4717 2482 4799 atqualitate
2505 4721 2699 4799 “Patris
2724 4762 2737 4786 ,
2789 4728 2842 4775 et
2888 4721 3051 4799 viam_
3075 4721 3231 4799 nobis
3274 4717 3771 4799 cognitioa’is‘ejns

2182 4787 2469 4845 ostendens
2499 4791 2662 4861 figura
2692 4804 2941 4859 expressa
2973 4791 3283 4845 substantia:
3326 4787 3440 4857 ejus
3477 4787 3726 4861 efficitur
3760 4804 3777 4841 :

2181 4862 2352 4931 utqui
2400 4862 2453 4915 in
2501 4858 2861 4930 magnitudine
2903 4862 3158 4917 claritatis
3186 4861 3344 4931 suaea
3376 4859 3606 4929 positam
3647 4858 3777 4931 glo-

2182 4927 2315 5001 riam
2366 4947 2527 4986 mera:
2555 4927 2687 4986 lucis
2736 4946 2841 4985 non
2874 4941 3177 5001 poteramus
3206 4927 3480 5001 aspice—re,
3503 4999 3510 5001 _
3532 4941 3646 5001 per_
3666 4927 3781 5001 hoc

2179 5000 2323 5071 quod
2350 5002 2600 5071 splendor
2641 5002 2792 5056 nobis
2818 4998 3047 5057 efficitur
3070 5045 3082 5066 ,
3116 4998 3382 5057 intuendae
3410 4998 3606 5071 divinae
3631 4998 3779 5052 lucis

2180 5070 2320 5126 viam
2344 5113 2357 5137 ,
2382 5070 2485 5142 per
2505 5073 2802 5142 splendoris
2831 5076 3105 5144 capiamus
3134 5080 3434 5142 aspectum.
3461 5070 3778 5144 _(_1_ompara-

2182 5144 2256 5214 tio
2281 5138 2407 5197 sane
2433 5144 2499 5198 de
2524 5138 2711 5199 statuis
2755 5138 2914 5214 quasi
2953 5145 3003 5198 in
3032 5138 3215 5198 rebus'
3232 5139 3599 5214 corporalibus
3619 5138 3641 5169 ³
3677 5152 3788 5214 ροτ

2183 5213 2283 5285 sita
2308 5254 2323 5279 ,
2376 5215 2440 5285 ad
2471 5214 2601 5285 nihil
2632 5208 2791 5270 aliud.
2820 5215 3105 5285 recipiatur
3133 5208 3387 5285 quamad
3434 5212 3537 5265 hoc
3564 5252 3581 5285 ,_
3626 5208 3791 5285 quod

2181 5282 2349 5339 Filius
2379 5284 2469 5339 Dei
2498 5284 2808 5340 brevissime
2834 5279 3064 5340 insertus
3102 5279 3316 5338 humani
3369 5281 3614 5350 corporis
3660 5279 3789 5335 for-

2183 5370 2311 5426 mre,
2339 5371 2405 5410 cx
2449 5369 2671 5423 operum
2699 5356 3015 5426 virtutisque
3054 5354 3407 5426 similitudine
3425 5393 3439 5417 ,
3467 5351 3566 5426 Dei
3596 5351 3798 5426 Patris

2183 5424 2236 5479 in
2278 5421 2335 5479 se
2360 5421 2673 5480 immensam
2703 5438 2861 5496 atque
2884 5421 3201 5481 invisibilem
3228 5422 3652 5496 magnitudinem
3683 5421 3799 5475 de-

2184 5496 2443 5565 signabat,
2476 5511 2569 5564 per
2598 5495 2699 5551 hoc
2745 5492 2884 5566 quod
2909 5497 3117 5566 dicebat
3163 5496 3252 5566 ad_
3273 5492 3580 5566 discipulos
3596 5508 3754 5566 (suos
3780 5533 3797 5557 ,

2223 5563 2324 5632 uia,
2361 5565 2461 5632 Qui
2480 5563 2602 5621 uidit
2630 5585 2724 5633 me,
2754 5563 2873 5620 uidit
2892 5577 2937 5621 et
2968 5565 3177 5620 Patrem
3197 5564 3379 5633 (Joan.
3411 5579 3521 5628 31v,
3555 5563 3639 5631 9);
3693 5574 3755 5617 et
3780 5604 3798 5628 ,

2215 5636 2317 5707 Ego,
2349 5647 2393 5690 et
2416 5636 2571 5691 Pater
2592 5655 2745 5691 unum
2771 5654 2943 5691 sumus
2964 5636 3075 5708 (1d.
3110 5654 3166 5705 Χ,
3330 5633 3532 5701 Quibus
3555 5643 3615 5689 et
3647 5634 3800 5689 illud

2248 5756 2264 5785 ι
2298 5758 2425 5811 Mss,
2450 5753 2617 5815 oratio.
2672 5759 2809 5815 Forte
2832 5765 2938 5815 pro,
2964 5750 3104 5804 ratio.

2246 5818 2267 5848 ι
2301 5822 2425 5874 Mss.,
2453 5812 2708 5864 divinitatis
2729 5812 2846 5864 sine:

2251 5878 2272 5910 ⁸
2302 5873 2431 5939 uss,
2454 5873 2794 5932 materialibus.
