  <div class='ocr_page' id='page_1' title='image "/cluster/home/n/w/nwhite01/storage/ocr_20150623/42/hvd.32044015471493/598.png"; bbox 0 0 4126 6448; ppageno 0'>
   <div class='ocr_carea' id='block_1_1' title="bbox 298 6141 328 6176">
    <p class='ocr_par' dir='ltr' id='par_1_1' title="bbox 298 6141 328 6176">
     <span class='ocr_line' id='line_1_1' title="bbox 298 6141 328 6176; baseline 0 0"><span class='ocrx_word' id='word_1_1' title='bbox 298 6141 328 6176; x_wconf 59' lang='grc' dir='ltr'>ει</span> 
     </span>
    </p>
   </div>
   <div class='ocr_carea' id='block_1_2' title="bbox 337 478 474 543">
    <p class='ocr_par' dir='ltr' id='par_1_2' title="bbox 337 478 474 543">
     <span class='ocr_line' id='line_1_2' title="bbox 337 478 474 543; baseline 0 0"><span class='ocrx_word' id='word_1_2' title='bbox 337 478 474 543; x_wconf 73' lang='grc'><strong>1185</strong></span> 
     </span>
    </p>
   </div>
   <div class='ocr_carea' id='block_1_3' title="bbox 335 591 1918 670">
    <p class='ocr_par' dir='ltr' id='par_1_3' title="bbox 335 591 1918 670">
     <span class='ocr_line' id='line_1_3' title="bbox 335 591 1918 670; baseline -0.006 -12"><span class='ocrx_word' id='word_1_3' title='bbox 335 602 488 658; x_wconf 79' lang='lat' dir='ltr'><strong>variis</strong></span> <span class='ocrx_word' id='word_1_4' title='bbox 513 591 900 670; x_wconf 75' lang='lat' dir='ltr'><strong>operationibus.</strong></span> <span class='ocrx_word' id='word_1_5' title='bbox 927 591 997 649; x_wconf 87' lang='lat' dir='ltr'><strong>Et</strong></span> <span class='ocrx_word' id='word_1_6' title='bbox 1029 592 1102 670; x_wconf 80' lang='lat' dir='ltr'><strong>ita</strong></span> <span class='ocrx_word' id='word_1_7' title='bbox 1135 593 1410 670; x_wconf 70' lang='lat' dir='ltr'><strong>sciendum</strong></span> <span class='ocrx_word' id='word_1_8' title='bbox 1440 595 1455 626; x_wconf 85' lang='grc'>¹</span> <span class='ocrx_word' id='word_1_9' title='bbox 1477 604 1578 670; x_wconf 77' lang='lat' dir='ltr'><strong>est,</strong></span> <span class='ocrx_word' id='word_1_10' title='bbox 1609 594 1750 670; x_wconf 80' lang='lat' dir='ltr'><strong>quod</strong></span> <span class='ocrx_word' id='word_1_11' title='bbox 1780 592 1918 670; x_wconf 83' lang='lat' dir='ltr'><strong>sicut</strong></span> 
     </span>
    </p>
   </div>
   <div class='ocr_carea' id='block_1_4' title="bbox 336 665 1912 740">
    <p class='ocr_par' dir='ltr' id='par_1_4' title="bbox 336 665 1912 740">
     <span class='ocr_line' id='line_1_4' title="bbox 336 665 1912 740; baseline -0.009 -10"><span class='ocrx_word' id='word_1_12' title='bbox 336 673 504 730; x_wconf 88' lang='lat' dir='ltr'><strong>Filius</strong></span> <span class='ocrx_word' id='word_1_13' title='bbox 531 665 621 740; x_wconf 81' lang='lat' dir='ltr'><strong>qui</strong></span> <span class='ocrx_word' id='word_1_14' title='bbox 662 667 809 722; x_wconf 90' lang='lat' dir='ltr'><strong>solus</strong></span> <span class='ocrx_word' id='word_1_15' title='bbox 834 665 1121 740; x_wconf 77' lang='lat' dir='ltr'><strong>cognoscit</strong></span> <span class='ocrx_word' id='word_1_16' title='bbox 1141 665 1350 740; x_wconf 76' lang='lat' dir='ltr'><strong>Patrem</strong></span> <span class='ocrx_word' id='word_1_17' title='bbox 1370 707 1385 731; x_wconf 97' lang='lat'><strong>,</strong></span> <span class='ocrx_word' id='word_1_18' title='bbox 1418 666 1618 720; x_wconf 97' lang='lat' dir='ltr'><strong>revelat</strong></span> <span class='ocrx_word' id='word_1_19' title='bbox 1654 665 1738 740; x_wconf 82' lang='lat' dir='ltr'><strong>cui</strong></span> <span class='ocrx_word' id='word_1_20' title='bbox 1770 665 1912 740; x_wconf 81' lang='lat' dir='ltr'><strong>vult;</strong></span> 
     </span>
    </p>
   </div>
   <div class='ocr_carea' id='block_1_5' title="bbox 336 734 1917 810">
    <p class='ocr_par' dir='ltr' id='par_1_5' title="bbox 336 734 1917 810">
     <span class='ocr_line' id='line_1_5' title="bbox 336 734 1917 810; baseline -0.009 -9"><span class='ocrx_word' id='word_1_21' title='bbox 336 747 409 801; x_wconf 87' lang='lat' dir='ltr'><strong>ita</strong></span> <span class='ocrx_word' id='word_1_22' title='bbox 439 752 494 797; x_wconf 91' lang='lat' dir='ltr'><strong>et</strong></span> <span class='ocrx_word' id='word_1_23' title='bbox 521 734 749 810; x_wconf 76' lang='lat' dir='ltr'><strong>Spiritus</strong></span> <span class='ocrx_word' id='word_1_24' title='bbox 777 734 1010 800; x_wconf 81' lang='lat' dir='ltr'><strong>sanctus,</strong></span> <span class='ocrx_word' id='word_1_25' title='bbox 1030 737 1124 810; x_wconf 85' lang='lat' dir='ltr'><strong>qui</strong></span> <span class='ocrx_word' id='word_1_26' title='bbox 1155 737 1302 810; x_wconf 78' lang='lat' dir='ltr'><strong>solus</strong></span> <span class='ocrx_word' id='word_1_27' title='bbox 1327 744 1593 810; x_wconf 80' lang='lat' dir='ltr'><strong>scrutatur</strong></span> <span class='ocrx_word' id='word_1_28' title='bbox 1621 735 1780 810; x_wconf 77' lang='lat' dir='ltr'><strong>etiam</strong></span> <span class='ocrx_word' id='word_1_29' title='bbox 1810 734 1917 810; x_wconf 76' lang='lat' dir='ltr'><strong>alta</strong></span> 
     </span>
    </p>
   </div>
   <div class='ocr_carea' id='block_1_6' title="bbox 336 805 1919 879">
    <p class='ocr_par' dir='ltr' id='par_1_6' title="bbox 336 805 1919 879">
     <span class='ocr_line' id='line_1_6' title="bbox 336 805 1919 879; baseline -0.009 -7"><span class='ocrx_word' id='word_1_30' title='bbox 336 817 458 879; x_wconf 87' lang='lat' dir='ltr'><strong>Dei,</strong></span> <span class='ocrx_word' id='word_1_31' title='bbox 506 805 706 867; x_wconf 79' lang='lat' dir='ltr'><strong>revelat</strong></span> <span class='ocrx_word' id='word_1_32' title='bbox 751 811 914 862; x_wconf 90' lang='lat' dir='ltr'><strong>Deum</strong></span> <span class='ocrx_word' id='word_1_33' title='bbox 959 805 1472 879; x_wconf 12' lang='lat' dir='ltr'><strong>cui’vnlt.‘Spiritus</strong></span> <span class='ocrx_word' id='word_1_34' title='bbox 1503 807 1642 879; x_wconf 81' lang='lat' dir='ltr'><strong>enim</strong></span> <span class='ocrx_word' id='word_1_35' title='bbox 1682 805 1768 857; x_wconf 88' lang='lat' dir='ltr'><strong>ubi</strong></span> <span class='ocrx_word' id='word_1_36' title='bbox 1812 805 1919 879; x_wconf 76' lang='lat' dir='ltr'><strong>vult</strong></span> 
     </span>
    </p>
   </div>
   <div class='ocr_carea' id='block_1_7' title="bbox 337 874 1919 955">
    <p class='ocr_par' dir='ltr' id='par_1_7' title="bbox 337 874 1919 955">
     <span class='ocr_line' id='line_1_7' title="bbox 337 874 1919 955; baseline -0.009 -15"><span class='ocrx_word' id='word_1_37' title='bbox 337 874 499 955; x_wconf 62' lang='lat' dir='ltr'><strong>spirat</strong></span> <span class='ocrx_word' id='word_1_38' title='bbox 533 881 708 955; x_wconf 63' lang='lat' dir='ltr'><strong>(loqu.</strong></span> <span class='ocrx_word' id='word_1_39' title='bbox 739 879 913 955; x_wconf 48' lang='lat' dir='ltr'><strong>llhg).</strong></span> <span class='ocrx_word' id='word_1_40' title='bbox 944 877 1123 955; x_wconf 84' lang='lat' dir='ltr'><strong>Neqne</strong></span> <span class='ocrx_word' id='word_1_41' title='bbox 1158 874 1301 932; x_wconf 85' lang='lat' dir='ltr'><strong>enim</strong></span> <span class='ocrx_word' id='word_1_42' title='bbox 1327 876 1617 955; x_wconf 66' lang='lat' dir='ltr'><strong>putandum</strong></span> <span class='ocrx_word' id='word_1_43' title='bbox 1644 883 1745 955; x_wconf 77' lang='lat' dir='ltr'><strong>est,</strong></span> <span class='ocrx_word' id='word_1_44' title='bbox 1773 874 1919 955; x_wconf 44' lang='grc' dir='ltr'>(ιιι-ρει</span> 
     </span>
    </p>
   </div>
   <div class='ocr_carea' id='block_1_8' title="bbox 338 945 1920 1019">
    <p class='ocr_par' dir='ltr' id='par_1_8' title="bbox 338 945 1920 1019">
     <span class='ocr_line' id='line_1_8' title="bbox 338 945 1920 1019; baseline -0.008 -8"><span class='ocrx_word' id='word_1_45' title='bbox 338 945 498 1011; x_wconf 70' lang='lat' dir='ltr'><strong>etiam</strong></span> <span class='ocrx_word' id='word_1_46' title='bbox 525 945 752 1019; x_wconf 74' lang='lat' dir='ltr'><strong>Spiritus</strong></span> <span class='ocrx_word' id='word_1_47' title='bbox 776 945 909 1003; x_wconf 90' lang='lat' dir='ltr'><strong>Filio</strong></span> <span class='ocrx_word' id='word_1_48' title='bbox 939 945 1214 1003; x_wconf 83' lang='lat' dir='ltr'><strong>revelante</strong></span> <span class='ocrx_word' id='word_1_49' title='bbox 1241 948 1535 1016; x_wconf 80' lang='lat' dir='ltr'><strong>cognoscit.</strong></span> <span class='ocrx_word' id='word_1_50' title='bbox 1564 946 1620 999; x_wconf 87' lang='lat' dir='ltr'><strong>Si</strong></span> <span class='ocrx_word' id='word_1_51' title='bbox 1650 947 1791 1000; x_wconf 90' lang='lat' dir='ltr'><strong>enim</strong></span> <span class='ocrx_word' id='word_1_52' title='bbox 1830 945 1920 999; x_wconf 88' lang='lat' dir='ltr'><strong>Fi-</strong></span> 
     </span>
    </p>
   </div>
   <div class='ocr_carea' id='block_1_9' title="bbox 339 1018 1920 1088">
    <p class='ocr_par' dir='ltr' id='par_1_9' title="bbox 339 1018 1920 1088">
     <span class='ocr_line' id='line_1_9' title="bbox 339 1018 1920 1088; baseline -0.006 -7"><span class='ocrx_word' id='word_1_53' title='bbox 339 1029 410 1082; x_wconf 85' lang='lat' dir='ltr'><strong>lio</strong></span> <span class='ocrx_word' id='word_1_54' title='bbox 434 1018 702 1080; x_wconf 86' lang='lat' dir='ltr'><strong>revelante</strong></span> <span class='ocrx_word' id='word_1_55' title='bbox 725 1021 994 1088; x_wconf 76' lang='lat' dir='ltr'><strong>cognoscit</strong></span> <span class='ocrx_word' id='word_1_56' title='bbox 1023 1019 1233 1072; x_wconf 84' lang='lat' dir='ltr'><strong>Patrem</strong></span> <span class='ocrx_word' id='word_1_57' title='bbox 1261 1018 1488 1087; x_wconf 85' lang='lat' dir='ltr'><strong>Spiritus</strong></span> <span class='ocrx_word' id='word_1_58' title='bbox 1515 1028 1729 1070; x_wconf 88' lang='lat' dir='ltr'><strong>sanctus</strong></span> <span class='ocrx_word' id='word_1_59' title='bbox 1750 1059 1764 1081; x_wconf 95' lang='lat'><strong>,</strong></span> <span class='ocrx_word' id='word_1_60' title='bbox 1790 1031 1920 1085; x_wconf 87' lang='lat' dir='ltr'><strong>ergo</strong></span> 
     </span>
    </p>
   </div>
   <div class='ocr_carea' id='block_1_10' title="bbox 339 1087 1920 1166">
    <p class='ocr_par' dir='ltr' id='par_1_10' title="bbox 339 1087 1920 1166">
     <span class='ocr_line' id='line_1_10' title="bbox 339 1087 1920 1166; baseline -0.009 -13"><span class='ocrx_word' id='word_1_61' title='bbox 339 1113 406 1153; x_wconf 82' lang='lat' dir='ltr'><strong>ex</strong></span> <span class='ocrx_word' id='word_1_62' title='bbox 433 1093 729 1166; x_wconf 84' lang='lat' dir='ltr'><strong>ignorantia</strong></span> <span class='ocrx_word' id='word_1_63' title='bbox 757 1092 820 1146; x_wconf 90' lang='lat' dir='ltr'><strong>ad</strong></span> <span class='ocrx_word' id='word_1_64' title='bbox 855 1091 1129 1166; x_wconf 79' lang='lat' dir='ltr'><strong>scientiam</strong></span> <span class='ocrx_word' id='word_1_65' title='bbox 1157 1089 1301 1166; x_wconf 67' lang='lat' dir='ltr'><strong>venit</strong></span> <span class='ocrx_word' id='word_1_66' title='bbox 1325 1106 1344 1166; x_wconf 57' lang='grc' dir='ltr'><strong>ί</strong></span> <span class='ocrx_word' id='word_1_67' title='bbox 1366 1088 1506 1157; x_wconf 92' lang='lat' dir='ltr'><strong>quod</strong></span> <span class='ocrx_word' id='word_1_68' title='bbox 1531 1088 1710 1157; x_wconf 91' lang='lat' dir='ltr'><strong>utique</strong></span> <span class='ocrx_word' id='word_1_69' title='bbox 1736 1095 1790 1142; x_wconf 91' lang='lat' dir='ltr'><strong>et</strong></span> <span class='ocrx_word' id='word_1_70' title='bbox 1814 1087 1920 1166; x_wconf 83' lang='lat' dir='ltr'><strong>itn-</strong></span> 
     </span>
    </p>
   </div>
   <div class='ocr_carea' id='block_1_11' title="bbox 341 1157 1920 1237">
    <p class='ocr_par' dir='ltr' id='par_1_11' title="bbox 341 1157 1920 1237">
     <span class='ocr_line' id='line_1_11' title="bbox 341 1157 1920 1237; baseline -0.006 -17"><span class='ocrx_word' id='word_1_71' title='bbox 341 1157 485 1237; x_wconf 77' lang='lat' dir='ltr'><strong>pinm</strong></span> <span class='ocrx_word' id='word_1_72' title='bbox 517 1165 713 1235; x_wconf 84' lang='lat' dir='ltr'><strong>pariter</strong></span> <span class='ocrx_word' id='word_1_73' title='bbox 746 1171 801 1217; x_wconf 90' lang='lat' dir='ltr'><strong>et</strong></span> <span class='ocrx_word' id='word_1_74' title='bbox 823 1161 1042 1237; x_wconf 76' lang='lat' dir='ltr'><strong>stultum</strong></span> <span class='ocrx_word' id='word_1_75' title='bbox 1065 1169 1148 1214; x_wconf 90' lang='lat' dir='ltr'><strong>est</strong></span> <span class='ocrx_word' id='word_1_76' title='bbox 1167 1200 1194 1237; x_wconf 29' lang='grc' dir='ltr'>,Δ</span> <span class='ocrx_word' id='word_1_77' title='bbox 1209 1159 1461 1237; x_wconf 72' lang='lat' dir='ltr'><strong>Spiritum</strong></span> <span class='ocrx_word' id='word_1_78' title='bbox 1493 1168 1731 1237; x_wconf 90' lang='lat' dir='ltr'><strong>sanctum</strong></span> <span class='ocrx_word' id='word_1_79' title='bbox 1749 1157 1920 1237; x_wconf 77' lang='lat' dir='ltr'><strong>confi-</strong></span> 
     </span>
    </p>
   </div>
   <div class='ocr_carea' id='block_1_12' title="bbox 345 1227 1921 1304">
    <p class='ocr_par' dir='ltr' id='par_1_12' title="bbox 345 1227 1921 1304">
     <span class='ocr_line' id='line_1_12' title="bbox 345 1227 1921 1304; baseline -0.007 -11"><span class='ocrx_word' id='word_1_80' title='bbox 345 1227 467 1303; x_wconf 73' lang='lat' dir='ltr'><strong>teri,</strong></span> <span class='ocrx_word' id='word_1_81' title='bbox 505 1227 558 1290; x_wconf 79' lang='lat' dir='ltr'><strong>et</strong></span> <span class='ocrx_word' id='word_1_82' title='bbox 582 1233 929 1304; x_wconf 76' lang='lat' dir='ltr'><strong>ignorantiam</strong></span> <span class='ocrx_word' id='word_1_83' title='bbox 957 1233 1004 1286; x_wconf 90' lang='lat' dir='ltr'><strong>ei</strong></span> <span class='ocrx_word' id='word_1_84' title='bbox 1041 1227 1326 1304; x_wconf 70' lang='lat' dir='ltr'><strong>asctjheije.</strong></span> <span class='ocrx_word' id='word_1_85' title='bbox 1349 1229 1462 1284; x_wconf 89' lang='lat' dir='ltr'><strong>Non</strong></span> <span class='ocrx_word' id='word_1_86' title='bbox 1497 1229 1639 1284; x_wconf 85' lang='lat' dir='ltr'><strong>enim</strong></span> <span class='ocrx_word' id='word_1_87' title='bbox 1669 1243 1788 1282; x_wconf 90' lang='lat' dir='ltr'><strong>cum</strong></span> <span class='ocrx_word' id='word_1_88' title='bbox 1817 1227 1921 1282; x_wconf 83' lang='lat' dir='ltr'><strong>ali-</strong></span> 
     </span>
    </p>
   </div>
   <div class='ocr_carea' id='block_1_13' title="bbox 344 1301 1923 1380">
    <p class='ocr_par' dir='ltr' id='par_1_13' title="bbox 344 1301 1923 1380">
     <span class='ocr_line' id='line_1_13' title="bbox 344 1301 1923 1380; baseline -0.007 -18"><span class='ocrx_word' id='word_1_89' title='bbox 344 1301 472 1380; x_wconf 91' lang='lat' dir='ltr'><strong>quid</strong></span> <span class='ocrx_word' id='word_1_90' title='bbox 503 1301 643 1360; x_wconf 79' lang='lat' dir='ltr'><strong>aliud</strong></span> <span class='ocrx_word' id='word_1_91' title='bbox 665 1310 1110 1380; x_wconf 66' lang='lat' dir='ltr'><strong>essetantequatn</strong></span> <span class='ocrx_word' id='word_1_92' title='bbox 1139 1301 1366 1380; x_wconf 85' lang='lat' dir='ltr'><strong>Spiritus</strong></span> <span class='ocrx_word' id='word_1_93' title='bbox 1400 1309 1651 1380; x_wconf 87' lang='lat' dir='ltr'><strong>sanctus,</strong></span> <span class='ocrx_word' id='word_1_94' title='bbox 1678 1313 1774 1380; x_wconf 81' lang='lat' dir='ltr'><strong>per</strong></span> <span class='ocrx_word' id='word_1_95' title='bbox 1800 1313 1923 1380; x_wconf 80' lang='lat' dir='ltr'><strong>pro-</strong></span> 
     </span>
    </p>
   </div>
   <div class='ocr_carea' id='block_1_14' title="bbox 344 1371 1922 1441">
    <p class='ocr_par' dir='ltr' id='par_1_14' title="bbox 344 1371 1922 1441">
     <span class='ocr_line' id='line_1_14' title="bbox 344 1371 1922 1441; baseline -0.008 -6"><span class='ocrx_word' id='word_1_96' title='bbox 344 1371 539 1435; x_wconf 81' lang='lat' dir='ltr'><strong>fectum</strong></span> <span class='ocrx_word' id='word_1_97' title='bbox 568 1377 710 1431; x_wconf 88' lang='lat' dir='ltr'><strong>venit</strong></span> <span class='ocrx_word' id='word_1_98' title='bbox 737 1376 791 1428; x_wconf 89' lang='lat' dir='ltr'><strong>in</strong></span> <span class='ocrx_word' id='word_1_99' title='bbox 814 1374 916 1427; x_wconf 90' lang='lat' dir='ltr'><strong>hoc</strong></span> <span class='ocrx_word' id='word_1_100' title='bbox 941 1383 994 1427; x_wconf 90' lang='lat' dir='ltr'><strong>ut</strong></span> <span class='ocrx_word' id='word_1_101' title='bbox 1023 1371 1249 1441; x_wconf 81' lang='lat' dir='ltr'><strong>Spiritus</strong></span> <span class='ocrx_word' id='word_1_102' title='bbox 1275 1379 1488 1425; x_wconf 88' lang='lat' dir='ltr'><strong>sanctus</strong></span> <span class='ocrx_word' id='word_1_103' title='bbox 1517 1379 1690 1441; x_wconf 81' lang='lat' dir='ltr'><strong>esset:</strong></span> <span class='ocrx_word' id='word_1_104' title='bbox 1723 1377 1778 1422; x_wconf 93' lang='lat' dir='ltr'><strong>ut</strong></span> <span class='ocrx_word' id='word_1_105' title='bbox 1803 1371 1922 1438; x_wconf 86' lang='lat' dir='ltr'><strong>quis</strong></span> 
     </span>
    </p>
   </div>
   <div class='ocr_carea' id='block_1_15' title="bbox 346 1439 1926 1514">
    <p class='ocr_par' dir='ltr' id='par_1_15' title="bbox 346 1439 1926 1514">
     <span class='ocr_line' id='line_1_15' title="bbox 346 1439 1926 1514; baseline -0.006 -10"><span class='ocrx_word' id='word_1_106' title='bbox 346 1450 540 1504; x_wconf 83' lang='lat' dir='ltr'><strong>audeat</strong></span> <span class='ocrx_word' id='word_1_107' title='bbox 567 1448 746 1501; x_wconf 87' lang='lat' dir='ltr'><strong>dicere</strong></span> <span class='ocrx_word' id='word_1_108' title='bbox 771 1487 784 1508; x_wconf 97' lang='lat'><strong>,</strong></span> <span class='ocrx_word' id='word_1_109' title='bbox 824 1444 946 1514; x_wconf 85' lang='lat' dir='ltr'><strong>quia</strong></span> <span class='ocrx_word' id='word_1_110' title='bbox 974 1439 1097 1514; x_wconf 87' lang='lat' dir='ltr'><strong>tunc</strong></span> <span class='ocrx_word' id='word_1_111' title='bbox 1125 1442 1339 1514; x_wconf 82' lang='lat' dir='ltr'><strong>quidem</strong></span> <span class='ocrx_word' id='word_1_112' title='bbox 1369 1456 1490 1495; x_wconf 90' lang='lat' dir='ltr'><strong>cum</strong></span> <span class='ocrx_word' id='word_1_113' title='bbox 1517 1439 1750 1494; x_wconf 91' lang='lat' dir='ltr'><strong>nondum</strong></span> <span class='ocrx_word' id='word_1_114' title='bbox 1781 1446 1926 1494; x_wconf 84' lang='lat' dir='ltr'><strong>esset</strong></span> 
     </span>
    </p>
   </div>
   <div class='ocr_carea' id='block_1_16' title="bbox 344 1513 1922 1590">
    <p class='ocr_par' dir='ltr' id='par_1_16' title="bbox 344 1513 1922 1590">
     <span class='ocr_line' id='line_1_16' title="bbox 344 1513 1922 1590; baseline -0.01 -13"><span class='ocrx_word' id='word_1_115' title='bbox 344 1521 571 1590; x_wconf 85' lang='lat' dir='ltr'><strong>Spiritus</strong></span> <span class='ocrx_word' id='word_1_116' title='bbox 592 1525 827 1590; x_wconf 85' lang='lat' dir='ltr'><strong>sanctus,</strong></span> <span class='ocrx_word' id='word_1_117' title='bbox 844 1513 1134 1590; x_wconf 64' lang='lat' dir='ltr'><strong>ignorabat</strong></span> <span class='ocrx_word' id='word_1_118' title='bbox 1157 1513 1385 1590; x_wconf 77' lang='lat' dir='ltr'><strong>Patrem,</strong></span> <span class='ocrx_word' id='word_1_119' title='bbox 1404 1520 1586 1580; x_wconf 88' lang='lat' dir='ltr'><strong>postea</strong></span> <span class='ocrx_word' id='word_1_120' title='bbox 1609 1525 1736 1590; x_wconf 64' lang='lat' dir='ltr'><strong>vero</strong></span> <span class='ocrx_word' id='word_1_121' title='bbox 1763 1524 1922 1590; x_wconf 90' lang='lat' dir='ltr'><strong>quam</strong></span> 
     </span>
    </p>
   </div>
   <div class='ocr_carea' id='block_1_17' title="bbox 346 1582 1919 1652">
    <p class='ocr_par' dir='ltr' id='par_1_17' title="bbox 346 1582 1919 1652">
     <span class='ocr_line' id='line_1_17' title="bbox 346 1582 1919 1652; baseline -0.008 -6"><span class='ocrx_word' id='word_1_122' title='bbox 346 1582 548 1652; x_wconf 80' lang='lat' dir='ltr'><strong>recepit</strong></span> <span class='ocrx_word' id='word_1_123' title='bbox 578 1587 872 1648; x_wconf 89' lang='lat' dir='ltr'><strong>scientiam,</strong></span> <span class='ocrx_word' id='word_1_124' title='bbox 898 1584 1056 1639; x_wconf 89' lang='lat' dir='ltr'><strong>etiam</strong></span> <span class='ocrx_word' id='word_1_125' title='bbox 1081 1583 1309 1652; x_wconf 84' lang='lat' dir='ltr'><strong>Spiritus</strong></span> <span class='ocrx_word' id='word_1_126' title='bbox 1337 1591 1551 1636; x_wconf 91' lang='lat' dir='ltr'><strong>sanctus</strong></span> <span class='ocrx_word' id='word_1_127' title='bbox 1579 1582 1796 1652; x_wconf 58' lang='lat' dir='ltr'><strong>effectus</strong></span> <span class='ocrx_word' id='word_1_128' title='bbox 1818 1589 1919 1652; x_wconf 87' lang='lat' dir='ltr'><strong>est.</strong></span> 
     </span>
    </p>
   </div>
   <div class='ocr_carea' id='block_1_18' title="bbox 346 1651 1920 1730">
    <p class='ocr_par' dir='ltr' id='par_1_18' title="bbox 346 1651 1920 1730">
     <span class='ocr_line' id='line_1_18' title="bbox 346 1651 1920 1730; baseline -0.007 -14"><span class='ocrx_word' id='word_1_129' title='bbox 346 1651 503 1730; x_wconf 84' lang='lat' dir='ltr'><strong>Quod</strong></span> <span class='ocrx_word' id='word_1_130' title='bbox 532 1660 577 1714; x_wconf 89' lang='lat' dir='ltr'><strong>si</strong></span> <span class='ocrx_word' id='word_1_131' title='bbox 605 1665 766 1730; x_wconf 73' lang='lat' dir='ltr'><strong>esset,</strong></span> <span class='ocrx_word' id='word_1_132' title='bbox 792 1669 1061 1730; x_wconf 83' lang='lat' dir='ltr'><strong>nunquam</strong></span> <span class='ocrx_word' id='word_1_133' title='bbox 1090 1654 1272 1730; x_wconf 76' lang='lat' dir='ltr'><strong>utique</strong></span> <span class='ocrx_word' id='word_1_134' title='bbox 1300 1651 1356 1730; x_wconf 77' lang='lat' dir='ltr'><strong>in</strong></span> <span class='ocrx_word' id='word_1_135' title='bbox 1386 1653 1586 1730; x_wconf 70' lang='lat' dir='ltr'><strong>unitate</strong></span> <span class='ocrx_word' id='word_1_136' title='bbox 1612 1651 1885 1730; x_wconf 61' lang='lat' dir='ltr'><strong>Trinitatis</strong></span> <span class='ocrx_word' id='word_1_137' title='bbox 1903 1690 1920 1718; x_wconf 90' lang='lat'><strong>,</strong></span> 
     </span>
    </p>
   </div>
   <div class='ocr_carea' id='block_1_19' title="bbox 348 1721 1925 1796">
    <p class='ocr_par' dir='ltr' id='par_1_19' title="bbox 348 1721 1925 1796">
     <span class='ocr_line' id='line_1_19' title="bbox 348 1721 1925 1796; baseline -0.008 -8"><span class='ocrx_word' id='word_1_138' title='bbox 348 1721 403 1788; x_wconf 70' lang='lat' dir='ltr'><strong>id</strong></span> <span class='ocrx_word' id='word_1_139' title='bbox 432 1739 516 1787; x_wconf 91' lang='lat' dir='ltr'><strong>est</strong></span> <span class='ocrx_word' id='word_1_140' title='bbox 532 1772 548 1796; x_wconf 89' lang='lat'><strong>,</strong></span> <span class='ocrx_word' id='word_1_141' title='bbox 569 1729 663 1786; x_wconf 89' lang='lat' dir='ltr'><strong>Dei</strong></span> <span class='ocrx_word' id='word_1_142' title='bbox 683 1727 856 1782; x_wconf 86' lang='lat' dir='ltr'><strong>Patris</strong></span> <span class='ocrx_word' id='word_1_143' title='bbox 881 1721 1302 1796; x_wconf 80' lang='lat' dir='ltr'><strong>inconvertibilis</strong></span> <span class='ocrx_word' id='word_1_144' title='bbox 1318 1725 1365 1790; x_wconf 73' lang='grc'>²,</span> <span class='ocrx_word' id='word_1_145' title='bbox 1393 1731 1447 1796; x_wconf 85' lang='lat' dir='ltr'><strong>et</strong></span> <span class='ocrx_word' id='word_1_146' title='bbox 1462 1721 1588 1796; x_wconf 81' lang='lat' dir='ltr'><strong>Filii</strong></span> <span class='ocrx_word' id='word_1_147' title='bbox 1603 1722 1740 1790; x_wconf 87' lang='lat' dir='ltr'><strong>ejus.</strong></span> <span class='ocrx_word' id='word_1_148' title='bbox 1763 1721 1925 1776; x_wconf 88' lang='lat' dir='ltr'><strong>etiam</strong></span> 
     </span>
    </p>
   </div>
   <div class='ocr_carea' id='block_1_20' title="bbox 347 1791 1926 1872">
    <p class='ocr_par' dir='ltr' id='par_1_20' title="bbox 347 1791 1926 1872">
     <span class='ocr_line' id='line_1_20' title="bbox 347 1791 1926 1872; baseline -0.008 -15"><span class='ocrx_word' id='word_1_149' title='bbox 347 1791 578 1872; x_wconf 73' lang='lat' dir='ltr'><strong>Spiritus</strong></span> <span class='ocrx_word' id='word_1_150' title='bbox 605 1806 820 1872; x_wconf 82' lang='lat' dir='ltr'><strong>sanctus</strong></span> <span class='ocrx_word' id='word_1_151' title='bbox 852 1796 1138 1872; x_wconf 75' lang='lat' dir='ltr'><strong>haberetur</strong></span> <span class='ocrx_word' id='word_1_152' title='bbox 1156 1835 1172 1858; x_wconf 93' lang='lat'><strong>,</strong></span> <span class='ocrx_word' id='word_1_153' title='bbox 1203 1793 1308 1849; x_wconf 88' lang='lat' dir='ltr'><strong>nisi</strong></span> <span class='ocrx_word' id='word_1_154' title='bbox 1343 1794 1464 1864; x_wconf 90' lang='lat' dir='ltr'><strong>quia</strong></span> <span class='ocrx_word' id='word_1_155' title='bbox 1493 1801 1547 1872; x_wconf 83' lang='lat' dir='ltr'><strong>et</strong></span> <span class='ocrx_word' id='word_1_156' title='bbox 1568 1791 1687 1872; x_wconf 77' lang='lat' dir='ltr'><strong>ipse</strong></span> <span class='ocrx_word' id='word_1_157' title='bbox 1713 1805 1926 1872; x_wconf 63' lang='lat' dir='ltr'><strong>semper:</strong></span> 
     </span>
    </p>
   </div>
   <div class='ocr_carea' id='block_1_21' title="bbox 353 1860 1926 1942">
    <p class='ocr_par' dir='ltr' id='par_1_21' title="bbox 353 1860 1926 1942">
     <span class='ocr_line' id='line_1_21' title="bbox 353 1860 1926 1942; baseline -0.009 -14"><span class='ocrx_word' id='word_1_158' title='bbox 353 1860 470 1928; x_wconf 77' lang='lat' dir='ltr'><strong>erat</strong></span> <span class='ocrx_word' id='word_1_159' title='bbox 513 1870 1023 1942; x_wconf 81' lang='lat' dir='ltr'><strong>Spiritns_sanctus_.</strong></span> <span class='ocrx_word' id='word_1_160' title='bbox 1054 1867 1168 1942; x_wconf 69' lang='lat' dir='ltr'><strong>Hoc</strong></span> <span class='ocrx_word' id='word_1_161' title='bbox 1209 1860 1811 1942; x_wconf 46' lang='lat' dir='ltr'><strong>sane:qnod_dicimus,</strong></span> <span class='ocrx_word' id='word_1_162' title='bbox 1839 1860 1926 1942; x_wconf 71' lang='lat' dir='ltr'><strong>vel</strong></span> 
     </span>
    </p>
   </div>
   <div class='ocr_carea' id='block_1_22' title="bbox 352 1929 1925 2013">
    <p class='ocr_par' dir='ltr' id='par_1_22' title="bbox 352 1929 1925 2013">
     <span class='ocr_line' id='line_1_22' title="bbox 352 1929 1925 2013; baseline -0.01 -12"><span class='ocrx_word' id='word_1_163' title='bbox 352 1929 597 2012; x_wconf 73' lang='lat' dir='ltr'><strong>Semper,</strong></span> <span class='ocrx_word' id='word_1_164' title='bbox 624 1940 722 2013; x_wconf 90' lang='lat' dir='ltr'><strong>vel_</strong></span> <span class='ocrx_word' id='word_1_165' title='bbox 736 1939 866 1994; x_wconf 86' lang='lat' dir='ltr'><strong>Erat</strong></span> <span class='ocrx_word' id='word_1_166' title='bbox 887 1979 900 2002; x_wconf 97' lang='lat'><strong>,</strong></span> <span class='ocrx_word' id='word_1_167' title='bbox 927 1938 1010 1991; x_wconf 87' lang='lat' dir='ltr'><strong>vel</strong></span> <span class='ocrx_word' id='word_1_168' title='bbox 1038 1938 1083 1991; x_wconf 92' lang='lat' dir='ltr'><strong>si</strong></span> <span class='ocrx_word' id='word_1_169' title='bbox 1101 1934 1266 2013; x_wconf 81' lang='lat' dir='ltr'><strong>_qnod</strong></span> <span class='ocrx_word' id='word_1_170' title='bbox 1297 1929 1438 2013; x_wconf 76' lang='lat' dir='ltr'><strong>aliud</strong></span> <span class='ocrx_word' id='word_1_171' title='bbox 1478 1929 1925 2013; x_wconf 39' lang='lat' dir='ltr'><strong>ta_l_e._temporalis</strong></span> 
     </span>
    </p>
   </div>
   <div class='ocr_carea' id='block_1_23' title="bbox 352 2003 1927 2086">
    <p class='ocr_par' dir='ltr' id='par_1_23' title="bbox 352 2003 1927 2086">
     <span class='ocr_line' id='line_1_23' title="bbox 352 2003 1927 2086; baseline -0.008 -16"><span class='ocrx_word' id='word_1_172' title='bbox 352 2003 758 2086; x_wconf 77' lang='lat' dir='ltr'><strong>significationis</strong></span> <span class='ocrx_word' id='word_1_173' title='bbox 782 2023 978 2086; x_wconf 82' lang='lat' dir='ltr'><strong>nomen</strong></span> <span class='ocrx_word' id='word_1_174' title='bbox 1008 2003 1314 2086; x_wconf 81' lang='lat' dir='ltr'><strong>asciscimus</strong></span> <span class='ocrx_word' id='word_1_175' title='bbox 1335 2045 1349 2070; x_wconf 96' lang='lat'><strong>,</strong></span> <span class='ocrx_word' id='word_1_176' title='bbox 1381 2003 1696 2084; x_wconf 80' lang='lat' dir='ltr'><strong>simpliciter</strong></span> <span class='ocrx_word' id='word_1_177' title='bbox 1723 2011 1927 2086; x_wconf 65' lang='lat' dir='ltr'><strong>etcum</strong></span> 
     </span>
    </p>
   </div>
   <div class='ocr_carea' id='block_1_24' title="bbox 351 2072 1926 2152">
    <p class='ocr_par' dir='ltr' id='par_1_24' title="bbox 351 2072 1926 2152">
     <span class='ocr_line' id='line_1_24' title="bbox 351 2072 1926 2152; baseline -0.01 -11"><span class='ocrx_word' id='word_1_178' title='bbox 351 2072 509 2141; x_wconf 73' lang='lat' dir='ltr'><strong>venia</strong></span> <span class='ocrx_word' id='word_1_179' title='bbox 535 2080 896 2152; x_wconf 85' lang='lat' dir='ltr'><strong>accipiendum</strong></span> <span class='ocrx_word' id='word_1_180' title='bbox 937 2085 1023 2132; x_wconf 91' lang='lat' dir='ltr'><strong>est</strong></span> <span class='ocrx_word' id='word_1_181' title='bbox 1058 2095 1071 2130; x_wconf 91' lang='lat'><strong>:</strong></span> <span class='ocrx_word' id='word_1_182' title='bbox 1105 2077 1351 2152; x_wconf 78' lang='lat' dir='ltr'><strong>quoniam</strong></span> <span class='ocrx_word' id='word_1_183' title='bbox 1393 2075 1668 2128; x_wconf 89' lang='lat' dir='ltr'><strong>nominum</strong></span> <span class='ocrx_word' id='word_1_184' title='bbox 1712 2072 1926 2152; x_wconf 80' lang='lat' dir='ltr'><strong>quidem</strong></span> 
     </span>
    </p>
   </div>
   <div class='ocr_carea' id='block_1_25' title="bbox 354 2142 1928 2224">
    <p class='ocr_par' dir='ltr' id='par_1_25' title="bbox 354 2142 1928 2224">
     <span class='ocr_line' id='line_1_25' title="bbox 354 2142 1928 2224; baseline -0.009 -12"><span class='ocrx_word' id='word_1_185' title='bbox 354 2157 544 2211; x_wconf 89' lang='lat' dir='ltr'><strong>horum</strong></span> <span class='ocrx_word' id='word_1_186' title='bbox 575 2142 982 2223; x_wconf 80' lang='lat' dir='ltr'><strong>significationes</strong></span> <span class='ocrx_word' id='word_1_187' title='bbox 998 2142 1314 2224; x_wconf 68' lang='lat' dir='ltr'><strong>temporales</strong></span> <span class='ocrx_word' id='word_1_188' title='bbox 1340 2153 1491 2207; x_wconf 88' lang='lat' dir='ltr'><strong>sunt;</strong></span> <span class='ocrx_word' id='word_1_189' title='bbox 1511 2158 1636 2224; x_wconf 78' lang='lat' dir='ltr'><strong>ecce</strong></span> <span class='ocrx_word' id='word_1_190' title='bbox 1658 2152 1833 2224; x_wconf 82' lang='lat' dir='ltr'><strong>autem</strong></span> <span class='ocrx_word' id='word_1_191' title='bbox 1859 2142 1928 2198; x_wconf 88' lang='lat' dir='ltr'><strong>de</strong></span> 
     </span>
    </p>
   </div>
   <div class='ocr_carea' id='block_1_26' title="bbox 355 2217 1926 2298">
    <p class='ocr_par' dir='ltr' id='par_1_26' title="bbox 355 2217 1926 2298">
     <span class='ocr_line' id='line_1_26' title="bbox 355 2217 1926 2298; baseline -0.009 -17"><span class='ocrx_word' id='word_1_192' title='bbox 355 2227 548 2298; x_wconf 91' lang='lat' dir='ltr'><strong>quibus</strong></span> <span class='ocrx_word' id='word_1_193' title='bbox 574 2217 854 2298; x_wconf 69' lang='lat' dir='ltr'><strong>loquimur,</strong></span> <span class='ocrx_word' id='word_1_194' title='bbox 875 2227 1100 2274; x_wconf 88' lang='lat' dir='ltr'><strong>tractatu</strong></span> <span class='ocrx_word' id='word_1_195' title='bbox 1125 2217 1335 2298; x_wconf 82' lang='lat' dir='ltr'><strong>quidem</strong></span> <span class='ocrx_word' id='word_1_196' title='bbox 1367 2217 1627 2296; x_wconf 77' lang='lat' dir='ltr'><strong>sermonis</strong></span> <span class='ocrx_word' id='word_1_197' title='bbox 1657 2222 1926 2298; x_wconf 61' lang='lat' dir='ltr'><strong>tempora-</strong></span> 
     </span>
    </p>
   </div>
   <div class='ocr_carea' id='block_1_27' title="bbox 357 2280 1929 2356">
    <p class='ocr_par' dir='ltr' id='par_1_27' title="bbox 357 2280 1929 2356">
     <span class='ocr_line' id='line_1_27' title="bbox 357 2280 1929 2356; baseline -0.011 -4"><span class='ocrx_word' id='word_1_198' title='bbox 357 2280 476 2352; x_wconf 78' lang='lat' dir='ltr'><strong>liter</strong></span> <span class='ocrx_word' id='word_1_199' title='bbox 501 2280 868 2356; x_wconf 71' lang='lat' dir='ltr'><strong>nominantur,</strong></span> <span class='ocrx_word' id='word_1_200' title='bbox 902 2299 1087 2343; x_wconf 90' lang='lat' dir='ltr'><strong>natura</strong></span> <span class='ocrx_word' id='word_1_201' title='bbox 1132 2280 1306 2341; x_wconf 75' lang='lat' dir='ltr'><strong>autem</strong></span> <span class='ocrx_word' id='word_1_202' title='bbox 1336 2286 1431 2356; x_wconf 89' lang='lat' dir='ltr'><strong>sui</strong></span> <span class='ocrx_word' id='word_1_203' title='bbox 1475 2299 1686 2356; x_wconf 74' lang='lat' dir='ltr'><strong>omnem</strong></span> <span class='ocrx_word' id='word_1_204' title='bbox 1735 2280 1929 2356; x_wconf 75' lang='lat' dir='ltr'><strong>intelli-</strong></span> 
     </span>
    </p>
   </div>
   <div class='ocr_carea' id='block_1_28' title="bbox 355 2353 1930 2439">
    <p class='ocr_par' dir='ltr' id='par_1_28' title="bbox 355 2353 1930 2439">
     <span class='ocr_line' id='line_1_28' title="bbox 355 2353 1930 2439; baseline -0.01 -17"><span class='ocrx_word' id='word_1_205' title='bbox 355 2367 589 2439; x_wconf 82' lang='lat' dir='ltr'><strong>gentiam</strong></span> <span class='ocrx_word' id='word_1_206' title='bbox 626 2377 812 2420; x_wconf 87' lang='lat' dir='ltr'><strong>sensus</strong></span> <span class='ocrx_word' id='word_1_207' title='bbox 841 2353 1144 2439; x_wconf 79' lang='lat' dir='ltr'><strong>temporalis</strong></span> <span class='ocrx_word' id='word_1_208' title='bbox 1184 2355 1466 2439; x_wconf 45' lang='lat' dir='ltr'><strong>(incedunt.</strong></span> <span class='ocrx_word' id='word_1_209' title='bbox 1500 2353 1576 2426; x_wconf 90' lang='lat' dir='ltr'><strong>(a)</strong></span> <span class='ocrx_word' id='word_1_210' title='bbox 1605 2354 1747 2439; x_wconf 59' lang='lat' dir='ltr'><strong>Deus</strong></span> <span class='ocrx_word' id='word_1_211' title='bbox 1771 2353 1930 2439; x_wconf 71' lang='lat' dir='ltr'><strong>Pater</strong></span> 
     </span>
    </p>
   </div>
   <div class='ocr_carea' id='block_1_29' title="bbox 357 2424 1931 2504">
    <p class='ocr_par' dir='ltr' id='par_1_29' title="bbox 357 2424 1931 2504">
     <span class='ocr_line' id='line_1_29' title="bbox 357 2424 1931 2504; baseline -0.008 -12"><span class='ocrx_word' id='word_1_212' title='bbox 357 2424 604 2492; x_wconf 63' lang='lat' dir='ltr'><strong>anibus</strong></span> <span class='ocrx_word' id='word_1_213' title='bbox 628 2440 846 2504; x_wconf 63' lang='lat' dir='ltr'><strong>praestat</strong></span> <span class='ocrx_word' id='word_1_214' title='bbox 869 2439 928 2486; x_wconf 92' lang='lat' dir='ltr'><strong>ut</strong></span> <span class='ocrx_word' id='word_1_215' title='bbox 954 2424 1093 2504; x_wconf 77' lang='lat' dir='ltr'><strong>sint:</strong></span> <span class='ocrx_word' id='word_1_216' title='bbox 1123 2427 1452 2504; x_wconf 80' lang='lat' dir='ltr'><strong>participatio</strong></span> <span class='ocrx_word' id='word_1_217' title='bbox 1472 2424 1599 2504; x_wconf 71' lang='lat' dir='ltr'><strong>vero</strong></span> <span class='ocrx_word' id='word_1_218' title='bbox 1626 2424 1820 2504; x_wconf 68' lang='lat' dir='ltr'><strong>Qhristi</strong></span> <span class='ocrx_word' id='word_1_219' title='bbox 1845 2438 1931 2479; x_wconf 85' lang='lat' dir='ltr'><strong>se-</strong></span> 
     </span>
    </p>
   </div>
   <div class='ocr_carea' id='block_1_30' title="bbox 356 2495 1927 2573">
    <p class='ocr_par' dir='ltr' id='par_1_30' title="bbox 356 2495 1927 2573">
     <span class='ocr_line' id='line_1_30' title="bbox 356 2495 1927 2573; baseline -0.009 -9"><span class='ocrx_word' id='word_1_220' title='bbox 356 2507 588 2564; x_wconf 90' lang='lat' dir='ltr'><strong>cundum</strong></span> <span class='ocrx_word' id='word_1_221' title='bbox 616 2495 669 2559; x_wconf 78' lang='lat' dir='ltr'><strong>id</strong></span> <span class='ocrx_word' id='word_1_222' title='bbox 711 2502 853 2573; x_wconf 89' lang='lat' dir='ltr'><strong>quod</strong></span> <span class='ocrx_word' id='word_1_223' title='bbox 883 2503 1102 2556; x_wconf 87' lang='lat' dir='ltr'><strong>verbum</strong></span> <span class='ocrx_word' id='word_1_224' title='bbox 1127 2495 1212 2552; x_wconf 76' lang='lat' dir='ltr'><strong>vel</strong></span> <span class='ocrx_word' id='word_1_225' title='bbox 1249 2497 1385 2552; x_wconf 88' lang='lat' dir='ltr'><strong>ratio</strong></span> <span class='ocrx_word' id='word_1_226' title='bbox 1413 2505 1496 2552; x_wconf 91' lang='lat' dir='ltr'><strong>est</strong></span> <span class='ocrx_word' id='word_1_227' title='bbox 1514 2537 1529 2562; x_wconf 90' lang='lat'><strong>,</strong></span> <span class='ocrx_word' id='word_1_228' title='bbox 1558 2495 1682 2549; x_wconf 83' lang='lat' dir='ltr'><strong>facit</strong></span> <span class='ocrx_word' id='word_1_229' title='bbox 1706 2510 1786 2573; x_wconf 68' lang='lat' dir='ltr'><strong>ea</strong></span> <span class='ocrx_word' id='word_1_230' title='bbox 1806 2509 1927 2573; x_wconf 80' lang='lat' dir='ltr'><strong>esse</strong></span> 
     </span>
    </p>
   </div>
   <div class='ocr_carea' id='block_1_31' title="bbox 357 2565 1930 2642">
    <p class='ocr_par' dir='ltr' id='par_1_31' title="bbox 357 2565 1930 2642">
     <span class='ocr_line' id='line_1_31' title="bbox 357 2565 1930 2642; baseline -0.008 -8"><span class='ocrx_word' id='word_1_231' title='bbox 357 2565 829 2634; x_wconf 43' lang='lat' dir='ltr'><strong>rationabiliafEx</strong></span> <span class='ocrx_word' id='word_1_232' title='bbox 873 2587 979 2642; x_wconf 91' lang='lat' dir='ltr'><strong>quo</strong></span> <span class='ocrx_word' id='word_1_233' title='bbox 1022 2583 1352 2642; x_wconf 87' lang='lat' dir='ltr'><strong>consequens</strong></span> <span class='ocrx_word' id='word_1_234' title='bbox 1394 2575 1512 2642; x_wconf 84' lang='lat' dir='ltr'><strong>est,</strong></span> <span class='ocrx_word' id='word_1_235' title='bbox 1540 2581 1603 2620; x_wconf 86' lang='lat' dir='ltr'><strong>ea</strong></span> <span class='ocrx_word' id='word_1_236' title='bbox 1643 2565 1732 2642; x_wconf 58' lang='lat' dir='ltr'><strong>vei</strong></span> <span class='ocrx_word' id='word_1_237' title='bbox 1775 2565 1930 2621; x_wconf 85' lang='lat' dir='ltr'><strong>laude</strong></span> 
     </span>
    </p>
   </div>
   <div class='ocr_carea' id='block_1_32' title="bbox 357 2635 1930 2719">
    <p class='ocr_par' dir='ltr' id='par_1_32' title="bbox 357 2635 1930 2719">
     <span class='ocr_line' id='line_1_32' title="bbox 357 2635 1930 2719; baseline -0.01 -14"><span class='ocrx_word' id='word_1_238' title='bbox 357 2649 515 2719; x_wconf 88' lang='lat' dir='ltr'><strong>digna</strong></span> <span class='ocrx_word' id='word_1_239' title='bbox 541 2663 677 2719; x_wconf 88' lang='lat' dir='ltr'><strong>esse,</strong></span> <span class='ocrx_word' id='word_1_240' title='bbox 705 2645 792 2699; x_wconf 87' lang='lat' dir='ltr'><strong>vel</strong></span> <span class='ocrx_word' id='word_1_241' title='bbox 819 2635 994 2719; x_wconf 75' lang='lat' dir='ltr'><strong>culpa,</strong></span> <span class='ocrx_word' id='word_1_242' title='bbox 1023 2641 1146 2711; x_wconf 86' lang='lat' dir='ltr'><strong>quia</strong></span> <span class='ocrx_word' id='word_1_243' title='bbox 1169 2635 1225 2693; x_wconf 80' lang='lat' dir='ltr'><strong>et</strong></span> <span class='ocrx_word' id='word_1_244' title='bbox 1254 2637 1464 2719; x_wconf 76' lang='lat' dir='ltr'><strong>virtutis</strong></span> <span class='ocrx_word' id='word_1_245' title='bbox 1485 2646 1544 2719; x_wconf 89' lang='lat' dir='ltr'><strong>et</strong></span> <span class='ocrx_word' id='word_1_246' title='bbox 1563 2635 1777 2719; x_wconf 65' lang='lat' dir='ltr'><strong>malitia:</strong></span> <span class='ocrx_word' id='word_1_247' title='bbox 1805 2645 1930 2719; x_wconf 82' lang='lat' dir='ltr'><strong>sunt</strong></span> 
     </span>
    </p>
   </div>
   <div class='ocr_carea' id='block_1_33' title="bbox 356 2707 1929 2790">
    <p class='ocr_par' dir='ltr' id='par_1_33' title="bbox 356 2707 1929 2790">
     <span class='ocr_line' id='line_1_33' title="bbox 356 2707 1929 2790; baseline -0.009 -15"><span class='ocrx_word' id='word_1_248' title='bbox 356 2707 590 2790; x_wconf 64' lang='lat' dir='ltr'><strong>capacia.</strong></span> <span class='ocrx_word' id='word_1_249' title='bbox 614 2707 838 2790; x_wconf 77' lang='lat' dir='ltr'><strong>Propter</strong></span> <span class='ocrx_word' id='word_1_250' title='bbox 865 2707 966 2769; x_wconf 81' lang='lat' dir='ltr'><strong>hoc</strong></span> <span class='ocrx_word' id='word_1_251' title='bbox 991 2707 1377 2790; x_wconf 66' lang='lat' dir='ltr'><strong>consequenter</strong></span> <span class='ocrx_word' id='word_1_252' title='bbox 1394 2707 1552 2790; x_wconf 67' lang='lat' dir='ltr'><strong>adest</strong></span> <span class='ocrx_word' id='word_1_253' title='bbox 1579 2707 1929 2790; x_wconf 33' lang='lat' dir='ltr'><strong>etiam‘gratia</strong></span> 
     </span>
    </p>
   </div>
   <div class='ocr_carea' id='block_1_34' title="bbox 359 2777 1928 2860">
    <p class='ocr_par' dir='ltr' id='par_1_34' title="bbox 359 2777 1928 2860">
     <span class='ocr_line' id='line_1_34' title="bbox 359 2777 1928 2860; baseline -0.009 -15"><span class='ocrx_word' id='word_1_254' title='bbox 359 2777 586 2860; x_wconf 73' lang='lat' dir='ltr'><strong>Spiritus</strong></span> <span class='ocrx_word' id='word_1_255' title='bbox 614 2777 906 2860; x_wconf 74' lang='lat' dir='ltr'><strong>sancti,_ut</strong></span> <span class='ocrx_word' id='word_1_256' title='bbox 929 2797 1139 2860; x_wconf 65' lang='lat' dir='ltr'><strong>eaque:</strong></span> <span class='ocrx_word' id='word_1_257' title='bbox 1167 2777 1586 2860; x_wconf 38' lang='lat' dir='ltr'><strong>Substantial&#39;iter</strong></span> <span class='ocrx_word' id='word_1_258' title='bbox 1610 2785 1928 2860; x_wconf 58' lang='lat' dir='ltr'><strong>sanctannOn</strong></span> 
     </span>
    </p>
   </div>
   <div class='ocr_carea' id='block_1_35' title="bbox 357 2847 1958 2929">
    <p class='ocr_par' dir='ltr' id='par_1_35' title="bbox 357 2847 1958 2929">
     <span class='ocr_line' id='line_1_35' title="bbox 357 2847 1958 2929; baseline -0.01 -12"><span class='ocrx_word' id='word_1_259' title='bbox 357 2847 510 2929; x_wconf 62' lang='lat' dir='ltr'><strong>sint,</strong></span> <span class='ocrx_word' id='word_1_260' title='bbox 550 2847 956 2929; x_wconf 78' lang='lat' dir='ltr'><strong>participatione</strong></span> <span class='ocrx_word' id='word_1_261' title='bbox 1002 2847 1170 2929; x_wconf 71' lang='lat' dir='ltr'><strong>ipsius</strong></span> <span class='ocrx_word' id='word_1_262' title='bbox 1213 2859 1396 2929; x_wconf 66' lang='lat' dir='ltr'><strong>sancta</strong></span> <span class='ocrx_word' id='word_1_263' title='bbox 1430 2847 1752 2929; x_wconf 62' lang='lat' dir='ltr'><strong>efficiantur.</strong></span> <span class='ocrx_word' id='word_1_264' title='bbox 1797 2847 1958 2929; x_wconf 39' lang='lat' dir='ltr'><strong>Cum:</strong></span> 
     </span>
    </p>
   </div>
   <div class='ocr_carea' id='block_1_36' title="bbox 355 2915 1926 3002">
    <p class='ocr_par' dir='ltr' id='par_1_36' title="bbox 355 2915 1926 3002">
     <span class='ocr_line' id='line_1_36' title="bbox 355 2915 1926 3002; baseline -0.011 -15"><span class='ocrx_word' id='word_1_265' title='bbox 355 2915 509 3002; x_wconf 56' lang='lat' dir='ltr'><strong>ergo&#39;</strong></span> <span class='ocrx_word' id='word_1_266' title='bbox 526 2915 788 3002; x_wconf 44' lang='lat' dir='ltr'><strong>primoutit</strong></span> <span class='ocrx_word' id='word_1_267' title='bbox 813 2915 1172 3002; x_wconf 71' lang='lat' dir='ltr'><strong>sinthabeant</strong></span> <span class='ocrx_word' id='word_1_268' title='bbox 1199 2920 1401 3002; x_wconf 45' lang='lat' dir='ltr'><strong>eane‘o</strong></span> <span class='ocrx_word' id='word_1_269' title='bbox 1430 2918 1618 3002; x_wconf 53' lang='lat' dir='ltr'><strong>Patre:</strong></span> <span class='ocrx_word' id='word_1_270' title='bbox 1651 2915 1926 3002; x_wconf 78' lang='lat' dir='ltr'><strong>secundo,</strong></span> 
     </span>
    </p>
   </div>
   <div class='ocr_carea' id='block_1_37' title="bbox 356 2989 1928 3069">
    <p class='ocr_par' dir='ltr' id='par_1_37' title="bbox 356 2989 1928 3069">
     <span class='ocr_line' id='line_1_37' title="bbox 356 2989 1928 3069; baseline -0.008 -13"><span class='ocrx_word' id='word_1_271' title='bbox 356 2989 770 3056; x_wconf 51' lang='lat' dir='ltr'><strong>utvrati&#39;onabilia</strong></span> <span class='ocrx_word' id='word_1_272' title='bbox 794 2994 1150 3069; x_wconf 61' lang='lat' dir='ltr'><strong>sinthabeant</strong></span> <span class='ocrx_word' id='word_1_273' title='bbox 1167 3007 1234 3046; x_wconf 84' lang='lat' dir='ltr'><strong>ex</strong></span> <span class='ocrx_word' id='word_1_274' title='bbox 1255 2989 1462 3057; x_wconf 81' lang='lat' dir='ltr'><strong>Verbo;</strong></span> <span class='ocrx_word' id='word_1_275' title='bbox 1490 2989 1928 3069; x_wconf 42' lang='lat' dir='ltr'><strong>tcrtipﬂutsancta</strong></span> 
     </span>
    </p>
   </div>
   <div class='ocr_carea' id='block_1_38' title="bbox 356 3056 1927 3136">
    <p class='ocr_par' dir='ltr' id='par_1_38' title="bbox 356 3056 1927 3136">
     <span class='ocr_line' id='line_1_38' title="bbox 356 3056 1927 3136; baseline -0.008 -12"><span class='ocrx_word' id='word_1_276' title='bbox 356 3074 495 3136; x_wconf 88' lang='lat' dir='ltr'><strong>sint,</strong></span> <span class='ocrx_word' id='word_1_277' title='bbox 526 3069 757 3124; x_wconf 84' lang='lat' dir='ltr'><strong>habeant</strong></span> <span class='ocrx_word' id='word_1_278' title='bbox 784 3064 1084 3136; x_wconf 16' lang='lat' dir='ltr'><strong>ettnSpiritu</strong></span> <span class='ocrx_word' id='word_1_279' title='bbox 1120 3069 1304 3136; x_wconf 68' lang='lat' dir='ltr'><strong>sancto</strong></span> <span class='ocrx_word' id='word_1_280' title='bbox 1333 3077 1346 3113; x_wconf 90' lang='lat'><strong>:</strong></span> <span class='ocrx_word' id='word_1_281' title='bbox 1375 3056 1588 3136; x_wconf 85' lang='lat' dir='ltr'><strong>rursum</strong></span> <span class='ocrx_word' id='word_1_282' title='bbox 1613 3056 1809 3136; x_wconf 66' lang='lat' dir='ltr'><strong>Christi</strong></span> <span class='ocrx_word' id='word_1_283' title='bbox 1839 3073 1927 3112; x_wconf 88' lang='lat' dir='ltr'><strong>se-</strong></span> 
     </span>
    </p>
   </div>
   <div class='ocr_carea' id='block_1_39' title="bbox 355 3128 1929 3209">
    <p class='ocr_par' dir='ltr' id='par_1_39' title="bbox 355 3128 1929 3209">
     <span class='ocr_line' id='line_1_39' title="bbox 355 3128 1929 3209; baseline -0.008 -13"><span class='ocrx_word' id='word_1_284' title='bbox 355 3128 588 3196; x_wconf 86' lang='lat' dir='ltr'><strong>cundum</strong></span> <span class='ocrx_word' id='word_1_285' title='bbox 607 3139 721 3209; x_wconf 84' lang='lat' dir='ltr'><strong>hoc</strong></span> <span class='ocrx_word' id='word_1_286' title='bbox 741 3135 883 3207; x_wconf 91' lang='lat' dir='ltr'><strong>quod</strong></span> <span class='ocrx_word' id='word_1_287' title='bbox 906 3128 1105 3209; x_wconf 72' lang='lat' dir='ltr'><strong>justitia</strong></span> <span class='ocrx_word' id='word_1_288' title='bbox 1136 3131 1231 3186; x_wconf 88' lang='lat' dir='ltr'><strong>Dei</strong></span> <span class='ocrx_word' id='word_1_289' title='bbox 1256 3138 1358 3209; x_wconf 76' lang='lat' dir='ltr'><strong>est,</strong></span> <span class='ocrx_word' id='word_1_290' title='bbox 1385 3131 1597 3209; x_wconf 78' lang='lat' dir='ltr'><strong>capacia</strong></span> <span class='ocrx_word' id='word_1_291' title='bbox 1626 3128 1929 3209; x_wconf 57' lang='lat' dir='ltr'><strong>efﬁciuntur</strong></span> 
     </span>
    </p>
   </div>
   <div class='ocr_carea' id='block_1_40' title="bbox 355 3197 1928 3280">
    <p class='ocr_par' dir='ltr' id='par_1_40' title="bbox 355 3197 1928 3280">
     <span class='ocr_line' id='line_1_40' title="bbox 355 3197 1928 3280; baseline -0.008 -14"><span class='ocrx_word' id='word_1_292' title='bbox 355 3225 419 3265; x_wconf 90' lang='lat' dir='ltr'><strong>ea</strong></span> <span class='ocrx_word' id='word_1_293' title='bbox 450 3225 568 3280; x_wconf 81' lang='lat' dir='ltr'><strong>quae</strong></span> <span class='ocrx_word' id='word_1_294' title='bbox 597 3208 707 3280; x_wconf 84' lang='lat' dir='ltr'><strong>jam</strong></span> <span class='ocrx_word' id='word_1_295' title='bbox 757 3197 1085 3280; x_wconf 71' lang='lat' dir='ltr'><strong>sanctificata</strong></span> <span class='ocrx_word' id='word_1_296' title='bbox 1125 3211 1247 3280; x_wconf 77' lang='lat' dir='ltr'><strong>ante</strong></span> <span class='ocrx_word' id='word_1_297' title='bbox 1292 3197 1503 3280; x_wconf 40' lang='lat' dir='ltr'><strong>fuerint“</strong></span> <span class='ocrx_word' id='word_1_298' title='bbox 1527 3213 1620 3267; x_wconf 90' lang='lat' dir='ltr'><strong>per</strong></span> <span class='ocrx_word' id='word_1_299' title='bbox 1672 3197 1928 3266; x_wconf 86' lang='lat' dir='ltr'><strong>Spiritum</strong></span> 
     </span>
    </p>
   </div>
   <div class='ocr_carea' id='block_1_41' title="bbox 356 3268 1929 3341">
    <p class='ocr_par' dir='ltr' id='par_1_41' title="bbox 356 3268 1929 3341">
     <span class='ocr_line' id='line_1_41' title="bbox 356 3268 1929 3341; baseline -0.009 -6"><span class='ocrx_word' id='word_1_300' title='bbox 356 3268 619 3336; x_wconf 57' lang='lat' dir='ltr'><strong>sanctum:</strong></span> <span class='ocrx_word' id='word_1_301' title='bbox 647 3279 713 3333; x_wconf 86' lang='lat' dir='ltr'><strong>Et</strong></span> <span class='ocrx_word' id='word_1_302' title='bbox 741 3279 829 3341; x_wconf 90' lang='lat' dir='ltr'><strong>qui</strong></span> <span class='ocrx_word' id='word_1_303' title='bbox 859 3276 912 3329; x_wconf 92' lang='lat' dir='ltr'><strong>in</strong></span> <span class='ocrx_word' id='word_1_304' title='bbox 953 3274 1092 3328; x_wconf 91' lang='lat' dir='ltr'><strong>hunc</strong></span> <span class='ocrx_word' id='word_1_305' title='bbox 1118 3271 1340 3341; x_wconf 85' lang='lat' dir='ltr'><strong>gradum</strong></span> <span class='ocrx_word' id='word_1_306' title='bbox 1379 3268 1652 3338; x_wconf 82' lang='lat' dir='ltr'><strong>profecere</strong></span> <span class='ocrx_word' id='word_1_307' title='bbox 1684 3283 1929 3341; x_wconf 70' lang='lat' dir='ltr'><strong>persan-</strong></span> 
     </span>
    </p>
   </div>
   <div class='ocr_carea' id='block_1_42' title="bbox 267 3337 1930 3415">
    <p class='ocr_par' dir='ltr' id='par_1_42' title="bbox 267 3337 1930 3415">
     <span class='ocr_line' id='line_1_42' title="bbox 267 3337 1930 3415; baseline -0.007 -9"><span class='ocrx_word' id='word_1_308' title='bbox 267 3372 269 3374; x_wconf 88' lang='grc'>·</span> <span class='ocrx_word' id='word_1_309' title='bbox 355 3350 733 3405; x_wconf 88' lang='lat' dir='ltr'><strong>ctificationem</strong></span> <span class='ocrx_word' id='word_1_310' title='bbox 761 3337 990 3415; x_wconf 87' lang='lat' dir='ltr'><strong>Spiritus</strong></span> <span class='ocrx_word' id='word_1_311' title='bbox 1018 3337 1208 3415; x_wconf 73' lang='lat' dir='ltr'><strong>sancti,</strong></span> <span class='ocrx_word' id='word_1_312' title='bbox 1237 3337 1632 3415; x_wconf 76' lang='lat' dir='ltr'><strong>consequuntur</strong></span> <span class='ocrx_word' id='word_1_313' title='bbox 1661 3337 1930 3415; x_wconf 85' lang='lat' dir='ltr'><strong>nihilomi-</strong></span> 
     </span>
    </p>
   </div>
   <div class='ocr_carea' id='block_1_43' title="bbox 357 3409 1928 3486">
    <p class='ocr_par' dir='ltr' id='par_1_43' title="bbox 357 3409 1928 3486">
     <span class='ocr_line' id='line_1_43' title="bbox 357 3409 1928 3486; baseline -0.01 -11"><span class='ocrx_word' id='word_1_314' title='bbox 357 3436 458 3475; x_wconf 88' lang='lat' dir='ltr'><strong>nus</strong></span> <span class='ocrx_word' id='word_1_315' title='bbox 485 3420 684 3474; x_wconf 90' lang='lat' dir='ltr'><strong>donum</strong></span> <span class='ocrx_word' id='word_1_316' title='bbox 717 3409 989 3486; x_wconf 72' lang='lat' dir='ltr'><strong>sapientia:</strong></span> <span class='ocrx_word' id='word_1_317' title='bbox 1015 3412 1304 3486; x_wconf 73' lang='lat' dir='ltr'><strong>secundum</strong></span> <span class='ocrx_word' id='word_1_318' title='bbox 1330 3411 1576 3486; x_wconf 70' lang='lat' dir='ltr'><strong>virtutem</strong></span> <span class='ocrx_word' id='word_1_319' title='bbox 1605 3409 1928 3486; x_wconf 79' lang='lat' dir='ltr'><strong>inoperatio-</strong></span> 
     </span>
    </p>
   </div>
   <div class='ocr_carea' id='block_1_44' title="bbox 357 3478 1928 3558">
    <p class='ocr_par' dir='ltr' id='par_1_44' title="bbox 357 3478 1928 3558">
     <span class='ocr_line' id='line_1_44' title="bbox 357 3478 1928 3558; baseline -0.01 -13"><span class='ocrx_word' id='word_1_320' title='bbox 357 3491 442 3545; x_wconf 89' lang='lat' dir='ltr'><strong>nis</strong></span> <span class='ocrx_word' id='word_1_321' title='bbox 470 3490 696 3558; x_wconf 89' lang='lat' dir='ltr'><strong>Spiritus</strong></span> <span class='ocrx_word' id='word_1_322' title='bbox 724 3478 837 3558; x_wconf 78' lang='lat' dir='ltr'><strong>Dei.</strong></span> <span class='ocrx_word' id='word_1_323' title='bbox 864 3486 928 3538; x_wconf 86' lang='lat' dir='ltr'><strong>Et</strong></span> <span class='ocrx_word' id='word_1_324' title='bbox 948 3483 1056 3552; x_wconf 70' lang='lat' dir='ltr'><strong>hoc</strong></span> <span class='ocrx_word' id='word_1_325' title='bbox 1081 3491 1207 3552; x_wconf 87' lang='lat' dir='ltr'><strong>puto</strong></span> <span class='ocrx_word' id='word_1_326' title='bbox 1223 3480 1440 3558; x_wconf 79' lang='lat' dir='ltr'><strong>Paulum</strong></span> <span class='ocrx_word' id='word_1_327' title='bbox 1467 3478 1664 3558; x_wconf 70' lang='lat' dir='ltr'><strong>dicere,</strong></span> <span class='ocrx_word' id='word_1_328' title='bbox 1687 3493 1806 3531; x_wconf 92' lang='lat' dir='ltr'><strong>cum</strong></span> <span class='ocrx_word' id='word_1_329' title='bbox 1833 3479 1928 3544; x_wconf 87' lang='lat' dir='ltr'><strong>ait,</strong></span> 
     </span>
    </p>
   </div>
   <div class='ocr_carea' id='block_1_45' title="bbox 358 3548 1930 3631">
    <p class='ocr_par' dir='ltr' id='par_1_45' title="bbox 358 3548 1930 3631">
     <span class='ocr_line' id='line_1_45' title="bbox 358 3548 1930 3631; baseline -0.01 -17"><span class='ocrx_word' id='word_1_330' title='bbox 358 3548 656 3631; x_wconf 60' lang='lat' dir='ltr'><strong>quibusdam</strong></span> <span class='ocrx_word' id='word_1_331' title='bbox 700 3556 813 3631; x_wconf 80' lang='lat' dir='ltr'><strong>dari</strong></span> <span class='ocrx_word' id='word_1_332' title='bbox 851 3548 1129 3631; x_wconf 64' lang='lat' dir='ltr'><strong>sermonem</strong></span> <span class='ocrx_word' id='word_1_333' title='bbox 1163 3549 1456 3631; x_wconf 59' lang='lat' dir='ltr'><strong>sapientiai,</strong></span> <span class='ocrx_word' id='word_1_334' title='bbox 1498 3548 1612 3631; x_wconf 59' lang='lat' dir='ltr'><strong>aiiis</strong></span> <span class='ocrx_word' id='word_1_335' title='bbox 1653 3563 1930 3631; x_wconf 61' lang='lat' dir='ltr'><strong>sermonem</strong></span> 
     </span>
    </p>
   </div>
   <div class='ocr_carea' id='block_1_46' title="bbox 356 3617 1930 3686">
    <p class='ocr_par' dir='ltr' id='par_1_46' title="bbox 356 3617 1930 3686">
     <span class='ocr_line' id='line_1_46' title="bbox 356 3617 1930 3686; baseline -0.007 -3"><span class='ocrx_word' id='word_1_336' title='bbox 356 3617 577 3684; x_wconf 60' lang='lat' dir='ltr'><strong>scientiis</strong></span> <span class='ocrx_word' id='word_1_337' title='bbox 621 3625 894 3683; x_wconf 76' lang='lat' dir='ltr'><strong>secundum</strong></span> <span class='ocrx_word' id='word_1_338' title='bbox 939 3621 1164 3677; x_wconf 82' lang='lat' dir='ltr'><strong>euntdem</strong></span> <span class='ocrx_word' id='word_1_339' title='bbox 1210 3617 1482 3686; x_wconf 84' lang='lat' dir='ltr'><strong>Spiritum.</strong></span> <span class='ocrx_word' id='word_1_340' title='bbox 1532 3618 1600 3671; x_wconf 85' lang='lat' dir='ltr'><strong>Et</strong></span> <span class='ocrx_word' id='word_1_341' title='bbox 1645 3617 1930 3686; x_wconf 88' lang='lat' dir='ltr'><strong>designans</strong></span> 
     </span>
    </p>
   </div>
   <div class='ocr_carea' id='block_1_47' title="bbox 359 3686 1928 3769">
    <p class='ocr_par' dir='ltr' id='par_1_47' title="bbox 359 3686 1928 3769">
     <span class='ocr_line' id='line_1_47' title="bbox 359 3686 1928 3769; baseline -0.008 -15"><span class='ocrx_word' id='word_1_342' title='bbox 359 3711 787 3769; x_wconf 83' lang='lat' dir='ltr'><strong>unamquamque</strong></span> <span class='ocrx_word' id='word_1_343' title='bbox 827 3689 1490 3769; x_wconf 48' lang='lat' dir='ltr'><strong>discretionemhdononuin</strong></span> <span class='ocrx_word' id='word_1_344' title='bbox 1510 3729 1537 3769; x_wconf 45' lang='grc'>,.</span> <span class='ocrx_word' id='word_1_345' title='bbox 1553 3686 1717 3742; x_wconf 88' lang='lat' dir='ltr'><strong>refert</strong></span> <span class='ocrx_word' id='word_1_346' title='bbox 1750 3688 1928 3769; x_wconf 81' lang='lat' dir='ltr'><strong>omnia</strong></span> 
     </span>
    </p>
   </div>
   <div class='ocr_carea' id='block_1_48' title="bbox 356 3757 1928 3828">
    <p class='ocr_par' dir='ltr' id='par_1_48' title="bbox 356 3757 1928 3828">
     <span class='ocr_line' id='line_1_48' title="bbox 356 3757 1928 3828; baseline -0.008 -4"><span class='ocrx_word' id='word_1_347' title='bbox 356 3770 424 3825; x_wconf 90' lang='lat' dir='ltr'><strong>ad</strong></span> <span class='ocrx_word' id='word_1_348' title='bbox 453 3757 813 3824; x_wconf 74' lang='lat' dir='ltr'><strong>universitatis</strong></span> <span class='ocrx_word' id='word_1_349' title='bbox 841 3766 1060 3828; x_wconf 88' lang='lat' dir='ltr'><strong>fontem,</strong></span> <span class='ocrx_word' id='word_1_350' title='bbox 1083 3771 1137 3816; x_wconf 93' lang='lat' dir='ltr'><strong>et</strong></span> <span class='ocrx_word' id='word_1_351' title='bbox 1179 3759 1342 3824; x_wconf 88' lang='lat' dir='ltr'><strong>dicit,</strong></span> <span class='ocrx_word' id='word_1_352' title='bbox 1372 3757 1657 3812; x_wconf 70' lang='lat' dir='ltr'><strong>Diuisione:</strong></span> <span class='ocrx_word' id='word_1_353' title='bbox 1685 3758 1819 3828; x_wconf 80' lang='lat' dir='ltr'><strong>enim</strong></span> <span class='ocrx_word' id='word_1_354' title='bbox 1846 3758 1928 3811; x_wconf 87' lang='lat' dir='ltr'><strong>in-</strong></span> 
     </span>
    </p>
   </div>
   <div class='ocr_carea' id='block_1_49' title="bbox 361 3827 1930 3910">
    <p class='ocr_par' dir='ltr' id='par_1_49' title="bbox 361 3827 1930 3910">
     <span class='ocr_line' id='line_1_49' title="bbox 361 3827 1930 3910; baseline 0.012 -17"><span class='ocrx_word' id='word_1_355' title='bbox 361 3840 720 3910; x_wconf 67' lang='lat' dir='ltr'><strong>operationunt</strong></span> <span class='ocrx_word' id='word_1_356' title='bbox 737 3843 872 3898; x_wconf 77' lang='lat' dir='ltr'><strong>sunt,</strong></span> <span class='ocrx_word' id='word_1_357' title='bbox 891 3834 984 3910; x_wconf 62' lang='grc' dir='ltr'>δειέ</span> <span class='ocrx_word' id='word_1_358' title='bbox 1003 3827 1131 3910; x_wconf 51' lang='lat' dir='ltr'><strong>In)!“</strong></span> <span class='ocrx_word' id='word_1_359' title='bbox 1143 3830 1306 3910; x_wconf 60' lang='grc' dir='ltr'><strong>Ρωξῆ</strong></span> <span class='ocrx_word' id='word_1_360' title='bbox 1321 3827 1930 3910; x_wconf 45' lang='grc' dir='ltr'><strong>σαί,⁰Ρενα³⁸⁴ἲ’.⁰⁷ἶ¹.⁷¹ί⁰.ί⁷³</strong></span> 
     </span>
    </p>
   </div>
   <div class='ocr_carea' id='block_1_50' title="bbox 356 3898 1926 3980">
    <p class='ocr_par' dir='ltr' id='par_1_50' title="bbox 356 3898 1926 3980">
     <span class='ocr_line' id='line_1_50' title="bbox 356 3898 1926 3980; baseline -0.008 -16"><span class='ocrx_word' id='word_1_361' title='bbox 356 3898 584 3966; x_wconf 67' lang='lat' dir='ltr'><strong>omnibus</strong></span> <span class='ocrx_word' id='word_1_362' title='bbox 609 3909 662 3980; x_wconf 92' lang='lat' dir='ltr'><strong>(l</strong></span> <span class='ocrx_word' id='word_1_363' title='bbox 683 3907 799 3962; x_wconf 81' lang='lat' dir='ltr'><strong>Cor.</strong></span> <span class='ocrx_word' id='word_1_364' title='bbox 833 3921 927 3965; x_wconf 78' lang='lat' dir='ltr'><strong>xu.</strong></span> <span class='ocrx_word' id='word_1_365' title='bbox 956 3903 1115 3980; x_wconf 33' lang='lat'><strong>8,-_6).</strong></span> <span class='ocrx_word' id='word_1_366' title='bbox 1143 3898 1379 3980; x_wconf 56' lang='lat' dir='ltr'><strong>Undect</strong></span> <span class='ocrx_word' id='word_1_367' title='bbox 1415 3898 1717 3980; x_wconf 69' lang='lat' dir='ltr'><strong>inoperatin</strong></span> <span class='ocrx_word' id='word_1_368' title='bbox 1733 3898 1926 3980; x_wconf 76' lang='lat' dir='ltr'><strong>Patris,</strong></span> 
     </span>
    </p>
   </div>
   <div class='ocr_carea' id='block_1_51' title="bbox 358 3966 1931 4051">
    <p class='ocr_par' dir='ltr' id='par_1_51' title="bbox 358 3966 1931 4051">
     <span class='ocr_line' id='line_1_51' title="bbox 358 3966 1931 4051; baseline -0.008 -16"><span class='ocrx_word' id='word_1_369' title='bbox 358 3996 477 4051; x_wconf 69' lang='lat' dir='ltr'><strong>qua:</strong></span> <span class='ocrx_word' id='word_1_370' title='bbox 505 3966 627 4035; x_wconf 75' lang='lat' dir='ltr'><strong>esse</strong></span> <span class='ocrx_word' id='word_1_371' title='bbox 651 3985 866 4049; x_wconf 72' lang='lat' dir='ltr'><strong>priestat</strong></span> <span class='ocrx_word' id='word_1_372' title='bbox 891 3966 1167 4051; x_wconf 80' lang='lat' dir='ltr'><strong>omnibus,</strong></span> <span class='ocrx_word' id='word_1_373' title='bbox 1197 3969 1392 4025; x_wconf 90' lang='lat' dir='ltr'><strong>clarior</strong></span> <span class='ocrx_word' id='word_1_374' title='bbox 1421 3983 1483 4023; x_wconf 91' lang='lat' dir='ltr'><strong>ac</strong></span> <span class='ocrx_word' id='word_1_375' title='bbox 1508 3966 1931 4051; x_wconf 77' lang='lat' dir='ltr'><strong>magnificentior</strong></span> 
     </span>
    </p>
   </div>
   <div class='ocr_carea' id='block_1_52' title="bbox 360 4041 1928 4112">
    <p class='ocr_par' dir='ltr' id='par_1_52' title="bbox 360 4041 1928 4112">
     <span class='ocr_line' id='line_1_52' title="bbox 360 4041 1928 4112; baseline -0.006 -8"><span class='ocrx_word' id='word_1_376' title='bbox 360 4041 689 4105; x_wconf 65' lang='lat' dir='ltr'><strong>i&#39;nvenitur&#39;:</strong></span> <span class='ocrx_word' id='word_1_377' title='bbox 743 4061 864 4101; x_wconf 92' lang='lat' dir='ltr'><strong>cum</strong></span> <span class='ocrx_word' id='word_1_378' title='bbox 914 4043 1275 4112; x_wconf 89' lang='lat' dir='ltr'><strong>unusquisque</strong></span> <span class='ocrx_word' id='word_1_379' title='bbox 1329 4055 1424 4112; x_wconf 86' lang='lat' dir='ltr'><strong>per</strong></span> <span class='ocrx_word' id='word_1_380' title='bbox 1471 4041 1928 4112; x_wconf 83' lang='lat' dir='ltr'><strong>participationem</strong></span> 
     </span>
    </p>
   </div>
   <div class='ocr_carea' id='block_1_53' title="bbox 357 4109 1927 4185">
    <p class='ocr_par' dir='ltr' id='par_1_53' title="bbox 357 4109 1927 4185">
     <span class='ocr_line' id='line_1_53' title="bbox 357 4109 1927 4185; baseline -0.01 -9"><span class='ocrx_word' id='word_1_381' title='bbox 357 4120 581 4185; x_wconf 90' lang='lat' dir='ltr'><strong>Christi,</strong></span> <span class='ocrx_word' id='word_1_382' title='bbox 603 4117 892 4174; x_wconf 90' lang='lat' dir='ltr'><strong>secundum</strong></span> <span class='ocrx_word' id='word_1_383' title='bbox 921 4116 972 4169; x_wconf 93' lang='lat' dir='ltr'><strong>id</strong></span> <span class='ocrx_word' id='word_1_384' title='bbox 994 4109 1133 4184; x_wconf 81' lang='lat' dir='ltr'><strong>quod</strong></span> <span class='ocrx_word' id='word_1_385' title='bbox 1158 4109 1417 4185; x_wconf 75' lang='lat' dir='ltr'><strong>sapientia</strong></span> <span class='ocrx_word' id='word_1_386' title='bbox 1445 4117 1546 4175; x_wconf 89' lang='lat' dir='ltr'><strong>est,</strong></span> <span class='ocrx_word' id='word_1_387' title='bbox 1564 4118 1613 4164; x_wconf 93' lang='lat' dir='ltr'><strong>cl</strong></span> <span class='ocrx_word' id='word_1_388' title='bbox 1636 4109 1927 4185; x_wconf 74' lang='lat' dir='ltr'><strong>secundum</strong></span> 
     </span>
    </p>
   </div>
   <div class='ocr_carea' id='block_1_54' title="bbox 357 4179 1927 4260">
    <p class='ocr_par' dir='ltr' id='par_1_54' title="bbox 357 4179 1927 4260">
     <span class='ocr_line' id='line_1_54' title="bbox 357 4179 1927 4260; baseline -0.008 -15"><span class='ocrx_word' id='word_1_389' title='bbox 357 4192 411 4245; x_wconf 91' lang='lat' dir='ltr'><strong>id</strong></span> <span class='ocrx_word' id='word_1_390' title='bbox 440 4179 581 4260; x_wconf 75' lang='lat' dir='ltr'><strong>quod</strong></span> <span class='ocrx_word' id='word_1_391' title='bbox 607 4188 824 4244; x_wconf 89' lang='lat' dir='ltr'><strong>scientia</strong></span> <span class='ocrx_word' id='word_1_392' title='bbox 849 4193 932 4241; x_wconf 90' lang='lat' dir='ltr'><strong>est</strong></span> <span class='ocrx_word' id='word_1_393' title='bbox 950 4179 1376 4260; x_wconf 45' lang='lat' dir='ltr'><strong>ct’sanctificatio</strong></span> <span class='ocrx_word' id='word_1_394' title='bbox 1401 4189 1502 4260; x_wconf 85' lang='lat' dir='ltr'><strong>est,</strong></span> <span class='ocrx_word' id='word_1_395' title='bbox 1536 4179 1762 4260; x_wconf 79' lang='lat' dir='ltr'><strong>proficit,</strong></span> <span class='ocrx_word' id='word_1_396' title='bbox 1791 4189 1845 4234; x_wconf 91' lang='lat' dir='ltr'><strong>et</strong></span> <span class='ocrx_word' id='word_1_397' title='bbox 1874 4180 1927 4260; x_wconf 85' lang='lat' dir='ltr'><strong>in</strong></span> 
     </span>
    </p>
   </div>
   <div class='ocr_carea' id='block_1_55' title="bbox 360 4250 1929 4329">
    <p class='ocr_par' dir='ltr' id='par_1_55' title="bbox 360 4250 1929 4329">
     <span class='ocr_line' id='line_1_55' title="bbox 360 4250 1929 4329; baseline -0.006 -15"><span class='ocrx_word' id='word_1_398' title='bbox 360 4250 576 4315; x_wconf 79' lang='lat' dir='ltr'><strong>altiores</strong></span> <span class='ocrx_word' id='word_1_399' title='bbox 604 4260 935 4329; x_wconf 88' lang='lat' dir='ltr'><strong>profectuum</strong></span> <span class='ocrx_word' id='word_1_400' title='bbox 968 4253 1161 4326; x_wconf 83' lang='lat' dir='ltr'><strong>gradus</strong></span> <span class='ocrx_word' id='word_1_401' title='bbox 1195 4253 1341 4329; x_wconf 79' lang='lat' dir='ltr'><strong>venit</strong></span> <span class='ocrx_word' id='word_1_402' title='bbox 1380 4269 1392 4304; x_wconf 93' lang='lat'><strong>:</strong></span> <span class='ocrx_word' id='word_1_403' title='bbox 1425 4258 1488 4329; x_wconf 64' lang='lat' dir='ltr'><strong>et</strong></span> <span class='ocrx_word' id='word_1_404' title='bbox 1528 4265 1622 4329; x_wconf 88' lang='lat' dir='ltr'><strong>per</strong></span> <span class='ocrx_word' id='word_1_405' title='bbox 1653 4250 1751 4329; x_wconf 90' lang='lat' dir='ltr'><strong>hoc</strong></span> <span class='ocrx_word' id='word_1_406' title='bbox 1787 4250 1929 4329; x_wconf 80' lang='lat' dir='ltr'><strong>quod</strong></span> 
     </span>
    </p>
   </div>
   <div class='ocr_carea' id='block_1_56' title="bbox 357 4321 1925 4402">
    <p class='ocr_par' dir='ltr' id='par_1_56' title="bbox 357 4321 1925 4402">
     <span class='ocr_line' id='line_1_56' title="bbox 357 4321 1925 4402; baseline -0.008 -17"><span class='ocrx_word' id='word_1_407' title='bbox 357 4321 762 4402; x_wconf 70' lang='lat' dir='ltr'><strong>participatione</strong></span> <span class='ocrx_word' id='word_1_408' title='bbox 801 4321 1030 4402; x_wconf 66' lang='lat' dir='ltr'><strong>Spiritus</strong></span> <span class='ocrx_word' id='word_1_409' title='bbox 1069 4325 1234 4402; x_wconf 74' lang='lat' dir='ltr'><strong>sancti</strong></span> <span class='ocrx_word' id='word_1_410' title='bbox 1274 4321 1630 4402; x_wconf 75' lang='lat' dir='ltr'><strong>Sanctificatus</strong></span> <span class='ocrx_word' id='word_1_411' title='bbox 1668 4321 1925 4402; x_wconf 74' lang='lat' dir='ltr'><strong>estquis,</strong></span> 
     </span>
    </p>
   </div>
   <div class='ocr_carea' id='block_1_57' title="bbox 356 4392 1928 4472">
    <p class='ocr_par' dir='ltr' id='par_1_57' title="bbox 356 4392 1928 4472">
     <span class='ocr_line' id='line_1_57' title="bbox 356 4392 1928 4472; baseline -0.008 -17"><span class='ocrx_word' id='word_1_412' title='bbox 356 4392 541 4472; x_wconf 76' lang='lat' dir='ltr'><strong>purior</strong></span> <span class='ocrx_word' id='word_1_413' title='bbox 554 4392 628 4472; x_wconf 61' lang='lat' dir='ltr'><strong>&#39;ac</strong></span> <span class='ocrx_word' id='word_1_414' title='bbox 649 4392 908 4472; x_wconf 77' lang='lat' dir='ltr'><strong>sincerior</strong></span> <span class='ocrx_word' id='word_1_415' title='bbox 923 4395 1162 4472; x_wconf 72' lang='lat' dir='ltr'><strong>effectus,</strong></span> <span class='ocrx_word' id='word_1_416' title='bbox 1187 4393 1393 4472; x_wconf 76' lang='lat' dir='ltr'><strong>dignius</strong></span> <span class='ocrx_word' id='word_1_417' title='bbox 1411 4392 1596 4472; x_wconf 76' lang='lat' dir='ltr'><strong>recipit</strong></span> <span class='ocrx_word' id='word_1_418' title='bbox 1615 4392 1928 4472; x_wconf 73' lang='lat' dir='ltr'><strong>sapientiam</strong></span> 
     </span>
    </p>
   </div>
   <div class='ocr_carea' id='block_1_58' title="bbox 355 4462 1930 4538">
    <p class='ocr_par' dir='ltr' id='par_1_58' title="bbox 355 4462 1930 4538">
     <span class='ocr_line' id='line_1_58' title="bbox 355 4462 1930 4538; baseline -0.007 -12"><span class='ocrx_word' id='word_1_419' title='bbox 355 4462 422 4526; x_wconf 73' lang='lat' dir='ltr'><strong>ac</strong></span> <span class='ocrx_word' id='word_1_420' title='bbox 443 4470 680 4526; x_wconf 62' lang='lat' dir='ltr'><strong>scientim</strong></span> <span class='ocrx_word' id='word_1_421' title='bbox 707 4468 957 4538; x_wconf 80' lang='lat' dir='ltr'><strong>gratiam;</strong></span> <span class='ocrx_word' id='word_1_422' title='bbox 985 4476 1047 4538; x_wconf 92' lang='lat' dir='ltr'><strong>_ut</strong></span> <span class='ocrx_word' id='word_1_423' title='bbox 1072 4463 1308 4538; x_wconf 80' lang='lat' dir='ltr'><strong>depulsis</strong></span> <span class='ocrx_word' id='word_1_424' title='bbox 1333 4462 1576 4538; x_wconf 76' lang='lat' dir='ltr'><strong>omnibus</strong></span> <span class='ocrx_word' id='word_1_425' title='bbox 1600 4462 1930 4530; x_wconf 83' lang='lat' dir='ltr'><strong>expurgatis-</strong></span> 
     </span>
    </p>
   </div>
   <div class='ocr_carea' id='block_1_59' title="bbox 356 4531 1930 4611">
    <p class='ocr_par' dir='ltr' id='par_1_59' title="bbox 356 4531 1930 4611">
     <span class='ocr_line' id='line_1_59' title="bbox 356 4531 1930 4611; baseline -0.006 -18"><span class='ocrx_word' id='word_1_426' title='bbox 356 4557 460 4611; x_wconf 89' lang='lat' dir='ltr'><strong>que</strong></span> <span class='ocrx_word' id='word_1_427' title='bbox 481 4531 785 4611; x_wconf 74' lang='lat' dir='ltr'><strong>pollutionis</strong></span> <span class='ocrx_word' id='word_1_428' title='bbox 804 4545 962 4611; x_wconf 82' lang='lat' dir='ltr'><strong>atque</strong></span> <span class='ocrx_word' id='word_1_429' title='bbox 983 4531 1294 4611; x_wconf 63' lang='lat' dir='ltr'><strong>ignonantim</strong></span> <span class='ocrx_word' id='word_1_430' title='bbox 1320 4531 1558 4611; x_wconf 78' lang='lat' dir='ltr'><strong>maculis,</strong></span> <span class='ocrx_word' id='word_1_431' title='bbox 1585 4540 1787 4611; x_wconf 86' lang='lat' dir='ltr'><strong>tantum</strong></span> <span class='ocrx_word' id='word_1_432' title='bbox 1808 4546 1930 4611; x_wconf 62' lang='lat' dir='ltr'><strong>pro:</strong></span> 
     </span>
    </p>
   </div>
   <div class='ocr_carea' id='block_1_60' title="bbox 354 4600 1928 4675">
    <p class='ocr_par' dir='ltr' id='par_1_60' title="bbox 354 4600 1928 4675">
     <span class='ocr_line' id='line_1_60' title="bbox 354 4600 1928 4675; baseline -0.006 -11"><span class='ocrx_word' id='word_1_433' title='bbox 354 4600 548 4666; x_wconf 68' lang='lat' dir='ltr'><strong>fecttim</strong></span> <span class='ocrx_word' id='word_1_434' title='bbox 578 4600 902 4664; x_wconf 82' lang='lat' dir='ltr'><strong>sinceritatis</strong></span> <span class='ocrx_word' id='word_1_435' title='bbox 930 4622 991 4660; x_wconf 91' lang='lat' dir='ltr'><strong>ac</strong></span> <span class='ocrx_word' id='word_1_436' title='bbox 1005 4600 1264 4675; x_wconf 57' lang='lat' dir='ltr'><strong>&#39;puritatis</strong></span> <span class='ocrx_word' id='word_1_437' title='bbox 1293 4602 1548 4675; x_wconf 69' lang='lat' dir='ltr'><strong>accipiat,</strong></span> <span class='ocrx_word' id='word_1_438' title='bbox 1575 4609 1631 4675; x_wconf 84' lang='lat' dir='ltr'><strong>ut</strong></span> <span class='ocrx_word' id='word_1_439' title='bbox 1657 4602 1756 4655; x_wconf 92' lang='lat' dir='ltr'><strong>hoc</strong></span> <span class='ocrx_word' id='word_1_440' title='bbox 1785 4600 1928 4670; x_wconf 89' lang='lat' dir='ltr'><strong>quod</strong></span> 
     </span>
    </p>
   </div>
   <div class='ocr_carea' id='block_1_61' title="bbox 354 4671 1926 4752">
    <p class='ocr_par' dir='ltr' id='par_1_61' title="bbox 354 4671 1926 4752">
     <span class='ocr_line' id='line_1_61' title="bbox 354 4671 1926 4752; baseline -0.008 -16"><span class='ocrx_word' id='word_1_441' title='bbox 354 4682 558 4752; x_wconf 90' lang='lat' dir='ltr'><strong>accepit</strong></span> <span class='ocrx_word' id='word_1_442' title='bbox 577 4696 606 4734; x_wconf 90' lang='lat' dir='ltr'><strong>a</strong></span> <span class='ocrx_word' id='word_1_443' title='bbox 637 4681 749 4734; x_wconf 92' lang='lat' dir='ltr'><strong>Deo</strong></span> <span class='ocrx_word' id='word_1_444' title='bbox 772 4689 828 4752; x_wconf 86' lang='lat' dir='ltr'><strong>ut</strong></span> <span class='ocrx_word' id='word_1_445' title='bbox 849 4671 1140 4740; x_wconf 60' lang='lat' dir='ltr'><strong>esset,&#39;tale</strong></span> <span class='ocrx_word' id='word_1_446' title='bbox 1165 4673 1414 4752; x_wconf 35' lang='lat' dir='ltr'><strong>sitq-uale</strong></span> <span class='ocrx_word' id='word_1_447' title='bbox 1447 4672 1556 4752; x_wconf 73' lang='lat' dir='ltr'><strong>Deo</strong></span> <span class='ocrx_word' id='word_1_448' title='bbox 1578 4671 1796 4741; x_wconf 84' lang='lat' dir='ltr'><strong>dignum</strong></span> <span class='ocrx_word' id='word_1_449' title='bbox 1823 4681 1926 4739; x_wconf 91' lang='lat' dir='ltr'><strong>est,</strong></span> 
     </span>
    </p>
   </div>
   <div class='ocr_carea' id='block_1_62' title="bbox 395 4742 1926 4824">
    <p class='ocr_par' dir='ltr' id='par_1_62' title="bbox 395 4742 1926 4824">
     <span class='ocr_line' id='line_1_62' title="bbox 395 4742 1926 4824; baseline -0.008 -18"><span class='ocrx_word' id='word_1_450' title='bbox 395 4753 445 4805; x_wconf 90' lang='lat' dir='ltr'><strong>ui</strong></span> <span class='ocrx_word' id='word_1_451' title='bbox 474 4742 530 4806; x_wconf 77' lang='lat' dir='ltr'><strong>ut</strong></span> <span class='ocrx_word' id='word_1_452' title='bbox 555 4759 697 4824; x_wconf 82' lang='lat' dir='ltr'><strong>esset</strong></span> <span class='ocrx_word' id='word_1_453' title='bbox 720 4749 902 4824; x_wconf 82' lang='lat' dir='ltr'><strong>utique</strong></span> <span class='ocrx_word' id='word_1_454' title='bbox 928 4762 1060 4817; x_wconf 90' lang='lat' dir='ltr'><strong>pure</strong></span> <span class='ocrx_word' id='word_1_455' title='bbox 1087 4745 1412 4824; x_wconf 64' lang='lat' dir='ltr'><strong>praestititac</strong></span> <span class='ocrx_word' id='word_1_456' title='bbox 1439 4742 1668 4824; x_wconf 64' lang='lat' dir='ltr'><strong>penfecte</strong></span> <span class='ocrx_word' id='word_1_457' title='bbox 1688 4784 1702 4805; x_wconf 91' lang='lat'><strong>,</strong></span> <span class='ocrx_word' id='word_1_458' title='bbox 1733 4753 1800 4824; x_wconf 64' lang='lat' dir='ltr'><strong>ut</strong></span> <span class='ocrx_word' id='word_1_459' title='bbox 1819 4753 1926 4824; x_wconf 77' lang='lat' dir='ltr'><strong>tam</strong></span> 
     </span>
    </p>
   </div>
   <div class='ocr_carea' id='block_1_63' title="bbox 354 4768 1923 4890">
    <p class='ocr_par' dir='ltr' id='par_1_63' title="bbox 354 4768 1923 4890">
     <span class='ocr_line' id='line_1_63' title="bbox 395 4768 1923 4817; baseline -0.006 -12"><span class='ocrx_word' id='word_1_460' title='bbox 395 4768 445 4805; x_wconf 91' lang='grc' dir='ltr'><strong>ιιι</strong></span> <span class='ocrx_word' id='word_1_461' title='bbox 474 4768 530 4806; x_wconf 80' lang='grc' dir='ltr'><strong>ιιι</strong></span> <span class='ocrx_word' id='word_1_462' title='bbox 555 4768 697 4805; x_wconf 88' lang='lat' dir='ltr'><strong>esset</strong></span> <span class='ocrx_word' id='word_1_463' title='bbox 722 4768 902 4817; x_wconf 82' lang='lat' dir='ltr'><strong>uuque</strong></span> <span class='ocrx_word' id='word_1_464' title='bbox 928 4768 1060 4817; x_wconf 79' lang='lat' dir='ltr'><strong>pure</strong></span> <span class='ocrx_word' id='word_1_465' title='bbox 1088 4768 1328 4814; x_wconf 55' lang='lat' dir='ltr'><strong>plausum.</strong></span> <span class='ocrx_word' id='word_1_466' title='bbox 1351 4768 1412 4796; x_wconf 76' lang='lat' dir='ltr'><strong>at;</strong></span> <span class='ocrx_word' id='word_1_467' title='bbox 1439 4768 1668 4810; x_wconf 69' lang='lat' dir='ltr'><strong>pCl&#39;lﬁUlU</strong></span> <span class='ocrx_word' id='word_1_468' title='bbox 1688 4784 1702 4805; x_wconf 86' lang='lat'><strong>,</strong></span> <span class='ocrx_word' id='word_1_469' title='bbox 1735 4768 1789 4796; x_wconf 85' lang='lat' dir='ltr'><strong>ut</strong></span> <span class='ocrx_word' id='word_1_470' title='bbox 1820 4768 1923 4796; x_wconf 76' lang='lat' dir='ltr'><strong>tatu</strong></span> 
     </span>
     <span class='ocr_line' id='line_1_64' title="bbox 354 4768 1923 4890; baseline -0.006 -14"><span class='ocrx_word' id='word_1_471' title='bbox 354 4768 572 4890; x_wconf 54' lang='lat' dir='ltr'><strong>dignum</strong></span> <span class='ocrx_word' id='word_1_472' title='bbox 596 4822 665 4875; x_wconf 92' lang='lat' dir='ltr'><strong>sit</strong></span> <span class='ocrx_word' id='word_1_473' title='bbox 685 4819 734 4874; x_wconf 92' lang='lat' dir='ltr'><strong>id</strong></span> <span class='ocrx_word' id='word_1_474' title='bbox 760 4817 900 4889; x_wconf 89' lang='lat' dir='ltr'><strong>quod</strong></span> <span class='ocrx_word' id='word_1_475' title='bbox 924 4826 1024 4880; x_wconf 88' lang='lat' dir='ltr'><strong>est,</strong></span> <span class='ocrx_word' id='word_1_476' title='bbox 1043 4831 1199 4886; x_wconf 89' lang='lat' dir='ltr'><strong>quam</strong></span> <span class='ocrx_word' id='word_1_477' title='bbox 1221 4821 1306 4869; x_wconf 91' lang='lat' dir='ltr'><strong>est</strong></span> <span class='ocrx_word' id='word_1_478' title='bbox 1328 4813 1420 4868; x_wconf 91' lang='lat' dir='ltr'><strong>ille</strong></span> <span class='ocrx_word' id='word_1_479' title='bbox 1445 4813 1535 4882; x_wconf 92' lang='lat' dir='ltr'><strong>qui</strong></span> <span class='ocrx_word' id='word_1_480' title='bbox 1560 4812 1612 4866; x_wconf 87' lang='lat' dir='ltr'><strong>id</strong></span> <span class='ocrx_word' id='word_1_481' title='bbox 1635 4827 1756 4890; x_wconf 80' lang='lat' dir='ltr'><strong>esse</strong></span> <span class='ocrx_word' id='word_1_482' title='bbox 1776 4811 1923 4867; x_wconf 89' lang='lat' dir='ltr'><strong>fecit.</strong></span> 
     </span>
    </p>
   </div>
   <div class='ocr_carea' id='block_1_64' title="bbox 354 4884 1921 4959">
    <p class='ocr_par' dir='ltr' id='par_1_64' title="bbox 354 4884 1921 4959">
     <span class='ocr_line' id='line_1_65' title="bbox 354 4884 1921 4959; baseline -0.006 -14"><span class='ocrx_word' id='word_1_483' title='bbox 354 4884 440 4945; x_wconf 71' lang='lat' dir='ltr'><strong>Ita</strong></span> <span class='ocrx_word' id='word_1_484' title='bbox 460 4905 686 4959; x_wconf 89' lang='lat' dir='ltr'><strong>namque</strong></span> <span class='ocrx_word' id='word_1_485' title='bbox 707 4899 762 4944; x_wconf 89' lang='lat' dir='ltr'><strong>et</strong></span> <span class='ocrx_word' id='word_1_486' title='bbox 779 4884 1038 4942; x_wconf 64' lang='lat' dir='ltr'><strong>&#39;virtutem</strong></span> <span class='ocrx_word' id='word_1_487' title='bbox 1063 4884 1278 4959; x_wconf 77' lang='lat' dir='ltr'><strong>semper</strong></span> <span class='ocrx_word' id='word_1_488' title='bbox 1300 4899 1450 4959; x_wconf 85' lang='lat' dir='ltr'><strong>esse,</strong></span> <span class='ocrx_word' id='word_1_489' title='bbox 1481 4891 1640 4959; x_wconf 78' lang='lat' dir='ltr'><strong>atque</strong></span> <span class='ocrx_word' id='word_1_490' title='bbox 1669 4884 1724 4937; x_wconf 89' lang='lat' dir='ltr'><strong>in</strong></span> <span class='ocrx_word' id='word_1_491' title='bbox 1761 4891 1921 4959; x_wconf 72' lang='lat' dir='ltr'><strong>teter-</strong></span> 
     </span>
    </p>
   </div>
   <div class='ocr_carea' id='block_1_65' title="bbox 353 4953 1921 5027">
    <p class='ocr_par' dir='ltr' id='par_1_65' title="bbox 353 4953 1921 5027">
     <span class='ocr_line' id='line_1_66' title="bbox 353 4953 1921 5027; baseline -0.005 -12"><span class='ocrx_word' id='word_1_492' title='bbox 353 4976 481 5016; x_wconf 90' lang='lat' dir='ltr'><strong>num</strong></span> <span class='ocrx_word' id='word_1_493' title='bbox 521 4953 736 5013; x_wconf 77' lang='lat' dir='ltr'><strong>manere</strong></span> <span class='ocrx_word' id='word_1_494' title='bbox 762 4959 1016 5027; x_wconf 90' lang='lat' dir='ltr'><strong>percipiet</strong></span> <span class='ocrx_word' id='word_1_495' title='bbox 1042 4972 1071 5010; x_wconf 90' lang='lat' dir='ltr'><strong>a</strong></span> <span class='ocrx_word' id='word_1_496' title='bbox 1101 4953 1214 5027; x_wconf 85' lang='lat' dir='ltr'><strong>Deo</strong></span> <span class='ocrx_word' id='word_1_497' title='bbox 1243 4956 1295 5027; x_wconf 78' lang='lat' dir='ltr'><strong>is</strong></span> <span class='ocrx_word' id='word_1_498' title='bbox 1314 4955 1414 5027; x_wconf 78' lang='lat' dir='ltr'><strong>qui</strong></span> <span class='ocrx_word' id='word_1_499' title='bbox 1431 4953 1551 5008; x_wconf 88' lang='lat' dir='ltr'><strong>talis</strong></span> <span class='ocrx_word' id='word_1_500' title='bbox 1576 4962 1678 5027; x_wconf 73' lang='lat' dir='ltr'><strong>est,</strong></span> <span class='ocrx_word' id='word_1_501' title='bbox 1710 4955 1921 5021; x_wconf 89' lang='lat' dir='ltr'><strong>qualem</strong></span> 
     </span>
    </p>
   </div>
   <div class='ocr_carea' id='block_1_66' title="bbox 353 5024 1926 5094">
    <p class='ocr_par' dir='ltr' id='par_1_66' title="bbox 353 5024 1926 5094">
     <span class='ocr_line' id='line_1_67' title="bbox 353 5024 1926 5094; baseline -0.006 -7"><span class='ocrx_word' id='word_1_502' title='bbox 353 5046 479 5087; x_wconf 88' lang='lat' dir='ltr'><strong>eum</strong></span> <span class='ocrx_word' id='word_1_503' title='bbox 508 5030 675 5083; x_wconf 91' lang='lat' dir='ltr'><strong>voluit</strong></span> <span class='ocrx_word' id='word_1_504' title='bbox 701 5024 820 5082; x_wconf 84' lang='lat' dir='ltr'><strong>esse</strong></span> <span class='ocrx_word' id='word_1_505' title='bbox 849 5024 937 5080; x_wconf 86' lang='lat' dir='ltr'><strong>ille</strong></span> <span class='ocrx_word' id='word_1_506' title='bbox 979 5027 1066 5094; x_wconf 88' lang='lat' dir='ltr'><strong>qui</strong></span> <span class='ocrx_word' id='word_1_507' title='bbox 1093 5025 1235 5079; x_wconf 89' lang='lat' dir='ltr'><strong>fecit.</strong></span> <span class='ocrx_word' id='word_1_508' title='bbox 1266 5024 1416 5091; x_wconf 85' lang='lat' dir='ltr'><strong>Quod</strong></span> <span class='ocrx_word' id='word_1_509' title='bbox 1443 5033 1500 5077; x_wconf 91' lang='lat' dir='ltr'><strong>ut</strong></span> <span class='ocrx_word' id='word_1_510' title='bbox 1527 5024 1757 5088; x_wconf 88' lang='lat' dir='ltr'><strong>accidat,</strong></span> <span class='ocrx_word' id='word_1_511' title='bbox 1788 5031 1843 5078; x_wconf 91' lang='lat' dir='ltr'><strong>et</strong></span> <span class='ocrx_word' id='word_1_512' title='bbox 1866 5031 1926 5077; x_wconf 89' lang='lat' dir='ltr'><strong>ut</strong></span> 
     </span>
    </p>
   </div>
   <div class='ocr_carea' id='block_1_67' title="bbox 353 5094 1921 5166">
    <p class='ocr_par' dir='ltr' id='par_1_67' title="bbox 353 5094 1921 5166">
     <span class='ocr_line' id='line_1_68' title="bbox 353 5094 1921 5166; baseline -0.006 -9"><span class='ocrx_word' id='word_1_513' title='bbox 353 5101 720 5157; x_wconf 87' lang='lat' dir='ltr'><strong>indesinenter</strong></span> <span class='ocrx_word' id='word_1_514' title='bbox 739 5105 897 5166; x_wconf 89' lang='lat' dir='ltr'><strong>atque</strong></span> <span class='ocrx_word' id='word_1_515' title='bbox 917 5094 1612 5166; x_wconf 81' lang='lat' dir='ltr'><strong>inseparabiliterassistant</strong></span> <span class='ocrx_word' id='word_1_516' title='bbox 1635 5095 1683 5148; x_wconf 92' lang='lat' dir='ltr'><strong>ei</strong></span> <span class='ocrx_word' id='word_1_517' title='bbox 1707 5094 1797 5162; x_wconf 92' lang='lat' dir='ltr'><strong>qui</strong></span> <span class='ocrx_word' id='word_1_518' title='bbox 1818 5103 1921 5166; x_wconf 87' lang='lat' dir='ltr'><strong>est,</strong></span> 
     </span>
    </p>
   </div>
   <div class='ocr_carea' id='block_1_68' title="bbox 353 5163 1923 5242">
    <p class='ocr_par' dir='ltr' id='par_1_68' title="bbox 353 5163 1923 5242">
     <span class='ocr_line' id='line_1_69' title="bbox 353 5163 1923 5242; baseline -0.005 -16"><span class='ocrx_word' id='word_1_519' title='bbox 353 5187 414 5226; x_wconf 87' lang='lat' dir='ltr'><strong>ea</strong></span> <span class='ocrx_word' id='word_1_520' title='bbox 441 5186 560 5242; x_wconf 85' lang='lat' dir='ltr'><strong>quae</strong></span> <span class='ocrx_word' id='word_1_521' title='bbox 587 5170 656 5224; x_wconf 89' lang='lat' dir='ltr'><strong>ab</strong></span> <span class='ocrx_word' id='word_1_522' title='bbox 684 5170 799 5240; x_wconf 90' lang='lat' dir='ltr'><strong>ipso</strong></span> <span class='ocrx_word' id='word_1_523' title='bbox 814 5163 961 5242; x_wconf 70' lang='lat' dir='ltr'><strong>Tacta</strong></span> <span class='ocrx_word' id='word_1_524' title='bbox 990 5163 1114 5221; x_wconf 87' lang='lat' dir='ltr'><strong>sunt</strong></span> <span class='ocrx_word' id='word_1_525' title='bbox 1141 5164 1415 5242; x_wconf 71' lang='lat' dir='ltr'><strong>sapientia:</strong></span> <span class='ocrx_word' id='word_1_526' title='bbox 1433 5163 1533 5242; x_wconf 84' lang='lat' dir='ltr'><strong>,_id</strong></span> <span class='ocrx_word' id='word_1_527' title='bbox 1569 5173 1811 5242; x_wconf 83' lang='lat' dir='ltr'><strong>opus_c_st</strong></span> <span class='ocrx_word' id='word_1_528' title='bbox 1839 5165 1923 5218; x_wconf 84' lang='lat' dir='ltr'><strong>in-</strong></span> 
     </span>
    </p>
   </div>
   <div class='ocr_carea' id='block_1_69' title="bbox 353 5233 1924 5311">
    <p class='ocr_par' dir='ltr' id='par_1_69' title="bbox 353 5233 1924 5311">
     <span class='ocr_line' id='line_1_70' title="bbox 353 5233 1924 5311; baseline -0.005 -15"><span class='ocrx_word' id='word_1_529' title='bbox 353 5233 559 5296; x_wconf 68' lang='lat' dir='ltr'><strong>stru&#39;ere</strong></span> <span class='ocrx_word' id='word_1_530' title='bbox 586 5233 743 5311; x_wconf 73' lang='lat' dir='ltr'><strong>atque</strong></span> <span class='ocrx_word' id='word_1_531' title='bbox 758 5236 974 5311; x_wconf 73' lang='lat' dir='ltr'><strong>erudire</strong></span> <span class='ocrx_word' id='word_1_532' title='bbox 997 5244 1143 5311; x_wconf 77' lang='lat' dir='ltr'><strong>eaet</strong></span> <span class='ocrx_word' id='word_1_533' title='bbox 1161 5235 1227 5287; x_wconf 91' lang='lat' dir='ltr'><strong>ad</strong></span> <span class='ocrx_word' id='word_1_534' title='bbox 1253 5233 1634 5311; x_wconf 78' lang='lat' dir='ltr'><strong>perfectionem</strong></span> <span class='ocrx_word' id='word_1_535' title='bbox 1657 5233 1924 5311; x_wconf 78' lang='lat' dir='ltr'><strong>adducere</strong></span> 
     </span>
    </p>
   </div>
   <div class='ocr_carea' id='block_1_70' title="bbox 357 5303 1924 5382">
    <p class='ocr_par' dir='ltr' id='par_1_70' title="bbox 357 5303 1924 5382">
     <span class='ocr_line' id='line_1_71' title="bbox 357 5303 1924 5382; baseline -0.008 -14"><span class='ocrx_word' id='word_1_536' title='bbox 357 5311 585 5382; x_wconf 89' lang='lat' dir='ltr'><strong>Spiritus</strong></span> <span class='ocrx_word' id='word_1_537' title='bbox 601 5303 769 5365; x_wconf 79' lang='lat' dir='ltr'><strong>sancti</strong></span> <span class='ocrx_word' id='word_1_538' title='bbox 786 5306 1190 5382; x_wconf 87' lang='lat' dir='ltr'><strong>confirmatione</strong></span> <span class='ocrx_word' id='word_1_539' title='bbox 1209 5303 1367 5374; x_wconf 88' lang='lat' dir='ltr'><strong>atque</strong></span> <span class='ocrx_word' id='word_1_540' title='bbox 1389 5303 1706 5382; x_wconf 76' lang='lat' dir='ltr'><strong>indesinenti</strong></span> <span class='ocrx_word' id='word_1_541' title='bbox 1725 5304 1924 5382; x_wconf 83' lang='lat' dir='ltr'><strong>sancti-</strong></span> 
     </span>
    </p>
   </div>
   <div class='ocr_carea' id='block_1_71' title="bbox 355 5372 1924 5450">
    <p class='ocr_par' dir='ltr' id='par_1_71' title="bbox 355 5372 1924 5450">
     <span class='ocr_line' id='line_1_72' title="bbox 355 5372 1924 5450; baseline -0.007 -13"><span class='ocrx_word' id='word_1_542' title='bbox 355 5372 618 5445; x_wconf 81' lang='lat' dir='ltr'><strong>flcatione,</strong></span> <span class='ocrx_word' id='word_1_543' title='bbox 643 5396 737 5450; x_wconf 89' lang='lat' dir='ltr'><strong>per</strong></span> <span class='ocrx_word' id='word_1_544' title='bbox 757 5394 913 5449; x_wconf 91' lang='lat' dir='ltr'><strong>quam</strong></span> <span class='ocrx_word' id='word_1_545' title='bbox 935 5378 1104 5450; x_wconf 85' lang='lat' dir='ltr'><strong>solum</strong></span> <span class='ocrx_word' id='word_1_546' title='bbox 1127 5372 1670 5450; x_wconf 79' lang='lat' dir='ltr'><strong>caperc_possunt._lt_a</strong></span> <span class='ocrx_word' id='word_1_547' title='bbox 1688 5388 1818 5442; x_wconf 84' lang='lat' dir='ltr'><strong>ergo</strong></span> <span class='ocrx_word' id='word_1_548' title='bbox 1841 5375 1924 5450; x_wconf 82' lang='lat' dir='ltr'><strong>in-_</strong></span> 
     </span>
    </p>
   </div>
   <div class='ocr_carea' id='block_1_72' title="bbox 353 5443 1926 5521">
    <p class='ocr_par' dir='ltr' id='par_1_72' title="bbox 353 5443 1926 5521">
     <span class='ocr_line' id='line_1_73' title="bbox 353 5443 1926 5521; baseline -0.006 -14"><span class='ocrx_word' id='word_1_549' title='bbox 353 5443 616 5507; x_wconf 85' lang='lat' dir='ltr'><strong>desinenti</strong></span> <span class='ocrx_word' id='word_1_550' title='bbox 630 5443 752 5521; x_wconf 78' lang='lat' dir='ltr'><strong>erga</strong></span> <span class='ocrx_word' id='word_1_551' title='bbox 770 5443 866 5504; x_wconf 80' lang='lat' dir='ltr'><strong>nos</strong></span> <span class='ocrx_word' id='word_1_552' title='bbox 883 5463 1041 5519; x_wconf 88' lang='lat' dir='ltr'><strong>opera</strong></span> <span class='ocrx_word' id='word_1_553' title='bbox 1060 5447 1231 5521; x_wconf 75' lang='lat' dir='ltr'><strong>Patris</strong></span> <span class='ocrx_word' id='word_1_554' title='bbox 1246 5454 1298 5499; x_wconf 90' lang='lat' dir='ltr'><strong>et</strong></span> <span class='ocrx_word' id='word_1_555' title='bbox 1315 5445 1426 5498; x_wconf 81' lang='lat' dir='ltr'><strong>Filii</strong></span> <span class='ocrx_word' id='word_1_556' title='bbox 1445 5444 1736 5521; x_wconf 75' lang='lat' dir='ltr'><strong>etSpiritus</strong></span> <span class='ocrx_word' id='word_1_557' title='bbox 1756 5443 1926 5521; x_wconf 69' lang='lat' dir='ltr'><strong>sancti</strong></span> 
     </span>
    </p>
   </div>
   <div class='ocr_carea' id='block_1_73' title="bbox 351 5514 1923 5593">
    <p class='ocr_par' dir='ltr' id='par_1_73' title="bbox 351 5514 1923 5593">
     <span class='ocr_line' id='line_1_74' title="bbox 351 5514 1923 5593; baseline -0.005 -17"><span class='ocrx_word' id='word_1_558' title='bbox 351 5537 450 5593; x_wconf 79' lang='lat' dir='ltr'><strong>per</strong></span> <span class='ocrx_word' id='word_1_559' title='bbox 473 5514 717 5593; x_wconf 68' lang='lat' dir='ltr'><strong>singulos</strong></span> <span class='ocrx_word' id='word_1_560' title='bbox 733 5514 972 5593; x_wconf 72' lang='lat' dir='ltr'><strong>quosque</strong></span> <span class='ocrx_word' id='word_1_561' title='bbox 994 5517 1322 5593; x_wconf 77' lang='lat' dir='ltr'><strong>profectuum</strong></span> <span class='ocrx_word' id='word_1_562' title='bbox 1352 5514 1548 5585; x_wconf 88' lang='lat' dir='ltr'><strong>gradus</strong></span> <span class='ocrx_word' id='word_1_563' title='bbox 1571 5515 1859 5593; x_wconf 69' lang='lat' dir='ltr'><strong>instaurata</strong></span> <span class='ocrx_word' id='word_1_564' title='bbox 1878 5515 1923 5582; x_wconf 87' lang='grc'><strong>³,</strong></span> 
     </span>
    </p>
   </div>
   <div class='ocr_carea' id='block_1_74' title="bbox 350 5585 1922 5662">
    <p class='ocr_par' dir='ltr' id='par_1_74' title="bbox 350 5585 1922 5662">
     <span class='ocr_line' id='line_1_75' title="bbox 350 5585 1922 5662; baseline -0.004 -15"><span class='ocrx_word' id='word_1_565' title='bbox 350 5585 440 5648; x_wconf 63' lang='lat' dir='ltr'><strong>&#39;vix</strong></span> <span class='ocrx_word' id='word_1_566' title='bbox 469 5585 602 5648; x_wconf 65' lang='lat' dir='ltr'><strong>forte</strong></span> <span class='ocrx_word' id='word_1_567' title='bbox 621 5585 904 5662; x_wconf 76' lang='lat' dir='ltr'><strong>aliquando</strong></span> <span class='ocrx_word' id='word_1_568' title='bbox 930 5585 1127 5644; x_wconf 81' lang='lat' dir='ltr'><strong>intueri</strong></span> <span class='ocrx_word' id='word_1_569' title='bbox 1154 5601 1430 5658; x_wconf 87' lang='lat' dir='ltr'><strong>possumus</strong></span> <span class='ocrx_word' id='word_1_570' title='bbox 1458 5594 1692 5640; x_wconf 87' lang='lat' dir='ltr'><strong>sanctam</strong></span> <span class='ocrx_word' id='word_1_571' title='bbox 1719 5593 1772 5640; x_wconf 89' lang='lat' dir='ltr'><strong>et</strong></span> <span class='ocrx_word' id='word_1_572' title='bbox 1794 5585 1922 5641; x_wconf 85' lang='lat' dir='ltr'><strong>bea-</strong></span> 
     </span>
    </p>
   </div>
   <div class='ocr_carea' id='block_1_75' title="bbox 415 5702 1208 5774">
    <p class='ocr_par' dir='ltr' id='par_1_75' title="bbox 415 5702 1208 5774">
     <span class='ocr_line' id='line_1_76' title="bbox 415 5702 1208 5774; baseline 0 0"><span class='ocrx_word' id='word_1_573' title='bbox 415 5706 435 5774; x_wconf 61' lang='grc' dir='ltr'>Ῐ</span> <span class='ocrx_word' id='word_1_574' title='bbox 466 5713 595 5774; x_wconf 43' lang='grc' dir='ltr'>μεθ’</span> <span class='ocrx_word' id='word_1_575' title='bbox 619 5702 929 5774; x_wconf 64' lang='grc' dir='ltr'><strong>δεϊπίεηάυζπ-</strong></span> 
     </span>
    </p>
   </div>
   <div class='ocr_carea' id='block_1_76' title="bbox 409 5763 1248 5828">
    <p class='ocr_par' dir='ltr' id='par_1_76' title="bbox 409 5763 1248 5828">
     <span class='ocr_line' id='line_1_77' title="bbox 409 5763 1248 5828; baseline -0.005 -11"><span class='ocrx_word' id='word_1_576' title='bbox 409 5767 433 5800; x_wconf 83' lang='grc'><strong><em>²</em></strong></span> <span class='ocrx_word' id='word_1_577' title='bbox 463 5763 837 5828; x_wconf 55' lang='grc' dir='ltr'>κεεζοωίιιιιιιι,</span> <span class='ocrx_word' id='word_1_578' title='bbox 861 5763 1248 5828; x_wconf 76' lang='lat' dir='ltr'><strong>inconvertibilis.</strong></span> 
     </span>
    </p>
   </div>
   <div class='ocr_carea' id='block_1_77' title="bbox 407 5826 1180 5891">
    <p class='ocr_par' dir='ltr' id='par_1_77' title="bbox 407 5826 1180 5891">
     <span class='ocr_line' id='line_1_78' title="bbox 407 5826 1180 5891; baseline -0.003 -14"><span class='ocrx_word' id='word_1_579' title='bbox 407 5828 430 5891; x_wconf 74' lang='lat'><strong>&#39;_</strong></span> <span class='ocrx_word' id='word_1_580' title='bbox 460 5829 712 5891; x_wconf 82' lang='lat' dir='ltr'><strong>Origenes,</strong></span> <span class='ocrx_word' id='word_1_581' title='bbox 736 5826 1000 5891; x_wconf 74' lang='lat' dir='ltr'><strong>instaurate</strong></span> <span class='ocrx_word' id='word_1_582' title='bbox 1018 5826 1180 5876; x_wconf 83' lang='lat' dir='ltr'><strong>corde.</strong></span> 
     </span>
    </p>
   </div>
   <div class='ocr_carea' id='block_1_78' title="bbox 429 5885 1926 5954">
    <p class='ocr_par' dir='ltr' id='par_1_78' title="bbox 429 5885 1926 5954">
     <span class='ocr_line' id='line_1_79' title="bbox 429 5885 1926 5954; baseline 0 -16"><span class='ocrx_word' id='word_1_583' title='bbox 429 5890 481 5952; x_wconf 79' lang='grc' dir='ltr'><strong>α)</strong></span> <span class='ocrx_word' id='word_1_584' title='bbox 504 5885 658 5940; x_wconf 65' lang='lat' dir='ltr'><strong>Mittis</strong></span> <span class='ocrx_word' id='word_1_585' title='bbox 680 5885 897 5954; x_wconf 79' lang='lat' dir='ltr'><strong>omissis,</strong></span> <span class='ocrx_word' id='word_1_586' title='bbox 931 5889 1174 5954; x_wconf 87' lang='lat' dir='ltr'><strong>reliquum</strong></span> <span class='ocrx_word' id='word_1_587' title='bbox 1204 5900 1270 5940; x_wconf 79' lang='lat' dir='ltr'><strong>ex</strong></span> <span class='ocrx_word' id='word_1_588' title='bbox 1295 5888 1454 5953; x_wconf 81' lang='lat' dir='ltr'><strong>capite</strong></span> <span class='ocrx_word' id='word_1_589' title='bbox 1484 5886 1518 5940; x_wconf 73' lang='grc' dir='ltr'>ὅ</span> <span class='ocrx_word' id='word_1_590' title='bbox 1532 5885 1684 5940; x_wconf 80' lang='lat' dir='ltr'><strong>llbrii</strong></span> <span class='ocrx_word' id='word_1_591' title='bbox 1708 5887 1816 5952; x_wconf 84' lang='lat' dir='ltr'><strong>peri</strong></span> <span class='ocrx_word' id='word_1_592' title='bbox 1837 5896 1926 5939; x_wconf 75' lang='lat' dir='ltr'><strong>Ar-</strong></span> 
     </span>
    </p>
   </div>
   <div class='ocr_carea' id='block_1_79' title="bbox 226 5950 790 6008">
    <p class='ocr_par' dir='ltr' id='par_1_79' title="bbox 226 5950 790 6008">
     <span class='ocr_line' id='line_1_80' title="bbox 226 5950 790 6008; baseline 0.007 -10"><span class='ocrx_word' id='word_1_593' title='bbox 226 5992 232 5998; x_wconf 92' lang='lat'><strong>.</strong></span> <span class='ocrx_word' id='word_1_594' title='bbox 293 5995 298 6000; x_wconf 84' lang='lat'><strong>.</strong></span> <span class='ocrx_word' id='word_1_595' title='bbox 341 5950 468 6008; x_wconf 75' lang='lat' dir='ltr'><strong>chon</strong></span> <span class='ocrx_word' id='word_1_596' title='bbox 487 5953 790 6004; x_wconf 72' lang='lat' dir='ltr'><strong>exsa&#39;ibitur.</strong></span> 
     </span>
    </p>
   </div>
   <div class='ocr_carea' id='block_1_80' title="bbox 1251 457 2671 538">
    <p class='ocr_par' dir='ltr' id='par_1_80' title="bbox 1251 457 2671 538">
     <span class='ocr_line' id='line_1_81' title="bbox 1251 457 2671 538; baseline 0 -2"><span class='ocrx_word' id='word_1_597' title='bbox 1251 476 1340 537; x_wconf 73' lang='lat' dir='ltr'><strong>ne</strong></span> <span class='ocrx_word' id='word_1_598' title='bbox 1377 473 1878 537; x_wconf 81' lang='lat' dir='ltr'><strong>INCARNATIONE</strong></span> <span class='ocrx_word' id='word_1_599' title='bbox 1917 475 2122 536; x_wconf 81' lang='lat' dir='ltr'><strong>VERBI</strong></span> <span class='ocrx_word' id='word_1_600' title='bbox 2157 457 2362 537; x_wconf 74' lang='lat' dir='ltr'><strong>Lmen</strong></span> <span class='ocrx_word' id='word_1_601' title='bbox 2399 461 2671 538; x_wconf 79' lang='lat' dir='ltr'><strong>PRIMUS.</strong></span> 
     </span>
    </p>
   </div>
   <div class='ocr_carea' id='block_1_81' title="bbox 3454 477 3618 541">
    <p class='ocr_par' dir='ltr' id='par_1_81' title="bbox 3454 477 3618 541">
     <span class='ocr_line' id='line_1_82' title="bbox 3454 477 3618 541; baseline 0.024 -4"><span class='ocrx_word' id='word_1_602' title='bbox 3454 477 3618 541; x_wconf 61' lang='lat'><strong>“80&#39;</strong></span> 
     </span>
    </p>
   </div>
   <div class='ocr_carea' id='block_1_82' title="bbox 2022 590 3626 666">
    <p class='ocr_par' dir='ltr' id='par_1_82' title="bbox 2022 590 3626 666">
     <span class='ocr_line' id='line_1_83' title="bbox 2022 590 3626 666; baseline 0.002 -18"><span class='ocrx_word' id='word_1_603' title='bbox 2022 601 2133 648; x_wconf 85' lang='lat' dir='ltr'><strong>tam</strong></span> <span class='ocrx_word' id='word_1_604' title='bbox 2168 594 2350 650; x_wconf 88' lang='lat' dir='ltr'><strong>vitam.</strong></span> <span class='ocrx_word' id='word_1_605' title='bbox 2375 595 2431 651; x_wconf 87' lang='lat' dir='ltr'><strong>In</strong></span> <span class='ocrx_word' id='word_1_606' title='bbox 2462 610 2619 666; x_wconf 89' lang='lat' dir='ltr'><strong>quam</strong></span> <span class='ocrx_word' id='word_1_607' title='bbox 2649 607 2769 650; x_wconf 92' lang='lat' dir='ltr'><strong>cum</strong></span> <span class='ocrx_word' id='word_1_608' title='bbox 2806 598 2931 666; x_wconf 81' lang='lat' dir='ltr'><strong>post</strong></span> <span class='ocrx_word' id='word_1_609' title='bbox 2953 590 3147 666; x_wconf 79' lang='lat' dir='ltr'><strong>multos</strong></span> <span class='ocrx_word' id='word_1_610' title='bbox 3179 606 3378 664; x_wconf 86' lang='lat' dir='ltr'><strong>agones</strong></span> <span class='ocrx_word' id='word_1_611' title='bbox 3401 609 3626 666; x_wconf 44' lang='lat' dir='ltr'><strong>pervew</strong></span> 
     </span>
    </p>
   </div>
   <div class='ocr_carea' id='block_1_83' title="bbox 2023 663 3594 735">
    <p class='ocr_par' dir='ltr' id='par_1_83' title="bbox 2023 663 3594 735">
     <span class='ocr_line' id='line_1_84' title="bbox 2023 663 3594 735; baseline 0.003 -17"><span class='ocrx_word' id='word_1_612' title='bbox 2023 666 2139 719; x_wconf 89' lang='lat' dir='ltr'><strong>nire</strong></span> <span class='ocrx_word' id='word_1_613' title='bbox 2167 663 2498 735; x_wconf 83' lang='lat' dir='ltr'><strong>potuerimus</strong></span> <span class='ocrx_word' id='word_1_614' title='bbox 2522 708 2538 732; x_wconf 97' lang='lat'><strong>,</strong></span> <span class='ocrx_word' id='word_1_615' title='bbox 2583 667 2654 719; x_wconf 89' lang='lat' dir='ltr'><strong>ita</strong></span> <span class='ocrx_word' id='word_1_616' title='bbox 2693 663 2985 734; x_wconf 88' lang='lat' dir='ltr'><strong>perdurare</strong></span> <span class='ocrx_word' id='word_1_617' title='bbox 3029 663 3284 720; x_wconf 85' lang='lat' dir='ltr'><strong>debemus</strong></span> <span class='ocrx_word' id='word_1_618' title='bbox 3309 708 3324 733; x_wconf 94' lang='lat'><strong>,</strong></span> <span class='ocrx_word' id='word_1_619' title='bbox 3354 663 3420 720; x_wconf 75' lang='lat' dir='ltr'><strong>ut</strong></span> <span class='ocrx_word' id='word_1_620' title='bbox 3449 668 3594 724; x_wconf 86' lang='lat' dir='ltr'><strong>nulla</strong></span> 
     </span>
    </p>
   </div>
   <div class='ocr_carea' id='block_1_84' title="bbox 2024 735 3598 806">
    <p class='ocr_par' dir='ltr' id='par_1_84' title="bbox 2024 735 3598 806">
     <span class='ocr_line' id='line_1_85' title="bbox 2024 735 3598 806; baseline 0.002 -16"><span class='ocrx_word' id='word_1_621' title='bbox 2024 751 2258 805; x_wconf 81' lang='lat' dir='ltr'><strong>unquam</strong></span> <span class='ocrx_word' id='word_1_622' title='bbox 2298 751 2395 792; x_wconf 91' lang='lat' dir='ltr'><strong>nos</strong></span> <span class='ocrx_word' id='word_1_623' title='bbox 2421 737 2544 791; x_wconf 92' lang='lat' dir='ltr'><strong>boni</strong></span> <span class='ocrx_word' id='word_1_624' title='bbox 2582 737 2724 790; x_wconf 88' lang='lat' dir='ltr'><strong>illius</strong></span> <span class='ocrx_word' id='word_1_625' title='bbox 2763 735 2979 790; x_wconf 89' lang='lat' dir='ltr'><strong>satietas</strong></span> <span class='ocrx_word' id='word_1_626' title='bbox 3020 735 3222 804; x_wconf 89' lang='lat' dir='ltr'><strong>capiat,</strong></span> <span class='ocrx_word' id='word_1_627' title='bbox 3265 736 3359 792; x_wconf 90' lang='lat' dir='ltr'><strong>sed</strong></span> <span class='ocrx_word' id='word_1_628' title='bbox 3399 746 3598 806; x_wconf 89' lang='lat' dir='ltr'><strong>quanto</strong></span> 
     </span>
    </p>
   </div>
   <div class='ocr_carea' id='block_1_85' title="bbox 2024 806 3598 877">
    <p class='ocr_par' dir='ltr' id='par_1_85' title="bbox 2024 806 3598 877">
     <span class='ocr_line' id='line_1_86' title="bbox 2024 806 3598 877; baseline 0.002 -17"><span class='ocrx_word' id='word_1_629' title='bbox 2024 806 2192 876; x_wconf 88' lang='lat' dir='ltr'><strong>magis</strong></span> <span class='ocrx_word' id='word_1_630' title='bbox 2219 806 2286 860; x_wconf 90' lang='lat' dir='ltr'><strong>de</strong></span> <span class='ocrx_word' id='word_1_631' title='bbox 2310 806 2753 862; x_wconf 79' lang='lat' dir='ltr'><strong>illa&#39;beatitudine</strong></span> <span class='ocrx_word' id='word_1_632' title='bbox 2795 806 3186 877; x_wconf 83' lang='lat' dir='ltr'><strong>percipiemus,</strong></span> <span class='ocrx_word' id='word_1_633' title='bbox 3235 816 3380 862; x_wconf 90' lang='lat' dir='ltr'><strong>tanto</strong></span> <span class='ocrx_word' id='word_1_634' title='bbox 3430 809 3598 877; x_wconf 91' lang='lat' dir='ltr'><strong>magis</strong></span> 
     </span>
    </p>
   </div>
   <div class='ocr_carea' id='block_1_86' title="bbox 2027 875 3597 946">
    <p class='ocr_par' dir='ltr' id='par_1_86' title="bbox 2027 875 3597 946">
     <span class='ocr_line' id='line_1_87' title="bbox 2027 875 3597 946; baseline 0.001 -16"><span class='ocrx_word' id='word_1_635' title='bbox 2027 877 2083 930; x_wconf 92' lang='lat' dir='ltr'><strong>in</strong></span> <span class='ocrx_word' id='word_1_636' title='bbox 2128 875 2286 930; x_wconf 87' lang='lat' dir='ltr'><strong>nobis</strong></span> <span class='ocrx_word' id='word_1_637' title='bbox 2325 877 2409 932; x_wconf 90' lang='lat' dir='ltr'><strong>vel</strong></span> <span class='ocrx_word' id='word_1_638' title='bbox 2435 877 2683 932; x_wconf 88' lang='lat' dir='ltr'><strong>dilatetur</strong></span> <span class='ocrx_word' id='word_1_639' title='bbox 2710 875 3027 931; x_wconf 89' lang='lat' dir='ltr'><strong>desiderium</strong></span> <span class='ocrx_word' id='word_1_640' title='bbox 3055 877 3192 943; x_wconf 90' lang='lat' dir='ltr'><strong>ejus,</strong></span> <span class='ocrx_word' id='word_1_641' title='bbox 3215 877 3300 932; x_wconf 87' lang='lat' dir='ltr'><strong>vel</strong></span> <span class='ocrx_word' id='word_1_642' title='bbox 3319 875 3597 946; x_wconf 77' lang='lat' dir='ltr'><strong>augeatur,</strong></span> 
     </span>
    </p>
   </div>
   <div class='ocr_carea' id='block_1_87' title="bbox 2025 946 3598 1016">
    <p class='ocr_par' dir='ltr' id='par_1_87' title="bbox 2025 946 3598 1016">
     <span class='ocr_line' id='line_1_88' title="bbox 2025 946 3598 1016; baseline 0.001 -14"><span class='ocrx_word' id='word_1_643' title='bbox 2025 946 2152 1002; x_wconf 93' lang='lat' dir='ltr'><strong>dum</strong></span> <span class='ocrx_word' id='word_1_644' title='bbox 2183 961 2395 1016; x_wconf 88' lang='lat' dir='ltr'><strong>semper</strong></span> <span class='ocrx_word' id='word_1_645' title='bbox 2422 947 2693 1002; x_wconf 90' lang='lat' dir='ltr'><strong>ardentius</strong></span> <span class='ocrx_word' id='word_1_646' title='bbox 2722 962 2783 1002; x_wconf 87' lang='lat' dir='ltr'><strong>ac</strong></span> <span class='ocrx_word' id='word_1_647' title='bbox 2811 948 3059 1016; x_wconf 88' lang='lat' dir='ltr'><strong>capacius</strong></span> <span class='ocrx_word' id='word_1_648' title='bbox 3082 947 3294 1002; x_wconf 89' lang='lat' dir='ltr'><strong>Patrem</strong></span> <span class='ocrx_word' id='word_1_649' title='bbox 3322 957 3377 1003; x_wconf 89' lang='lat' dir='ltr'><strong>et</strong></span> <span class='ocrx_word' id='word_1_650' title='bbox 3401 947 3598 1004; x_wconf 88' lang='lat' dir='ltr'><strong>Filium</strong></span> 
     </span>
    </p>
   </div>
   <div class='ocr_carea' id='block_1_88' title="bbox 2026 1017 3598 1087">
    <p class='ocr_par' dir='ltr' id='par_1_88' title="bbox 2026 1017 3598 1087">
     <span class='ocr_line' id='line_1_89' title="bbox 2026 1017 3598 1087; baseline 0.002 -15"><span class='ocrx_word' id='word_1_651' title='bbox 2026 1026 2080 1073; x_wconf 91' lang='lat' dir='ltr'><strong>et</strong></span> <span class='ocrx_word' id='word_1_652' title='bbox 2118 1017 2371 1087; x_wconf 88' lang='lat' dir='ltr'><strong>Spiritum</strong></span> <span class='ocrx_word' id='word_1_653' title='bbox 2414 1028 2654 1072; x_wconf 90' lang='lat' dir='ltr'><strong>sanctum</strong></span> <span class='ocrx_word' id='word_1_654' title='bbox 2699 1018 2783 1072; x_wconf 89' lang='lat' dir='ltr'><strong>vel</strong></span> <span class='ocrx_word' id='word_1_655' title='bbox 2822 1019 3092 1087; x_wconf 91' lang='lat' dir='ltr'><strong>capimus,</strong></span> <span class='ocrx_word' id='word_1_656' title='bbox 3122 1019 3203 1073; x_wconf 88' lang='lat' dir='ltr'><strong>vel</strong></span> <span class='ocrx_word' id='word_1_657' title='bbox 3244 1027 3507 1074; x_wconf 89' lang='lat' dir='ltr'><strong>tenemus.</strong></span> <span class='ocrx_word' id='word_1_658' title='bbox 3538 1019 3598 1075; x_wconf 92' lang='lat' dir='ltr'><strong>Si</strong></span> 
     </span>
    </p>
   </div>
   <div class='ocr_carea' id='block_1_89' title="bbox 2029 1088 3599 1160">
    <p class='ocr_par' dir='ltr' id='par_1_89' title="bbox 2029 1088 3599 1160">
     <span class='ocr_line' id='line_1_90' title="bbox 2029 1088 3599 1160; baseline 0.001 -18"><span class='ocrx_word' id='word_1_659' title='bbox 2029 1095 2201 1160; x_wconf 81' lang='lat' dir='ltr'><strong>autem</strong></span> <span class='ocrx_word' id='word_1_660' title='bbox 2226 1088 2748 1160; x_wconf 86' lang='lat' dir='ltr'><strong>satietasaliquando</strong></span> <span class='ocrx_word' id='word_1_661' title='bbox 2776 1091 2981 1160; x_wconf 87' lang='lat' dir='ltr'><strong>ceperit</strong></span> <span class='ocrx_word' id='word_1_662' title='bbox 3002 1089 3230 1160; x_wconf 88' lang='lat' dir='ltr'><strong>aliquem</strong></span> <span class='ocrx_word' id='word_1_663' title='bbox 3271 1104 3336 1144; x_wconf 86' lang='lat' dir='ltr'><strong>ex</strong></span> <span class='ocrx_word' id='word_1_664' title='bbox 3364 1089 3465 1155; x_wconf 89' lang='lat' dir='ltr'><strong>his,</strong></span> <span class='ocrx_word' id='word_1_665' title='bbox 3507 1089 3599 1160; x_wconf 91' lang='lat' dir='ltr'><strong>qui</strong></span> 
     </span>
    </p>
   </div>
   <div class='ocr_carea' id='block_1_90' title="bbox 2027 1158 3597 1230">
    <p class='ocr_par' dir='ltr' id='par_1_90' title="bbox 2027 1158 3597 1230">
     <span class='ocr_line' id='line_1_91' title="bbox 2027 1158 3597 1230; baseline 0.003 -18"><span class='ocrx_word' id='word_1_666' title='bbox 2027 1158 2080 1212; x_wconf 91' lang='lat' dir='ltr'><strong>in</strong></span> <span class='ocrx_word' id='word_1_667' title='bbox 2110 1173 2320 1213; x_wconf 88' lang='lat' dir='ltr'><strong>summo</strong></span> <span class='ocrx_word' id='word_1_668' title='bbox 2347 1159 2688 1228; x_wconf 88' lang='lat' dir='ltr'><strong>perfectoque</strong></span> <span class='ocrx_word' id='word_1_669' title='bbox 2716 1159 3050 1213; x_wconf 73' lang='lat' dir='ltr'><strong>consﬁterint</strong></span> <span class='ocrx_word' id='word_1_670' title='bbox 3076 1159 3242 1230; x_wconf 89' lang='lat' dir='ltr'><strong>gradu</strong></span> <span class='ocrx_word' id='word_1_671' title='bbox 3261 1200 3276 1226; x_wconf 95' lang='lat'><strong>,</strong></span> <span class='ocrx_word' id='word_1_672' title='bbox 3303 1175 3410 1215; x_wconf 92' lang='lat' dir='ltr'><strong>non</strong></span> <span class='ocrx_word' id='word_1_673' title='bbox 3450 1158 3597 1216; x_wconf 85' lang='lat' dir='ltr'><strong>arbi-</strong></span> 
     </span>
    </p>
   </div>
   <div class='ocr_carea' id='block_1_91' title="bbox 2028 1229 3596 1301">
    <p class='ocr_par' dir='ltr' id='par_1_91' title="bbox 2028 1229 3596 1301">
     <span class='ocr_line' id='line_1_92' title="bbox 2028 1229 3596 1301; baseline 0.003 -18"><span class='ocrx_word' id='word_1_674' title='bbox 2028 1237 2141 1301; x_wconf 80' lang='lat' dir='ltr'><strong>tror</strong></span> <span class='ocrx_word' id='word_1_675' title='bbox 2165 1229 2306 1301; x_wconf 90' lang='lat' dir='ltr'><strong>quod</strong></span> <span class='ocrx_word' id='word_1_676' title='bbox 2349 1230 2417 1285; x_wconf 90' lang='lat' dir='ltr'><strong>ad</strong></span> <span class='ocrx_word' id='word_1_677' title='bbox 2444 1231 2674 1285; x_wconf 90' lang='lat' dir='ltr'><strong>subitum</strong></span> <span class='ocrx_word' id='word_1_678' title='bbox 2704 1231 2822 1298; x_wconf 91' lang='lat' dir='ltr'><strong>quis</strong></span> <span class='ocrx_word' id='word_1_679' title='bbox 2847 1238 3132 1301; x_wconf 86' lang='lat' dir='ltr'><strong>evacuetur</strong></span> <span class='ocrx_word' id='word_1_680' title='bbox 3157 1240 3315 1301; x_wconf 90' lang='lat' dir='ltr'><strong>atque</strong></span> <span class='ocrx_word' id='word_1_681' title='bbox 3351 1230 3596 1297; x_wconf 87' lang='lat' dir='ltr'><strong>decidat;</strong></span> 
     </span>
    </p>
   </div>
   <div class='ocr_carea' id='block_1_92' title="bbox 2027 1299 3596 1370">
    <p class='ocr_par' dir='ltr' id='par_1_92' title="bbox 2027 1299 3596 1370">
     <span class='ocr_line' id='line_1_93' title="bbox 2027 1299 3596 1370; baseline 0.003 -16"><span class='ocrx_word' id='word_1_682' title='bbox 2027 1299 2122 1356; x_wconf 89' lang='lat' dir='ltr'><strong>sed</strong></span> <span class='ocrx_word' id='word_1_683' title='bbox 2154 1300 2404 1369; x_wconf 91' lang='lat' dir='ltr'><strong>paulatim</strong></span> <span class='ocrx_word' id='word_1_684' title='bbox 2430 1310 2484 1355; x_wconf 90' lang='lat' dir='ltr'><strong>et</strong></span> <span class='ocrx_word' id='word_1_685' title='bbox 2512 1317 2606 1370; x_wconf 88' lang='lat' dir='ltr'><strong>per</strong></span> <span class='ocrx_word' id='word_1_686' title='bbox 2632 1309 2807 1370; x_wconf 86' lang='lat' dir='ltr'><strong>partes</strong></span> <span class='ocrx_word' id='word_1_687' title='bbox 2833 1300 3064 1355; x_wconf 85' lang='lat' dir='ltr'><strong>defluere</strong></span> <span class='ocrx_word' id='word_1_688' title='bbox 3087 1317 3208 1357; x_wconf 90' lang='lat' dir='ltr'><strong>eum</strong></span> <span class='ocrx_word' id='word_1_689' title='bbox 3230 1299 3451 1357; x_wconf 78' lang='lat' dir='ltr'><strong>necesse</strong></span> <span class='ocrx_word' id='word_1_690' title='bbox 3475 1311 3596 1358; x_wconf 90' lang='lat' dir='ltr'><strong>est:</strong></span> 
     </span>
    </p>
   </div>
   <div class='ocr_carea' id='block_1_93' title="bbox 2028 1370 3601 1443">
    <p class='ocr_par' dir='ltr' id='par_1_93' title="bbox 2028 1370 3601 1443">
     <span class='ocr_line' id='line_1_94' title="bbox 2028 1370 3601 1443; baseline 0.003 -19"><span class='ocrx_word' id='word_1_691' title='bbox 2028 1370 2100 1424; x_wconf 86' lang='lat' dir='ltr'><strong>ita</strong></span> <span class='ocrx_word' id='word_1_692' title='bbox 2125 1379 2186 1443; x_wconf 79' lang='lat' dir='ltr'><strong>ut</strong></span> <span class='ocrx_word' id='word_1_693' title='bbox 2213 1371 2328 1426; x_wconf 90' lang='lat' dir='ltr'><strong>fieri</strong></span> <span class='ocrx_word' id='word_1_694' title='bbox 2347 1373 2511 1440; x_wconf 93' lang='lat' dir='ltr'><strong>possit</strong></span> <span class='ocrx_word' id='word_1_695' title='bbox 2538 1371 2820 1437; x_wconf 87' lang='lat' dir='ltr'><strong>interdum,</strong></span> <span class='ocrx_word' id='word_1_696' title='bbox 2845 1380 2903 1424; x_wconf 94' lang='lat' dir='ltr'><strong>ut</strong></span> <span class='ocrx_word' id='word_1_697' title='bbox 2923 1372 2967 1425; x_wconf 90' lang='lat' dir='ltr'><strong>si</strong></span> <span class='ocrx_word' id='word_1_698' title='bbox 2996 1371 3177 1427; x_wconf 87' lang='lat' dir='ltr'><strong>brevis</strong></span> <span class='ocrx_word' id='word_1_699' title='bbox 3202 1373 3382 1442; x_wconf 89' lang='lat' dir='ltr'><strong>lapsus</strong></span> <span class='ocrx_word' id='word_1_700' title='bbox 3407 1373 3601 1443; x_wconf 86' lang='lat' dir='ltr'><strong>aliquis</strong></span> 
     </span>
    </p>
   </div>
   <div class='ocr_carea' id='block_1_94' title="bbox 2028 1441 3598 1512">
    <p class='ocr_par' dir='ltr' id='par_1_94' title="bbox 2028 1441 3598 1512">
     <span class='ocr_line' id='line_1_95' title="bbox 2028 1441 3598 1512; baseline 0.003 -18"><span class='ocrx_word' id='word_1_701' title='bbox 2028 1441 2312 1506; x_wconf 85' lang='lat' dir='ltr'><strong>acciderit,</strong></span> <span class='ocrx_word' id='word_1_702' title='bbox 2340 1451 2395 1496; x_wconf 91' lang='lat' dir='ltr'><strong>et</strong></span> <span class='ocrx_word' id='word_1_703' title='bbox 2436 1443 2542 1495; x_wconf 88' lang='lat' dir='ltr'><strong>cito</strong></span> <span class='ocrx_word' id='word_1_704' title='bbox 2571 1443 2875 1510; x_wconf 88' lang='lat' dir='ltr'><strong>resipiscat,</strong></span> <span class='ocrx_word' id='word_1_705' title='bbox 2908 1449 3064 1512; x_wconf 90' lang='lat' dir='ltr'><strong>atque</strong></span> <span class='ocrx_word' id='word_1_706' title='bbox 3102 1443 3155 1498; x_wconf 90' lang='lat' dir='ltr'><strong>in</strong></span> <span class='ocrx_word' id='word_1_707' title='bbox 3189 1441 3598 1510; x_wconf 29' lang='lat' dir='ltr'><strong>se’rcvertatur,</strong></span> 
     </span>
    </p>
   </div>
   <div class='ocr_carea' id='block_1_95' title="bbox 2029 1512 3602 1582">
    <p class='ocr_par' dir='ltr' id='par_1_95' title="bbox 2029 1512 3602 1582">
     <span class='ocr_line' id='line_1_96' title="bbox 2029 1512 3602 1582; baseline 0.003 -17"><span class='ocrx_word' id='word_1_708' title='bbox 2029 1525 2136 1566; x_wconf 91' lang='lat' dir='ltr'><strong>non</strong></span> <span class='ocrx_word' id='word_1_709' title='bbox 2163 1512 2373 1581; x_wconf 89' lang='lat' dir='ltr'><strong>penitus</strong></span> <span class='ocrx_word' id='word_1_710' title='bbox 2401 1527 2555 1567; x_wconf 89' lang='lat' dir='ltr'><strong>ruere</strong></span> <span class='ocrx_word' id='word_1_711' title='bbox 2576 1553 2590 1577; x_wconf 95' lang='lat'><strong>,</strong></span> <span class='ocrx_word' id='word_1_712' title='bbox 2617 1512 2712 1566; x_wconf 91' lang='lat' dir='ltr'><strong>sed</strong></span> <span class='ocrx_word' id='word_1_713' title='bbox 2739 1527 2989 1567; x_wconf 89' lang='lat' dir='ltr'><strong>revocare</strong></span> <span class='ocrx_word' id='word_1_714' title='bbox 3007 1512 3197 1582; x_wconf 90' lang='lat' dir='ltr'><strong>pedem</strong></span> <span class='ocrx_word' id='word_1_715' title='bbox 3214 1555 3230 1581; x_wconf 96' lang='lat'><strong>,</strong></span> <span class='ocrx_word' id='word_1_716' title='bbox 3255 1523 3311 1569; x_wconf 89' lang='lat' dir='ltr'><strong>et</strong></span> <span class='ocrx_word' id='word_1_717' title='bbox 3337 1515 3508 1570; x_wconf 90' lang='lat' dir='ltr'><strong>redire</strong></span> <span class='ocrx_word' id='word_1_718' title='bbox 3532 1514 3602 1570; x_wconf 88' lang='lat' dir='ltr'><strong>ad</strong></span> 
     </span>
    </p>
   </div>
   <div class='ocr_carea' id='block_1_96' title="bbox 2030 1584 3603 1654">
    <p class='ocr_par' dir='ltr' id='par_1_96' title="bbox 2030 1584 3603 1654">
     <span class='ocr_line' id='line_1_97' title="bbox 2030 1584 3603 1654; baseline 0.004 -19"><span class='ocrx_word' id='word_1_719' title='bbox 2030 1589 2226 1654; x_wconf 78' lang='lat' dir='ltr'><strong>statum</strong></span> <span class='ocrx_word' id='word_1_720' title='bbox 2252 1597 2405 1637; x_wconf 91' lang='lat' dir='ltr'><strong>suum</strong></span> <span class='ocrx_word' id='word_1_721' title='bbox 2427 1623 2442 1648; x_wconf 96' lang='lat'><strong>,</strong></span> <span class='ocrx_word' id='word_1_722' title='bbox 2461 1597 2534 1654; x_wconf 79' lang='lat' dir='ltr'><strong>ac</strong></span> <span class='ocrx_word' id='word_1_723' title='bbox 2557 1597 2770 1654; x_wconf 82' lang='lat' dir='ltr'><strong>rursum</strong></span> <span class='ocrx_word' id='word_1_724' title='bbox 2809 1592 3040 1637; x_wconf 87' lang='lat' dir='ltr'><strong>statuere</strong></span> <span class='ocrx_word' id='word_1_725' title='bbox 3070 1599 3226 1654; x_wconf 90' lang='lat' dir='ltr'><strong>posse</strong></span> <span class='ocrx_word' id='word_1_726' title='bbox 3254 1584 3307 1639; x_wconf 89' lang='lat' dir='ltr'><strong>id</strong></span> <span class='ocrx_word' id='word_1_727' title='bbox 3335 1585 3476 1654; x_wconf 92' lang='lat' dir='ltr'><strong>quod</strong></span> <span class='ocrx_word' id='word_1_728' title='bbox 3507 1600 3603 1654; x_wconf 90' lang='lat' dir='ltr'><strong>per</strong></span> 
     </span>
    </p>
   </div>
   <div class='ocr_carea' id='block_1_97' title="bbox 2029 1651 3600 1726">
    <p class='ocr_par' dir='ltr' id='par_1_97' title="bbox 2029 1651 3600 1726">
     <span class='ocr_line' id='line_1_98' title="bbox 2029 1651 3600 1726; baseline 0.003 -20"><span class='ocrx_word' id='word_1_729' title='bbox 2029 1652 2433 1726; x_wconf 64' lang='lat' dir='ltr'><strong>negligentiam</strong></span> <span class='ocrx_word' id='word_1_730' title='bbox 2453 1651 2649 1726; x_wconf 77' lang='lat' dir='ltr'><strong>fuerat_</strong></span> <span class='ocrx_word' id='word_1_731' title='bbox 2673 1652 2938 1726; x_wconf 74' lang='lat' dir='ltr'><strong>elapsum.</strong></span> <span class='ocrx_word' id='word_1_732' title='bbox 2957 1651 3085 1726; x_wconf 57' lang='lat' dir='ltr'><strong>_(a)_&#39;</strong></span> <span class='ocrx_word' id='word_1_733' title='bbox 3115 1654 3276 1726; x_wconf 22' lang='lat' dir='ltr'><strong>Nam,</strong></span> <span class='ocrx_word' id='word_1_734' title='bbox 3297 1651 3600 1726; x_wconf 82' lang='lat' dir='ltr'><strong>unigenitus</strong></span> 
     </span>
    </p>
   </div>
   <div class='ocr_carea' id='block_1_98' title="bbox 2032 1721 3601 1792">
    <p class='ocr_par' dir='ltr' id='par_1_98' title="bbox 2032 1721 3601 1792">
     <span class='ocr_line' id='line_1_99' title="bbox 2032 1721 3601 1792; baseline 0.004 -18"><span class='ocrx_word' id='word_1_735' title='bbox 2032 1722 2198 1776; x_wconf 85' lang='lat' dir='ltr'><strong>Filius</strong></span> <span class='ocrx_word' id='word_1_736' title='bbox 2224 1721 2320 1777; x_wconf 91' lang='lat' dir='ltr'><strong>Dei</strong></span> <span class='ocrx_word' id='word_1_737' title='bbox 2348 1723 2436 1791; x_wconf 89' lang='lat' dir='ltr'><strong>qui</strong></span> <span class='ocrx_word' id='word_1_738' title='bbox 2463 1731 2578 1776; x_wconf 84' lang='lat' dir='ltr'><strong>erat</strong></span> <span class='ocrx_word' id='word_1_739' title='bbox 2609 1721 2840 1792; x_wconf 79' lang='lat' dir='ltr'><strong>Verbum</strong></span> <span class='ocrx_word' id='word_1_740' title='bbox 2871 1732 2924 1776; x_wconf 90' lang='lat' dir='ltr'><strong>et</strong></span> <span class='ocrx_word' id='word_1_741' title='bbox 2952 1721 3222 1792; x_wconf 83' lang='lat' dir='ltr'><strong>sapientia</strong></span> <span class='ocrx_word' id='word_1_742' title='bbox 3250 1721 3446 1792; x_wconf 76' lang='lat' dir='ltr'><strong>Patris,</strong></span> <span class='ocrx_word' id='word_1_743' title='bbox 3479 1741 3601 1781; x_wconf 90' lang='lat' dir='ltr'><strong>cum</strong></span> 
     </span>
    </p>
   </div>
   <div class='ocr_carea' id='block_1_99' title="bbox 2032 1791 3606 1863">
    <p class='ocr_par' dir='ltr' id='par_1_99' title="bbox 2032 1791 3606 1863">
     <span class='ocr_line' id='line_1_100' title="bbox 2032 1791 3606 1863; baseline 0.003 -17"><span class='ocrx_word' id='word_1_744' title='bbox 2032 1800 2177 1847; x_wconf 88' lang='lat' dir='ltr'><strong>esset</strong></span> <span class='ocrx_word' id='word_1_745' title='bbox 2200 1795 2252 1845; x_wconf 89' lang='lat' dir='ltr'><strong>in</strong></span> <span class='ocrx_word' id='word_1_746' title='bbox 2293 1792 2546 1863; x_wconf 82' lang='lat' dir='ltr'><strong>eagloria</strong></span> <span class='ocrx_word' id='word_1_747' title='bbox 2576 1791 2715 1861; x_wconf 92' lang='lat' dir='ltr'><strong>apud</strong></span> <span class='ocrx_word' id='word_1_748' title='bbox 2758 1793 3004 1860; x_wconf 46' lang='lat' dir='ltr'><strong>Patrem»,</strong></span> <span class='ocrx_word' id='word_1_749' title='bbox 3029 1791 3202 1863; x_wconf 81' lang='lat' dir='ltr'><strong>quam</strong></span> <span class='ocrx_word' id='word_1_750' title='bbox 3233 1795 3416 1850; x_wconf 89' lang='lat' dir='ltr'><strong>habuit</strong></span> <span class='ocrx_word' id='word_1_751' title='bbox 3450 1805 3606 1852; x_wconf 79' lang='lat' dir='ltr'><strong>ante-</strong></span> 
     </span>
    </p>
   </div>
   <div class='ocr_carea' id='block_1_100' title="bbox 2031 1862 3604 1933">
    <p class='ocr_par' dir='ltr' id='par_1_100' title="bbox 2031 1862 3604 1933">
     <span class='ocr_line' id='line_1_101' title="bbox 2031 1862 3604 1933; baseline 0.004 -18"><span class='ocrx_word' id='word_1_752' title='bbox 2031 1877 2190 1932; x_wconf 88' lang='lat' dir='ltr'><strong>quam</strong></span> <span class='ocrx_word' id='word_1_753' title='bbox 2215 1862 2444 1919; x_wconf 90' lang='lat' dir='ltr'><strong>mundus</strong></span> <span class='ocrx_word' id='word_1_754' title='bbox 2472 1872 2634 1933; x_wconf 82' lang='lat' dir='ltr'><strong>esset,</strong></span> <span class='ocrx_word' id='word_1_755' title='bbox 2655 1863 2892 1918; x_wconf 78' lang='lat' dir='ltr'><strong>exinanit</strong></span> <span class='ocrx_word' id='word_1_756' title='bbox 2914 1862 3279 1933; x_wconf 83' lang='lat' dir='ltr'><strong>semetipsum,</strong></span> <span class='ocrx_word' id='word_1_757' title='bbox 3301 1874 3356 1920; x_wconf 88' lang='lat' dir='ltr'><strong>et</strong></span> <span class='ocrx_word' id='word_1_758' title='bbox 3375 1864 3604 1922; x_wconf 90' lang='lat' dir='ltr'><strong>formam</strong></span> 
     </span>
    </p>
   </div>
   <div class='ocr_carea' id='block_1_101' title="bbox 2031 1932 3603 2004">
    <p class='ocr_par' dir='ltr' id='par_1_101' title="bbox 2031 1932 3603 2004">
     <span class='ocr_line' id='line_1_102' title="bbox 2031 1932 3603 2004; baseline 0.003 -16"><span class='ocrx_word' id='word_1_759' title='bbox 2031 1933 2172 1988; x_wconf 86' lang='lat' dir='ltr'><strong>servi</strong></span> <span class='ocrx_word' id='word_1_760' title='bbox 2203 1934 2469 2004; x_wconf 88' lang='lat' dir='ltr'><strong>accipiens</strong></span> <span class='ocrx_word' id='word_1_761' title='bbox 2497 1932 2722 1987; x_wconf 88' lang='lat' dir='ltr'><strong>efficitur</strong></span> <span class='ocrx_word' id='word_1_762' title='bbox 2755 1933 3008 1988; x_wconf 91' lang='lat' dir='ltr'><strong>obediens</strong></span> <span class='ocrx_word' id='word_1_763' title='bbox 3036 1932 3203 2004; x_wconf 83' lang='lat' dir='ltr'><strong>usque</strong></span> <span class='ocrx_word' id='word_1_764' title='bbox 3232 1935 3298 1990; x_wconf 89' lang='lat' dir='ltr'><strong>ad</strong></span> <span class='ocrx_word' id='word_1_765' title='bbox 3324 1946 3555 1991; x_wconf 88' lang='lat' dir='ltr'><strong>mortem</strong></span> <span class='ocrx_word' id='word_1_766' title='bbox 3587 1954 3603 1993; x_wconf 92' lang='lat'><strong>:</strong></span> 
     </span>
    </p>
   </div>
   <div class='ocr_carea' id='block_1_102' title="bbox 2031 2003 3608 2077">
    <p class='ocr_par' dir='ltr' id='par_1_102' title="bbox 2031 2003 3608 2077">
     <span class='ocr_line' id='line_1_103' title="bbox 2031 2003 3608 2077; baseline 0.004 -20"><span class='ocrx_word' id='word_1_767' title='bbox 2031 2011 2093 2077; x_wconf 78' lang='lat' dir='ltr'><strong>ut</strong></span> <span class='ocrx_word' id='word_1_768' title='bbox 2130 2003 2487 2077; x_wconf 81' lang='lat' dir='ltr'><strong>obedientiam</strong></span> <span class='ocrx_word' id='word_1_769' title='bbox 2514 2003 2749 2077; x_wconf 71' lang='lat' dir='ltr'><strong>doceret</strong></span> <span class='ocrx_word' id='word_1_770' title='bbox 2785 2018 2879 2058; x_wconf 90' lang='lat' dir='ltr'><strong>eos</strong></span> <span class='ocrx_word' id='word_1_771' title='bbox 2915 2004 3004 2077; x_wconf 86' lang='lat' dir='ltr'><strong>qui</strong></span> <span class='ocrx_word' id='word_1_772' title='bbox 3029 2003 3136 2060; x_wconf 88' lang='lat' dir='ltr'><strong>non</strong></span> <span class='ocrx_word' id='word_1_773' title='bbox 3161 2006 3354 2074; x_wconf 87' lang='lat' dir='ltr'><strong>aliter,</strong></span> <span class='ocrx_word' id='word_1_774' title='bbox 3381 2006 3482 2062; x_wconf 93' lang='lat' dir='ltr'><strong>nisi</strong></span> <span class='ocrx_word' id='word_1_775' title='bbox 3509 2022 3608 2077; x_wconf 87' lang='lat' dir='ltr'><strong>per</strong></span> 
     </span>
    </p>
   </div>
   <div class='ocr_carea' id='block_1_103' title="bbox 2033 2073 3605 2144">
    <p class='ocr_par' dir='ltr' id='par_1_103' title="bbox 2033 2073 3605 2144">
     <span class='ocr_line' id='line_1_104' title="bbox 2033 2073 3605 2144; baseline 0.003 -16"><span class='ocrx_word' id='word_1_776' title='bbox 2033 2073 2389 2129; x_wconf 85' lang='lat' dir='ltr'><strong>obedientiam</strong></span> <span class='ocrx_word' id='word_1_777' title='bbox 2409 2113 2424 2139; x_wconf 95' lang='lat'><strong>,</strong></span> <span class='ocrx_word' id='word_1_778' title='bbox 2453 2073 2678 2128; x_wconf 89' lang='lat' dir='ltr'><strong>salutem</strong></span> <span class='ocrx_word' id='word_1_779' title='bbox 2707 2075 2959 2144; x_wconf 82' lang='lat' dir='ltr'><strong>consequi</strong></span> <span class='ocrx_word' id='word_1_780' title='bbox 2983 2084 3296 2144; x_wconf 88' lang='lat' dir='ltr'><strong>potucrant,</strong></span> <span class='ocrx_word' id='word_1_781' title='bbox 3323 2078 3378 2130; x_wconf 89' lang='lat' dir='ltr'><strong>in</strong></span> <span class='ocrx_word' id='word_1_782' title='bbox 3403 2073 3605 2133; x_wconf 75' lang='lat' dir='ltr'><strong>semet-</strong></span> 
     </span>
    </p>
   </div>
   <div class='ocr_carea' id='block_1_104' title="bbox 2033 2143 3604 2216">
    <p class='ocr_par' dir='ltr' id='par_1_104' title="bbox 2033 2143 3604 2216">
     <span class='ocr_line' id='line_1_105' title="bbox 2033 2143 3604 2216; baseline 0.003 -18"><span class='ocrx_word' id='word_1_783' title='bbox 2033 2144 2150 2216; x_wconf 78' lang='lat' dir='ltr'><strong>ipso</strong></span> <span class='ocrx_word' id='word_1_784' title='bbox 2175 2143 2325 2214; x_wconf 89' lang='lat' dir='ltr'><strong>prius</strong></span> <span class='ocrx_word' id='word_1_785' title='bbox 2352 2145 2626 2216; x_wconf 84' lang='lat' dir='ltr'><strong>complens</strong></span> <span class='ocrx_word' id='word_1_786' title='bbox 2645 2185 2661 2211; x_wconf 88' lang='lat'><strong>,</strong></span> <span class='ocrx_word' id='word_1_787' title='bbox 2703 2144 2844 2214; x_wconf 92' lang='lat' dir='ltr'><strong>quod</strong></span> <span class='ocrx_word' id='word_1_788' title='bbox 2885 2143 2953 2216; x_wconf 80' lang='lat' dir='ltr'><strong>ab</strong></span> <span class='ocrx_word' id='word_1_789' title='bbox 2979 2145 3097 2200; x_wconf 85' lang='lat' dir='ltr'><strong>aliis</strong></span> <span class='ocrx_word' id='word_1_790' title='bbox 3123 2143 3334 2200; x_wconf 89' lang='lat' dir='ltr'><strong>volebat</strong></span> <span class='ocrx_word' id='word_1_791' title='bbox 3374 2147 3604 2216; x_wconf 88' lang='lat' dir='ltr'><strong>impleri.</strong></span> 
     </span>
    </p>
   </div>
   <div class='ocr_carea' id='block_1_105' title="bbox 2033 2213 3606 2284">
    <p class='ocr_par' dir='ltr' id='par_1_105' title="bbox 2033 2213 3606 2284">
     <span class='ocr_line' id='line_1_106' title="bbox 2033 2213 3606 2284; baseline 0.004 -16"><span class='ocrx_word' id='word_1_792' title='bbox 2033 2213 2236 2269; x_wconf 89' lang='lat' dir='ltr'><strong>Idcirco</strong></span> <span class='ocrx_word' id='word_1_793' title='bbox 2281 2231 2386 2270; x_wconf 91' lang='lat' dir='ltr'><strong>non</strong></span> <span class='ocrx_word' id='word_1_794' title='bbox 2431 2215 2602 2269; x_wconf 91' lang='lat' dir='ltr'><strong>solum</strong></span> <span class='ocrx_word' id='word_1_795' title='bbox 2646 2213 2812 2284; x_wconf 88' lang='lat' dir='ltr'><strong>usque</strong></span> <span class='ocrx_word' id='word_1_796' title='bbox 2853 2213 2920 2268; x_wconf 90' lang='lat' dir='ltr'><strong>ad</strong></span> <span class='ocrx_word' id='word_1_797' title='bbox 2964 2223 3191 2270; x_wconf 88' lang='lat' dir='ltr'><strong>mortem</strong></span> <span class='ocrx_word' id='word_1_798' title='bbox 3239 2217 3413 2272; x_wconf 87' lang='lat' dir='ltr'><strong>crucis</strong></span> <span class='ocrx_word' id='word_1_799' title='bbox 3452 2213 3606 2274; x_wconf 83' lang='lat' dir='ltr'><strong>Patri</strong></span> 
     </span>
    </p>
   </div>
   <div class='ocr_carea' id='block_1_106' title="bbox 2033 2284 3603 2349">
    <p class='ocr_par' dir='ltr' id='par_1_106' title="bbox 2033 2284 3603 2349">
     <span class='ocr_line' id='line_1_107' title="bbox 2033 2284 3603 2349; baseline 0.003 -11"><span class='ocrx_word' id='word_1_800' title='bbox 2033 2284 2287 2340; x_wconf 92' lang='lat' dir='ltr'><strong>obediens</strong></span> <span class='ocrx_word' id='word_1_801' title='bbox 2315 2286 2483 2340; x_wconf 87' lang='lat' dir='ltr'><strong>factus</strong></span> <span class='ocrx_word' id='word_1_802' title='bbox 2505 2293 2606 2349; x_wconf 90' lang='lat' dir='ltr'><strong>est,</strong></span> <span class='ocrx_word' id='word_1_803' title='bbox 2621 2300 2804 2339; x_wconf 87' lang='lat' dir='ltr'><strong>verum</strong></span> <span class='ocrx_word' id='word_1_804' title='bbox 2825 2287 2983 2340; x_wconf 90' lang='lat' dir='ltr'><strong>etiam</strong></span> <span class='ocrx_word' id='word_1_805' title='bbox 3013 2286 3066 2341; x_wconf 92' lang='lat' dir='ltr'><strong>in</strong></span> <span class='ocrx_word' id='word_1_806' title='bbox 3091 2288 3603 2344; x_wconf 89' lang='lat' dir='ltr'><strong>consummationem</strong></span> 
     </span>
    </p>
   </div>
   <div class='ocr_carea' id='block_1_107' title="bbox 2034 2355 3604 2430">
    <p class='ocr_par' dir='ltr' id='par_1_107' title="bbox 2034 2355 3604 2430">
     <span class='ocr_line' id='line_1_108' title="bbox 2034 2355 3604 2430; baseline 0.003 -20"><span class='ocrx_word' id='word_1_807' title='bbox 2034 2355 2213 2430; x_wconf 66' lang='lat' dir='ltr'><strong>saeculi</strong></span> <span class='ocrx_word' id='word_1_808' title='bbox 2229 2395 2244 2419; x_wconf 96' lang='lat'><strong>,</strong></span> <span class='ocrx_word' id='word_1_809' title='bbox 2264 2357 2332 2430; x_wconf 91' lang='lat' dir='ltr'><strong>_in</strong></span> <span class='ocrx_word' id='word_1_810' title='bbox 2363 2357 2650 2430; x_wconf 81' lang='lat' dir='ltr'><strong>semetipso</strong></span> <span class='ocrx_word' id='word_1_811' title='bbox 2679 2355 3039 2430; x_wconf 85' lang='lat' dir='ltr'><strong>complectens</strong></span> <span class='ocrx_word' id='word_1_812' title='bbox 3063 2371 3251 2430; x_wconf 81' lang='lat' dir='ltr'><strong>omnes</strong></span> <span class='ocrx_word' id='word_1_813' title='bbox 3274 2373 3408 2428; x_wconf 89' lang='lat' dir='ltr'><strong>quos</strong></span> <span class='ocrx_word' id='word_1_814' title='bbox 3432 2359 3604 2430; x_wconf 86' lang='lat' dir='ltr'><strong>subji-</strong></span> 
     </span>
    </p>
   </div>
   <div class='ocr_carea' id='block_1_108' title="bbox 2035 2426 3608 2496">
    <p class='ocr_par' dir='ltr' id='par_1_108' title="bbox 2035 2426 3608 2496">
     <span class='ocr_line' id='line_1_109' title="bbox 2035 2426 3608 2496; baseline 0.004 -16"><span class='ocrx_word' id='word_1_815' title='bbox 2035 2426 2108 2481; x_wconf 93' lang='lat' dir='ltr'><strong>cit</strong></span> <span class='ocrx_word' id='word_1_816' title='bbox 2136 2426 2305 2492; x_wconf 90' lang='lat' dir='ltr'><strong>Patri,</strong></span> <span class='ocrx_word' id='word_1_817' title='bbox 2331 2435 2382 2480; x_wconf 90' lang='lat' dir='ltr'><strong>et</strong></span> <span class='ocrx_word' id='word_1_818' title='bbox 2409 2426 2498 2496; x_wconf 90' lang='lat' dir='ltr'><strong>qui</strong></span> <span class='ocrx_word' id='word_1_819' title='bbox 2521 2442 2613 2496; x_wconf 87' lang='lat' dir='ltr'><strong>per</strong></span> <span class='ocrx_word' id='word_1_820' title='bbox 2639 2441 2759 2480; x_wconf 92' lang='lat' dir='ltr'><strong>eum</strong></span> <span class='ocrx_word' id='word_1_821' title='bbox 2787 2429 3003 2481; x_wconf 92' lang='lat' dir='ltr'><strong>veniunt</strong></span> <span class='ocrx_word' id='word_1_822' title='bbox 3026 2426 3094 2482; x_wconf 91' lang='lat' dir='ltr'><strong>ad</strong></span> <span class='ocrx_word' id='word_1_823' title='bbox 3122 2426 3366 2493; x_wconf 80' lang='lat' dir='ltr'><strong>salutem;</strong></span> <span class='ocrx_word' id='word_1_824' title='bbox 3389 2444 3510 2484; x_wconf 89' lang='lat' dir='ltr'><strong>cum</strong></span> <span class='ocrx_word' id='word_1_825' title='bbox 3531 2426 3608 2486; x_wconf 41' lang='lat' dir='ltr'><strong>’et</strong></span> 
     </span>
    </p>
   </div>
   <div class='ocr_carea' id='block_1_109' title="bbox 2034 2497 3607 2567">
    <p class='ocr_par' dir='ltr' id='par_1_109' title="bbox 2034 2497 3607 2567">
     <span class='ocr_line' id='line_1_110' title="bbox 2034 2497 3607 2567; baseline 0.003 -17"><span class='ocrx_word' id='word_1_826' title='bbox 2034 2497 2136 2566; x_wconf 90' lang='lat' dir='ltr'><strong>ipsi</strong></span> <span class='ocrx_word' id='word_1_827' title='bbox 2155 2505 2210 2551; x_wconf 91' lang='lat' dir='ltr'><strong>et</strong></span> <span class='ocrx_word' id='word_1_828' title='bbox 2225 2497 2275 2550; x_wconf 89' lang='lat' dir='ltr'><strong>in</strong></span> <span class='ocrx_word' id='word_1_829' title='bbox 2299 2498 2426 2566; x_wconf 90' lang='lat' dir='ltr'><strong>ipsis</strong></span> <span class='ocrx_word' id='word_1_830' title='bbox 2443 2497 2556 2566; x_wconf 91' lang='lat' dir='ltr'><strong>ipse</strong></span> <span class='ocrx_word' id='word_1_831' title='bbox 2573 2511 2781 2567; x_wconf 89' lang='lat' dir='ltr'><strong>quoque</strong></span> <span class='ocrx_word' id='word_1_832' title='bbox 2801 2497 3068 2567; x_wconf 86' lang='lat' dir='ltr'><strong>subjectus</strong></span> <span class='ocrx_word' id='word_1_833' title='bbox 3083 2497 3275 2552; x_wconf 90' lang='lat' dir='ltr'><strong>dicitur</strong></span> <span class='ocrx_word' id='word_1_834' title='bbox 3285 2499 3426 2554; x_wconf 91' lang='lat' dir='ltr'><strong>Patri</strong></span> <span class='ocrx_word' id='word_1_835' title='bbox 3446 2517 3461 2554; x_wconf 91' lang='lat'><strong>:</strong></span> <span class='ocrx_word' id='word_1_836' title='bbox 3479 2499 3607 2556; x_wconf 90' lang='lat' dir='ltr'><strong>dum</strong></span> 
     </span>
    </p>
   </div>
   <div class='ocr_carea' id='block_1_110' title="bbox 2034 2567 3607 2640">
    <p class='ocr_par' dir='ltr' id='par_1_110' title="bbox 2034 2567 3607 2640">
     <span class='ocr_line' id='line_1_111' title="bbox 2034 2567 3607 2640; baseline 0.004 -19"><span class='ocrx_word' id='word_1_837' title='bbox 2034 2567 2213 2640; x_wconf 87' lang='lat' dir='ltr'><strong>omnia</strong></span> <span class='ocrx_word' id='word_1_838' title='bbox 2231 2568 2285 2622; x_wconf 92' lang='lat' dir='ltr'><strong>in</strong></span> <span class='ocrx_word' id='word_1_839' title='bbox 2301 2569 2415 2636; x_wconf 90' lang='lat' dir='ltr'><strong>ipso</strong></span> <span class='ocrx_word' id='word_1_840' title='bbox 2425 2576 2757 2640; x_wconf 10' lang='lat' dir='ltr'><strong>constant,ret</strong></span> <span class='ocrx_word' id='word_1_841' title='bbox 2770 2568 2881 2640; x_wconf 85' lang='lat' dir='ltr'><strong>ipse</strong></span> <span class='ocrx_word' id='word_1_842' title='bbox 2893 2570 3413 2640; x_wconf 73' lang='lat' dir='ltr'><strong>estcaputomnium,</strong></span> <span class='ocrx_word' id='word_1_843' title='bbox 3425 2579 3480 2626; x_wconf 90' lang='lat' dir='ltr'><strong>et</strong></span> <span class='ocrx_word' id='word_1_844' title='bbox 3493 2571 3607 2640; x_wconf 87' lang='lat' dir='ltr'><strong>ipse</strong></span> 
     </span>
    </p>
   </div>
   <div class='ocr_carea' id='block_1_111' title="bbox 2035 2639 3608 2711">
    <p class='ocr_par' dir='ltr' id='par_1_111' title="bbox 2035 2639 3608 2711">
     <span class='ocr_line' id='line_1_112' title="bbox 2035 2639 3608 2711; baseline 0.003 -19"><span class='ocrx_word' id='word_1_845' title='bbox 2035 2646 2117 2711; x_wconf 80' lang='lat' dir='ltr'><strong>est</strong></span> <span class='ocrx_word' id='word_1_846' title='bbox 2128 2639 2350 2711; x_wconf 85' lang='lat' dir='ltr'><strong>salutem</strong></span> <span class='ocrx_word' id='word_1_847' title='bbox 2363 2639 2799 2711; x_wconf 77' lang='lat' dir='ltr'><strong>consequentium</strong></span> <span class='ocrx_word' id='word_1_848' title='bbox 2816 2639 3102 2711; x_wconf 88' lang='lat' dir='ltr'><strong>plenitudo.</strong></span> <span class='ocrx_word' id='word_1_849' title='bbox 3112 2639 3222 2711; x_wconf 84' lang='lat' dir='ltr'><strong>Hoc</strong></span> <span class='ocrx_word' id='word_1_850' title='bbox 3234 2654 3362 2710; x_wconf 88' lang='lat' dir='ltr'><strong>ergo</strong></span> <span class='ocrx_word' id='word_1_851' title='bbox 3371 2639 3608 2711; x_wconf 87' lang='lat' dir='ltr'><strong>estquod</strong></span> 
     </span>
    </p>
   </div>
   <div class='ocr_carea' id='block_1_112' title="bbox 2035 2706 3608 2782">
    <p class='ocr_par' dir='ltr' id='par_1_112' title="bbox 2035 2706 3608 2782">
     <span class='ocr_line' id='line_1_113' title="bbox 2035 2706 3608 2782; baseline 0.003 -20"><span class='ocrx_word' id='word_1_852' title='bbox 2035 2706 2103 2782; x_wconf 85' lang='lat' dir='ltr'><strong>de</strong></span> <span class='ocrx_word' id='word_1_853' title='bbox 2123 2723 2187 2762; x_wconf 92' lang='lat' dir='ltr'><strong>eo</strong></span> <span class='ocrx_word' id='word_1_854' title='bbox 2204 2708 2330 2763; x_wconf 89' lang='lat' dir='ltr'><strong>dicit</strong></span> <span class='ocrx_word' id='word_1_855' title='bbox 2351 2706 2664 2782; x_wconf 69' lang='lat' dir='ltr'><strong>Apostolus:</strong></span> <span class='ocrx_word' id='word_1_856' title='bbox 2688 2706 2998 2782; x_wconf 31' lang='lat' dir='ltr'><strong>Gum‘autem</strong></span> <span class='ocrx_word' id='word_1_857' title='bbox 3015 2710 3060 2782; x_wconf 74' lang='lat' dir='ltr'><strong>ei</strong></span> <span class='ocrx_word' id='word_1_858' title='bbox 3079 2710 3247 2782; x_wconf 84' lang='lat' dir='ltr'><strong>omnia</strong></span> <span class='ocrx_word' id='word_1_859' title='bbox 3265 2706 3495 2782; x_wconf 55' lang='lat' dir='ltr'><strong>subjecta&quot;</strong></span> <span class='ocrx_word' id='word_1_860' title='bbox 3506 2712 3608 2779; x_wconf 78' lang='lat' dir='ltr'><strong>fue-</strong></span> 
     </span>
    </p>
   </div>
   <div class='ocr_carea' id='block_1_113' title="bbox 2034 2778 3606 2851">
    <p class='ocr_par' dir='ltr' id='par_1_113' title="bbox 2034 2778 3606 2851">
     <span class='ocr_line' id='line_1_114' title="bbox 2034 2778 3606 2851; baseline 0.003 -20"><span class='ocrx_word' id='word_1_861' title='bbox 2034 2779 2278 2843; x_wconf 77' lang='lat' dir='ltr'><strong>rint,tunc</strong></span> <span class='ocrx_word' id='word_1_862' title='bbox 2289 2789 2334 2833; x_wconf 89' lang='lat' dir='ltr'><strong>et</strong></span> <span class='ocrx_word' id='word_1_863' title='bbox 2347 2780 2451 2851; x_wconf 66' lang='lat' dir='ltr'><strong>ipse</strong></span> <span class='ocrx_word' id='word_1_864' title='bbox 2469 2778 2641 2833; x_wconf 64' lang='lat' dir='ltr'><strong>Filius</strong></span> <span class='ocrx_word' id='word_1_865' title='bbox 2654 2779 2932 2851; x_wconf 69' lang='lat' dir='ltr'><strong>subjectus</strong></span> <span class='ocrx_word' id='word_1_866' title='bbox 2955 2780 3060 2851; x_wconf 13' lang='lat' dir='ltr'><strong>erit,</strong></span> <span class='ocrx_word' id='word_1_867' title='bbox 3078 2781 3122 2851; x_wconf 73' lang='lat' dir='ltr'><strong>ei</strong></span> <span class='ocrx_word' id='word_1_868' title='bbox 3136 2783 3222 2851; x_wconf 82' lang='lat' dir='ltr'><strong>qui</strong></span> <span class='ocrx_word' id='word_1_869' title='bbox 3254 2778 3367 2851; x_wconf 8' lang='lat' dir='ltr'><strong>sibi,</strong></span> <span class='ocrx_word' id='word_1_870' title='bbox 3383 2781 3606 2836; x_wconf 80' lang='lat' dir='ltr'><strong>subdidit</strong></span> 
     </span>
    </p>
   </div>
   <div class='ocr_carea' id='block_1_114' title="bbox 2035 2848 3607 2924">
    <p class='ocr_par' dir='ltr' id='par_1_114' title="bbox 2035 2848 3607 2924">
     <span class='ocr_line' id='line_1_115' title="bbox 2035 2848 3607 2924; baseline 0.003 -22"><span class='ocrx_word' id='word_1_871' title='bbox 2035 2851 2284 2924; x_wconf 81' lang='lat' dir='ltr'><strong>omnia,ut</strong></span> <span class='ocrx_word' id='word_1_872' title='bbox 2299 2850 2360 2904; x_wconf 82' lang='lat' dir='ltr'><strong>sit</strong></span> <span class='ocrx_word' id='word_1_873' title='bbox 2377 2849 2511 2904; x_wconf 79' lang='lat' dir='ltr'><strong>Deus</strong></span> <span class='ocrx_word' id='word_1_874' title='bbox 2527 2850 2695 2924; x_wconf 74' lang='lat' dir='ltr'><strong>omnia</strong></span> <span class='ocrx_word' id='word_1_875' title='bbox 2711 2848 2763 2924; x_wconf 77' lang='lat' dir='ltr'><strong>in</strong></span> <span class='ocrx_word' id='word_1_876' title='bbox 2779 2849 3005 2924; x_wconf 64' lang='lat' dir='ltr'><strong>omnibus</strong></span> <span class='ocrx_word' id='word_1_877' title='bbox 3025 2848 3607 2924; x_wconf 57' lang='lat' dir='ltr'><strong>(lgor.xv,28).Verutn</strong></span> 
     </span>
    </p>
   </div>
   <div class='ocr_carea' id='block_1_115' title="bbox 2037 2920 3604 2991">
    <p class='ocr_par' dir='ltr' id='par_1_115' title="bbox 2037 2920 3604 2991">
     <span class='ocr_line' id='line_1_116' title="bbox 2037 2920 3604 2991; baseline 0.003 -18"><span class='ocrx_word' id='word_1_878' title='bbox 2037 2920 2214 2974; x_wconf 84' lang='lat' dir='ltr'><strong>nescio</strong></span> <span class='ocrx_word' id='word_1_879' title='bbox 2239 2935 2345 2991; x_wconf 93' lang='lat' dir='ltr'><strong>quo</strong></span> <span class='ocrx_word' id='word_1_880' title='bbox 2373 2929 2527 2988; x_wconf 87' lang='lat' dir='ltr'><strong>pacto</strong></span> <span class='ocrx_word' id='word_1_881' title='bbox 2565 2921 2800 2974; x_wconf 74' lang='lat' dir='ltr'><strong>haeretici</strong></span> <span class='ocrx_word' id='word_1_882' title='bbox 2827 2935 2933 2975; x_wconf 91' lang='lat' dir='ltr'><strong>non</strong></span> <span class='ocrx_word' id='word_1_883' title='bbox 2975 2920 3332 2991; x_wconf 85' lang='lat' dir='ltr'><strong>intelligentes</strong></span> <span class='ocrx_word' id='word_1_884' title='bbox 3359 2920 3604 2991; x_wconf 63' lang='lat' dir='ltr'><strong>&#39;Apostoli</strong></span> 
     </span>
    </p>
   </div>
   <div class='ocr_carea' id='block_1_116' title="bbox 2037 2991 3602 3061">
    <p class='ocr_par' dir='ltr' id='par_1_116' title="bbox 2037 2991 3602 3061">
     <span class='ocr_line' id='line_1_117' title="bbox 2037 2991 3602 3061; baseline 0.004 -19"><span class='ocrx_word' id='word_1_885' title='bbox 2037 3004 2250 3044; x_wconf 87' lang='lat' dir='ltr'><strong>sensum</strong></span> <span class='ocrx_word' id='word_1_886' title='bbox 2268 3031 2284 3056; x_wconf 97' lang='lat'><strong>,</strong></span> <span class='ocrx_word' id='word_1_887' title='bbox 2306 2992 2396 3060; x_wconf 89' lang='lat' dir='ltr'><strong>qui</strong></span> <span class='ocrx_word' id='word_1_888' title='bbox 2426 2991 2590 3061; x_wconf 84' lang='lat' dir='ltr'><strong>initis</strong></span> <span class='ocrx_word' id='word_1_889' title='bbox 2618 2991 2796 3045; x_wconf 89' lang='lat' dir='ltr'><strong>verbis</strong></span> <span class='ocrx_word' id='word_1_890' title='bbox 2829 2991 3150 3056; x_wconf 89' lang='lat' dir='ltr'><strong>continetur,</strong></span> <span class='ocrx_word' id='word_1_891' title='bbox 3179 2992 3521 3061; x_wconf 89' lang='lat' dir='ltr'><strong>subjectionis</strong></span> <span class='ocrx_word' id='word_1_892' title='bbox 3549 2993 3602 3048; x_wconf 93' lang='lat' dir='ltr'><strong>in</strong></span> 
     </span>
    </p>
   </div>
   <div class='ocr_carea' id='block_1_117' title="bbox 2038 3060 3608 3131">
    <p class='ocr_par' dir='ltr' id='par_1_117' title="bbox 2038 3060 3608 3131">
     <span class='ocr_line' id='line_1_118' title="bbox 2038 3060 3608 3131; baseline 0.003 -18"><span class='ocrx_word' id='word_1_893' title='bbox 2038 3061 2173 3131; x_wconf 79' lang='lat' dir='ltr'><strong>Filio</strong></span> <span class='ocrx_word' id='word_1_894' title='bbox 2198 3076 2390 3115; x_wconf 88' lang='lat' dir='ltr'><strong>nomen</strong></span> <span class='ocrx_word' id='word_1_895' title='bbox 2421 3060 2713 3114; x_wconf 81' lang='lat' dir='ltr'><strong>infament:</strong></span> <span class='ocrx_word' id='word_1_896' title='bbox 2744 3061 2895 3130; x_wconf 84' lang='lat' dir='ltr'><strong>cujus</strong></span> <span class='ocrx_word' id='word_1_897' title='bbox 2917 3060 3286 3131; x_wconf 86' lang='lat' dir='ltr'><strong>appellationis</strong></span> <span class='ocrx_word' id='word_1_898' title='bbox 3307 3063 3608 3131; x_wconf 89' lang='lat' dir='ltr'><strong>proprietas</strong></span> 
     </span>
    </p>
   </div>
   <div class='ocr_carea' id='block_1_118' title="bbox 2035 3130 3602 3201">
    <p class='ocr_par' dir='ltr' id='par_1_118' title="bbox 2035 3130 3602 3201">
     <span class='ocr_line' id='line_1_119' title="bbox 2035 3130 3602 3201; baseline 0.003 -17"><span class='ocrx_word' id='word_1_899' title='bbox 2035 3130 2080 3201; x_wconf 79' lang='lat' dir='ltr'><strong>si</strong></span> <span class='ocrx_word' id='word_1_900' title='bbox 2118 3131 2448 3201; x_wconf 84' lang='lat' dir='ltr'><strong>requiratur,</strong></span> <span class='ocrx_word' id='word_1_901' title='bbox 2489 3148 2555 3186; x_wconf 76' lang='lat' dir='ltr'><strong>ex</strong></span> <span class='ocrx_word' id='word_1_902' title='bbox 2603 3132 2884 3185; x_wconf 90' lang='lat' dir='ltr'><strong>contrariis</strong></span> <span class='ocrx_word' id='word_1_903' title='bbox 2928 3130 3084 3186; x_wconf 85' lang='lat' dir='ltr'><strong>facile</strong></span> <span class='ocrx_word' id='word_1_904' title='bbox 3126 3130 3320 3201; x_wconf 87' lang='lat' dir='ltr'><strong>poterit</strong></span> <span class='ocrx_word' id='word_1_905' title='bbox 3354 3130 3602 3189; x_wconf 85' lang='lat' dir='ltr'><strong>inveniri.</strong></span> 
     </span>
    </p>
   </div>
   <div class='ocr_carea' id='block_1_119' title="bbox 2035 3199 3609 3269">
    <p class='ocr_par' dir='ltr' id='par_1_119' title="bbox 2035 3199 3609 3269">
     <span class='ocr_line' id='line_1_120' title="bbox 2035 3199 3609 3269; baseline 0.005 -17"><span class='ocrx_word' id='word_1_906' title='bbox 2035 3199 2168 3255; x_wconf 87' lang='lat' dir='ltr'><strong>Nam</strong></span> <span class='ocrx_word' id='word_1_907' title='bbox 2197 3199 2248 3254; x_wconf 31' lang='lat' dir='ltr'><strong>‘si</strong></span> <span class='ocrx_word' id='word_1_908' title='bbox 2289 3201 2582 3269; x_wconf 89' lang='lat' dir='ltr'><strong>subjectum</strong></span> <span class='ocrx_word' id='word_1_909' title='bbox 2632 3215 2786 3267; x_wconf 87' lang='lat' dir='ltr'><strong>esse,</strong></span> <span class='ocrx_word' id='word_1_910' title='bbox 2816 3215 2921 3254; x_wconf 92' lang='lat' dir='ltr'><strong>non</strong></span> <span class='ocrx_word' id='word_1_911' title='bbox 2961 3210 3046 3256; x_wconf 91' lang='lat' dir='ltr'><strong>est</strong></span> <span class='ocrx_word' id='word_1_912' title='bbox 3084 3199 3310 3268; x_wconf 83' lang='lat' dir='ltr'><strong>bonum;</strong></span> <span class='ocrx_word' id='word_1_913' title='bbox 3345 3211 3511 3258; x_wconf 87' lang='lat' dir='ltr'><strong>restat</strong></span> <span class='ocrx_word' id='word_1_914' title='bbox 3551 3211 3609 3260; x_wconf 82' lang='lat' dir='ltr'><strong>ut</strong></span> 
     </span>
    </p>
   </div>
   <div class='ocr_carea' id='block_1_120' title="bbox 2036 3269 3610 3340">
    <p class='ocr_par' dir='ltr' id='par_1_120' title="bbox 2036 3269 3610 3340">
     <span class='ocr_line' id='line_1_121' title="bbox 2036 3269 3610 3340; baseline 0.003 -16"><span class='ocrx_word' id='word_1_915' title='bbox 2036 3269 2163 3324; x_wconf 92' lang='lat' dir='ltr'><strong>illud</strong></span> <span class='ocrx_word' id='word_1_916' title='bbox 2185 3271 2324 3340; x_wconf 91' lang='lat' dir='ltr'><strong>quod</strong></span> <span class='ocrx_word' id='word_1_917' title='bbox 2345 3272 2666 3325; x_wconf 88' lang='lat' dir='ltr'><strong>contrarium</strong></span> <span class='ocrx_word' id='word_1_918' title='bbox 2693 3279 2794 3338; x_wconf 90' lang='lat' dir='ltr'><strong>est,</strong></span> <span class='ocrx_word' id='word_1_919' title='bbox 2823 3271 3016 3325; x_wconf 90' lang='lat' dir='ltr'><strong>bonum</strong></span> <span class='ocrx_word' id='word_1_920' title='bbox 3043 3272 3130 3336; x_wconf 91' lang='lat' dir='ltr'><strong>sit,</strong></span> <span class='ocrx_word' id='word_1_921' title='bbox 3155 3272 3206 3327; x_wconf 91' lang='lat' dir='ltr'><strong>id</strong></span> <span class='ocrx_word' id='word_1_922' title='bbox 3231 3281 3332 3338; x_wconf 88' lang='lat' dir='ltr'><strong>est,</strong></span> <span class='ocrx_word' id='word_1_923' title='bbox 3355 3288 3461 3328; x_wconf 88' lang='lat' dir='ltr'><strong>non</strong></span> <span class='ocrx_word' id='word_1_924' title='bbox 3486 3289 3610 3330; x_wconf 88' lang='lat' dir='ltr'><strong>esse</strong></span> 
     </span>
    </p>
   </div>
   <div class='ocr_carea' id='block_1_121' title="bbox 2035 3341 3608 3412">
    <p class='ocr_par' dir='ltr' id='par_1_121' title="bbox 2035 3341 3608 3412">
     <span class='ocr_line' id='line_1_122' title="bbox 2035 3341 3608 3412; baseline 0.003 -18"><span class='ocrx_word' id='word_1_925' title='bbox 2035 3341 2352 3412; x_wconf 82' lang='lat' dir='ltr'><strong>subjectum.</strong></span> <span class='ocrx_word' id='word_1_926' title='bbox 2383 3341 2572 3412; x_wconf 88' lang='lat' dir='ltr'><strong>Sermo</strong></span> <span class='ocrx_word' id='word_1_927' title='bbox 2590 3356 2826 3412; x_wconf 82' lang='lat' dir='ltr'><strong>namque</strong></span> <span class='ocrx_word' id='word_1_928' title='bbox 2853 3341 3114 3411; x_wconf 86' lang='lat' dir='ltr'><strong>Apostoli,</strong></span> <span class='ocrx_word' id='word_1_929' title='bbox 3141 3343 3434 3398; x_wconf 91' lang='lat' dir='ltr'><strong>secundum</strong></span> <span class='ocrx_word' id='word_1_930' title='bbox 3463 3343 3608 3412; x_wconf 89' lang='lat' dir='ltr'><strong>quod</strong></span> 
     </span>
    </p>
   </div>
   <div class='ocr_carea' id='block_1_122' title="bbox 2036 3410 3609 3479">
    <p class='ocr_par' dir='ltr' id='par_1_122' title="bbox 2036 3410 3609 3479">
     <span class='ocr_line' id='line_1_123' title="bbox 2036 3410 3609 3479; baseline 0.003 -15"><span class='ocrx_word' id='word_1_931' title='bbox 2036 3410 2123 3464; x_wconf 92' lang='lat' dir='ltr'><strong>isti</strong></span> <span class='ocrx_word' id='word_1_932' title='bbox 2161 3412 2378 3476; x_wconf 82' lang='lat' dir='ltr'><strong>volunt,</strong></span> <span class='ocrx_word' id='word_1_933' title='bbox 2413 3411 2513 3466; x_wconf 93' lang='lat' dir='ltr'><strong>hoc</strong></span> <span class='ocrx_word' id='word_1_934' title='bbox 2553 3411 2761 3478; x_wconf 86' lang='lat' dir='ltr'><strong>videtur</strong></span> <span class='ocrx_word' id='word_1_935' title='bbox 2787 3410 3097 3479; x_wconf 77' lang='lat' dir='ltr'><strong>ostendere,</strong></span> <span class='ocrx_word' id='word_1_936' title='bbox 3127 3413 3251 3466; x_wconf 93' lang='lat' dir='ltr'><strong>dum</strong></span> <span class='ocrx_word' id='word_1_937' title='bbox 3280 3411 3441 3478; x_wconf 89' lang='lat' dir='ltr'><strong>dicit,</strong></span> <span class='ocrx_word' id='word_1_938' title='bbox 3481 3410 3609 3469; x_wconf 85' lang='lat' dir='ltr'><strong>Cum</strong></span> 
     </span>
    </p>
   </div>
   <div class='ocr_carea' id='block_1_123' title="bbox 2035 3481 3609 3551">
    <p class='ocr_par' dir='ltr' id='par_1_123' title="bbox 2035 3481 3609 3551">
     <span class='ocr_line' id='line_1_124' title="bbox 2035 3481 3609 3551; baseline 0.004 -20"><span class='ocrx_word' id='word_1_939' title='bbox 2035 3489 2204 3551; x_wconf 69' lang='lat' dir='ltr'><strong>autem</strong></span> <span class='ocrx_word' id='word_1_940' title='bbox 2223 3481 2444 3547; x_wconf 82' lang='lat' dir='ltr'><strong>subjecta</strong></span> <span class='ocrx_word' id='word_1_941' title='bbox 2465 3481 2649 3551; x_wconf 79' lang='lat' dir='ltr'><strong>fuerint</strong></span> <span class='ocrx_word' id='word_1_942' title='bbox 2671 3481 2716 3533; x_wconf 83' lang='lat' dir='ltr'><strong>ei</strong></span> <span class='ocrx_word' id='word_1_943' title='bbox 2737 3482 2926 3551; x_wconf 87' lang='lat' dir='ltr'><strong>omnia,</strong></span> <span class='ocrx_word' id='word_1_944' title='bbox 2951 3491 3068 3534; x_wconf 84' lang='lat' dir='ltr'><strong>tunc</strong></span> <span class='ocrx_word' id='word_1_945' title='bbox 3095 3491 3138 3535; x_wconf 83' lang='lat' dir='ltr'><strong>et</strong></span> <span class='ocrx_word' id='word_1_946' title='bbox 3166 3484 3273 3551; x_wconf 78' lang='lat' dir='ltr'><strong>ipse</strong></span> <span class='ocrx_word' id='word_1_947' title='bbox 3296 3481 3468 3538; x_wconf 74' lang='lat' dir='ltr'><strong>Filius</strong></span> <span class='ocrx_word' id='word_1_948' title='bbox 3488 3485 3609 3538; x_wconf 76' lang='lat' dir='ltr'><strong>sub-</strong></span> 
     </span>
    </p>
   </div>
   <div class='ocr_carea' id='block_1_124' title="bbox 2026 3549 3609 3624">
    <p class='ocr_par' dir='ltr' id='par_1_124' title="bbox 2026 3549 3609 3624">
     <span class='ocr_line' id='line_1_125' title="bbox 2026 3549 3609 3624; baseline 0.004 -21"><span class='ocrx_word' id='word_1_949' title='bbox 2026 3549 2402 3624; x_wconf 82' lang='lat' dir='ltr'><strong>jectus_erit_ei</strong></span> <span class='ocrx_word' id='word_1_950' title='bbox 2439 3549 2523 3624; x_wconf 74' lang='lat' dir='ltr'><strong>qui</strong></span> <span class='ocrx_word' id='word_1_951' title='bbox 2551 3550 2643 3604; x_wconf 83' lang='lat' dir='ltr'><strong>sibi</strong></span> <span class='ocrx_word' id='word_1_952' title='bbox 2677 3550 2896 3624; x_wconf 72' lang='lat' dir='ltr'><strong>subdidit</strong></span> <span class='ocrx_word' id='word_1_953' title='bbox 2922 3551 3131 3605; x_wconf 84' lang='lat' dir='ltr'><strong>omnia:</strong></span> <span class='ocrx_word' id='word_1_954' title='bbox 3170 3549 3228 3624; x_wconf 81' lang='lat' dir='ltr'><strong>ut</strong></span> <span class='ocrx_word' id='word_1_955' title='bbox 3254 3555 3421 3624; x_wconf 72' lang='lat' dir='ltr'><strong>quasi</strong></span> <span class='ocrx_word' id='word_1_956' title='bbox 3441 3553 3486 3607; x_wconf 91' lang='lat' dir='ltr'><strong>is</strong></span> <span class='ocrx_word' id='word_1_957' title='bbox 3514 3553 3609 3624; x_wconf 87' lang='lat' dir='ltr'><strong>qui</strong></span> 
     </span>
    </p>
   </div>
   <div class='ocr_carea' id='block_1_125' title="bbox 2037 3619 3608 3692">
    <p class='ocr_par' dir='ltr' id='par_1_125' title="bbox 2037 3619 3608 3692">
     <span class='ocr_line' id='line_1_126' title="bbox 2037 3619 3608 3692; baseline 0.004 -20"><span class='ocrx_word' id='word_1_958' title='bbox 2037 3634 2177 3692; x_wconf 84' lang='lat' dir='ltr'><strong>nunc</strong></span> <span class='ocrx_word' id='word_1_959' title='bbox 2204 3619 2649 3692; x_wconf 14' lang='lat' dir='ltr'><strong>Patrinsuhjectus</strong></span> <span class='ocrx_word' id='word_1_960' title='bbox 2687 3635 2803 3692; x_wconf 86' lang='lat' dir='ltr'><strong>non</strong></span> <span class='ocrx_word' id='word_1_961' title='bbox 2820 3621 2918 3686; x_wconf 90' lang='lat' dir='ltr'><strong>sit,</strong></span> <span class='ocrx_word' id='word_1_962' title='bbox 2951 3619 3374 3692; x_wconf 83' lang='lat' dir='ltr'><strong>tuncsubjectus</strong></span> <span class='ocrx_word' id='word_1_963' title='bbox 3399 3619 3608 3679; x_wconf 75' lang='lat' dir='ltr'><strong>futurus</strong></span> 
     </span>
    </p>
   </div>
   <div class='ocr_carea' id='block_1_126' title="bbox 2035 3690 3609 3760">
    <p class='ocr_par' dir='ltr' id='par_1_126' title="bbox 2035 3690 3609 3760">
     <span class='ocr_line' id='line_1_127' title="bbox 2035 3690 3609 3760; baseline 0.005 -18"><span class='ocrx_word' id='word_1_964' title='bbox 2035 3690 2124 3754; x_wconf 91' lang='lat' dir='ltr'><strong>sit,</strong></span> <span class='ocrx_word' id='word_1_965' title='bbox 2155 3705 2272 3744; x_wconf 88' lang='lat' dir='ltr'><strong>cum</strong></span> <span class='ocrx_word' id='word_1_966' title='bbox 2295 3691 2440 3758; x_wconf 90' lang='lat' dir='ltr'><strong>prius</strong></span> <span class='ocrx_word' id='word_1_967' title='bbox 2467 3691 2515 3744; x_wconf 91' lang='lat' dir='ltr'><strong>ei</strong></span> <span class='ocrx_word' id='word_1_968' title='bbox 2538 3690 2693 3745; x_wconf 89' lang='lat' dir='ltr'><strong>Pater</strong></span> <span class='ocrx_word' id='word_1_969' title='bbox 2720 3690 2962 3745; x_wconf 88' lang='lat' dir='ltr'><strong>universa</strong></span> <span class='ocrx_word' id='word_1_970' title='bbox 2985 3690 3288 3760; x_wconf 83' lang='lat' dir='ltr'><strong>subjecerit.</strong></span> <span class='ocrx_word' id='word_1_971' title='bbox 3313 3692 3416 3749; x_wconf 90' lang='lat' dir='ltr'><strong>Sed</strong></span> <span class='ocrx_word' id='word_1_972' title='bbox 3441 3694 3609 3750; x_wconf 90' lang='lat' dir='ltr'><strong>miror</strong></span> 
     </span>
    </p>
   </div>
   <div class='ocr_carea' id='block_1_127' title="bbox 2036 3760 3607 3834">
    <p class='ocr_par' dir='ltr' id='par_1_127' title="bbox 2036 3760 3607 3834">
     <span class='ocr_line' id='line_1_128' title="bbox 2036 3760 3607 3834; baseline 0.005 -21"><span class='ocrx_word' id='word_1_973' title='bbox 2036 3761 2302 3834; x_wconf 79' lang='lat' dir='ltr'><strong>quomodo</strong></span> <span class='ocrx_word' id='word_1_974' title='bbox 2328 3760 2684 3834; x_wconf 78' lang='lat' dir='ltr'><strong>hocintelligi</strong></span> <span class='ocrx_word' id='word_1_975' title='bbox 2731 3761 2915 3834; x_wconf 82' lang='lat' dir='ltr'><strong>possit,</strong></span> <span class='ocrx_word' id='word_1_976' title='bbox 2939 3769 2997 3814; x_wconf 92' lang='lat' dir='ltr'><strong>ut</strong></span> <span class='ocrx_word' id='word_1_977' title='bbox 3024 3764 3111 3834; x_wconf 85' lang='lat' dir='ltr'><strong>qtti</strong></span> <span class='ocrx_word' id='word_1_978' title='bbox 3142 3763 3377 3819; x_wconf 91' lang='lat' dir='ltr'><strong>nondum</strong></span> <span class='ocrx_word' id='word_1_979' title='bbox 3423 3763 3607 3834; x_wconf 87' lang='lat' dir='ltr'><strong>subje-</strong></span> 
     </span>
    </p>
   </div>
   <div class='ocr_carea' id='block_1_128' title="bbox 2037 3831 3608 3903">
    <p class='ocr_par' dir='ltr' id='par_1_128' title="bbox 2037 3831 3608 3903">
     <span class='ocr_line' id='line_1_129' title="bbox 2037 3831 3608 3903; baseline 0.003 -18"><span class='ocrx_word' id='word_1_980' title='bbox 2037 3831 2151 3903; x_wconf 90' lang='lat' dir='ltr'><strong>cti_s_</strong></span> <span class='ocrx_word' id='word_1_981' title='bbox 2169 3831 2267 3885; x_wconf 89' lang='lat' dir='ltr'><strong>sibi</strong></span> <span class='ocrx_word' id='word_1_982' title='bbox 2296 3831 2559 3903; x_wconf 76' lang='lat' dir='ltr'><strong>omnibus</strong></span> <span class='ocrx_word' id='word_1_983' title='bbox 2589 3846 2693 3885; x_wconf 91' lang='lat' dir='ltr'><strong>non</strong></span> <span class='ocrx_word' id='word_1_984' title='bbox 2720 3840 2802 3903; x_wconf 84' lang='lat' dir='ltr'><strong>est</strong></span> <span class='ocrx_word' id='word_1_985' title='bbox 2825 3831 2937 3900; x_wconf 89' lang='lat' dir='ltr'><strong>ipse</strong></span> <span class='ocrx_word' id='word_1_986' title='bbox 2980 3832 3250 3903; x_wconf 86' lang='lat' dir='ltr'><strong>subjectus</strong></span> <span class='ocrx_word' id='word_1_987' title='bbox 3272 3875 3288 3901; x_wconf 95' lang='lat'><strong>,</strong></span> <span class='ocrx_word' id='word_1_988' title='bbox 3321 3845 3446 3890; x_wconf 88' lang='lat' dir='ltr'><strong>tunc</strong></span> <span class='ocrx_word' id='word_1_989' title='bbox 3483 3831 3608 3890; x_wconf 83' lang='lat' dir='ltr'><strong>cum</strong></span> 
     </span>
    </p>
   </div>
   <div class='ocr_carea' id='block_1_129' title="bbox 2030 3900 3606 3974">
    <p class='ocr_par' dir='ltr' id='par_1_129' title="bbox 2030 3900 3606 3974">
     <span class='ocr_line' id='line_1_130' title="bbox 2030 3900 3606 3974; baseline 0.004 -20"><span class='ocrx_word' id='word_1_990' title='bbox 2030 3900 2272 3970; x_wconf 89' lang='lat' dir='ltr'><strong>subjecta</strong></span> <span class='ocrx_word' id='word_1_991' title='bbox 2299 3902 2398 3954; x_wconf 92' lang='lat' dir='ltr'><strong>sibi</strong></span> <span class='ocrx_word' id='word_1_992' title='bbox 2428 3900 2626 3956; x_wconf 85' lang='lat' dir='ltr'><strong>fuerint</strong></span> <span class='ocrx_word' id='word_1_993' title='bbox 2645 3902 2852 3974; x_wconf 85' lang='lat' dir='ltr'><strong>omnia,</strong></span> <span class='ocrx_word' id='word_1_994' title='bbox 2871 3916 2990 3955; x_wconf 91' lang='lat' dir='ltr'><strong>cum</strong></span> <span class='ocrx_word' id='word_1_995' title='bbox 3020 3900 3113 3957; x_wconf 80' lang='lat' dir='ltr'><strong>rex</strong></span> <span class='ocrx_word' id='word_1_996' title='bbox 3141 3907 3379 3960; x_wconf 91' lang='lat' dir='ltr'><strong>omnium</strong></span> <span class='ocrx_word' id='word_1_997' title='bbox 3408 3903 3606 3974; x_wconf 84' lang='lat' dir='ltr'><strong>fuerit,</strong></span> 
     </span>
    </p>
   </div>
   <div class='ocr_carea' id='block_1_130' title="bbox 2037 3972 3610 4045">
    <p class='ocr_par' dir='ltr' id='par_1_130' title="bbox 2037 3972 3610 4045">
     <span class='ocr_line' id='line_1_131' title="bbox 2037 3972 3610 4045; baseline 0.004 -20"><span class='ocrx_word' id='word_1_998' title='bbox 2037 3979 2091 4045; x_wconf 82' lang='lat' dir='ltr'><strong>et</strong></span> <span class='ocrx_word' id='word_1_999' title='bbox 2116 3980 2430 4045; x_wconf 79' lang='lat' dir='ltr'><strong>potestatem</strong></span> <span class='ocrx_word' id='word_1_1000' title='bbox 2454 3973 2681 4027; x_wconf 87' lang='lat' dir='ltr'><strong>tenuerit</strong></span> <span class='ocrx_word' id='word_1_1001' title='bbox 2711 3972 3076 4045; x_wconf 78' lang='lat' dir='ltr'><strong>universorum</strong></span> <span class='ocrx_word' id='word_1_1002' title='bbox 3098 4015 3114 4041; x_wconf 93' lang='lat'><strong>,</strong></span> <span class='ocrx_word' id='word_1_1003' title='bbox 3139 3985 3265 4030; x_wconf 88' lang='lat' dir='ltr'><strong>tunc</strong></span> <span class='ocrx_word' id='word_1_1004' title='bbox 3294 3990 3415 4030; x_wconf 90' lang='lat' dir='ltr'><strong>eum</strong></span> <span class='ocrx_word' id='word_1_1005' title='bbox 3443 3972 3610 4045; x_wconf 75' lang='lat' dir='ltr'><strong>subin</strong></span> 
     </span>
    </p>
   </div>
   <div class='ocr_carea' id='block_1_131' title="bbox 2037 4042 3609 4111">
    <p class='ocr_par' dir='ltr' id='par_1_131' title="bbox 2037 4042 3609 4111">
     <span class='ocr_line' id='line_1_132' title="bbox 2037 4042 3609 4111; baseline 0.005 -16"><span class='ocrx_word' id='word_1_1006' title='bbox 2037 4042 2285 4096; x_wconf 89' lang='lat' dir='ltr'><strong>ciendum</strong></span> <span class='ocrx_word' id='word_1_1007' title='bbox 2316 4051 2520 4111; x_wconf 89' lang='lat' dir='ltr'><strong>putent,</strong></span> <span class='ocrx_word' id='word_1_1008' title='bbox 2554 4058 2672 4097; x_wconf 91' lang='lat' dir='ltr'><strong>cum</strong></span> <span class='ocrx_word' id='word_1_1009' title='bbox 2701 4042 2973 4110; x_wconf 89' lang='lat' dir='ltr'><strong>subjectus</strong></span> <span class='ocrx_word' id='word_1_1010' title='bbox 2996 4052 3118 4098; x_wconf 90' lang='lat' dir='ltr'><strong>ante</strong></span> <span class='ocrx_word' id='word_1_1011' title='bbox 3147 4060 3251 4100; x_wconf 91' lang='lat' dir='ltr'><strong>non</strong></span> <span class='ocrx_word' id='word_1_1012' title='bbox 3278 4045 3474 4100; x_wconf 87' lang='lat' dir='ltr'><strong>fuerit:</strong></span> <span class='ocrx_word' id='word_1_1013' title='bbox 3498 4042 3609 4102; x_wconf 84' lang='lat' dir='ltr'><strong>non</strong></span> 
     </span>
    </p>
   </div>
   <div class='ocr_carea' id='block_1_132' title="bbox 2036 4111 3607 4182">
    <p class='ocr_par' dir='ltr' id='par_1_132' title="bbox 2036 4111 3607 4182">
     <span class='ocr_line' id='line_1_133' title="bbox 2036 4111 3607 4182; baseline 0.003 -16"><span class='ocrx_word' id='word_1_1014' title='bbox 2036 4112 2392 4181; x_wconf 86' lang='lat' dir='ltr'><strong>intelligentes</strong></span> <span class='ocrx_word' id='word_1_1015' title='bbox 2416 4113 2554 4182; x_wconf 92' lang='lat' dir='ltr'><strong>quod</strong></span> <span class='ocrx_word' id='word_1_1016' title='bbox 2583 4113 2842 4182; x_wconf 87' lang='lat' dir='ltr'><strong>subjectio</strong></span> <span class='ocrx_word' id='word_1_1017' title='bbox 2869 4111 3064 4167; x_wconf 87' lang='lat' dir='ltr'><strong>Christi</strong></span> <span class='ocrx_word' id='word_1_1018' title='bbox 3089 4115 3157 4170; x_wconf 90' lang='lat' dir='ltr'><strong>ad</strong></span> <span class='ocrx_word' id='word_1_1019' title='bbox 3183 4116 3394 4170; x_wconf 89' lang='lat' dir='ltr'><strong>Patrem</strong></span> <span class='ocrx_word' id='word_1_1020' title='bbox 3433 4116 3607 4171; x_wconf 87' lang='lat' dir='ltr'><strong>beati-</strong></span> 
     </span>
    </p>
   </div>
   <div class='ocr_carea' id='block_1_133' title="bbox 2037 4183 3606 4257">
    <p class='ocr_par' dir='ltr' id='par_1_133' title="bbox 2037 4183 3606 4257">
     <span class='ocr_line' id='line_1_134' title="bbox 2037 4183 3606 4257; baseline 0.003 -21"><span class='ocrx_word' id='word_1_1021' title='bbox 2037 4183 2273 4257; x_wconf 83' lang='lat' dir='ltr'><strong>tudinem</strong></span> <span class='ocrx_word' id='word_1_1022' title='bbox 2308 4192 2502 4257; x_wconf 72' lang='lat' dir='ltr'><strong>nostrae</strong></span> <span class='ocrx_word' id='word_1_1023' title='bbox 2527 4183 2867 4257; x_wconf 79' lang='lat' dir='ltr'><strong>perfectionis</strong></span> <span class='ocrx_word' id='word_1_1024' title='bbox 2895 4183 3166 4254; x_wconf 89' lang='lat' dir='ltr'><strong>ostendit,</strong></span> <span class='ocrx_word' id='word_1_1025' title='bbox 3189 4195 3244 4240; x_wconf 90' lang='lat' dir='ltr'><strong>et</strong></span> <span class='ocrx_word' id='word_1_1026' title='bbox 3272 4187 3506 4257; x_wconf 89' lang='lat' dir='ltr'><strong>suscepti</strong></span> <span class='ocrx_word' id='word_1_1027' title='bbox 3537 4185 3606 4241; x_wconf 87' lang='lat' dir='ltr'><strong>ab</strong></span> 
     </span>
    </p>
   </div>
   <div class='ocr_carea' id='block_1_134' title="bbox 2035 4254 3609 4328">
    <p class='ocr_par' dir='ltr' id='par_1_134' title="bbox 2035 4254 3609 4328">
     <span class='ocr_line' id='line_1_135' title="bbox 2035 4254 3609 4328; baseline 0.004 -22"><span class='ocrx_word' id='word_1_1028' title='bbox 2035 4267 2100 4306; x_wconf 90' lang='lat' dir='ltr'><strong>eo</strong></span> <span class='ocrx_word' id='word_1_1029' title='bbox 2128 4254 2306 4322; x_wconf 87' lang='lat' dir='ltr'><strong>cperis</strong></span> <span class='ocrx_word' id='word_1_1030' title='bbox 2328 4254 2558 4328; x_wconf 81' lang='lat' dir='ltr'><strong>palmam</strong></span> <span class='ocrx_word' id='word_1_1031' title='bbox 2587 4254 2858 4317; x_wconf 91' lang='lat' dir='ltr'><strong>declarat;</strong></span> <span class='ocrx_word' id='word_1_1032' title='bbox 2896 4269 3017 4328; x_wconf 86' lang='lat' dir='ltr'><strong>cum</strong></span> <span class='ocrx_word' id='word_1_1033' title='bbox 3049 4271 3153 4312; x_wconf 92' lang='lat' dir='ltr'><strong>non</strong></span> <span class='ocrx_word' id='word_1_1034' title='bbox 3180 4257 3352 4311; x_wconf 90' lang='lat' dir='ltr'><strong>solum</strong></span> <span class='ocrx_word' id='word_1_1035' title='bbox 3383 4254 3609 4328; x_wconf 82' lang='lat' dir='ltr'><strong>regendi</strong></span> 
     </span>
    </p>
   </div>
   <div class='ocr_carea' id='block_1_135' title="bbox 2035 4324 3608 4394">
    <p class='ocr_par' dir='ltr' id='par_1_135' title="bbox 2035 4324 3608 4394">
     <span class='ocr_line' id='line_1_136' title="bbox 2035 4324 3608 4394; baseline 0.004 -18"><span class='ocrx_word' id='word_1_1036' title='bbox 2035 4331 2192 4393; x_wconf 91' lang='lat' dir='ltr'><strong>atque</strong></span> <span class='ocrx_word' id='word_1_1037' title='bbox 2223 4324 2476 4394; x_wconf 83' lang='lat' dir='ltr'><strong>regnandi</strong></span> <span class='ocrx_word' id='word_1_1038' title='bbox 2507 4340 2788 4388; x_wconf 87' lang='lat' dir='ltr'><strong>summam,</strong></span> <span class='ocrx_word' id='word_1_1039' title='bbox 2817 4340 2973 4393; x_wconf 90' lang='lat' dir='ltr'><strong>quam</strong></span> <span class='ocrx_word' id='word_1_1040' title='bbox 3006 4325 3059 4379; x_wconf 91' lang='lat' dir='ltr'><strong>in</strong></span> <span class='ocrx_word' id='word_1_1041' title='bbox 3084 4327 3328 4382; x_wconf 86' lang='lat' dir='ltr'><strong>universa</strong></span> <span class='ocrx_word' id='word_1_1042' title='bbox 3355 4324 3608 4382; x_wconf 78' lang='lat' dir='ltr'><strong>emenda-</strong></span> 
     </span>
    </p>
   </div>
   <div class='ocr_carea' id='block_1_136' title="bbox 2036 4394 3610 4466">
    <p class='ocr_par' dir='ltr' id='par_1_136' title="bbox 2036 4394 3610 4466">
     <span class='ocr_line' id='line_1_137' title="bbox 2036 4394 3610 4466; baseline 0.004 -19"><span class='ocrx_word' id='word_1_1043' title='bbox 2036 4404 2184 4448; x_wconf 79' lang='lat' dir='ltr'><strong>verat</strong></span> <span class='ocrx_word' id='word_1_1044' title='bbox 2198 4404 2458 4460; x_wconf 87' lang='lat' dir='ltr'><strong>creatura,</strong></span> <span class='ocrx_word' id='word_1_1045' title='bbox 2477 4410 2660 4449; x_wconf 91' lang='lat' dir='ltr'><strong>verum</strong></span> <span class='ocrx_word' id='word_1_1046' title='bbox 2675 4395 2837 4466; x_wconf 85' lang='lat' dir='ltr'><strong>etiam</strong></span> <span class='ocrx_word' id='word_1_1047' title='bbox 2855 4394 3169 4452; x_wconf 75' lang='lat' dir='ltr'><strong>obedientizc</strong></span> <span class='ocrx_word' id='word_1_1048' title='bbox 3190 4405 3245 4452; x_wconf 87' lang='lat' dir='ltr'><strong>et</strong></span> <span class='ocrx_word' id='word_1_1049' title='bbox 3264 4397 3610 4466; x_wconf 88' lang='lat' dir='ltr'><strong>subjectionis</strong></span> 
     </span>
    </p>
   </div>
   <div class='ocr_carea' id='block_1_137' title="bbox 2035 4465 3608 4534">
    <p class='ocr_par' dir='ltr' id='par_1_137' title="bbox 2035 4465 3608 4534">
     <span class='ocr_line' id='line_1_138' title="bbox 2035 4465 3608 4534; baseline 0.004 -17"><span class='ocrx_word' id='word_1_1050' title='bbox 2035 4473 2275 4519; x_wconf 88' lang='lat' dir='ltr'><strong>correcta</strong></span> <span class='ocrx_word' id='word_1_1051' title='bbox 2303 4474 2650 4534; x_wconf 87' lang='lat' dir='ltr'><strong>reparataque</strong></span> <span class='ocrx_word' id='word_1_1052' title='bbox 2673 4465 2886 4519; x_wconf 91' lang='lat' dir='ltr'><strong>humani</strong></span> <span class='ocrx_word' id='word_1_1053' title='bbox 2907 4468 3116 4534; x_wconf 86' lang='lat' dir='ltr'><strong>generis</strong></span> <span class='ocrx_word' id='word_1_1054' title='bbox 3142 4467 3284 4522; x_wconf 88' lang='lat' dir='ltr'><strong>Patri</strong></span> <span class='ocrx_word' id='word_1_1055' title='bbox 3306 4465 3494 4524; x_wconf 64' lang='lat' dir='ltr'><strong>offerat</strong></span> <span class='ocrx_word' id='word_1_1056' title='bbox 3515 4469 3608 4532; x_wconf 11' lang='lat' dir='ltr'><strong>Vin-</strong></span> 
     </span>
    </p>
   </div>
   <div class='ocr_carea' id='block_1_138' title="bbox 2037 4535 3608 4609">
    <p class='ocr_par' dir='ltr' id='par_1_138' title="bbox 2037 4535 3608 4609">
     <span class='ocr_line' id='line_1_139' title="bbox 2037 4535 3608 4609; baseline 0.004 -21"><span class='ocrx_word' id='word_1_1057' title='bbox 2037 4535 2239 4609; x_wconf 62' lang='lat' dir='ltr'><strong>stitutat</strong></span> <span class='ocrx_word' id='word_1_1058' title='bbox 2251 4535 2304 4609; x_wconf 85' lang='lat' dir='ltr'><strong>Si</strong></span> <span class='ocrx_word' id='word_1_1059' title='bbox 2325 4550 2451 4606; x_wconf 83' lang='lat' dir='ltr'><strong>ergo</strong></span> <span class='ocrx_word' id='word_1_1060' title='bbox 2473 4536 2606 4590; x_wconf 88' lang='lat' dir='ltr'><strong>bona</strong></span> <span class='ocrx_word' id='word_1_1061' title='bbox 2625 4544 2676 4609; x_wconf 83' lang='lat' dir='ltr'><strong>et</strong></span> <span class='ocrx_word' id='word_1_1062' title='bbox 2689 4537 2931 4609; x_wconf 72' lang='lat' dir='ltr'><strong>salutaris</strong></span> <span class='ocrx_word' id='word_1_1063' title='bbox 2947 4537 3202 4609; x_wconf 90' lang='lat' dir='ltr'><strong>accipitur</strong></span> <span class='ocrx_word' id='word_1_1064' title='bbox 3217 4539 3608 4609; x_wconf 79' lang='lat' dir='ltr'><strong>istasubjectio,</strong></span> 
     </span>
    </p>
   </div>
   <div class='ocr_carea' id='block_1_139' title="bbox 2036 4606 3612 4675">
    <p class='ocr_par' dir='ltr' id='par_1_139' title="bbox 2036 4606 3612 4675">
     <span class='ocr_line' id='line_1_140' title="bbox 2036 4606 3612 4675; baseline 0.004 -17"><span class='ocrx_word' id='word_1_1065' title='bbox 2036 4619 2138 4674; x_wconf 90' lang='lat' dir='ltr'><strong>qua</strong></span> <span class='ocrx_word' id='word_1_1066' title='bbox 2164 4606 2432 4674; x_wconf 88' lang='lat' dir='ltr'><strong>subjectus</strong></span> <span class='ocrx_word' id='word_1_1067' title='bbox 2473 4621 2592 4661; x_wconf 89' lang='lat' dir='ltr'><strong>esse</strong></span> <span class='ocrx_word' id='word_1_1068' title='bbox 2617 4606 2807 4660; x_wconf 90' lang='lat' dir='ltr'><strong>dicitur</strong></span> <span class='ocrx_word' id='word_1_1069' title='bbox 2833 4606 2999 4662; x_wconf 89' lang='lat' dir='ltr'><strong>Filius</strong></span> <span class='ocrx_word' id='word_1_1070' title='bbox 3027 4606 3204 4675; x_wconf 79' lang='lat' dir='ltr'><strong>Patri;</strong></span> <span class='ocrx_word' id='word_1_1071' title='bbox 3241 4607 3394 4664; x_wconf 87' lang='lat' dir='ltr'><strong>valde</strong></span> <span class='ocrx_word' id='word_1_1072' title='bbox 3421 4606 3612 4664; x_wconf 82' lang='lat' dir='ltr'><strong>consc-</strong></span> 
     </span>
    </p>
   </div>
   <div class='ocr_carea' id='block_1_140' title="bbox 2035 4676 3611 4746">
    <p class='ocr_par' dir='ltr' id='par_1_140' title="bbox 2035 4676 3611 4746">
     <span class='ocr_line' id='line_1_141' title="bbox 2035 4676 3611 4746; baseline 0.004 -18"><span class='ocrx_word' id='word_1_1073' title='bbox 2035 4691 2202 4746; x_wconf 90' lang='lat' dir='ltr'><strong>quens</strong></span> <span class='ocrx_word' id='word_1_1074' title='bbox 2227 4687 2280 4730; x_wconf 87' lang='lat' dir='ltr'><strong>et</strong></span> <span class='ocrx_word' id='word_1_1075' title='bbox 2301 4676 2576 4732; x_wconf 83' lang='lat' dir='ltr'><strong>cohaerens</strong></span> <span class='ocrx_word' id='word_1_1076' title='bbox 2605 4685 2686 4730; x_wconf 90' lang='lat' dir='ltr'><strong>est</strong></span> <span class='ocrx_word' id='word_1_1077' title='bbox 2704 4719 2720 4742; x_wconf 95' lang='lat'><strong>,</strong></span> <span class='ocrx_word' id='word_1_1078' title='bbox 2739 4685 2795 4731; x_wconf 88' lang='lat' dir='ltr'><strong>ut</strong></span> <span class='ocrx_word' id='word_1_1079' title='bbox 2820 4684 2875 4730; x_wconf 91' lang='lat' dir='ltr'><strong>et</strong></span> <span class='ocrx_word' id='word_1_1080' title='bbox 2901 4677 3252 4745; x_wconf 90' lang='lat' dir='ltr'><strong>inimicorum,</strong></span> <span class='ocrx_word' id='word_1_1081' title='bbox 3283 4693 3399 4746; x_wconf 68' lang='lat' dir='ltr'><strong>quae</strong></span> <span class='ocrx_word' id='word_1_1082' title='bbox 3419 4679 3611 4734; x_wconf 88' lang='lat' dir='ltr'><strong>dicitur</strong></span> 
     </span>
    </p>
   </div>
   <div class='ocr_carea' id='block_1_141' title="bbox 2036 4745 3612 4818">
    <p class='ocr_par' dir='ltr' id='par_1_141' title="bbox 2036 4745 3612 4818">
     <span class='ocr_line' id='line_1_142' title="bbox 2036 4745 3612 4818; baseline 0.003 -19"><span class='ocrx_word' id='word_1_1083' title='bbox 2036 4745 2169 4800; x_wconf 89' lang='lat' dir='ltr'><strong>Filio</strong></span> <span class='ocrx_word' id='word_1_1084' title='bbox 2190 4747 2284 4802; x_wconf 90' lang='lat' dir='ltr'><strong>Dei</strong></span> <span class='ocrx_word' id='word_1_1085' title='bbox 2311 4762 2431 4802; x_wconf 90' lang='lat' dir='ltr'><strong>esse</strong></span> <span class='ocrx_word' id='word_1_1086' title='bbox 2455 4747 2735 4816; x_wconf 87' lang='lat' dir='ltr'><strong>subjectio,</strong></span> <span class='ocrx_word' id='word_1_1087' title='bbox 2759 4747 3006 4818; x_wconf 83' lang='lat' dir='ltr'><strong>salutaris</strong></span> <span class='ocrx_word' id='word_1_1088' title='bbox 3024 4750 3261 4818; x_wconf 58' lang='lat' dir='ltr'><strong>quaedam</strong></span> <span class='ocrx_word' id='word_1_1089' title='bbox 3290 4745 3612 4817; x_wconf 80' lang='lat' dir='ltr'><strong>intelligatur</strong></span> 
     </span>
    </p>
   </div>
   <div class='ocr_carea' id='block_1_142' title="bbox 2035 4817 3611 4887">
    <p class='ocr_par' dir='ltr' id='par_1_142' title="bbox 2035 4817 3611 4887">
     <span class='ocr_line' id='line_1_143' title="bbox 2035 4817 3611 4887; baseline 0.003 -17"><span class='ocrx_word' id='word_1_1090' title='bbox 2035 4831 2153 4887; x_wconf 82' lang='lat' dir='ltr'><strong>csse</strong></span> <span class='ocrx_word' id='word_1_1091' title='bbox 2169 4827 2224 4871; x_wconf 92' lang='lat' dir='ltr'><strong>et</strong></span> <span class='ocrx_word' id='word_1_1092' title='bbox 2244 4818 2381 4872; x_wconf 89' lang='lat' dir='ltr'><strong>utilis</strong></span> <span class='ocrx_word' id='word_1_1093' title='bbox 2401 4835 2414 4870; x_wconf 90' lang='lat'><strong>:</strong></span> <span class='ocrx_word' id='word_1_1094' title='bbox 2433 4828 2490 4871; x_wconf 92' lang='lat' dir='ltr'><strong>ut</strong></span> <span class='ocrx_word' id='word_1_1095' title='bbox 2505 4818 2643 4873; x_wconf 90' lang='lat' dir='ltr'><strong>sicut</strong></span> <span class='ocrx_word' id='word_1_1096' title='bbox 2665 4833 2784 4872; x_wconf 92' lang='lat' dir='ltr'><strong>cum</strong></span> <span class='ocrx_word' id='word_1_1097' title='bbox 2801 4817 2991 4873; x_wconf 91' lang='lat' dir='ltr'><strong>dicitur</strong></span> <span class='ocrx_word' id='word_1_1098' title='bbox 3006 4817 3170 4875; x_wconf 83' lang='lat' dir='ltr'><strong>Filius</strong></span> <span class='ocrx_word' id='word_1_1099' title='bbox 3186 4819 3325 4874; x_wconf 87' lang='lat' dir='ltr'><strong>Patri</strong></span> <span class='ocrx_word' id='word_1_1100' title='bbox 3343 4820 3611 4887; x_wconf 89' lang='lat' dir='ltr'><strong>subjectus</strong></span> 
     </span>
    </p>
   </div>
   <div class='ocr_carea' id='block_1_143' title="bbox 2035 4885 3612 4961">
    <p class='ocr_par' dir='ltr' id='par_1_143' title="bbox 2035 4885 3612 4961">
     <span class='ocr_line' id='line_1_144' title="bbox 2035 4885 3612 4961; baseline 0.004 -22"><span class='ocrx_word' id='word_1_1101' title='bbox 2035 4885 2219 4961; x_wconf 82' lang='lat' dir='ltr'><strong>(Ibid.</strong></span> <span class='ocrx_word' id='word_1_1102' title='bbox 2244 4893 2284 4960; x_wconf 94' lang='lat'><strong>),</strong></span> <span class='ocrx_word' id='word_1_1103' title='bbox 2321 4888 2564 4961; x_wconf 82' lang='lat' dir='ltr'><strong>perfecta</strong></span> <span class='ocrx_word' id='word_1_1104' title='bbox 2581 4889 2853 4961; x_wconf 76' lang='lat' dir='ltr'><strong>universae</strong></span> <span class='ocrx_word' id='word_1_1105' title='bbox 2893 4900 3147 4961; x_wconf 74' lang='lat' dir='ltr'><strong>creatura:</strong></span> <span class='ocrx_word' id='word_1_1106' title='bbox 3185 4885 3497 4945; x_wconf 83' lang='lat' dir='ltr'><strong>restauratio</strong></span> <span class='ocrx_word' id='word_1_1107' title='bbox 3524 4890 3612 4946; x_wconf 90' lang='lat' dir='ltr'><strong>de-</strong></span> 
     </span>
    </p>
   </div>
   <div class='ocr_carea' id='block_1_144' title="bbox 2034 4959 3611 5022">
    <p class='ocr_par' dir='ltr' id='par_1_144' title="bbox 2034 4959 3611 5022">
     <span class='ocr_line' id='line_1_145' title="bbox 2034 4959 3611 5022; baseline 0.001 -8"><span class='ocrx_word' id='word_1_1108' title='bbox 2034 4959 2296 5022; x_wconf 82' lang='lat' dir='ltr'><strong>elaratur;</strong></span> <span class='ocrx_word' id='word_1_1109' title='bbox 2321 4959 2390 5012; x_wconf 92' lang='lat' dir='ltr'><strong>ita</strong></span> <span class='ocrx_word' id='word_1_1110' title='bbox 2413 4975 2533 5014; x_wconf 92' lang='lat' dir='ltr'><strong>cum</strong></span> <span class='ocrx_word' id='word_1_1111' title='bbox 2575 4959 2708 5013; x_wconf 89' lang='lat' dir='ltr'><strong>Filio</strong></span> <span class='ocrx_word' id='word_1_1112' title='bbox 2731 4960 2822 5014; x_wconf 89' lang='lat' dir='ltr'><strong>Dei</strong></span> <span class='ocrx_word' id='word_1_1113' title='bbox 2844 4959 3039 5014; x_wconf 88' lang='lat' dir='ltr'><strong>inimici</strong></span> <span class='ocrx_word' id='word_1_1114' title='bbox 3061 4959 3307 5014; x_wconf 88' lang='lat' dir='ltr'><strong>dicuntur</strong></span> <span class='ocrx_word' id='word_1_1115' title='bbox 3337 4974 3457 5016; x_wconf 89' lang='lat' dir='ltr'><strong>esse</strong></span> <span class='ocrx_word' id='word_1_1116' title='bbox 3480 4961 3611 5016; x_wconf 89' lang='lat' dir='ltr'><strong>sub-</strong></span> 
     </span>
    </p>
   </div>
   <div class='ocr_carea' id='block_1_145' title="bbox 2029 5028 3611 5156">
    <p class='ocr_par' dir='ltr' id='par_1_145' title="bbox 2029 5028 3611 5156">
     <span class='ocr_line' id='line_1_146' title="bbox 2029 5028 3611 5156; baseline 0.001 -71"><span class='ocrx_word' id='word_1_1117' title='bbox 2029 5030 2157 5100; x_wconf 91' lang='lat' dir='ltr'><strong>jecti</strong></span> <span class='ocrx_word' id='word_1_1118' title='bbox 2179 5028 2483 5156; x_wconf 52' lang='lat' dir='ltr'><strong>(Ibid.,2;‘2,</strong></span> <span class='ocrx_word' id='word_1_1119' title='bbox 2511 5030 2866 5098; x_wconf 89' lang='lat' dir='ltr'><strong>subjectorum</strong></span> <span class='ocrx_word' id='word_1_1120' title='bbox 2886 5031 3030 5086; x_wconf 86' lang='lat' dir='ltr'><strong>salus</strong></span> <span class='ocrx_word' id='word_1_1121' title='bbox 3056 5031 3109 5086; x_wconf 92' lang='lat' dir='ltr'><strong>in</strong></span> <span class='ocrx_word' id='word_1_1122' title='bbox 3129 5045 3193 5085; x_wconf 89' lang='lat' dir='ltr'><strong>eo</strong></span> <span class='ocrx_word' id='word_1_1123' title='bbox 3219 5030 3536 5102; x_wconf 88' lang='lat' dir='ltr'><strong>intelligatur</strong></span> <span class='ocrx_word' id='word_1_1124' title='bbox 3553 5039 3611 5087; x_wconf 89' lang='lat' dir='ltr'><strong>et</strong></span> 
     </span>
     <span class='ocr_line' id='line_1_147' title="bbox 2035 5099 3610 5156; baseline 0.001 -2"><span class='ocrx_word' id='word_1_1125' title='bbox 2035 5103 2298 5156; x_wconf 80' lang='lat' dir='ltr'><strong>reparatio</strong></span> <span class='ocrx_word' id='word_1_1126' title='bbox 2324 5115 2417 5156; x_wconf 81' lang='lat' dir='ltr'><strong>per</strong></span> <span class='ocrx_word' id='word_1_1127' title='bbox 2456 5101 2670 5155; x_wconf 90' lang='lat' dir='ltr'><strong>itorum.</strong></span> <span class='ocrx_word' id='word_1_1128' title='bbox 2694 5099 2886 5153; x_wconf 82' lang='lat' dir='ltr'><strong>Verum</strong></span> <span class='ocrx_word' id='word_1_1129' title='bbox 2909 5102 3070 5156; x_wconf 87' lang='lat' dir='ltr'><strong>certis</strong></span> <span class='ocrx_word' id='word_1_1130' title='bbox 3093 5101 3386 5156; x_wconf 86' lang='lat' dir='ltr'><strong>auibusaue</strong></span> <span class='ocrx_word' id='word_1_1131' title='bbox 3412 5109 3468 5156; x_wconf 90' lang='lat' dir='ltr'><strong>et</strong></span> <span class='ocrx_word' id='word_1_1132' title='bbox 3490 5116 3610 5156; x_wconf 88' lang='lat' dir='ltr'><strong>mo-</strong></span> 
     </span>
    </p>
   </div>
   <div class='ocr_carea' id='block_1_146' title="bbox 2035 5099 3610 5172">
    <p class='ocr_par' dir='ltr' id='par_1_146' title="bbox 2035 5099 3610 5172">
     <span class='ocr_line' id='line_1_148' title="bbox 2035 5099 3610 5172; baseline 0.001 -17"><span class='ocrx_word' id='word_1_1133' title='bbox 2035 5099 2298 5170; x_wconf 79' lang='lat' dir='ltr'><strong>reparatio</strong></span> <span class='ocrx_word' id='word_1_1134' title='bbox 2324 5099 2670 5170; x_wconf 88' lang='lat' dir='ltr'><strong>perditorum.</strong></span> <span class='ocrx_word' id='word_1_1135' title='bbox 2694 5099 2886 5172; x_wconf 82' lang='lat' dir='ltr'><strong>Verum</strong></span> <span class='ocrx_word' id='word_1_1136' title='bbox 2909 5102 3075 5172; x_wconf 82' lang='lat' dir='ltr'><strong>certis</strong></span> <span class='ocrx_word' id='word_1_1137' title='bbox 3093 5099 3468 5172; x_wconf 54' lang='lat' dir='ltr'><strong>quibusque&#39;et</strong></span> <span class='ocrx_word' id='word_1_1138' title='bbox 3490 5116 3610 5172; x_wconf 86' lang='lat' dir='ltr'><strong>mo-</strong></span> 
     </span>
    </p>
   </div>
   <div class='ocr_carea' id='block_1_147' title="bbox 2036 5171 3612 5242">
    <p class='ocr_par' dir='ltr' id='par_1_147' title="bbox 2036 5171 3612 5242">
     <span class='ocr_line' id='line_1_149' title="bbox 2036 5171 3612 5242; baseline 0.001 -17"><span class='ocrx_word' id='word_1_1139' title='bbox 2036 5172 2117 5242; x_wconf 86' lang='lat' dir='ltr'><strong>dis</strong></span> <span class='ocrx_word' id='word_1_1140' title='bbox 2145 5181 2199 5227; x_wconf 90' lang='lat' dir='ltr'><strong>et</strong></span> <span class='ocrx_word' id='word_1_1141' title='bbox 2221 5172 2514 5241; x_wconf 86' lang='lat' dir='ltr'><strong>disciplinis</strong></span> <span class='ocrx_word' id='word_1_1142' title='bbox 2544 5179 2599 5225; x_wconf 90' lang='lat' dir='ltr'><strong>et</strong></span> <span class='ocrx_word' id='word_1_1143' title='bbox 2621 5171 2945 5242; x_wconf 88' lang='lat' dir='ltr'><strong>temporibus</strong></span> <span class='ocrx_word' id='word_1_1144' title='bbox 2965 5171 3222 5242; x_wconf 90' lang='lat' dir='ltr'><strong>subjectio</strong></span> <span class='ocrx_word' id='word_1_1145' title='bbox 3254 5171 3354 5226; x_wconf 83' lang='lat' dir='ltr'><strong>ista</strong></span> <span class='ocrx_word' id='word_1_1146' title='bbox 3375 5171 3612 5242; x_wconf 86' lang='lat' dir='ltr'><strong>comple-</strong></span> 
     </span>
    </p>
   </div>
   <div class='ocr_carea' id='block_1_148' title="bbox 2034 5241 3610 5313">
    <p class='ocr_par' dir='ltr' id='par_1_148' title="bbox 2034 5241 3610 5313">
     <span class='ocr_line' id='line_1_150' title="bbox 2034 5241 3610 5313; baseline 0.001 -17"><span class='ocrx_word' id='word_1_1147' title='bbox 2034 5241 2196 5307; x_wconf 86' lang='lat' dir='ltr'><strong>bitur,</strong></span> <span class='ocrx_word' id='word_1_1148' title='bbox 2225 5243 2276 5296; x_wconf 89' lang='lat' dir='ltr'><strong>id</strong></span> <span class='ocrx_word' id='word_1_1149' title='bbox 2306 5250 2388 5296; x_wconf 91' lang='lat' dir='ltr'><strong>est</strong></span> <span class='ocrx_word' id='word_1_1150' title='bbox 2410 5285 2424 5309; x_wconf 96' lang='lat'><strong>,</strong></span> <span class='ocrx_word' id='word_1_1151' title='bbox 2452 5257 2554 5296; x_wconf 93' lang='lat' dir='ltr'><strong>non</strong></span> <span class='ocrx_word' id='word_1_1152' title='bbox 2579 5241 2899 5313; x_wconf 78' lang='lat' dir='ltr'><strong>necessitate</strong></span> <span class='ocrx_word' id='word_1_1153' title='bbox 2922 5242 3097 5313; x_wconf 85' lang='lat' dir='ltr'><strong>aliqua</strong></span> <span class='ocrx_word' id='word_1_1154' title='bbox 3131 5243 3198 5297; x_wconf 88' lang='lat' dir='ltr'><strong>ad</strong></span> <span class='ocrx_word' id='word_1_1155' title='bbox 3226 5241 3610 5313; x_wconf 81' lang='lat' dir='ltr'><strong>subjectionem</strong></span> 
     </span>
    </p>
   </div>
   <div class='ocr_carea' id='block_1_149' title="bbox 2034 5311 3606 5381">
    <p class='ocr_par' dir='ltr' id='par_1_149' title="bbox 2034 5311 3606 5381">
     <span class='ocr_line' id='line_1_151' title="bbox 2034 5311 3606 5381; baseline -0.001 -14"><span class='ocrx_word' id='word_1_1156' title='bbox 2034 5322 2282 5380; x_wconf 82' lang='lat' dir='ltr'><strong>cogente,</strong></span> <span class='ocrx_word' id='word_1_1157' title='bbox 2311 5328 2411 5369; x_wconf 90' lang='lat' dir='ltr'><strong>nec</strong></span> <span class='ocrx_word' id='word_1_1158' title='bbox 2433 5327 2526 5381; x_wconf 89' lang='lat' dir='ltr'><strong>per</strong></span> <span class='ocrx_word' id='word_1_1159' title='bbox 2541 5311 2646 5364; x_wconf 92' lang='lat' dir='ltr'><strong>vim</strong></span> <span class='ocrx_word' id='word_1_1160' title='bbox 2667 5311 2910 5366; x_wconf 88' lang='lat' dir='ltr'><strong>subditus</strong></span> <span class='ocrx_word' id='word_1_1161' title='bbox 2929 5311 3025 5367; x_wconf 81' lang='lat' dir='ltr'><strong>fiet</strong></span> <span class='ocrx_word' id='word_1_1162' title='bbox 3039 5314 3211 5368; x_wconf 92' lang='lat' dir='ltr'><strong>omnis</strong></span> <span class='ocrx_word' id='word_1_1163' title='bbox 3229 5311 3454 5367; x_wconf 90' lang='lat' dir='ltr'><strong>mundus</strong></span> <span class='ocrx_word' id='word_1_1164' title='bbox 3475 5313 3606 5378; x_wconf 89' lang='lat' dir='ltr'><strong>Deo,</strong></span> 
     </span>
    </p>
   </div>
   <div class='ocr_carea' id='block_1_150' title="bbox 2035 5381 3604 5452">
    <p class='ocr_par' dir='ltr' id='par_1_150' title="bbox 2035 5381 3604 5452">
     <span class='ocr_line' id='line_1_152' title="bbox 2035 5381 3604 5452; baseline 0.001 -16"><span class='ocrx_word' id='word_1_1165' title='bbox 2035 5383 2130 5438; x_wconf 89' lang='lat' dir='ltr'><strong>sed</strong></span> <span class='ocrx_word' id='word_1_1166' title='bbox 2159 5387 2340 5448; x_wconf 89' lang='lat' dir='ltr'><strong>verbo,</strong></span> <span class='ocrx_word' id='word_1_1167' title='bbox 2372 5383 2597 5447; x_wconf 88' lang='lat' dir='ltr'><strong>ratione,</strong></span> <span class='ocrx_word' id='word_1_1168' title='bbox 2617 5381 2879 5446; x_wconf 89' lang='lat' dir='ltr'><strong>doctrina,</strong></span> <span class='ocrx_word' id='word_1_1169' title='bbox 2904 5385 3278 5452; x_wconf 90' lang='lat' dir='ltr'><strong>provocatione</strong></span> <span class='ocrx_word' id='word_1_1170' title='bbox 3304 5384 3604 5449; x_wconf 89' lang='lat' dir='ltr'><strong>meliorum,</strong></span> 
     </span>
    </p>
   </div>
   <div class='ocr_carea' id='block_1_151' title="bbox 2037 5451 3611 5525">
    <p class='ocr_par' dir='ltr' id='par_1_151' title="bbox 2037 5451 3611 5525">
     <span class='ocr_line' id='line_1_153' title="bbox 2037 5451 3611 5525; baseline 0.001 -19"><span class='ocrx_word' id='word_1_1171' title='bbox 2037 5453 2290 5508; x_wconf 86' lang='lat' dir='ltr'><strong>institutis</strong></span> <span class='ocrx_word' id='word_1_1172' title='bbox 2319 5451 2553 5525; x_wconf 88' lang='lat' dir='ltr'><strong>optimis,</strong></span> <span class='ocrx_word' id='word_1_1173' title='bbox 2586 5451 3086 5509; x_wconf 78' lang='lat' dir='ltr'><strong>comminatiOnibus</strong></span> <span class='ocrx_word' id='word_1_1174' title='bbox 3114 5470 3324 5525; x_wconf 89' lang='lat' dir='ltr'><strong>quoque</strong></span> <span class='ocrx_word' id='word_1_1175' title='bbox 3353 5453 3523 5525; x_wconf 85' lang='lat' dir='ltr'><strong>dignis</strong></span> <span class='ocrx_word' id='word_1_1176' title='bbox 3552 5461 3611 5525; x_wconf 89' lang='lat' dir='ltr'><strong>et</strong></span> 
     </span>
    </p>
   </div>
   <div class='ocr_carea' id='block_1_152' title="bbox 2035 5523 3610 5595">
    <p class='ocr_par' dir='ltr' id='par_1_152' title="bbox 2035 5523 3610 5595">
     <span class='ocr_line' id='line_1_154' title="bbox 2035 5523 3610 5595; baseline -0.001 -16"><span class='ocrx_word' id='word_1_1177' title='bbox 2035 5524 2487 5595; x_wconf 87' lang='lat' dir='ltr'><strong>competentibus,</strong></span> <span class='ocrx_word' id='word_1_1178' title='bbox 2519 5539 2636 5593; x_wconf 66' lang='lat' dir='ltr'><strong>quae</strong></span> <span class='ocrx_word' id='word_1_1179' title='bbox 2674 5525 2816 5593; x_wconf 88' lang='lat' dir='ltr'><strong>juste</strong></span> <span class='ocrx_word' id='word_1_1180' title='bbox 2857 5523 3166 5580; x_wconf 84' lang='lat' dir='ltr'><strong>immineant</strong></span> <span class='ocrx_word' id='word_1_1181' title='bbox 3191 5523 3274 5581; x_wconf 75' lang='lat' dir='ltr'><strong>his</strong></span> <span class='ocrx_word' id='word_1_1182' title='bbox 3309 5523 3398 5595; x_wconf 91' lang='lat' dir='ltr'><strong>qui</strong></span> <span class='ocrx_word' id='word_1_1183' title='bbox 3418 5523 3610 5579; x_wconf 80' lang='lat' dir='ltr'><strong>salutis</strong></span> 
     </span>
    </p>
   </div>
   <div class='ocr_carea' id='block_1_153' title="bbox 2036 5595 3608 5666">
    <p class='ocr_par' dir='ltr' id='par_1_153' title="bbox 2036 5595 3608 5666">
     <span class='ocr_line' id='line_1_155' title="bbox 2036 5595 3608 5666; baseline -0.001 -16"><span class='ocrx_word' id='word_1_1184' title='bbox 2036 5604 2090 5650; x_wconf 91' lang='lat' dir='ltr'><strong>et</strong></span> <span class='ocrx_word' id='word_1_1185' title='bbox 2144 5595 2381 5666; x_wconf 80' lang='lat' dir='ltr'><strong>utilitatis</strong></span> <span class='ocrx_word' id='word_1_1186' title='bbox 2431 5610 2540 5648; x_wconf 68' lang='lat' dir='ltr'><strong>sua:</strong></span> <span class='ocrx_word' id='word_1_1187' title='bbox 2584 5610 2766 5666; x_wconf 87' lang='lat' dir='ltr'><strong>curam</strong></span> <span class='ocrx_word' id='word_1_1188' title='bbox 2809 5597 3196 5666; x_wconf 88' lang='lat' dir='ltr'><strong>sanitatemque</strong></span> <span class='ocrx_word' id='word_1_1189' title='bbox 3241 5602 3608 5666; x_wconf 83' lang='lat' dir='ltr'><strong>contemnunt.</strong></span> 
     </span>
    </p>
   </div>
   <div class='ocr_carea' id='block_1_154' title="bbox 2035 5664 3612 5734">
    <p class='ocr_par' dir='ltr' id='par_1_154' title="bbox 2035 5664 3612 5734">
     <span class='ocr_line' id='line_1_156' title="bbox 2035 5664 3612 5734; baseline 0 -14"><span class='ocrx_word' id='word_1_1190' title='bbox 2035 5666 2272 5734; x_wconf 90' lang='lat' dir='ltr'><strong>Denique</strong></span> <span class='ocrx_word' id='word_1_1191' title='bbox 2301 5665 2458 5719; x_wconf 91' lang='lat' dir='ltr'><strong>ctiam</strong></span> <span class='ocrx_word' id='word_1_1192' title='bbox 2488 5679 2584 5718; x_wconf 91' lang='lat' dir='ltr'><strong>nos</strong></span> <span class='ocrx_word' id='word_1_1193' title='bbox 2610 5665 2873 5731; x_wconf 92' lang='lat' dir='ltr'><strong>homines,</strong></span> <span class='ocrx_word' id='word_1_1194' title='bbox 2895 5668 2979 5722; x_wconf 85' lang='lat' dir='ltr'><strong>vel</strong></span> <span class='ocrx_word' id='word_1_1195' title='bbox 3009 5664 3128 5722; x_wconf 76' lang='lat' dir='ltr'><strong>cuni</strong></span> <span class='ocrx_word' id='word_1_1196' title='bbox 3154 5681 3336 5722; x_wconf 89' lang='lat' dir='ltr'><strong>servos</strong></span> <span class='ocrx_word' id='word_1_1197' title='bbox 3365 5665 3451 5721; x_wconf 90' lang='lat' dir='ltr'><strong>vel</strong></span> <span class='ocrx_word' id='word_1_1198' title='bbox 3473 5664 3612 5720; x_wconf 83' lang='lat' dir='ltr'><strong>ﬁlios</strong></span> 
     </span>
    </p>
   </div>
   <div class='ocr_carea' id='block_1_155' title="bbox 2034 5735 3612 5806">
    <p class='ocr_par' dir='ltr' id='par_1_155' title="bbox 2034 5735 3612 5806">
     <span class='ocr_line' id='line_1_157' title="bbox 2034 5735 3612 5806; baseline 0 -16"><span class='ocrx_word' id='word_1_1199' title='bbox 2034 5736 2307 5806; x_wconf 82' lang='lat' dir='ltr'><strong>erudimus</strong></span> <span class='ocrx_word' id='word_1_1200' title='bbox 2326 5777 2340 5800; x_wconf 87' lang='lat'><strong>,</strong></span> <span class='ocrx_word' id='word_1_1201' title='bbox 2366 5735 2492 5789; x_wconf 93' lang='lat' dir='ltr'><strong>dum</strong></span> <span class='ocrx_word' id='word_1_1202' title='bbox 2521 5735 2695 5790; x_wconf 88' lang='lat' dir='ltr'><strong>adhuc</strong></span> <span class='ocrx_word' id='word_1_1203' title='bbox 2721 5751 2814 5805; x_wconf 88' lang='lat' dir='ltr'><strong>per</strong></span> <span class='ocrx_word' id='word_1_1204' title='bbox 2841 5746 3048 5793; x_wconf 65' lang='lat' dir='ltr'><strong>aetatem</strong></span> <span class='ocrx_word' id='word_1_1205' title='bbox 3086 5738 3305 5793; x_wconf 91' lang='lat' dir='ltr'><strong>rationis</strong></span> <span class='ocrx_word' id='word_1_1206' title='bbox 3332 5736 3612 5806; x_wconf 87' lang='lat' dir='ltr'><strong>incapaces</strong></span> 
     </span>
    </p>
   </div>
   <div class='ocr_carea' id='block_1_156' title="bbox 2033 5805 3612 5870">
    <p class='ocr_par' dir='ltr' id='par_1_156' title="bbox 2033 5805 3612 5870">
     <span class='ocr_line' id='line_1_158' title="bbox 2033 5805 3612 5870; baseline 0.004 -9"><span class='ocrx_word' id='word_1_1207' title='bbox 2033 5814 2176 5870; x_wconf 88' lang='lat' dir='ltr'><strong>sunt,</strong></span> <span class='ocrx_word' id='word_1_1208' title='bbox 2210 5805 2370 5861; x_wconf 89' lang='lat' dir='ltr'><strong>minis</strong></span> <span class='ocrx_word' id='word_1_1209' title='bbox 2395 5821 2488 5862; x_wconf 89' lang='lat' dir='ltr'><strong>cos</strong></span> <span class='ocrx_word' id='word_1_1210' title='bbox 2515 5815 2568 5861; x_wconf 92' lang='lat' dir='ltr'><strong>et</strong></span> <span class='ocrx_word' id='word_1_1211' title='bbox 2605 5815 2750 5862; x_wconf 90' lang='lat' dir='ltr'><strong>metu</strong></span> <span class='ocrx_word' id='word_1_1212' title='bbox 2791 5822 3136 5864; x_wconf 89' lang='lat' dir='ltr'><strong>coercemus:</strong></span> <span class='ocrx_word' id='word_1_1213' title='bbox 3169 5823 3292 5864; x_wconf 92' lang='lat' dir='ltr'><strong>cum</strong></span> <span class='ocrx_word' id='word_1_1214' title='bbox 3317 5805 3612 5867; x_wconf 58' lang='grc' dir='ltr'><strong>νει-οι)οηὶ</strong></span> 
     </span>
    </p>
   </div>
   <div class='ocr_carea' id='block_1_157' title="bbox 2096 5939 3242 6009">
    <p class='ocr_par' dir='ltr' id='par_1_157' title="bbox 2096 5939 3242 6009">
     <span class='ocr_line' id='line_1_159' title="bbox 2096 5939 3242 6009; baseline 0.001 -13"><span class='ocrx_word' id='word_1_1215' title='bbox 2096 5941 2169 6009; x_wconf 89' lang='lat' dir='ltr'><strong>(a)</strong></span> <span class='ocrx_word' id='word_1_1216' title='bbox 2189 5944 2425 6009; x_wconf 84' lang='lat' dir='ltr'><strong>Deinceps</strong></span> <span class='ocrx_word' id='word_1_1217' title='bbox 2448 5951 2512 5995; x_wconf 84' lang='lat' dir='ltr'><strong>ex</strong></span> <span class='ocrx_word' id='word_1_1218' title='bbox 2525 5945 2683 6007; x_wconf 87' lang='lat' dir='ltr'><strong>capite</strong></span> <span class='ocrx_word' id='word_1_1219' title='bbox 2699 5943 2732 5996; x_wconf 83' lang='lat'><strong>5</strong></span> <span class='ocrx_word' id='word_1_1220' title='bbox 2747 5943 2856 5995; x_wconf 85' lang='lat' dir='ltr'><strong>libri</strong></span> <span class='ocrx_word' id='word_1_1221' title='bbox 2876 5944 2909 5995; x_wconf 79' lang='lat'><strong>3</strong></span> <span class='ocrx_word' id='word_1_1222' title='bbox 2922 5941 3028 6008; x_wconf 82' lang='lat' dir='ltr'><strong>peri</strong></span> <span class='ocrx_word' id='word_1_1223' title='bbox 3036 5939 3242 5997; x_wconf 71' lang='lat' dir='ltr'><strong>Archbn.</strong></span> 
     </span>
    </p>
   </div>
  </div>
