4126 6428
559 393 702 456 1189

558 521 612 569 et
640 509 782 568 utilis
808 516 862 567 et
889 504 1099 568 honesti
1129 508 1530 582 intelligentiam
1553 512 1821 582 ceperint,
1859 520 1984 568 tunc
2020 510 2130 582 jam

556 592 802 640 cessante
831 585 1110 638 verberum
1137 580 1318 649 metu,
1344 581 1503 636 verbo
1533 580 1691 653 atque
1718 583 1926 638 ratione
1951 580 2131 650 suasi,

557 657 622 711 ad
653 656 828 710 omnia
852 669 968 723 qua:
998 654 1134 708 bona
1170 662 1310 716 sunt,
1343 654 1704 723 acquiescunt.
1740 653 2014 721 Quomodo
2042 668 2135 706 au-

558 736 664 780 tem
705 737 910 780 servata
947 726 1194 781 omnibus
1221 725 1620 779 rationabilibus
1649 725 1907 780 creaturis
1932 723 2136 778 arbitrii

503 851 506 858 ,
555 796 818 862 libertate,
849 797 1206 866 unusquisque
1229 795 1420 850 debeat
1439 795 1766 864 dispensari,
1796 795 1847 849 id
1878 804 2136 866 est,quos

553 875 697 922 velut
718 868 826 935 jam
861 865 1074 936 paratos
1102 876 1155 921 et
1173 881 1396 934 capaces
1422 881 1600 921 sermo
1634 867 1724 921 Dei
1749 876 1803 921 et
1823 865 2056 919 inveniat
2082 872 2137 920 et

554 937 774 991 instruat
794 978 809 1001 ,
842 953 975 1006 quos
1005 947 1182 991 autem
1210 939 1420 991 interim
1451 937 1690 1003 ditl'erat,
1723 954 1750 990 a
1781 938 1975 1007 quibus
2004 950 2134 989 vero

553 1010 763 1076 penitus
789 1009 1100 1073 occultetur,
1121 1017 1174 1064 et
1199 1009 1356 1074 longe
1380 1023 1562 1062 eorum
1589 1023 1618 1060 a
1641 1023 1698 1062 se
1724 1007 1836 1062 ﬁeri
1859 1007 2132 1075 dispenset

551 1077 787 1148 auditum
811 1119 825 1141 ,
851 1094 1126 1148 quousque
1153 1094 1364 1134 rursum
1394 1086 1797 1133 contemnentes
1836 1078 2130 1132 indicatum

551 1147 652 1218 sibi
685 1159 737 1202 et
781 1147 1120 1218 praedicatum
1168 1150 1383 1204 verbum
1423 1151 1513 1203 Dei
1550 1150 1976 1217 correptionibus
2008 1148 2131 1218 qui-

550 1216 794 1273 busdam‘
814 1229 867 1274 et
908 1221 1339 1290 castigationibus
1372 1221 1530 1275 illatis
1561 1216 1845 1290 perurgeat
1878 1219 1951 1290 ad
1981 1216 2128 1273 salu-

549 1295 655 1343 tem
675 1330 690 1353 ,
733 1289 1240 1361 conversionemque
1269 1306 1452 1345 eorum
1491 1289 1741 1360 quodam’
1766 1289 1926 1344 modo
1953 1290 2129 1359 exigat

563 1419 776 1436 ...η-

1429 391 1519 451 DE
1555 388 2062 453 INCARNATIONE
2103 382 2309 452 VEBBi
2349 393 2548 454 LIBER
2587 393 2960 459 SECUNDUS.

3697 410 3839 472 H88

2245 523 2298 574 et
2322 525 2666 596 extorqueat;
2693 517 2886 596 quibus
2900 532 3034 596 _vero
3051 516 3211 596 etiam
3231 520 3540 596 occasiones
3563 528 3830 596 quasdam

2245 597 2463 666 praestet
2491 587 2697 666 salutis,
2715 587 2794 666 ita
2823 597 2879 666 nt
2900 589 3161 666 interdum
3192 591 3350 666 etiam
3381 609 3446 648 ex
3475 587 3833 666 responsione

2241 658 2352 733 ξυμ)
2387 660 2489 733 tide
2518 660 2720 728 prolata
2769 659 3121 733 indubitaiam
3164 664 3281 731 quis
3323 668 3526 733 ceperit
3553 658 3777 725 salutem
3809 658 3826 729 .

2240 729 2430 809 quibus
2450 730 2571 809 _lnec
2619 731 2883 809 excausis
2901 731 3031 809 ,_v_el
3058 729 3246 809 quibus
3272 729 3641 809 occasionibus
3661 740 3825 809 ﬁant;

2239 799 2361 868 quid
2382 802 2461 878 vel
2485 801 2858 878 introspiciens
2884 801 3063 878 divina
3077 799 3372 878 sapientia,
3393 807 3470 878 _vel
3493 824 3628 878 quos
3648 799 3828 870 motus

2240 872 2496 948 propositi
2516 887 2712 948 eorum
2741 873 2930 948 videns
2957 874 3069 948 bzee
3098 875 3341 948 universa
3374 872 3678 948 dispenset,
3723 885 3829 940 soli

2239 939 2349 994 Deo
2376 942 2642 1010 cognitum
2669 953 2768 1007 εει,
2803 952 2857 1019 et
2886 942 3308 1019 Unigenitoiejus
3334 962 3429 1016 per
3458 939 3614 1019 quem
3644 939 3829 1010 creata

2237 1024 2300 1065 ac
2327 1021 2565 1094 reparata
2592 1024 2715 1094 sunt
2737 1015 3002 1094 universa,
3024 1024 3078 1094 ei
3097 1015 3312 1094 Spiritni
3336 1015 3542 1094 saneig
3551 1037 3644 1094 per
3664 1041 3824 1094 quem

2237 1091 2424 1166 cuneta
2459 1084 2882 1166 sanctiticantur,
2906 1086 2994 1156 qui
3024 1087 3091 1140 ab
3119 1087 3232 1156 ipso
3252 1087 3410 1166 Patre
3430 1100 3484 1146 et
3502 1084 3642 1148 Filio
3665 1084 3828 1166 "pro-

2237 1152 2411 1220 cedit,
2445 1155 2528 1208 cui
2558 1164 2640 1210 est
2671 1155 2838 1224 gloria
2871 1152 3155 1212 in'mterna'
3179 1161 3394 1215 saecula.

2297 1293 2314 1324 ι
2351 1297 2454 1339 Mss.
2481 1301 2576 1338 non
2597 1287 2800 1349 habent,
2822 1293 2868 1338 et
2891 1287 3048 1351 n'lio;
3070 1302 3164 1340 nec
3185 1291 3441 1354 Origenes.

777 1412 2981 1437 _____________________________

1457 1499 1936 1608 LIBER
2011 1497 2196 1606 SE
2211 1491 2427 1601 ΟΠ
2411 1490 2560 1599 Ν
2551 1493 2663 1598 1)
2687 1492 2884 1600 US.

1455 1685 1547 1740 EX
1586 1683 1904 1741 ORIGENIS
1941 1681 2179 1738 lTlDEM
2216 1677 2439 1736 LlBRlS
2477 1677 2902 1734 DECERPTUS.

619 1869 692 1943 (α)
734 1869 1051 1943 Ubiqne_et_
1080 1867 1134 1922 in
1175 1865 1423 1920 omnibus
1469 1864 1722 1943 dicimus‘
1742 1880 1865 1922 esse
1910 1867 2078 1923 Deum
2103 1909 2120 1936 ,

543 1937 642 2012 pro
669 1937 734 1995 eo
758 1937 897 2008 quod
925 1937 1062 2012 nihil
1092 1947 1264 2006 potest
1290 1952 1408 1991 esse
1438 1951 1661 2012 vacuum
1690 1937 1800 1992 Deo
1829 1955 1842 1991 :
1888 1947 2120 2012 nonta-

541 2008 664 2067 inen
705 2013 774 2064 ita
816 2023 934 2063 esse
962 2008 1206 2068 dicimus,
1253 2017 1310 2062 ut
1338 2008 1514 2060 omnia
1545 2008 1614 2062 sit
1652 2023 1793 2062 nunc
1833 2023 1885 2063 tn
1926 2009 2120 2079 quibus

541 2090 642 2138 est.
686 2079 837 2136 Unde
879 2079 1178 2149 diligentius
1217 2079 1527 2149 intuendum
1567 2087 1651 2133 est
1700 2079 1856 2148 quale
1898 2089 1980 2135 est
2018 2079 2121 2137 hoc

579 2152 680 2206 uod
708 2148 1754 2222 perfectionembeatitudinisrerumque
1782 2150 1940 2206 linem
1965 2152 2122 2220 signi-

579 2169 680 2206 υοα
708 2169 1082 2222 perleeuonem
1107 2169 1443 2202 υθειιιιηωηιδ
1471 2169 1754 2219 rerumque
1782 2169 1940 2206 linem
1965 2169 2116 2220 Signl'

539 2169 683 2286 ﬂeat,
711 2222 852 2291 quod
880 2237 983 2275 non
1027 2221 1198 2275 solum
1239 2221 1291 2291 in
1318 2219 1564 2272 omnibus
1588 2220 1726 2274 Deus
1757 2236 1876 2276 esse
1901 2222 2116 2291 dicitur,

539 2294 636 2364 sed
660 2290 817 2348 etiam
845 2293 1019 2346 omnia
1065 2305 1184 2364 esse
1227 2290 1419 2364 dicitur
1460 2291 1625 2364 Deus.
1668 2291 1797 2358 Qua:
1833 2302 1954 2348 sunt
1992 2309 2119 2364 ergo

539 2363 641 2418 ista
673 2365 869 2431 omnia,
911 2377 1028 2433 quae
1070 2363 1217 2433 Deus
1258 2362 1464 2415 futurus
1499 2362 1567 2415 sit
1614 2361 1667 2415 in
1713 2364 1981 2433 omnibus,
2034 2361 2117 2418 in-

538 2436 828 2504 quiramus.
876 2431 944 2488 Et
973 2449 1070 2503 ego
1096 2431 1308 2502 quidem
1337 2433 1587 2504 arbitror,
1616 2433 1752 2504 quia,
1770 2432 1871 2488 boc
1891 2434 2033 2504 quod
2060 2437 2113 2490 in

537 2503 784 2560 omnibus
820 2506 995 2558 omnia
1033 2518 1152 2558 esse
1185 2504 1375 2557 dicitur
1411 2503 1569 2568 Deus,
1593 2503 1850 2573 signiﬁcet
1873 2503 2034 2561 etiam
2062 2507 2117 2562 in

537 2577 760 2646 singulis
785 2591 905 2631 eum
943 2576 1118 2628 omnia
1157 2588 1297 2646 esse.
1330 2574 1444 2646 _Per
1468 2575 1705 2646 singulos
1733 2587 1907 2630 autem
1935 2578 2115 2631 omnia

536 2643 647 2702 erit
669 2649 769 2701 hoc
796 2646 976 2709 modo,
1006 2655 1065 2717 ut
1092 2644 1343 2714 quidquid
1381 2643 1714 2700 rationabilis
1739 2663 1889 2702 mens
1919 2662 2116 2717 expur-

534 2726 652 2789 gata
675 2719 910 2772 omnium
939 2716 1186 2789 vitiorum
1221 2719 1365 2789 ignee,
1398 2724 1558 2789 atque
1599 2718 1742 2789 omni
1787 2716 2002 2785 penitus
2022 2733 2116 2774 ex-

535 2785 676 2843 iersa
721 2789 863 2843 nube
907 2786 1248 2859 maliti;e,_vel
1279 2785 1499 2859 sentire,
1530 2787 1611 2840 vel
1664 2789 1982 2859 intelligere,
2029 2790 2113 2844 vel

534 2862 766 2930 cogitare
796 2868 988 2929 potest,
1019 2857 1194 2912 omnia
1222 2858 1363 2930 _Deus
1377 2857 1500 2930 isit;
1525 2872 1623 2912 nec
1649 2859 1783 2913 ultra
1813 2857 1922 2929 jam
1969 2861 2111 2913 aliud

534 2928 732 3000 aliquid
775 2928 873 2983 nisi
903 2930 1067 2984 Deum
1098 2928 1326 2991 sentiat,
1375 2929 1540 2983 Deum
1570 2929 1786 2999 cogitet,
1819 2928 1992 2985 Deum
2033 2932 2112 2984 vi-

533 2999 677 3066 deat,
708 3002 874 3056 Deum
907 3007 1100 3064 teneat,
1130 2999 1303 3053 omnis
1323 3008 1499 3054 motus
1522 3015 1650 3054 suus
1691 3000 1830 3054 Deus
1869 3001 1969 3056 sit:
2002 3016 2109 3057 non

533 3073 674 3125 enim
699 3074 806 3140 jam
832 3072 967 3126 nltra
991 3071 1110 3125 mali
1136 3070 1365 3142 bonique
1390 3070 1672 3136 discretio;
1701 3071 1825 3142 quia
1850 3086 2109 3142 nusquam

531 3144 730 3196 malum
758 3161 769 3196 :
793 3143 966 3196 Ollllii‘l
991 3142 1131 3194 enim
1159 3141 1206 3194 ei
1232 3141 1371 3195 Deus
1401 3149 1500 3207 est,
1528 3142 1611 3196 cui
1635 3142 1742 3210 jam
1771 3157 1879 3196 non
1904 3141 2110 3210 adjacet

531 3214 728 3268 malum
756 3233 769 3268 :
806 3228 902 3266 nec
925 3213 1057 3266 ultra
1080 3227 1143 3266 ex
1166 3211 1354 3266 arbore
1376 3211 1578 3266 sciendi
1603 3212 1798 3266 bonum
1824 3221 1876 3267 et
1909 3214 2106 3268 malum

529 3285 692 3339 edere
729 3285 1086 3353 concupiscet,
1123 3283 1210 3351 qui
1254 3296 1468 3350 semper
1495 3283 1558 3353 in
1603 3281 1743 3336 bono
1781 3293 1881 3350 est,
1928 3294 1982 3338 et
2022 3286 2106 3340 cui

529 3355 706 3408 omnia
740 3356 876 3408 Deus
901 3352 1000 3409 est.
1030 3353 1116 3407 Sic
1143 3368 1268 3422 ergo
1294 3353 1414 3408 linis
1442 3352 1505 3425 ad
1538 3353 1856 3422 principium
1893 3370 2108 3425 repara-

529 3433 632 3491 tus,
659 3433 712 3479 et
755 3442 932 3481 rerum
961 3425 1132 3478 exitus
1172 3425 1393 3478 collatus
1441 3423 1621 3486 initiis,
1672 3427 1916 3480 restituet
1956 3423 2105 3481 illum

526 3505 720 3550 statum
754 3512 909 3564 quem
940 3505 1062 3549 tunc
1097 3494 1278 3548 habuit
1317 3504 1503 3548 natura
1548 3495 1840 3560 rationalis,
1881 3512 1999 3550 eum
2039 3497 2105 3552 de

527 3567 670 3637 ligno
695 3567 895 3622 sciendi
922 3567 1117 3619 bonum
1145 3574 1198 3618 et
1235 3566 1430 3618 malum
1459 3565 1618 3620 edere
1645 3580 1748 3620 non
1771 3567 1956 3633 egebat
1993 3586 2004 3621 :
2052 3577 2106 3622 et

526 3649 702 3691 amoto
729 3639 872 3692 omni
904 3638 1114 3690 malitim
1137 3650 1296 3688 sensu
1323 3643 1376 3689 et
1402 3637 1466 3688 ad
1495 3637 1761 3708 sincerum
1784 3653 2100 3708 purumque

524 3708 757 3769 deterso,
783 3709 927 3762 solus
959 3709 1098 3762 Deus
1139 3708 1226 3774 qui
1254 3714 1337 3760 est
1365 3721 1498 3760 unus
1540 3707 1731 3772 bonus,
1780 3707 1866 3761 hic
1918 3709 1964 3764 ei
2015 3707 2104 3764 tiet

524 3781 719 3846 omnia,
750 3791 926 3834 etnon
961 3780 1010 3832 in
1040 3778 1216 3846 paucis
1241 3777 1503 3847 aliquibus
1529 3777 1607 3832 vel
1633 3777 1890 3846 pluribus,
1930 3779 2024 3834 sed
2047 3788 2102 3835 ut

523 3849 576 3905 in
605 3851 850 3905 omnibus
872 3851 981 3918 ipse
1003 3851 1072 3906 sit
1091 3849 1298 3903 omnia:
1322 3857 1376 3903 et
1391 3863 1511 3903 cum
1526 3847 1634 3918 jam
1655 3863 1912 3918 nusquam
1936 3866 2098 3916 mors,
2122 3879 2132 3885 -

523 3937 781 3992 nusquam
829 3923 1043 3976 aculeus
1073 3920 1278 3992 mortis,
1317 3934 1572 3992 nusquam
1602 3921 1835 3992 omnino
1878 3919 2103 3986 malum;

524 3991 656 4046 tunc
682 4008 804 4045 vere
831 3993 968 4045 Dens
987 3991 1162 4046 omnia
1191 3991 1241 4044 in
1270 3991 1513 4045 omnibus
1536 3991 1655 4045 erit.
1783 4041 1787 4045 .

591 4063 812 4117 CAPUT
852 4061 992 4115 XIX.
1032 4061 1406 4132 —-Quomodo
1438 4060 1603 4114 Filius
1640 4061 1786 4115 Patri
1829 4063 2098 4132 subjicien-

520 4133 635 4186 dus.
654 4132 724 4202 (ὁ)
754 4132 981 4200 Tempus
1011 4140 1090 4186 est
1111 4131 1219 4200 jam
1243 4131 1482 4186 decursis
1514 4132 1594 4186 his
1627 4141 1782 4201 prout
1806 4131 2094 4202 potuimus,

520 4219 638 4273 quin
669 4219 825 4270 supra
865 4203 999 4256 dicta
1030 4210 1174 4274 sunt,
1204 4217 1344 4274 nunc
1369 4203 1891 4274 commemorationis
1930 4206 2097 4274 gratia

518 4272 700 4328 eorum
733 4289 848 4344 quzc
874 4273 1096 4344 sparsim
1122 4272 1374 4344 diximus,
1402 4273 1750 4344 recapitulare
1767 4272 1968 4343 singula
2001 4293 2014 4329 :
2046 4285 2100 4330 et

518 4346 690 4414 primo
717 4342 949 4398 omnium
983 4344 1048 4397 de
1076 4343 1230 4396 Patre
1255 4351 1308 4396 et
1332 4342 1465 4414 Filio
1491 4354 1545 4397 et
1569 4343 1767 4413 Spiritu
1798 4342 1982 4400 sancto
2008 4361 2095 4400 re-

517 4425 716 4484 petere.
746 4415 883 4469 Deus
915 4415 1067 4468 Pater
1094 4428 1214 4468 eum
1245 4423 1295 4467 et
1325 4413 1655 4470 indivisibilis
1698 4416 1714 4447 ¹
1743 4414 1829 4477 sit,
1860 4424 1914 4470 et
1953 4417 2098 4472 inse-

515 4486 766 4556 parabilis
796 4502 824 4538 a
856 4485 1008 4550 Filio,
1035 4499 1141 4537 non
1172 4500 1264 4553 per
1291 4485 1638 4557 prolationem
1676 4486 1741 4540 ab
1776 4500 1858 4549 eo,
1900 4495 1954 4541 nt
1981 4489 2096 4557 qni-

516 4555 635 4626 dam
671 4566 870 4624 putant,
900 4566 1180 4625 generatus
1207 4555 1496 4610 est’Filius.
1517 4555 1570 4610 Si
1597 4557 1739 4611 enim
1769 4555 2096 4626 prolatio—est

516 4625 681 4681 Filius
707 4627 896 4690 Patris,
932 4627 1156 4696 prolatio
1179 4641 1310 4698 vero
1336 4626 1529 4698 dicitur
1555 4643 1671 4696 quze
1700 4625 1857 4682 talem
1889 4630 2093 4698 signiﬁ-

515 4706 599 4751 cat
624 4699 1038 4768 generationem,
1071 4697 1235 4766 qualis
1263 4697 1564 4751 animalium
1595 4699 1674 4753 vel
1707 4697 1978 4752 hominum
2007 4715 2092 4754 so~

515 4769 587 4823 let
626 4784 742 4823 esse
785 4769 1087 4840 progenies;
1133 4769 1431 4840 necessario
1475 4783 1668 4840 corpus
1697 4779 1797 4831 est,
1832 4777 1886 4840 et
1930 4769 1974 4823 is
2005 4772 2092 4840 qui

514 4841 746 4908 protulit,
777 4849 830 4894 et
866 4841 915 4893 is
945 4839 1034 4908 qui
1081 4839 1310 4907 l'il‘OlﬂlUS
1350 4845 1450 4908 est.
1499 4837 1613 4893 Non
1652 4840 1791 4893 enim
1842 4837 2088 4904 dicimus,

513 4907 647 4966 sicut
680 4910 908 4963 harretici
938 4919 1142 4979 putant,
1170 4917 1371 4978 partem
1397 4907 1626 4977 aliquam
1655 4910 1959 4964 substantiae
1997 4911 2091 4966 Dei

512 4980 563 5034 in
594 4980 783 5034 Filium
809 4997 1035 5044 versam,
1067 4990 1154 5033 aut
1175 4995 1238 5032 ex
1279 4979 1434 5033 nullis
1463 4979 1870 5033 subsistentibus
1897 4980 2088 5035 Filium

512 5063 744 5105 rn-alum
774 5068 801 5104 a
830 5051 1006 5114 Patre,
1051 5051 1099 5104 id
1130 5059 1225 5112 est,
1257 5061 1404 5103 extra
1445 5049 1788 5103 substantiam
1829 5065 2000 5116 suam,
2035 5061 2091 5106 ut

511 5121 666 5175 fuerit
693 5122 1005 5192 aliquando,
1061 5120 1282 5192 quando
1323 5137 1438 5192 non
1476 5119 1631 5192 fuerit
1672 5137 1683 5171 :
1731 5121 1823 5174 sed
1852 5121 2090 5176 abscisso

512 5194 652 5245 (mtill
685 5191 840 5247 sensu
870 5207 1146 5260 corporeo,
1179 5207 1240 5245 ex
1272 5191 1518 5244 invisibili
1545 5200 1598 5244 et
1624 5191 1936 5259 incorporeo
1981 5192 2088 5248 Deo

513 5261 740 5317 Vri-bum
770 5273 822 5317 et
863 5262 1182 5332 Sapientiam
1211 5262 1441 5331 genitam
1483 5263 1706 5316 dicimus
1754 5263 1956 5332 absque
1983 5264 2087 5318 ulla

509 5335 768 5401 corporali
799 5335 1059 5402 passione,
1081 5333 1223 5387 velut
1245 5332 1287 5386 si
1311 5332 1554 5390 voluntas
1575 5332 1871 5402 procedate
1888 5343 2082 5388 mente.

508 5402 615 5458 Nec
642 5403 922 5457 absurdum
944 5405 1207 5459 videbitur
1227 5416 1345 5456 cum
1370 5403 1576 5458 dicatur
1600 5404 1761 5458 Filius
1791 5405 2083 5470 cbaritatis,

508 5477 550 5528 si
578 5477 673 5528 huc
701 5474 856 5528 modo
884 5476 1042 5528 etiam
1071 5475 1356 5528 voluntatis
1383 5482 1611 5530 putetur.
1644 5475 1747 5530 Sed
1769 5485 1822 5530 et
1855 5475 2086 5530 Joannes

509 5545 722 5617 indicat,
751 5544 1038 5617 quiaDgis
1071 5547 1160 5599 tua:
1182 5554 1252 5598 est
1274 5543 1332 5617 (l
1362 5543 1517 5617 Joan.
1551 5561 1588 5611 l,
1618 5545 1654 5601 5
1683 5545 1701 5615 )
1735 5564 1746 5598 :
1791 5555 1844 5601 et
1892 5547 2086 5601 Paulus

509 5615 772 5688 designat,
802 5616 921 5686 quia
949 5615 1116 5670 Filius
1140 5615 1380 5686 splendor
1407 5616 1533 5670 lucis
1561 5626 1761 5670 aeternae
1799 5618 1860 5671 sit
1898 5617 2082 5689 (Hebr.

569 5751 586 5784 ί
621 5758 748 5811 Mss,
773 5749 1038 5802 invisibilis.
1189 5809 1200 5811 _
1233 5810 1243 5811 ί
1341 5781 1343 5784 -

565 5813 637 5883 (ᾳ)
655 5820 719 5861 Ex
736 5809 966 5876 Origene,
986 5813 1144 5876 capite
1175 5809 1209 5861 6
1231 5810 1340 5862 libri
1369 5813 1401 5862 5
1435 5811 1542 5876 peri
1569 5811 1782 5874 Archon,
1809 5812 1952 5875 paulo
1979 5821 2084 5876 post

504 5875 836 6006 ωὶῗΐῗῖιῖιὶυω
852 5935 1292 6000 Anacephaleoseos
1310 5936 1530 5999 Origenis
1542 5934 1596 5984 ad
1614 5933 1696 5984 lib.
1715 5935 1736 5984 1
1759 5933 1864 6000 peri
1875 5934 2079 5987 Archdn.

2231 1878 2270 1945 ι,
2291 1863 2388 1945 35)..
2402 1860 2556 1945 Sicut
2583 1874 2711 1945 (Ei-go
2736 1874 3005 1945 nunquam
3030 1858 3118 1945 lux
3137 1861 3252 1945 sine
3271 1864 3695 1945 splendoreiesse
3720 1887 3824 1945 po-

2231 1930 2348 2012 tuit,
2377 1933 2571 2012 itannec
2593 1930 2756 1985 Filius
2782 1930 2993 2012 quidem
3018 1930 3324 2012 sineiPatre
3357 1937 3574 2012 inteiiigi
3602 1930 3815 2012 potest;

2229 2005 2402 2080 qui‘et
2433 2003 2874 2080 (iguraexpressa
2900 2004 3210 2080 substantim
3237 2006 3368 2078 ejus,
3394 2018 3446 2065 et
3468 2003 3725 2080 Ve'rb'um,
3759 2003 3824 2071 et

2228 2073 2491 2153 sapientia
2520 2073 3035 2153 dicitur._Quomodo
3059 2073 3381 2153 ergopotest
3404 2081 3522 2153 dici,
3551 2085 3672 2153 quia
3711 2073 3820 2142 iuit

2227 2143 2536 2216 aliquando,
2576 2143 2785 2213 quando
2834 2160 2936 2199 non
2973 2155 3088 2200 erat
3118 2143 3411 2204 vel-fuerat
3439 2143 3636 2208 Filius?
3659 2154 3812 2211 Nihil

2227 2213 2370 2294 enim
2398 2213 2543 2270 aliud
2567 2224 2648 2269 est
2676 2215 2874 2278 dicere,
2893 2216 2988 2294 nisi
3008 2219 3128 2294 quia
3157 2217 3251 2294 fuit
3279 2222 3572 2291 aliquando,
3595 2225 3813 2294 quando

2226 2290 2422 2362 veritas
2451 2301 2558 2342 non
2601 2294 2735 2350 erat,
2763 2286 2977 2362 quando
3007 2289 3261 2362 sapientia
3301 2286 3408 2346 non
3436 2286 3568 2358 erat,
3597 2286 3818 2362 quando

2225 2358 2329 2414 vita
2361 2373 2466 2414 non
2496 2365 2646 2430 erat:
2677 2371 2797 2411 eum
2827 2357 2878 2411 in
2925 2357 3279 2430 hisiomnibus
3317 2357 3556 2430 perfecte
3590 2357 3682 2420 Dei
3713 2366 3814 2422 Pa-
3878 2376 3881 2379 '

2227 2431 2323 2506 tris
2353 2428 2646 2506 substantia
2675 2437 2974 2483 censeatur.
2995 2429 3110 2484 Non
3137 2431 3279 2506 enim
3301 2428 3367 2506 ab
3391 2450 3456 2489 eo
3471 2435 3650 2491 dirimi
3675 2436 3814 2506 haec,

2223 2501 2310 2577 vei
2333 2501 2404 2577 _ah
2435 2500 2548 2570 ejus
2583 2507 2805 2577 possunt
2825 2515 3051 2577 unquam
3079 2503 3646 2577 substantiaseparari.
3684 2500 3816 2577 (ξιιαέ

2225 2571 2436 2641 quidem
2464 2570 2703 2646 quamvis
2726 2570 2994 2646 intellectu
3021 2574 3179 2628 multa
3206 2590 3325 2632 esse
3353 2570 3812 2646 dicantur,'re~ta.

2222 2640 2344 2720 men
2379 2649 2432 2720 et
2473 2640 2770 2720 substantia
2818 2657 2979 2696 unum
3015 2652 3155 2720 sunt,
3197 2646 3248 2699 in
3289 2648 3484 2720 quibus
3509 2640 3614 2720 est
3637 2651 3811 2720 pleni~

2221 2713 2352 2768 tudo
2381 2711 2688 2792 divinitatis.
2717 2711 3029 2792 Hoc_autem
3052 2715 3226 2792 ipsum
3252 2711 3394 2786 quod
3417 2711 3660 2792 dicimus,
3685 2723 3810 2792 quia

2219 2797 2490 2861 nunquam
2535 2781 2633 2836 fuit
2671 2783 2882 2861 quando
2912 2799 3017 2838 non
3047 2781 3162 2861 fuit,
3194 2781 3314 2842 cum
3345 2791 3498 2845 venia
3535 2781 3807 2861 accipien-

2219 2851 2466 2929 d_um:est,
2501 2868 2568 2929 ne
2595 2861 2649 2907 et
2686 2851 2800 2907 haec
2827 2855 3183 2929 ips_a_nomina
3215 2861 3524 2929 temporalis
3562 2851 3808 2920 vocabuli

2219 2924 2624 2996 signiﬁcantiam
2651 2934 2860 2992 gerant,
2903 2926 2955 2980 id
2979 2935 3060 2984 est
3090 2924 3341 2997 Quando,
3365 2933 3446 2988 vel
3477 2931 3755 3003 Nunquam
3787 2955 3805 2992 .-

2217 3009 2378 3066 supra
2403 3010 2562 3049 omne
2587 3004 2763 3050 autem
2791 3004 3019 3072 tempus,
3051 3007 3103 3072 et
3130 3014 3285 3072 supra
3313 3003 3490 3057 omnia
3512 3005 3728 3072 saecula,
3752 3017 3804 3063 ct

2217 3079 2378 3146 supra
2408 3067 3001 3146 omnenrgeternitatem
3049 3067 3388 3146 intelligenda
3424 3085 3551 3146 sunt
3581 3090 3644 3130 ea
3683 3067 3804 3146 qua:

2217 3137 2284 3192 de
2314 3139 2468 3192 Patre
2492 3147 2544 3190 et
2560 3137 2696 3190 Filio
2719 3145 2773 3192 et
2795 3137 2993 3206 Spiritu
3012 3150 3198 3195 sancto
3217 3137 3485 3199 dicuntur.
3511 3145 3637 3200 Haec
3653 3137 3795 3204 enim

2215 3209 2330 3263 sola
2356 3208 2587 3286 Trinitas
2613 3215 2713 3274 est,
2753 3223 2872 3286 qna:
2910 3223 3124 3266 onmem
3159 3228 3377 3286 sensum
3415 3217 3789 3286 intelligentia,

2213 3294 2320 3333 non
2346 3280 2519 3334 solum
2547 3278 2872 3345 temporalis,
2904 3295 3087 3336 verum
3124 3284 3284 3337 etiam
3325 3278 3604 3341 azternalis'
3621 3278 3782 3345 exceJ

2213 3349 2293 3424 dit
2303 3369 2332 3424 A:
2360 3359 2551 3424 cetera
2580 3365 2705 3403 vero
2734 3365 2851 3424 quae
2875 3360 2998 3405 sunt
3027 3363 3180 3424 extra
3225 3355 3555 3424 Trinitatem,
3590 3358 3643 3413 in
3683 3376 3794 3416 sae-

2211 3421 2345 3499 gniis
2389 3421 2539 3499 etﬁin
2575 3420 2898 3499 temporibus
2925 3423 3216 3499 _metienda
3247 3434 3400 3499 sunt.
3449 3420 3599 3484 Hune
3635 3430 3794 3499 igitur

2212 3440 2345 3475 enus
2389 3440 2442 3476 et
2488 3440 2539 3474 Ill
2575 3440 2898 3489 temporibus
2940 3440 3171 3478 meuena
3257 3440 3400 3481 sunt.
3449 3440 3599 3484 ﬂuuc
3635 3440 3792 3499 igitur

2212 3489 2404 3570 Filium
2449 3490 2539 3570 Dei
2582 3492 2873 3570 secundum
2923 3440 3475 3570 boc_quod‘\_’erbum
3508 3508 3591 3554 est
3631 3499 3792 3570 Dens,

2212 3563 2438 3630 quierat
2475 3564 2525 3615 in
2562 3562 2822 3640 principin
2846 3563 2984 3640 apud
3029 3562 3194 3640 Deum
3227 3565 3404 3640 (Jann.
3441 3585 3478 3632 ι,
3513 3569 3588 3640 1),
3640 3562 3796 3629 nemo

2210 3640 2772 3712 consequenterputet
2793 3633 2849 3686 in
2867 3634 2991 3712 ioco
3010 3636 3190 3706 aliquo
3205 3633 3488 3705 contineri,
3514 3633 3684 3712 neque
3707 3659 3795 3700 se-

2209 3702 2438 3784 cnndum
2483 3702 2624 3784 quod
2653 3704 2912 3784 sapientia
2956 3716 3056 3772 est,
3093 3702 3276 3784 neque
3319 3702 3614 3784 secundnni
3651 3716 3792 3784 quod

2208 3774 2313 3853 yita
2342 3783 2444 3853 est,
2472 3775 2554 3827 vel
2574 3774 2798 3853 justitia,
2828 3775 2910 3853 vel
2937 3774 3306 3853 sanctiﬁcatio,
3333 3782 3418 3836 vel
3453 3774 3788 3853 redemp'tio:

2209 3841 2324 3898 haec
2349 3846 2491 3924 enim
2521 3841 2699 3924 omnia
2727 3861 2832 3924 non
2864 3845 3101 3924 indigent
3121 3849 3259 3924 loco,
3290 3841 3348 3924 ut
3373 3867 3534 3922 agere
3553 3841 3677 3924 quid
3710 3841 3793 3912 vel

2208 3916 2416 3996 operari
2440 3917 2664 3996 possint,
2678 3916 2785 3996 _sed
2810 3930 2908 3996 pro
2945 3918 3027 3972 his
3063 3921 3153 3996 qui
3175 3916 3788 3996 virtutisiejusinopera-

2209 3986 2474 4063 nimisque
2508 3987 2841 4063 participant,
2875 3987 2992 4043 haec
3036 3986 3243 4063 singula
3279 3986 3614 4063 intelligenda
3631 3986 3788 4053 'suut.

2205 4053 2261 4132 Si
2286 4053 2732 4132 veroquisdicat
2763 4072 2858 4132 per
2895 4053 3147 4132 eosiquivf
3161 4053 3591 4132 participesusunt
3628 4067 3787 4124 Verbi

2205 4127 2321 4202 Dei,
2351 4127 2737 4202 ve_l_sa_pientiae
2770 4128 2907 4202 ejus,
2932 4131 3016 4184 vel
3042 4127 3298 4198 veritatis,
3331 4127 3411 4189 vel
3441 4136 3580 4202 vine,
3621 4140 3784 4193 etiam

2205 4196 2377 4267 ipsum
2407 4197 2638 4270 Verbum
2669 4208 2723 4253 et
2768 4196 3080 4267 sapientiam
3120 4196 3294 4259 videri
3318 4207 3366 4259 in
3399 4206 3517 4259 loco
3560 4196 3576 4237 ί
3615 4222 3775 4270 esse;

2203 4268 2630 4347 nespondendum
2659 4278 2757 4347 _est
2798 4271 2867 4335 ei,
2915 4272 3035 4347 gnia
3071 4273 3293 4347 _dubium
3337 4290 3440 4330 non
3483 4285 3583 4343 est,
3629 4268 3776 4347 quod

2204 4339 2447 4393 Christus
2476 4339 2766 4415 secundum
2793 4339 2944 4415 quod
2963 4342 3193 4415 Verbum
3220 4355 3272 4400 et
3297 4347 3546 4415 sapientia
3569 4339 3692 4412 'es't,
3727 4358 3786 4405 et

2201 4418 2394 4487 etetera
2422 4414 2619 4487 omnia,
2652 4419 2765 4465 erat
2792 4412 2844 4465 in
2876 4411 3066 4487 Paulo.
3099 4415 3324 4484 Propter
3351 4411 3489 4487 quod
3525 4418 3737 4474 dicebat
3767 4440 3782 4476 :

2202 4479 2280 4533 An
2306 4481 2705 4557 emperinzentum
2729 4483 2951 4557 quintilis
2975 4486 3081 4554 ejus
3097 4489 3182 4553 qui
3208 4479 3260 4557 in
3289 4479 3608 4557 me'loquitur
3629 4489 3784 4545 Chri-

2200 4561 2309 4606 stus
2337 4553 2354 4622 (
2380 4550 2569 4631 iliﬂor.
2598 4568 2712 4631 X_lll,
2738 4550 2918 4631 inibit
2941 4550 3128 4631 iternni
3158 4573 3172 4631 ς
3215 4556 3336 4611 Vivo
3355 4550 3525 4631 autem
3541 4561 3653 4631 jam
3680 4578 3782 4615 non

2200 4637 2310 4693 ego,
2342 4624 2456 4676 vivit
2473 4624 2667 4701 verojn
2695 4639 2774 4701 nte
2797 4622 3026 4701 Chi-inus
3047 4625 3240 4701 (Gniat.
3266 4645 3322 4694 ιι,
3344 4629 3464 4701 20).
3485 4622 3634 4685 Tune
3651 4648 3782 4701 ergo

2199 4708 2320 4766 enni
2344 4704 2484 4748 esset
2510 4693 2571 4766 in
2593 4693 2776 4766 Paulo,
2800 4695 2916 4763 quis
2936 4693 3195 4752 dubitabit
3217 4693 3358 4766 quad
3393 4693 3637 4755 similiter
3661 4693 3782 4758 erat

2200 4762 2252 4841 in
2280 4763 2455 4828 Petro,
2481 4774 2535 4817 et
2558 4765 2617 4816 in
2642 4762 2872 4841 Joanne,
2896 4775 2960 4841 et_
2987 4768 3041 4841 in
3078 4762 3298 4841 singulis
3319 4771 3614 4841 quibusque
3643 4786 3776 4827 san-

2199 4840 2424 4908 ctorum,
2448 4842 2501 4908 et
2528 4849 2631 4908 non
2661 4836 2832 4908 solum
2862 4837 2912 4888 in
2947 4836 3028 4891 his
3057 4840 3143 4908 qui
3167 4836 3220 4892 in
3243 4836 3402 4895 terris
3425 4836 3567 4906 sunt,
3590 4858 3777 4897 verum

2197 4905 2440 4983 etiamet
2467 4904 2519 4958 in
2561 4903 2640 4983 his
2674 4905 2761 4983 qui
2791 4906 2840 4983 in
2874 4909 3022 4962 caelis
3047 4903 3204 4983 sunt?
3227 4909 3530 4966 Absurdum
3553 4903 3780 4983 namque

2197 4984 2280 5048 est
2309 4976 2520 5048 dicere,
2549 4976 2962 5048 τιμίω-ἰαίνειτο
3003 4979 3219 5048 quidem
3259 4989 3313 5035 et
3352 4983 3406 5036 in
3445 4983 3612 5037 Paulo
3659 4976 3771 5038 erat

2196 5045 2542 5120 Christus,_in
2574 5045 2829 5120 Michaele
2859 5063 2986 5120 vero
3013 5045 3330 5120 archangelo
3353 5061 3409 5108 et
3433 5052 3485 5107 in
3523 5053 3771 5109 Gabriele

2195 5116 2647 5193 no-niergltiExquo
2661 5117 2938 5193 manifeste
2950 5116 3383 5193 deprehenditur,
3399 5125 3782 5193 quiadivinitas

2195 5186 2314 5266 _Filii
2355 5189 2447 5242 Dei
2478 5203 2581 5241 non
2615 5188 2817 5266 innloco
2841 5186 3494 5266 aliqno'concludebatu'r;
3535 5195 3772 5266 alioquin

2196 5259 2248 5312 in
2285 5260 2398 5328 ipso
2428 5267 2632 5312 tantum
2664 5260 2868 5322 fuisset,
2911 5259 2964 5315 et
3002 5263 3054 5315 in
3097 5264 3268 5318 altero
3300 5280 3406 5319 non
3431 5259 3777 5322 fuissem-sed

2194 5330 2482 5405 secnndum
2538 5330 2866 5405 incorporeac
2895 5341 3103 5405 natura:
3147 5334 3501 5405 majestatem,
3555 5352 3674 5391 cum
3719 5337 3780 5394 in

2193 5400 2338 5454 nullo
2365 5401 2481 5453 loco
2501 5400 2862 5467 concludatur,
2891 5403 2944 5456 in
2971 5404 3114 5458 nullo
3133 5400 3344 5460 rursum
3365 5400 3553 5462 deesse
3572 5406 3775 5462 intelli-

2191 5471 2350 5548 giiur.
2383 5470 2577 5548 _Verum
2602 5472 2686 5548 i_l_la
2709 5472 2818 5548 soia
2843 5473 3181 5548 intelligenda
3203 5486 3288 5532 est
3311 5477 3608 5534 diﬁ'erentia
3629 5478 3774 5548 quod

2193 5543 2398 5615 etiamsi
2426 5543 2494 5615 sit
2514 5541 2572 5615 in
2597 5542 2840 5615 diversis,
2863 5544 2999 5615 sicut
3017 5541 3268 5602 'diximus
3295 5548 3347 5602 in
3393 5549 3573 5615 Petro,
3597 5541 3680 5604 vel
3718 5549 3781 5604 in-

2192 5611 2375 5679 Panlo,
2404 5613 2485 5665 vel
2511 5612 2786 5677 Michaele,
2813 5614 2894 5667 vel
2917 5614 3183 5683 Ga’briele,
3210 5634 3317 5674 non
3360 5628 3535 5674 tamen
3559 5611 3618 5674 in
3649 5621 3774 5675 uni-

2194 5684 2362 5758 versis
2404 5683 2648 5758 similiter
2692 5694 2790 5758 est.
2835 5684 3049 5758 Plenius
3076 5689 3218 5758 enim
3267 5698 3320 5744 et
3357 5690 3571 5758 clarius,
3614 5699 3776 5755 et,tlt

2189 5752 2272 5832 ita
2305 5753 2550 5832 dixerim,
2591 5754 2825 5832 apertins
2871 5755 2922 5832 in
2981 5757 3328 5832 Archangelis
3374 5770 3476 5826 est,
3516 5752 3684 5832 quam
3717 5762 3774 5816 in

2188 5823 2305 5879 aliis
2329 5825 2525 5879 sanctis
2559 5825 2705 5880 viris.
2746 5824 2898 5896 Quod
2935 5842 2999 5884 ex
3033 5843 3100 5902 eo
3137 5823 3475 5889 manifestum
3499 5823 3603 5902 est,
3643 5833 3776 5906 quia

2251 5936 2268 5969 ί
2301 5941 2426 5997 Mss,
2446 5933 2495 5985 in
2517 5934 2644 5986 omni
2665 5934 2783 5987 loco.
