4126 6500
464 1452 482 1521 )

449 1541 475 1583 ε

446 1586 473 1757 Ξ

552 467 692 525 1199

542 575 736 646 utique
763 585 889 629 vere
912 566 1289 646 pos_sit_dici_in
1317 566 1703 646 parieteLquo
1727 569 1859 646 sine
1896 564 2129 646 lucernae

543 636 673 719 igne
722 636 967 717 pervenit
1000 641 1155 710 ignis.
1203 636 1374 707 Super
1399 637 1499 692 hoc
1525 636 1690 693 Filius
1710 637 1874 707 dicit,
1905 636 2008 706 Qui
2050 650 2130 689 me

536 821 706 868 autern
726 812 900 866 missus
920 824 954 861 a
974 815 1119 861 Patre
1142 808 1295 861 Filius
1316 807 1499 869 dicere,
1518 816 1661 861 Pater
1680 822 1868 860 mecum
1888 816 1976 861 est.
2016 818 2131 861 Sen-

535 880 745 930 tentiam
758 874 971 937 turpiter
992 872 1231 923 deformat
1253 872 1549 937 exscriptor;
1574 884 1668 922 nec
1697 873 1876 937 aliquid
1898 873 2133 935 deinceps

535 940 757 1002 adjungit
778 934 958 1002 praeter
982 941 1216 996 excerpta
1240 947 1302 1002 ex
1328 934 1502 981 eodem
1518 1000 1523 1002 ί
1539 934 1790 1002 augustini
1823 934 1945 984 libro
1966 934 2133 1002 cutura

534 993 819 1059 εεὶνωόιιεὶιι
844 993 1292 1059 Arianorum,'_male
1313 1000 1560 1059 compacta
1583 993 1636 1059 et
1659 995 1787 1059 l'oede
1805 997 2037 1059 truncatis
2051 1001 2135 1045 aut

535 1056 842 1122 interpolatis
862 1057 1125 1108 sententiis
1146 1056 1313 1118 inepta
1336 1055 1568 1118 lectuque
1591 1056 1805 1118 indigna.

2000 446 2363 505 APPENDIX.

3679 445 3844 504 £200

2234 563 2406 629 misit,
2446 574 2667 630 mecum,
2689 565 2763 613 est
2798 557 2997 630 (Joan.
3034 572 3164 630 vin,
3194 555 3295 622 42,
3341 555 3447 621 16,
3482 555 3591 630 29)
3626 576 3639 612 :
3679 558 3842 629 quod

2233 648 2362 688 vere
2385 626 2559 703 potuit
2589 629 2757 685 Filius
2782 626 2961 711 dicere
2983 626 3188 710 ,ξηια-
3215 644 3406 712 mecum
3434 636 3527 682 est.
3553 626 3842 712 Cum—igi-

2234 710 2324 757 tur
2367 702 2484 756 htec
2513 716 2544 755 a
2574 700 2729 755 Patre
2758 714 2941 755 misero
2965 698 3083 753 Filii
3125 712 3345 757 prorsus
3391 698 3672 753 ineffabilts
3708 705 3793 754 sit
3816 740 3838 757 .

2262 718 2324 757 lll'

2236 713 2324 757 tur
2367 713 2484 756 haec
2513 716 2544 755 a
2574 713 2729 755 Patre
2758 714 2941 755 missio
2965 713 3083 753 run
3125 713 3345 769 prorsus
3391 713 3672 753 inenannts
3708 713 3793 754 sic
3816 740 3838 767 ,

2236 786 2339 829 nec
2363 772 2483 841 capi
2517 771 2675 827 ullius
2702 770 3023 840 cogitatione
3051 769 3251 838 possit,
3284 769 3386 824 hoc
3408 770 3568 841 etiam
3609 769 3700 825 hic
3725 786 3837 841 poe

2236 851 2341 897 test
2378 839 2640 912 intelligi,
2684 839 2794 896 uta
2818 842 2973 895 Patre
3018 841 3214 912 missus
3242 855 3363 895 esse
3400 839 3642 912 dicatur,
3682 839 3837 912 quod

2237 912 2407 968 Filius
2434 910 2741 968 hominibus
2776 912 3024 982 apparuit
3060 910 3116 965 in
3143 925 3342 982 carne,
3370 925 3474 982 non
3506 910 3686 966 Pater.
3709 911 3839 980 Quo

2239 985 2383 1038 enim
2406 984 2634 1038 mittitur
2655 980 2857 1047 Filius,
2884 982 2974 1037 ubi
3005 980 3257 1036 nonest?
3285 980 3384 1037 Ubi
3411 988 3591 1037 autem
3613 997 3724 1037 non
3744 990 3839 1037 est

2240 1055 2501 1125 sapientia
2529 1053 2663 1108 Dei?
2692 1062 2797 1109 etc.

1373 1255 1829 1319 ADMONITIO
1869 1258 1953 1319 IN
1996 1258 2627 1335 SUBSEQUENTEM
2667 1260 2990 1322 LIBRUM.

3864 1401 3884 1467 ξ

570 1534 577 1539 .
604 1489 722 1563 Non
748 1491 842 1546 uni
870 1490 1196 1562 Augustino,
1225 1489 1320 1545 sed
1348 1489 1467 1545 aliis
1489 1490 1674 1546 multis
1702 1494 2009 1551 auctoribus
2029 1511 2182 1566 teque
2199 1494 2336 1551 falso
2366 1493 2598 1548 tributus
2625 1491 2751 1559 fuit,
2786 1492 3068 1547 Ambrosio
3085 1534 3102 1560 ,
3123 1491 3450 1562 Hieronymo
3472 1531 3487 1558 ,
3519 1489 3774 1545 Anselmo
3792 1526 3814 1554 ,
3862 1478 3867 1499 ζ

530 1578 944 1638 Bonaventurae.
989 1581 1303 1652 Quanquam
1351 1580 1492 1650 apud
1529 1579 1912 1656 Hieronymum
1945 1603 2051 1643 non
2081 1598 2224 1644 totus
2248 1593 2461 1653 exstat,
2513 1585 2607 1641 sed
2645 1592 2848 1639 tantum
2896 1599 3069 1656 usque
3112 1584 3180 1640 ad
3221 1584 3385 1641 verba
3415 1626 3429 1649 ,
3480 1582 3608 1638 Hac
3649 1583 3825 1638 onmia

529 1691 646 1746 quae
673 1675 915 1751 pradicta
942 1685 1080 1741 sunt,
1110 1683 1237 1739 etc.,
1271 1674 1377 1729 col.
1405 1673 1565 1742 1208,
1613 1689 1729 1746 cap.
1758 1678 1832 1744 2;
1864 1679 2109 1751 apudque
2146 1680 2321 1751 ipsum
2367 1676 2670 1734 inscribitur
2694 1718 2708 1743 ,
2749 1674 2830 1732 De
2857 1677 2935 1731 his
2959 1693 3071 1747 qua:
3107 1675 3216 1731 Deo
3263 1677 3317 1731 in
3358 1676 3642 1745 Scripturis
3672 1677 3828 1729 attri-

531 1766 771 1823 buuntur.
804 1750 960 1838 Apud
993 1768 1325 1832 Anselmum,
1363 1766 1442 1821 De
1469 1769 1770 1825 vestimentis
1803 1779 1850 1825 et
1877 1750 2113 1829 membris
2145 1750 2192 1828 et
2214 1772 2407 1828 actibus
2431 1771 2540 1828 Deo
2569 1770 2788 1826 tributis.
2819 1770 2977 1841 Apud
3015 1772 3438 1827 Bonaventuram
3463 1812 3479 1837 ,
3508 1770 3585 1824 De
3612 1772 3831 1826 essentia

531 1867 582 1913 et
619 1858 959 1914 invisibilitate
990 1867 1036 1914 et
1069 1858 1401 1914 immensitate
1433 1858 1553 1913 Dei.
1586 1860 1643 1915 ln
1682 1860 1809 1917 Mss.
1853 1862 2108 1937 Vaticano
2135 1873 2190 1920 et
2214 1864 2487 1919 Victorino
2514 1863 2614 1918 sub
2655 1862 2937 1934 Augustini
2977 1864 3194 1918 nomine
3236 1862 3446 1917 titulum
3490 1860 3692 1927 habet,
3747 1859 3829 1916 De

522 1953 747 2008 essentia
786 1950 1061 2005 divinitatis
1087 1959 1134 2005 et
1170 1951 1233 2005 de
1273 1950 1617 2006 invisibilitate
1654 1960 1804 2020 atque
1845 1953 2348 2009 incommutabilitate
2380 1952 2497 2009 Dei.
2545 1953 2723 2009 Prima
2767 1963 2822 2009 et
2865 1953 3095 2008 maxima
3135 1944 3259 2022 pars
3298 1952 3417 2007 libri
3457 1966 3525 2006 ex
3568 1949 3823 2007 Eucherii

529 2044 905 2115 Lugdunensis
930 2059 1095 2114 opere
1118 2043 1186 2100 de
1206 2043 1470 2101 Formulis
1482 2045 1773 2115 spiritualis
1801 2045 2165 2118 intelligentia:
2188 2056 2418 2118 sumpta,
2457 2047 2694 2103 continet
2737 2055 2906 2101 totum
2925 2054 3082 2116 caput
3103 2043 3342 2115 ejusdem
3361 2044 3537 2112 operis
3561 2045 3824 2114 primum,

529 2137 675 2223 quod
700 2145 784 2194 est
809 2138 879 2194 de
903 2139 1106 2194 Divinis
1137 2138 1460 2195 nominibus.

876 2456 881 2459 ,
964 2363 1203 2475 πε
1278 2359 2172 2478 nssm'rm
2245 2331 3417 2525 DIVINITATIS

1739 2564 2134 2653 LIBER
2189 2568 2582 2654 UNUS.

1946 2726 2422 2784 ψ

586 2871 663 2928 ’1.
715 2870 1063 2939 Omnipotens
1105 2869 1247 2946 Deus
1292 2869 1451 2925 Pater
1475 2877 1531 2926 et
1578 2868 1852 2946 Filius'et
1888 2850 2153 2940 Spiritus.
2225 2869 2399 2946 ehiam
2444 2870 2795 2946 prephetam,
2824 2871 2937 2944 Ego
2966 2872 3217 2929 Dominus
3253 2884 3431 2929 etnon
3456 2882 3627 2930 mutor
3670 2874 3829 2946 (ila-

539 2951 777 3005 sanctus,
809 2956 947 2996 unus
974 2951 1134 3011 atque
1159 2942 1330 2995 trinus
1353 2983 1369 3007 ,
1393 2954 1528 2995 unus
1553 2941 1800 2997 videlicet
1831 2943 1882 2995 in
1908 2951 2119 3007 natura,

538 3015 711 3068 trinus
734 3026 863 3066 vero
892 3021 1063 3065 exstat
1092 3014 1142 3065 in
1165 3013 1443 3080 personis:
1472 3011 1616 3066 solus
1645 3011 1955 3077 invisibilis,
1980 3011 2126 3065 solus

538 3084 832 3138 immensus
862 3092 1020 3152 atque
1046 3082 1601 3149 incomprehensibilis
1621 3124 1636 3148 ,
1667 3084 1812 3152 solus
1838 3083 2127 3136 incircum-

539 3154 791 3221 scriptus,
826 3150 973 3206 solus
1018 3152 1394 3217 immutabilis,
1419 3150 1765 3220 incorporeus
1808 3162 1861 3207 et
1902 3152 2123 3221 immors-

540 3220 683 3284 talis,
709 3222 913 3291 ubique
933 3237 1187 3290 praesens,
1218 3223 1311 3275 sed
1342 3222 1513 3275 latens
1548 3240 1560 3275 :
1590 3223 1783 3291 ubique
1827 3231 1964 3277 totus
1985 3264 2000 3287 ,
2031 3220 2126 3277 sed

539 3292 855 3347 immensus.
902 3290 1183 3346 Invisibilis
1228 3300 1340 3355 est,
1374 3292 1496 3362 quia
1541 3293 1593 3345 in
1633 3290 1863 3348 essentia
1907 3308 1999 3346 sua
2042 3292 2125 3347 vi-

538 3362 650 3417 deri
708 3377 813 3416 non
858 3370 1063 3429 potest.
1097 3363 1353 3430 Apostolo
1402 3371 1629 3417 testante
1651 3405 1665 3426 ,
1697 3365 1786 3433 qui
1820 3366 1934 3429 ait,
1970 3363 2129 3433 Quem

538 3433 717 3503 nullus
756 3434 1025 3503 hominum
1053 3432 1207 3499 vidit,
1256 3432 1344 3486 sed
1374 3449 1477 3503 _nec
1526 3434 1693 3487 videre
1718 3432 1889 3503 potest
1922 3433 1963 3501 (l
1989 3432 2124 3488 Tim.

539 3518 596 3575 vi
616 3544 631 3567 ,
666 3502 775 3573 16).
807 3502 988 3575 Et_in_
1014 3502 1332 3572 Evangelio,
1362 3501 1527 3556 Deum
1569 3520 1713 3557 nemo
1734 3501 1859 3557 vidit
1906 3520 2128 3575 unquam

539 3571 763 3642 (JoanJ
784 3615 798 3639 ,
830 3572 943 3643 18).
972 3571 1320 3643 lucorptircus
1360 3582 1440 3627 est
1461 3614 1477 3638 ,
1506 3575 1628 3643 quia
1664 3576 1821 3628 nullis
1855 3571 2125 3628 membro-

537 3658 657 3697 rum
682 3644 1023 3714 lineamentis
1049 3644 1379 3713 compositus
1400 3682 1416 3708 ,
1446 3644 1560 3714 sive
1585 3655 1892 3714 eompactus
1921 3644 2123 3711 existit,

537 3715 677 3768 sicut
702 3711 912 3768 Veritas
953 3712 1005 3767 in
1047 3711 1334 3783 Evangelia
1374 3714 1481 3780 ait,
1515 3711 1739 3782 Spiritus
1775 3724 1845 3767 est
1866 3714 2045 3776 Deus;
2080 3723 2126 3768 et

537 3799 623 3837 eos
649 3784 735 3853 qui
752 3784 1121 3854 adoranteum
1137 3825 1152 3849 ,
1201 3786 1252 3837 in
1281 3784 1463 3853 spiritu
1492 3792 1537 3837 et
1579 3785 1786 3837 veritate
1813 3795 2007 3854 Oportet
2036 3784 2129 3836 ad-

540 3851 697 3907 orare
717 3851 828 3925 (Id.
862 3870 938 3919 tv,
965 3852 1081 3916 24).
1107 3851 1399 3908 Immensus
1425 3861 1528 3921 est,
1564 3854 1693 3925 quia,
1717 3851 1982 3924 quantitas
2010 3854 2128 3925 ejus

538 3925 624 3979 vel
652 3924 879 3993 qualitas
905 3939 934 3977 a
966 3925 1114 3978 nullo
1151 3940 1217 3977 ex
1265 3925 1524 3979 creaturis
1572 3924 1745 3979 metiri
1796 3933 1969 3994 potest
1997 3942 2010 3977 :
2040 3924 2129 3979 cui

538 3994 791 4047 Salomon
836 3995 889 4047 in
916 3995 1158 4048 oratione
1192 4011 1286 4049 sua
1317 3994 1622 4064 supplicans
1651 3996 1759 4058 ait,
1790 3996 1851 4048 Si
1876 3995 2054 4049 cretum
2079 4002 2127 4047 et

541 4064 653 4117 steti
684 4064 917 4136 canorum
947 4074 992 4136 te
1025 4081 1124 4136 non
1149 4066 1390 4136 capiunt,
1413 4073 1601 4136 quanto
1635 4066 1796 4136 magis
1819 4066 2000 4118 domus
2032 4064 2130 4118 ista

539 4149 693 4203 quam
730 4133 977 4200 mdiﬁcavi
1022 4133 1107 4195 (lll
1141 4133 1266 4203 Reg.
1312 4133 1439 4200 vni,
1467 4134 1604 4203 27)?
1637 4133 2128 4204 lncircumscriptus

542 4212 657 4265 est,
682 4204 930 4272 quoniam
973 4204 1338 4257 circumscribi
1386 4220 1491 4258 non
1537 4213 1731 4271 potest.
1758 4205 1986 4260 lllocalis
2009 4214 2125 4268 est,

542 4273 794 4343 quoniam
837 4272 903 4327 de
933 4275 1048 4325 loco
1089 4275 1151 4326 ad
1200 4276 1369 4327 locum
1410 4288 1739 4342 nequaquam
1777 4277 2007 4341 transit,
2033 4275 2128 4329 sed

542 4360 719 4413 neque
752 4346 801 4397 in
836 4343 951 4395 loco
977 4345 1213 4411 quolibet
1238 4346 1498 4398 retinetur
1529 4346 1544 4374 ³
1563 4347 1587 4409 ,“
1611 4344 1727 4413 ipso
1750 4345 1817 4398 de
1839 4345 2126 4414 semetipso

542 4430 639 4483 per
670 4413 854 4484 Isaiam
887 4415 1195 4482 prophetam
1227 4415 1585 4469 testimonium
1626 4415 1939 4484 perliibente
1966 4413 2127 4483 atque

543 4485 754 4539 dicente
775 4526 790 4548 ,
819 4483 1005 4537 Cretum
1032 4485 1181 4537 sedes
1206 4500 1335 4545 mea,
1370 4495 1500 4537 terra
1524 4483 1689 4538 autem
1716 4484 1989 4539 scabellum
2038 4500 2129 4553 pe-

543 4555 665 4607 dum
698 4569 917 4607 meorum
953 4553 1103 4622 (Isai.
1134 4570 1278 4617 LXVI,
1302 4555 1373 4624 1).
1398 4554 1465 4608 Et
1488 4572 1580 4622 per
1604 4553 2128 4624 Jeremiam,Nonne

540 4629 724 4678 emtum
766 4633 811 4676 et
856 4633 1038 4675 terram
1086 4641 1175 4693 ego
1220 4623 1403 4693 impleo
1428 4667 1443 4688 ,
1471 4626 1593 4678 dicit
1628 4624 1875 4679 Dominus
1915 4623 2125 4693 (Jerem.

542 4710 674 4750 χχιιι
693 4737 707 4759 ,
730 4693 865 4756 24)?
890 4693 1054 4762 Cujus
1097 4696 1503 4748 immensitatetn
1536 4697 1788 4764 prOpbeta
1836 4697 1887 4749 in
1915 4694 2129 4750 Psalmo

541 4766 811 4820 Conﬂicns
838 4764 904 4817 ad
932 4764 1104 4832 ipsum
1137 4765 1298 4817 Deum
1329 4766 1434 4828 ait,
1469 4765 1527 4818 Si
1552 4766 1822 4819 ascendere
1850 4767 1904 4818 in
1924 4765 2125 4832 caelum,

543 4834 599 4888 tu
625 4836 732 4889 illic
754 4851 841 4901 es;
868 4845 912 4888 et
950 4836 993 4888 si
1038 4836 1336 4905 descendero
1369 4835 1436 4886 ad
1473 4836 1727 4903 infernum
1750 4878 1765 4901 ,
1790 4836 1949 4905 ades(
1979 4835 2125 4889 Psal.

549 4920 791 4961 cxxxvut
817 4947 832 4969 ,
866 4906 940 4974 8).
990 4905 1061 4959 De
1102 4904 1254 4974 cujus
1281 4905 1636 4974 immensitate
1678 4906 1852 4961 adhuc
1896 4904 1948 4959 in
1994 4906 2129 4960 libro

549 4975 691 5029 beati
738 4975 838 5046 iob
876 4977 1129 5044 scriptum
1158 4973 1260 5040 est,
1290 4973 1549 5046 Excelsior
1573 4974 1695 5028 caelo
1721 4986 1812 5043 est,
1837 4985 1884 5028 et
1902 4974 2024 5046 quid
2051 4978 2132 5046 fa-

545 5045 695 5117 cies?
731 5044 1041 5117 Profundior
1067 5047 1287 5116 inferno,
1322 5055 1367 5098 et
1397 5045 1529 5117 unde
1567 5061 1834 5114 cognosces
1864 5044 1981 5113 (Job
2038 5044 2091 5101 it
2111 5085 2127 5117 ,

542 5116 641 5183 8)?
672 5114 903 5182 Longior
932 5125 1070 5170 terra
1100 5114 1344 5169 mensura
1372 5114 1488 5181 ejus
1509 5155 1525 5180 ,
1554 5124 1608 5169 et
1654 5117 1809 5168 latior
1837 5118 1993 5170 mari.
2024 5115 2127 5182 Qui

543 5187 685 5242 enim
730 5188 926 5242 ctelnm
965 5195 1017 5239 et
1066 5196 1261 5240 terram
1308 5185 1520 5255 implet,
1554 5185 1737 5253 procol
1760 5186 1921 5243 dubio
1952 5188 2129 5242 nullus

542 5267 626 5312 est
675 5257 825 5311 locus
854 5257 921 5309 ab
957 5257 1070 5322 ejus
1110 5256 1390 5323 praesentia
1429 5257 1642 5309 absens.
1685 5256 1857 5325 Super
1913 5270 2129 5312 omnem

544 5328 739 5396 quippe
780 5337 1103 5391 creaturam,
1150 5326 1397 5394 prmsidet
1442 5326 1674 5395 regendo
1725 5335 1884 5395 atque
1958 5329 2128 5396 impe-

546 5398 716 5450 rando
744 5415 757 5450 :
786 5398 972 5451 subtus
995 5396 1168 5449 omnia
1194 5406 1271 5449 est
1308 5397 1619 5449 sustinendo
1639 5407 1794 5466 atque
1825 5398 2086 5466 portando
2111 5439 2127 5465 ,

546 5481 652 5519 non
708 5467 901 5520 laboris
944 5468 1180 5536 pondere
1196 5508 1220 5537 ί,
1247 5466 1339 5519 sed
1381 5467 1694 5536 infatigabili
1727 5468 1919 5522 virtute
1950 5484 1965 5535 _:
1999 5481 2132 5537 quo-

545 5536 688 5592 niam
715 5537 859 5589 nulla
886 5546 1127 5591 creatura
1160 5536 1227 5589 ab
1264 5552 1329 5589 eo
1371 5539 1582 5590 condita
1616 5551 1710 5606 per
1754 5553 1812 5593 se
1838 5536 2129 5594 subsistere

544 5608 705 5672 valet,
736 5607 836 5659 nisi
861 5607 929 5660 ab
956 5610 1072 5677 ipso
1101 5615 1428 5661 sustentetur
1447 5607 1537 5676 qui
1560 5608 1701 5661 illam
1725 5609 1943 5664 creavit.
1967 5610 2127 5663 Extra

545 5678 724 5732 omnia
772 5685 886 5741 est,
917 5677 1014 5731 sed
1044 5694 1149 5732 non
1181 5679 1429 5732 exclusus
1468 5695 1479 5731 :
1514 5678 1652 5731 intra
1682 5681 1859 5734 omnia
1885 5688 2005 5746 est,
2035 5679 2129 5734 sed

546 5762 654 5803 non
694 5748 950 5821 inclusus.
983 5747 1332 5803 lmmutabilis
1359 5755 1476 5821 est,
1501 5749 1728 5821 quiauab
1770 5764 1837 5805 eo
1879 5750 2023 5821 quod
2047 5758 2131 5805 est

548 5819 743 5873 mutari
789 5820 1007 5874 omnino
1046 5833 1152 5873 non
1193 5828 1404 5889 potest,
1434 5818 1554 5889 ipso
1598 5818 1808 5878 dicente
1839 5818 1936 5890 per
1963 5820 2128 5877 Mala-

613 5950 1337 6013 *κναίωιιιιινωηᾶκεωη

2235 2941 2373 2995 (ach.
2421 2957 2475 2996 tu
2500 2982 2516 3008 ,
2550 2943 2626 3012 6).
2658 2942 2783 2997 Ideo
2809 2941 2988 2998 autem
3031 2946 3169 3000 Deus
3199 2946 3545 2999 immutabilis
3589 2941 3825 3012 dicitur,

2234 3012 2357 3081 quia
2404 3012 2457 3083 in
2487 3022 2670 3067 natura
2696 3014 2844 3083 ejus,
2872 3015 2978 3077 ira,
3014 3013 3160 3068 furor
3180 3058 3193 3080 ,
3219 3017 3561 3083 paenitentia,
3586 3017 3787 3071 oblivio
3806 3057 3826 3082 ,

2234 3081 2534 3151 recordatio
2557 3123 2571 3145 ,
2598 3094 2653 3136 et
2678 3084 2780 3137 alia
2806 3082 2891 3137 his
2934 3085 3148 3151 similia,
3179 3081 3329 3138 nullo
3355 3088 3519 3141 modo
3550 3081 3818 3141 accidunt.

2235 3150 2470 3223 Simplex
2510 3153 2650 3223 enim
2697 3163 2880 3206 natura
2923 3164 3038 3217 est,
3062 3164 3116 3210 et
3138 3150 3487 3210 immutabilis
3512 3158 3678 3221 atque
3726 3159 3828 3210 im-

2236 3222 2565 3294 perturbata;
2582 3240 2757 3293 neque
2781 3224 2925 3277 aliud
2948 3236 3029 3278 est
3056 3225 3189 3294 ipse,
3221 3235 3277 3279 et
3303 3228 3441 3279 aliud
3466 3226 3607 3293 quod
3640 3227 3824 3289 habet;

2236 3293 2331 3347 sed
2381 3293 2552 3361 ipsum
2603 3304 2685 3347 est
2712 3294 2856 3363 quod
2887 3295 3047 3349 habet
3076 3293 3149 3349 iet
3191 3297 3332 3363 quod
3374 3306 3471 3350 est.
3502 3298 3828 3350 Immortalis

2235 3373 2337 3429 est,
2369 3365 2492 3431 quia
2521 3365 2655 3417 mori
2688 3364 2834 3418 nullo
2877 3366 3034 3418 modo
3064 3375 3280 3433 potest,
3306 3367 3554 3434 Apostolo
3585 3368 3686 3420 hoc
3731 3375 3825 3419 at-

2235 3441 2467 3488 testante
2493 3443 2652 3503 atque
2681 3434 2908 3497 dicente,
2942 3434 3041 3500 Qui
3088 3437 3225 3489 solus
3270 3437 3417 3489 habet
3458 3436 3822 3489 immortalita-

2237 3513 2352 3566 tem,
2379 3504 2541 3557 lucem
2565 3505 2797 3557 habitans
2824 3505 3215 3559 inaccessibilem
3233 3547 3246 3566 ,
3272 3523 3415 3573 quem
3453 3507 3619 3559 nullus
3656 3507 3828 3559 homi-

2236 3589 2357 3626 num
2384 3575 2525 3637 vidit,
2552 3574 2641 3646 sed
2671 3590 2760 3628 nec
2799 3574 2965 3646 videre
3012 3584 3170 3644 potest
3206 3575 3250 3646 (ι
3280 3575 3410 3629 Tim.
3447 3593 3499 3630 vt
3518 3617 3534 3640 ,
3563 3575 3674 3646 16).
3694 3575 3829 3632 Ubi-

2237 3659 2467 3715 cumque
2507 3644 2685 3715 autem
2728 3660 2879 3699 sacra
2927 3643 3468 3715 Scriptura'sparsim
3493 3662 3589 3715 per
3616 3643 3828 3700 divinos

2236 3713 2459 3773 Libros.
2508 3714 2560 3769 in
2590 3715 2700 3768 Deo
2749 3724 2922 3769 inotus
2951 3717 3142 3769 anima:
3184 3713 3285 3771 seu
3324 3713 3555 3771 humana
3584 3714 3825 3771 membra

2235 3783 2525 3849 describit,
2560 3785 2612 3838 id
2636 3792 2738 3849 est,
2770 3795 2947 3854 caput,
2974 3785 3196 3853 capillos
3218 3827 3235 3851 ,
3266 3788 3487 3853 oculos,
3516 3787 3822 3855 palpebras,

2235 3867 2419 3919 aures,
2456 3869 2614 3910 nares
2640 3896 2655 3921 ,
2688 3869 2788 3927 os,
2820 3855 2953 3909 labia
2978 3897 2993 3919 ,
3028 3854 3299 3924 linguam,
3348 3871 3464 3927 cor,
3494 3854 3781 3927 imaginem
3807 3897 3823 3921 ,

2236 3935 2473 3990 uterum,
2498 3940 2717 3989 manus,
2748 3925 3043 3990 dexteram,
3071 3926 3363 3987 sinistram.
3394 3926 3590 3993 digitos
3616 3925 3714 3981 Seu
3740 3926 3815 3980 di-

2233 3996 2398 4063 gitum
2422 4036 2440 4060 ,
2470 3995 2742 4049 brachium
2763 4037 2776 4057 ,
2805 3996 2947 4061 alas,
2974 3996 3217 4063 scapulas
3236 4038 3251 4060 ,
3277 3998 3592 4065 posteriora,
3625 3996 3819 4065 pedes;

2234 4065 2359 4119 item
2390 4075 2563 4119 tnotus
2600 4065 2792 4118 anima:
2812 4107 2826 4128 ,
2858 4066 3020 4129 iram,
3050 4067 3282 4120 furorem
3307 4107 3322 4127 ,
3354 4067 3711 4129 oblivionem,
3743 4081 3825 4120 re-

2234 4135 2630 4199 cerdationem,
2662 4136 3025 4204 ptenitt-nliam
3052 4178 3066 4201 ,
3100 4144 3155 4188 et
3193 4137 3292 4190 alia
3334 4136 3419 4190 his
3441 4137 3634 4191 similia
3670 4155 3685 4188 :
3718 4151 3823 4189 non

2234 4205 2521 4259 carnaliter
2542 4204 2703 4273 juxta
2722 4206 2993 4259 historiam
3014 4222 3043 4257 a
3088 4216 3233 4260 recte
3259 4206 3672 4274 intelligentibns
3700 4223 3826 4259 sen-

2235 4275 2411 4328 ti‘enda
2436 4277 2452 4305 ι
2475 4285 2600 4330 sntit
2618 4317 2633 4341 ,
2658 4277 2794 4330 sicut
2819 4291 2849 4329 a
2888 4275 3083 4328 Judaeis
3114 4285 3167 4328 ct
3192 4292 3221 4329 a
3263 4277 3523 4345 ple-risque
3550 4277 3823 4330 haereticis

2235 4346 2520 4399 carnaliter
2546 4346 2871 4414 sapientibus
2896 4388 2910 4407 ,
2940 4346 3027 4413 qui
3083 4345 3244 4399 Deum
3290 4361 3605 4413 corp-neum
3655 4358 3824 4414 atque

2234 4414 2792 4485 Ιοεειειιινορίιιλιιιῑιιη
2825 4415 2923 4469 sed
2961 4416 3302 4482 Spiritualiter
3337 4415 3511 4477 munia
3540 4416 3609 4468 de
3637 4431 3706 4469 eo
3739 4418 3826 4470 in-

2234 4484 2537 4554 telligenda
2559 4493 2613 4539 et
2649 4486 2947 4540 conﬁtenda
2990 4495 3134 4539 sunt.
3164 4485 3219 4539 Si
3250 4486 3366 4554 quis
3402 4495 3578 4538 autem
3624 4486 3681 4538 in
3710 4486 3825 4539 Deo

2234 4554 2462 4609 humana
2514 4556 2774 4621 membra,
2807 4570 2898 4610 seu
2950 4566 3123 4609 motus
3161 4558 3353 4608 aninne
3399 4571 3545 4609 more
3585 4556 3826 4609 humano

2234 4624 2412 4695 inesse
2450 4627 2647 4688 credit,
2684 4627 2865 4695 procul
2893 4625 3056 4678 dubio
3082 4626 3132 4678 in
3163 4627 3327 4680 corde
3355 4642 3454 4679 suo
3482 4626 3623 4680 idola
3654 4625 3824 4680 fabri-

2233 4704 2338 4750 cat.
2384 4694 2564 4764 Igitur,
2601 4706 2658 4749 ut
2690 4694 2906 4749 dictum
2952 4704 3036 4749 est
3060 4735 3073 4753 .
3109 4697 3396 4764 ﬁguraliter
3435 4697 3486 4749 in
3520 4697 3628 4749 Deo
3670 4704 3827 4764 caput

2234 4781 2354 4820 cum
2399 4767 2616 4834 legimus
2640 4807 2654 4826 ,
2685 4769 2852 4834 ipsam
2882 4766 3165 4819 essentiam
3192 4767 3481 4820 divinitatis
3523 4766 3638 4833 ejus
3663 4808 3680 4833 ,
3709 4782 3825 4835 quae

2236 4835 2413 4890 omnia
2447 4836 2728 4904 praecedit,
2757 4847 2808 4905 et
2835 4837 2916 4890 cui
2955 4836 3198 4889 universa
3229 4837 3466 4905 subjecta
3496 4845 3638 4901 sunt,
3665 4835 3824 4890 intel-

2235 4905 2399 4975 ligere
2448 4903 2724 4960 debemus.
2764 4903 2998 4974 Capillos
3037 4921 3164 4957 vero
3202 4903 3393 4974 capitis
3434 4906 3583 4975 ejus,
3612 4914 3825 4959 sanctos

2236 4975 2469 5046 Angelos
2494 4991 2586 5030 seu
2619 4977 2895 5031 universos
2923 4977 3126 5046 electos
3152 4978 3329 5045 typice
3377 4977 3543 5045 accipi
3589 4983 3817 5046 oportet.

2234 5044 2310 5099 De
2339 5060 2445 5113 quo
2472 5055 2807 5111 sacramento
2843 5047 2894 5100 in
2935 5046 3071 5099 libro
3114 5044 3345 5116 Danielis
3376 5044 3652 5116 prophetae
3691 5046 3824 5100 scri-

2234 5124 2379 5185 ptum
2409 5125 2524 5182 est,
2558 5115 2869 5185 Aspiciebam
2896 5115 3053 5169 donec
3081 5115 3247 5168 throni
3275 5118 3435 5184 positi,
3462 5128 3610 5181 sunt,
3636 5126 3683 5170 et
3712 5117 3823 5168 An-

2235 5186 2400 5255 tiquus
2425 5187 2621 5239 dierum
2642 5187 2769 5240 sedit
2796 5202 2814 5239 .'
2831 5187 3173 5256 vestimentum
3194 5187 3303 5256 ejus
3329 5187 3474 5256 quasi
3494 5188 3586 5241 nia:
3604 5185 3825 5256 candida

2235 5253 2291 5310 et
2307 5256 2481 5326 capilli
2510 5257 2690 5325 capitis
2719 5258 2829 5326 ejus
2858 5257 2999 5326 quasi
3043 5255 3163 5308 lana
3198 5253 3389 5309 munda
3415 5254 3579 5327 (Dan.
3607 5273 3677 5327 vtt
3701 5297 3717 5321 ,
3748 5253 3825 5324 9).

2235 5327 2345 5381 Hoc
2385 5329 2526 5381 enim
2554 5328 2811 5397 significat
2841 5342 2937 5398 per
2959 5326 3333 5398 vestimentum
3360 5327 3479 5394 ejus
3517 5326 3824 5398 candidum,

2204 5398 2373 5466 ~quod
2424 5409 2478 5450 et
2524 5396 2618 5465 per
2651 5396 2872 5465 capillos
2916 5397 3104 5464 capitis
3152 5396 3304 5463 ejus,
3334 5409 3550 5451 sanctos
3582 5397 3827 5466 videlicet

2233 5464 2467 5536 Angelus
2495 5464 2549 5520 et
2570 5464 2957 5522 tnttltitndincm
2987 5476 3291 5520 sanctorum
3316 5467 3705 5522 dealbatorum.
3728 5464 3827 5520 Vel

2233 5549 2380 5591 certe
2427 5538 2544 5591 ideo
2581 5539 2756 5605 capilli
2795 5537 2911 5604 ejus
2942 5537 3073 5589 lana:
3102 5538 3315 5591 mundae
3337 5548 3743 5607 comparantur,
3769 5543 3829 5589 ut

2234 5622 2329 5676 per
2381 5607 2483 5663 boc
2507 5611 2770 5677 Antiquus
2807 5606 3012 5661 dierum
3054 5620 3176 5677 esse
3220 5609 3486 5663 credatur.
3519 5608 3715 5663 Oculos
3735 5606 3831 5677 ha-

2233 5675 2362 5733 bere
2396 5679 2593 5733 dicitur
2621 5675 2788 5741 Dens,
2814 5692 2910 5746 pro
2932 5676 3161 5746 eoquod
3188 5681 3369 5734 omnia
3395 5679 3541 5733 videt
3561 5720 3576 5742 ,
3604 5689 3663 5733 et
3691 5675 3825 5733 nihil

2234 5764 2355 5804 eum
2387 5748 2536 5813 latet,
2566 5750 2619 5802 in
2645 5765 2789 5818 cujus
2818 5758 3121 5818 conspectu,
3147 5757 3205 5802 ut
3229 5749 3303 5803 ait
3327 5749 3616 5818 Apostolus
3634 5789 3653 5813 ,
3684 5747 3831 5802 mila

2234 5828 2463 5875 creatura
2489 5816 2749 5873 invisibilis
2778 5826 2869 5872 est.
2898 5816 3086 5873 Omnia
3121 5820 3255 5874 enim
3274 5816 3413 5876 nuda
3433 5830 3481 5875 et
3505 5829 3687 5890 aperta
3708 5824 3829 5874 sunt

2297 5954 2315 5987 ί
2346 5951 2480 6016 Apud
2501 5953 2854 6017 Hicrougnum,
2878 5946 3126 6002 sumenda.
