4072 6426
540 375 675 431 1207

534 487 752 545 homine
781 501 1088 560 assumpto,
1121 490 1378 545 visibilem
1408 499 1462 544 et
1489 505 1803 560 corporeum
1842 499 2000 560 atque
2035 493 2120 546 lo-

531 561 702 614 ealem
733 570 852 628 post
895 567 1339 617 resurrectionem
1380 577 1485 615 non
1515 562 1736 616 credere
1765 571 1819 616 et
1846 563 2116 631 profiteri,

532 631 814 700 profanum
844 643 942 685 est.
987 631 1118 685 lllud
1158 641 1334 686 autem
1363 632 1501 698 quod
1533 635 1586 686 in
1627 633 1819 687 Genesi
1865 635 2116 701 scriptum

531 713 632 767 est,
665 702 874 756 dicente
904 703 1012 756 Deo
1044 703 1198 756 Patre
1223 703 1287 755 ad
1318 703 1530 764 Filium.
1567 702 1836 756 Faciamus
1867 704 2118 757 hominem

530 774 598 825 ad
637 775 905 844 imaginem
947 783 991 825 et
1029 773 1412 845 similitudinem
1439 785 1661 827 nostram
1694 773 1844 841 (Gen.
1879 791 1928 840 t,
1961 775 2065 845 26)
2101 792 2113 827 :

529 858 636 897 non
668 845 735 896 ita
767 844 1130 911 accipiendum
1156 853 1236 897 est
1265 845 1414 914 quasi
1448 845 1586 900 Deus
1609 861 1901 913 corporeus
1931 848 1996 900 sit
2017 886 2030 908 ,
2049 844 2118 899 et

528 914 890 968 membrorum
923 915 1256 968 lineamentis
1287 916 1612 982 compositus
1632 957 1647 981 ,
1689 915 1753 968 ad
1782 932 1938 985 quam
1970 932 2116 970 com-

527 984 846 1107 Bositionem
875 1000 1186 1052 corpoream
1213 985 1536 1040 exteriorem
1561 984 1826 1039 hominem
1853 997 2112 1053 nostrum,

568 1070 818 1107 umanum
865 1055 1112 1107 videlicet
1150 1071 1374 1107 cornus.
1420 1057 1580 1107 veluti
1611 1058 1674 1107 ad
1713 1057 2112 1107 similitudinem

568 1070 818 1108 umanum
865 1055 1112 1108 videlicet
1150 1071 1374 1124 corpus,
1420 1057 1580 1110 veluti
1611 1058 1674 1109 ad
1713 1057 2115 1111 similitudinem

525 1141 676 1198 suam
711 1125 929 1198 fecerit;
960 1127 1094 1198 sicut
1121 1125 1290 1180 Judaei
1322 1135 1374 1198 et
1397 1129 1574 1182 caeteri
1608 1127 1845 1181 inlidelcs
1879 1129 2115 1198 plerique

526 1197 728 1265 opinati
759 1207 916 1260 sunt,
949 1197 1088 1263 quod
1119 1198 1189 1250 ita
1220 1197 1440 1251 credere
1469 1198 1688 1266 impium
1717 1207 1816 1251 est.
1851 1199 1987 1251 Deus
2015 1197 2112 1251 au-

524 1275 654 1330 tem,
685 1276 740 1320 ut
769 1267 1162 1336 saepe-dictum,
1190 1267 1405 1336 spiritus
1435 1278 1536 1332 est,
1568 1284 1672 1323 non
1703 1283 1829 1322 caro
1861 1288 1873 1322 :
1905 1268 2115 1336 sapien-

524 1337 596 1390 tia
621 1338 637 1368 ¹
668 1346 770 1399 est,
796 1354 898 1391 non
922 1352 1136 1406 corpus.
1162 1337 1240 1392 Ad
1271 1338 1554 1407 imaginem
1583 1340 1774 1407 quippe
1797 1355 1944 1392 suam
1974 1339 2114 1394 Deus

523 1407 794 1462 hominem
823 1407 969 1475 fecit,
997 1425 1102 1462 non
1127 1407 1179 1462 in
1207 1423 1450 1476 corpore.
1482 1410 1574 1462 sed
1609 1410 1890 1471 inanima;
1921 1425 2025 1464 non
2056 1411 2108 1463 in

484 1493 488 1522 ;
523 1494 770 1546 corpore,
802 1479 895 1533 sed
929 1480 979 1532 in
1022 1493 1211 1541 sensu;
1245 1495 1349 1532 non
1377 1484 1427 1532 in
1455 1481 1719 1533 exteriore
1750 1481 1983 1542 homine,
2015 1480 2110 1534 sed

488 1597 489 1600 η
521 1549 575 1602 in
609 1551 832 1603 ratione.
859 1550 1152 1616 Animaque
1184 1550 1432 1614 hominis,
1458 1560 1513 1603 ut
1537 1550 1735 1604 dictum
1763 1560 1862 1614 cst,
1899 1551 2015 1603 ideo
2047 1551 2112 1604 ad

522 1619 808 1686 imaginem
857 1621 944 1673 Dei
979 1621 1110 1672 faeta
1154 1636 1271 1674 esse
1300 1621 1627 1688 perhibetur,
1675 1622 1791 1689 quia
1825 1622 2114 1690 spiritualis

521 1702 765 1743 creatura
795 1700 877 1744 est
908 1690 1186 1743 invisibilis
1227 1700 1280 1744 et
1307 1692 1619 1757 incorporea
1651 1701 1808 1758 atque
1834 1692 2110 1744 immorta-

522 1759 584 1830 lis
623 1779 633 1812 :
680 1777 782 1813 non
826 1761 892 1814 de
933 1761 1224 1813 substantia
1259 1761 1348 1814 Dei
1390 1761 1644 1830 originem
1691 1763 1941 1827 trahens,
1977 1763 2114 1815 sicut

523 1829 799 1883 Manichaei
854 1840 907 1884 et
963 1831 1381 1884 Priscillianista:
1437 1829 1673 1885 hieretici
1732 1833 1859 1884 false
1910 1833 2108 1900 Opinati

521 1910 676 1961 sunt;
707 1901 797 1954 sed
826 1916 890 1954 ex
925 1900 1089 1954 nihilo
1113 1918 1142 1954 a
1175 1903 1281 1954 Deo
1307 1911 1503 1954 creata.
1536 1903 1664 1968 Qua:
1693 1903 1899 1956 initium
1930 1902 2109 1968 habet,

522 1972 681 2023 linem
707 1988 832 2024 vero
856 1971 1050 2024 habere
1081 1971 1265 2024 nescit.
1291 1974 1419 2036 Quae
1443 1972 1670 2025 lmrnana
1694 1974 1892 2039 anima,
1920 1974 1989 2026 ob
2012 1974 2112 2028 hoc

520 2041 662 2108 quod
709 2058 734 2094 a
773 2043 879 2093 Deo
919 2042 1227 2105 rationalis,
1264 2042 1402 2109 quod
1433 2042 1804 2097 intellectualis
1833 2043 1965 2096 facta
1993 2053 2106 2106 est,

521 2110 695 2178 imago
728 2112 818 2164 Dei
850 2126 970 2164 esse
1013 2112 1224 2166 dicitur.
1275 2112 1416 2167 Inest
1459 2114 1599 2167 enim
1641 2113 1716 2167 illi
1749 2131 1841 2182 per
1869 2124 2110 2167 naturam

519 2183 794 2254 rationalis
824 2197 1032 2254 sensus,
1065 2199 1159 2250 per
1184 2199 1341 2254 quem
1373 2183 1635 2252 intelligit,
1662 2186 1818 2252 sapit,
1848 2193 2004 2254 atque
2031 2185 2113 2238 in-

516 2259 602 2304 ter
632 2253 823 2305 bomnn
859 2253 1161 2321 malumque
1199 2253 1474 2307 discernit.
1523 2255 1664 2308 Inest
1706 2257 1774 2308 illi
1817 2253 2106 2318 memoria,

517 2336 614 2390 per
658 2339 814 2392 quam
863 2333 1124 2377 transacta
1158 2325 1468 2377 recordatur
1509 2342 1523 2378 :
1567 2329 1706 2379 inest
1736 2327 1978 2379 voluntas
2016 2341 2110 2392 per

517 2408 675 2465 quam
702 2410 821 2462 qua:
847 2395 957 2447 vult
981 2395 1125 2462 eligit
1149 2412 1160 2446 :
1193 2395 1331 2449 inest
1358 2410 1566 2454 sensus.
1602 2412 1696 2465 per
1720 2413 1876 2464 quem
1904 2407 1953 2448 et
1983 2411 2106 2448 sen-

517 2463 581 2516 tit
627 2481 639 2515 :
692 2465 828 2519 inest
859 2465 1029 2532 ratio,
1065 2480 1158 2534 per
1194 2481 1353 2536 quam
1384 2477 1437 2521 et
1482 2463 1687 2522 occulta
1731 2463 1785 2522 et
1826 2466 2106 2520 invisibilia

581 2619 597 2649 ¹
632 2617 703 2668 sic
719 2625 802 2668 Ms.
828 2621 1109 2670 Victorinus.
1136 2626 1192 2669 At
1215 2620 1348 2682 editi,
1372 2621 1650 2672 substantia.

1987 377 2351 436 APPENDIX.

3673 391 3813 450 £208

2226 502 2632 572 contemplatur,
2664 515 2760 570 per
2786 515 2944 571 quam
2998 498 3164 572 Deum
3209 510 3507 572 creatorem
3547 516 3705 558 suum
3757 507 3806 561 in

2225 571 2577 646 telligitggper
2602 588 2759 646 quam
2799 586 2923 626 vera
2949 586 2996 646 ad
3022 571 3484 646 falsis-discernit,
3527 588 3626 642 per
3653 591 3811 646 quam

2225 643 2506 697 invisibilia
2551 653 2601 697 et
2649 643 2812 696 Deum
2858 642 3027 697 oculis
3068 642 3246 697 cordis
3291 642 3688 712 contemplatur
3716 661 3810 703 seu

2225 715 2531 780 speculatur
2557 715 2594 766 ‘.
2628 714 2679 766 In
2710 715 2790 767 his
2815 714 3061 766 omnibus
3089 716 3265 768 anima
3316 714 3551 769 hominis
3574 716 3642 770 ad
3675 718 3808 773 ima-

2222 785 2396 850 ginem
2431 785 2523 840 Dei
2549 784 2680 839 facta
2708 800 2827 839 esse
2855 795 3100 838 narratur
3130 802 3142 837 :
3169 785 3284 838 hinc
3302 787 3477 839 omnia
3504 789 3807 845 communia

2227 855 2384 909 habet
2407 872 2527 910 cum
2558 857 2778 921 angelis,
2807 871 3000 924 corpus
3027 871 3152 910 vero
3179 871 3300 910 cum
3331 857 3653 910 animalibus
3683 859 3809 912 bru-

2224 925 2290 979 tis
2319 943 2436 996 qua:
2465 927 2728 980 intellectu
2760 937 2963 980 carent.
2997 926 3173 997 gllujus
3201 928 3390 980 animae
3421 929 3572 997 origo
3601 934 3810 985 occulta

2222 1006 2324 1062 est,
2369 1008 2421 1051 et
2464 998 2561 1050 soli
2596 998 2704 1050 Deo
2731 997 2962 1065 cognita.
2992 996 3104 1064 Ipsa
3134 1011 3347 1067 quoque
3372 996 3546 1050 anima
3578 999 3809 1054 hominis

2221 1083 2318 1138 pro
2340 1083 2406 1122 eo
2425 1067 2564 1134 quod
2585 1069 2871 1137 spiritualis
2895 1079 3134 1121 creatura
3157 1075 3257 1132 e'st,
3289 1069 3339 1120 in
3362 1083 3510 1123 sacra
3534 1068 3808 1138 Scriptura

2220 1137 2503 1207 aliquando
2546 1140 2762 1206 spiritus
2789 1138 3003 1198 dicitur,
3048 1139 3335 1206 aliquando
3374 1154 3502 1193 vero
3547 1137 3735 1194 natura
3765 1144 3806 1207 ³,

2219 1209 2502 1276 aliquando
2529 1210 2688 1262 etiam
2719 1209 2821 1262 vita
2844 1250 2857 1270 ,
2891 1224 3270 1276 nonnunquam
3300 1225 3428 1264 vero
3457 1225 3551 1264 eor
3577 1227 3697 1265 esse
3727 1212 3806 1265 di-

2218 1279 2357 1333 citur
2385 1299 2398 1333 :
2443 1290 2495 1334 et
2521 1297 2640 1333 cum
2666 1280 2735 1332 sit
2773 1295 2872 1332 una
2903 1278 2952 1332 in
2981 1289 3171 1333 natura
3203 1295 3294 1333 sua
3321 1321 3337 1344 ,
3385 1291 3604 1349 propter
3634 1283 3805 1336 varios

2218 1350 2438 1403 effectus
2468 1350 2508 1410 ³,
2555 1352 2760 1404 diversa
2812 1349 3064 1403 voeabula
3116 1351 3302 1404 sortita
3355 1362 3454 1404 est.
3509 1353 3803 1404 Similitudo

2218 1436 2349 1474 vero
2378 1421 2468 1476 Dei
2502 1422 2552 1474 in
2585 1421 2795 1473 nomine
2823 1420 3050 1473 refertur
3073 1419 3140 1474 ad
3163 1435 3297 1489 opus
3318 1420 3561 1490 justitim,
3591 1422 3799 1476 dicente

2221 1492 2444 1545 Domino
2482 1493 2534 1546 in
2562 1492 2730 1559 Lege.
2761 1491 2938 1545 Sancti
2977 1501 3158 1555 estote,
3190 1491 3310 1559 quia
3346 1508 3436 1560 ego
3468 1505 3671 1545 sanctus
3697 1511 3804 1545 sunt

2216 1560 2357 1615 Deus
2378 1573 2532 1615 uester
2563 1563 2743 1632 (Leuit.
2785 1578 2896 1632 xix,
2938 1562 3016 1628 9).
3068 1561 3141 1614 De
3181 1578 3282 1629 qua
3311 1563 3590 1632 sanctitate
3623 1563 3804 1615 beatus

2219 1632 2413 1687 Paulus
2439 1630 2712 1702 apostolus
2741 1631 3030 1685 informans
3063 1646 3159 1685 nos
3186 1632 3288 1696 ait,
3337 1630 3672 1686 Renovamini
3697 1635 3802 1702 spi-

2217 1705 2317 1756 ritu
2345 1705 2521 1757 mentis
2561 1714 2734 1756 vestra!
2758 1745 2772 1764 ,
2813 1713 2858 1756 et
2889 1703 3081 1754 induite
3111 1718 3290 1754 novum
3319 1703 3571 1756 hominem
3602 1705 3685 1773 qui
3725 1721 3803 1755 se-

2217 1776 2435 1826 cundum
2461 1775 2620 1827 Deum
2648 1783 2843 1826 creatus
2866 1783 2938 1826 est
2967 1774 3017 1824 in
3036 1773 3238 1838 jnstitia
3265 1782 3310 1825 et
3335 1776 3603 1826 sanctitate
3628 1775 3804 1826 verita-

2217 1847 2280 1898 tis
2323 1845 2550 1915 (Ephes.
2585 1861 2654 1909 Iv,
2697 1844 2768 1897 25
2793 1842 2933 1915 )LEI
2981 1843 3169 1915 iterum
3203 1843 3351 1912 ipse,
3394 1841 3686 1915 Inritatores
3711 1845 3804 1896 mei

2215 1912 2556 1978 estote,'sicut
2595 1925 2640 1968 et
2678 1931 2767 1984 ego
2796 1912 2982 1968 Christi
3029 1913 3083 1972 (Ι
3116 1912 3231 1964 Cor.
3262 1915 3420 1984 3:1,”!
3450 1913 3492 1982 ).
3528 1915 3590 1967 Ει
3622 1914 3804 1968 beatus

2215 1985 2447 2041 Joannes
2474 1983 2761 2040 exhortans
2787 1985 2879 2041 ait.
2914 1984 3013 2046 Qui
3041 1984 3162 2034 dicit
3186 2000 3238 2035 se
3268 1984 3320 2035 in
3353 1983 3554 2036 Christo
3581 2001 3800 2048 manere,

2217 2056 2355 2110 debet
2381 2058 2508 2110 sicut
2535 2055 2620 2109 ille
2639 2055 2907 2108 ambulavit
2929 2065 2974 2106 et
2995 2054 3083 2124 ille
3103 2053 3364 2106 ambulare
3387 2053 3430 2119 (l
3453 2052 3610 2107 Joan.
3639 2070 3696 2110 ll.
3725 2055 3800 2124 6).

2218 2128 2284 2180 Et
2317 2127 2522 2180 Veritas
2551 2128 2601 2180 in
2633 2125 2914 2194 Evangelio
2939 2166 2952 2186 ,
2985 2123 3159 2176 Estote
3188 2124 3544 2194 misericordes,
3574 2126 3722 2194 sicut
3751 2123 3799 2176 et

2219 2199 2374 2252 Pater
2398 2209 2553 2250 vester
2581 2192 2798 2250 caelestis
2822 2196 3108 2248 misericors
3138 2204 3209 2247 est
3235 2192 3376 2258 (Luc.
3401 2211 3472 2257 VI,
3648 2195 3798 2248 Sicut

2213 2271 2354 2321 enim
2389 2270 2559 2336 imago
2592 2268 2682 2321 Dei
2721 2266 2783 2320 ad
2830 2276 3072 2319 naturam
3122 2265 3352 2334 pertinet
3377 2266 3592 2327 animm,
3633 2266 3705 2318 ita
3746 2274 3800 2319 et

2215 2339 2507 2392 similitudo
2537 2341 2762 2392 refertur
2787 2337 2852 2390 ad
2877 2353 3008 2406 opus
3041 2336 3280 2404 iustitiae.

2277 2433 2295 2463 ι
2329 2438 2410 2480 Ms.
2441 2431 2704 2479 \icturinus
2727 2435 2777 2478 et
2795 2428 3044 2478 Vaticanus
3060 2463 3074 2487 ,
3111 2434 3157 2477 et
3191 2424 3252 2476 de
3275 2425 3425 2476 oculis
3449 2424 3612 2475 cordis
3635 2437 3801 2487 specu-

2213 2492 2409 2604 ΜΨ
2431 2557 2680 2602 Vaticanus
2697 2558 2750 2602 et
2773 2553 3056 2607 Victorinus,
3081 2548 3342 2613 aliquando
3360 2548 3544 2600 anima.

2275 2618 2297 2651 ³
2329 2623 2411 2666 Hs.
2438 2617 2722 2675 Victorinus,
2750 2613 2960 2664 diversos
2984 2614 3196 2676 aﬁectus.

524 2733 3796 2756 Μ

1646 2893 1846 2995 DE
1904 2826 2656 2994 iUNITATE

976 3104 1926 3253 SANCTZE
2045 3095 3348 3258 TRINITATIS

1788 3339 2387 3424 DIALOGUS
2419 3326 2533 3411 (α).

1940 3496 2363 3552 «me

581 3629 716 3685 Cum
745 3643 830 3682 me
857 3627 1078 3697 pervigil
1106 3626 1227 3681 ﬁdei
1253 3641 1377 3680 cura
1409 3624 1624 3679 fecisset
1638 3637 1983 3697 exsomnem,
2009 3621 2093 3697 his

507 3716 597 3757 me
619 3692 1126 3767 interrogationibus
1149 3697 1476 3763 perenntavi,
1506 3707 1558 3749 et
1581 3695 1670 3749 tali
1697 3696 1872 3749 studio
1897 3692 2094 3767 scholge

508 3781 708 3827 nestrze
739 3764 912 3823 lumen
946 3768 1188 3822 accendi.
1228 3768 1436 3821 Judicet
1473 3783 1600 3820 vero
1640 3767 1826 3830 lector,
1860 3780 1924 3817 an
1967 3764 2094 3817 utile

505 3843 607 3897 sibi
641 3842 740 3894 hoc
769 3842 869 3903 sit;
901 3840 1027 3892 mihi
1061 3848 1259 3904 tamen,
1293 3839 1336 3893 si
1366 3839 1692 3905 neglexerit,
1737 3835 1865 3888 nihil
1895 3834 2095 3887 subtra-

508 3914 606 3966 hit.
634 3913 1038 3966 INTERROGATIO.
1068 3911 1243 3970 Pater,
1270 3909 1528 3978 inquiunt,
1561 3908 1698 3978 Deus
1719 3907 1837 3978 est?
1865 3905 2092 3978 Rsseon:

507 3999 605 4038 SIO.
657 3982 767 4036 Nec
821 3982 1070 4050 profanus
1123 3976 1354 4050 ignorat.—
1403 3980 1513 4033 In'r.
1556 3977 1736 4050 Filius
1793 3976 2093 4050 Dens_est?

511 4054 674 4109 RBSP.
709 4045 997 4120 Apostolus
1031 4045 1181 4104 testis
1202 4060 1302 4104 est.
1331 4049 1442 4120 lar.
1466 4048 1600 4115 Quid
1629 4047 1768 4100 enim
1792 4046 1898 4099 ait?
1927 4045 2086 4100 Resp.

514 4124 740 4189 Quorum
760 4119 771 4120 ί
784 4132 980 4189 patres,
1013 4131 1059 4173 et
1090 4137 1152 4173 ea:
1176 4120 1351 4189 quibus
1391 4119 1630 4189 Christus
1657 4120 1930 4189 secundum
1971 4133 2088 4189 car-

506 4185 620 4246 tu».
664 4193 746 4260 qui
785 4185 862 4244 est
901 4185 1051 4258 super
1087 4185 1255 4243 omnes
1297 4189 1435 4242 Deus
1479 4188 1761 4241 benedictus
1802 4188 1853 4240 in
1901 4185 2090 4260 stecula

535 4259 683 4317 Rom.
713 4278 785 4323 Ix.
816 4262 894 4329 5).
930 4261 1039 4315 lar.
1067 4261 1202 4326 Quid
1233 4260 1300 4314 de
1329 4260 1524 4326 Spiritu
1555 4259 2090 4329 sanctoautumaris?

555 4350 664 4388 ese.
705 4327 890 4401 Magna
930 4331 1059 4385 mihi
1105 4333 1334 4384 brevitas
1365 4329 1584 4383 docendi
1612 4327 1769 4401 quod
1799 4327 2084 4401 Deus_sit,

503 4398 842 4470 suffragatur.
875 4403 982 4456 ln'r.
1014 4402 1141 4469 Qute
1169 4402 1251 4454 illa
1275 4403 1362 4467 sit,
1392 4416 1523 4453 aveo
1550 4399 1708 4454 scire.
1737 4398 1901 4470 lisse.
1935 4399 2087 4466 Quod

504 4489 568 4529 ex
605 4469 760 4528 Patre
801 4473 1089 4541 procedat:
1124 4471 1339 4540 probem
1369 4471 1540 4524 solum
1562 4511 1577 4536 ,
1610 4469 1748 4541 quod
1791 4478 1845 4522 et
1876 4477 2086 4538 peccata

500 4545 750 4598 dimittat.
785 4539 894 4598 livr.
929 4543 1026 4598 Ubi
1058 4539 1196 4595 istud
1230 4542 1393 4611 legis?
1423 4541 1584 4594 R359.
1615 4539 1671 4593 In
1701 4539 1936 4602 Joanne,
1966 4556 2084 4594 cum

501 4615 782 4668 insufllavit
831 4613 1082 4667 Dominus
1113 4613 1165 4666 in
1213 4613 1394 4666 faciem
1434 4611 1812 4680 discipulorum
1835 4651 1848 4671 ,
1881 4621 1936 4665 et
1971 4611 2083 4665 ait:

498 4685 725 4756 Accipite
770 4685 1018 4752 Spiritum
1061 4693 1287 4736 sanctum
1324 4698 1341 4736 :
1383 4700 1598 4756 quorum
1631 4682 1924 4756 remiseritis
1964 4698 2083 4748 pec-

496 4751 643 4822 cata,
686 4751 890 4811 remissa
929 4764 1105 4818 erunt;
1151 4763 1195 4806 et
1238 4770 1450 4820 quarunt
1499 4753 1839 4817 detinueritis,
1890 4751 2087 4805 detenta

497 4837 610 4880 sunt
642 4825 819 4897 (Joan.
852 4842 948 4897 xx,
969 4823 1059 4887 2‘2,
1086 4824 1201 4897 25).
1225 4826 1350 4897 Alnr.
1380 4823 1518 4897 Nihil
1543 4822 1937 4897 fortius._llese.
1968 4823 2081 4876 Alia

497 4892 659 4950 multa
692 4896 902 4951 nescis?
934 4895 1042 4948 In'r.
1075 4892 1241 4962 Quae?
1277 4895 1432 4947 lisse.
1465 4893 1613 4960 Quod
1640 4892 1909 4946 Christum
1939 4901 2085 4947 creat

493 4966 546 5020 in
577 4969 813 5031 viscere,
859 4965 998 5029 quod
1041 4981 1199 5034 super
1235 4964 1504 5019 Christum
1536 4965 1693 5034 venit
1736 4965 1785 5016 in
1828 4963 2078 5030 ﬂumine,

493 5037 635 5105 quod
680 5038 910 5090 vivilicat
953 5033 1164 5099 omnia,
1211 5035 1350 5104 quod
1399 5033 1722 5105 Baptismum
1769 5043 2077 5105 consecrat,

491 5103 631 5176 quod
662 5105 928 5161 Christum
955 5106 1154 5174 dirigit,
1187 5103 1324 5175 quod
1355 5103 1757 5176 repletur-hem,
1789 5104 1929 5176 quod
1957 5104 2078 5176 Tri-

491 5175 640 5232 tiitati
672 5186 1006 5240 contaxalur,
1035 5176 1175 5245 quod
1207 5179 1381 5236 novit.
1427 5175 1568 5244 capit
1607 5184 1660 5230 et
1703 5175 1835 5243 regit
1865 5175 2074 5240 omnia,

490 5263 589 5302 nec
612 5248 785 5302 solum
814 5248 1106 5313 tenestria,
1139 5247 1230 5301 sed
1265 5257 1318 5300 et
1337 5247 1594 5308 cmlestia,
1624 5245 1762 5315 quod
1792 5245 2101 5312 Apostolus

489 5318 639 5386 eligit
687 5334 748 5372 ac
778 5317 1038 5382 destinat,
1072 5318 1210 5386 quod
1249 5318 1385 5372 dena
1419 5334 1510 5372 sua
1541 5326 1594 5371 et.
1626 5318 1929 5385 prophetias
1957 5315 2076 5384 qui-

489 5388 587 5444 bus
609 5390 736 5443 velit
757 5390 1022 5457 impertiat
1051 5406 1062 5442 :
1096 5399 1149 5443 et
1174 5389 1321 5458 plura
1348 5405 1464 5458 quae
1493 5389 1544 5442 in
1567 5387 1854 5456 Scripturis
1877 5387 2074 5440 sanctis

2199 3620 2400 3689 posita,
2441 3619 2506 3674 ad
2536 3628 2865 3675 momentum
2898 3635 3003 3676 non
3028 3632 3334 3678 occurrunt.
3367 3621 3436 3677 Et
3461 3624 3506 3677 si
3536 3624 3653 3679 istis
3680 3641 3784 3680 non

2203 3692 2462 3760 tangeris,
2505 3691 2634 3744 mihi
2677 3701 2850 3745 tamen
2884 3693 3054 3746 solum
3096 3694 3234 3760 quod
3271 3693 3339 3747 de
3369 3693 3528 3748 Patre
3575 3705 3690 3759 est.
3722 3697 3785 3751 ad

2199 3761 2573 3816 documentum
2604 3761 2814 3816 deitatis
2847 3763 3011 3828 ipsius
3040 3761 3356 3819 suffeciSsct.
3401 3765 3535 3820 Sunt
3565 3776 3620 3820 et
3658 3782 3784 3821 sen-

2200 3833 2378 3887 tentia:
2409 3833 2738 3905 singulares,
2769 3831 2928 3905 hujus
2969 3834 3172 3888 scilicet
3198 3835 3433 3888 veritatis
3457 3838 3784 3905 astipulatri-

2198 3918 2308 3967 ces,
2344 3913 2399 3956 ttt
2426 3904 2527 3956 illa:
2552 3903 2696 3957 Pauli
2725 3921 2736 3957 :
2772 3903 3052 3958 Divisiones
3074 3905 3463 3958 ministeriorum
3483 3903 3624 3970 sunt,
3654 3909 3785 3961 idem

2196 3974 2304 4042 ipse
2333 3972 2612 4046 Dominus;
2639 3984 2686 4027 et
2712 3974 2980 4028 divisiones
3008 3977 3356 4044 operationum
3383 3987 3520 4038 sunt,
3552 3978 3662 4046 ipse
3689 3996 3786 4030 au-

2197 4054 2293 4117 tem
2321 4044 2476 4111 Deus,
2503 4046 2587 4114 qui
2608 4056 2846 4117 operatur
2871 4045 3039 4117 omnia
3059 4047 3111 4098 in
3133 4047 3360 4100 omnibus
3383 4047 3424 4115 (I
3447 4044 3678 4111 Con-xu,
3703 4050 3782 4117 5).

2196 4114 2262 4168 Et
2287 4116 2423 4171 inter
2447 4114 2647 4190 cetera
2669 4115 2812 4170 Petri
2845 4135 2856 4168 :
2893 4115 2958 4168 In
2981 4117 3218 4176 veritate.
3254 4114 3424 4190 inquit
3445 4161 3460 4185 ,
3493 4120 3596 4171 scio
3618 4160 3634 4183 ,
3665 4114 3786 4190 quia

2196 4197 2394 4259 nonest
2434 4185 2567 4259 Deus
2607 4204 2932 4259 personarum
2970 4198 3222 4257 acceptor.
3264 4185 3397 4242 Ctim
3439 4185 3688 4259 cogitanti
3728 4201 3784 4245 et

2197 4255 2458 4330 limsitanti
2589 4255 2981 4330 Visu,Spiritus
3012 4255 3227 4312 sanctus
3251 4259 3477 4330 dixerit,
3509 4255 3696 4330 Surge.
3730 4271 3778 4315 et

2193 4327 2325 4401 unde
2344 4345 2458 4401 cum
2480 4327 2593 4401 illis
2604 4328 2747 4401 _nihil
2759 4329 3008 4401 dubitans
3031 4346 3048 4392 ;
3075 4346 3166 4397 ego
3189 4329 3302 4383 misi
3327 4330 3443 4384 illos
3472 4331 3538 4383 ad
3564 4327 3774 4401 ιε’(Αεῑ.

2196 4413 2234 4470 ξ
2251 4437 2262 4454 .
2300 4397 2397 4470 20,
2432 4396 2541 4466 54).
2575 4397 2705 4470 Nam
2754 4399 2918 4452 David
2950 4396 3318 4468 smpenumero
3355 4418 3474 4454 eum
3507 4396 3780 4470 nuncupat

2194 4464 2443 4539 Spiritum
2479 4464 2665 4520 rectum
2692 4469 2740 4521 in
2766 4464 3206 4539 quinquagesimo
3235 4472 3459 4539 psalmo.
3497 4464 3775 4527 Dominum

2197 4537 2364 4610 Deum
2393 4539 2621 4610 appellat
2650 4539 2700 4592 in
2723 4537 3064 4610 nonagesimo
3087 4537 3257 4610 primo
3286 4561 3297 4593 :
3336 4541 3585 4608 Quoniam
3615 4555 3776 4597 rectus

2190 4618 2263 4684 est
2283 4650 2297 4671 ,
2328 4608 2497 4678 inquit
2514 4608 2816 4684 ,_>Dorninus
2852 4609 2990 4664 Deus
3017 4608 3200 4677 noster,
3238 4623 3286 4665 et
3315 4629 3414 4684 non
3441 4624 3510 4667 est
3535 4615 3776 4684 iniquitas

2190 4676 2242 4730 in
2271 4697 2366 4753 eo;
2397 4676 2450 4734 et
2470 4723 2482 4744 ,
2518 4679 2943 4753 Dominussuper
2968 4699 3124 4752 aquas
3152 4676 3355 4745 multas,
3387 4683 3438 4737 in
3469 4676 3674 4753 psalmo
3701 4687 3776 4737 vi—

2187 4752 2390 4818 gesimo
2417 4761 2604 4804 octavo
2631 4751 2827 4820 prodit,
2859 4753 3048 4821 quibus
3079 4753 3129 4806 in
3151 4755 3368 4808 exordio
3407 4751 3503 4808 suo
3546 4755 3774 4808 Genesis

2190 4821 2440 4891 Spiritum
2488 4821 2580 4891 Dei
2625 4823 2908 4889 superferri
2953 4823 3217 4891 depromit
3246 4823 3394 4891 (Gen.
3424 4841 3438 4878 t
3463 4866 3476 4886 ,
3509 4823 3590 4891 2).
3622 4823 3772 4879 Licet

2189 4883 2313 4944 illud
2341 4883 2910 4966 m:mifeste_tn'weritu,
2934 4883 3198 4966 nunquam
3224 4883 3570 4966 annumerari
3595 4893 3767 4966 Spiri-

2182 4971 2296 5036 tum
2339 4971 2577 5036 sanctum
2620 4961 2914 5036 Pa_tri,rvel
2957 4961 3116 5018 etiam
3157 4964 3290 5018 Filio
3330 4966 3599 5036 potuisse,
3641 4961 3760 5021 cum

2185 5031 2383 5106 d_ict_um
2409 5035 2474 5106 si_t
2493 5031 2646 5106 ,gIgte,
2679 5033 3126 5106 buptizateggcntes
3167 5037 3214 5088 in
3254 5031 3454 5090 nomine
3483 5035 3686 5101 Patris,
3717 5046 3760 5089 et

2186 5100 2328 5177 [fi/ii,
2355 5112 2398 5154 et
2429 5102 2652 5170 Spiritus
2681 5100 2844 5177 sancti
2871 5100 3082 5175 (Matth.
3113 5122 3300 5170 xxvnt,
3332 5106 3420 5177 19)
3449 5125 3461 5160 :
3490 5109 3593 5160 nisi
3625 5107 3761 5160 socia

2185 5171 2379 5245 deitate
2401 5184 2663 5245 regnaret.
2690 5174 2793 5228 ls'r.
2821 5171 2954 5242 Quid
2979 5177 3143 5245 ergo?
3167 5187 3273 5231 tres
3301 5171 3574 5231 Dei'sunt?
3603 5178 3759 5231 lisse.

2183 5244 2373 5298 Absit:
2407 5244 2717 5312 Sacri/imus
2744 5246 2840 5300 diis
2869 5244 3222 5309 eradicabitnr,
3256 5248 3353 5301 nisi
3398 5247 3619 5301 Domino
3647 5248 3758 5302 soli.

2184 5313 2293 5368 lnr.
2329 5316 2542 5388 Anduo
2561 5315 2726 5388 sunt?
2751 5317 2910 5372 Resr.
2944 5318 3308 5388 Nequaquam,
3336 5319 3456 5388 quia
3486 5335 3645 5372 nemo
3673 5334 3763 5388 po-

2184 5395 2284 5440 test
2311 5385 2516 5440 duobus
2541 5385 2769 5442 dominis
2792 5389 2996 5442 servire
3029 5385 3239 5459 (Ιάξγι,
3261 5385 3375 5459 24)ζ
3408 5389 3517 5443 ls'r.
3545 5385 3759 5446 Unusue

547 5503 619 5564 (α)
643 5501 795 5573 ignoti
805 5504 1036 5573 auctoris,
1054 5501 1142 5552 sed
1159 5502 1496 5573 antiquissimi.
1514 5509 1610 5573 non
1629 5508 1792 5572 exstat
1809 5501 1857 5549 in
1879 5498 3021 5573 codicibusannoruiu“octingentorum,lduobus
3040 5498 3282 5573 videlicet
3302 5503 3612 5573 nemigianis,
3629 5517 3754 5573 _quo-

483 5559 740 5615 rum'alter
764 5561 954 5613 titulum
977 5565 1082 5611 sine
1102 5559 1348 5624 Augustini
1374 5565 1567 5612 nomine
1586 5563 1713 5612 hunc
1729 5563 1882 5624 ipsum
1902 5561 2172 5623 praemittit,
2201 5579 2223 5606 ι
2255 5561 2420 5621 Incipit
2442 5559 2640 5624 libellus
2673 5574 2763 5610 seu
2797 5561 3016 5623 dialogus
3041 5563 3106 5610 de
3133 5563 3321 5613 Unitate
3354 5559 3534 5613 sancta:
3563 5559 3762 5615 't‘ritiita-

491 5646 512 5671 ι
532 5629 618 5690 tis;
635 5645 656 5671 ι
686 5625 811 5675 alter
833 5633 995 5673 autem
1013 5622 1540 5690 dialogiunsugustiuo
1558 5622 2246 5690 tribuitbaccejitiscriptione,
2260 5641 2281 5666 tt
2305 5622 2474 5683 incipit
2500 5629 2746 5690 tractatus
2761 5625 2910 5690 sancti
2930 5622 3188 5686 ’Augustiui
3208 5626 3418 5690 episcopi
3442 5638 3470 5674 a
3492 5630 3760 5690 semetipso

490 5708 511 5733 ι
529 5689 587 5737 ad
607 5684 952 5749 semetipsum:
977 5703 997 5729 ι
1029 5684 1378 5748 ίξιιδοὴυίιιυηῂ
1401 5688 1467 5735 uti
1490 5688 1608 5736 satis
1630 5701 1692 5736 ex
1712 5686 1904 5749 dicendi
1929 5689 2116 5734 ratione
2135 5684 2306 5746 liquet,
2331 5685 2524 5749 tantetsi
2546 5685 2639 5733 iste
2674 5687 2779 5749 ipse
2802 5685 2952 5749 eodm
2980 5684 3095 5734 ante
3119 5684 3274 5734 annos
3295 5684 3490 5749 circiter
3507 5684 3762 5749 octingen-

483 5757 558 5798 tos
575 5744 1016 5815 scriptusjputetur,
1037 5756 1087 5797 et
1103 5749 1165 5815 ad
1182 5744 1430 5811 antiquius
1445 5749 1572 5815 aliud
1599 5748 1849 5815 exemplar
1871 5755 2116 5801 exoratus.
2139 5744 2776 5815 quemadmodum_ostendit
2793 5747 3026 5815 scriptura
3051 5749 3155 5798 haec
3170 5749 3234 5815 in
3253 5748 3554 5815 dialogigt‘tne
3577 5744 3759 5801 calam

483 5807 684 5875 prorsus
704 5807 877 5875 eodem
902 5812 1038 5866 facta,
1066 5807 1251 5859 scilicet
1270 5807 1375 5870 post
1397 5813 1619 5872 verbum,
1653 5825 1674 5858 α
1689 5807 2040 5870 nanciscantur,
2058 5825 2080 5855 ι
2104 5807 2332 5859 continuo
2355 5809 2405 5858 in
2427 5808 2530 5870 ipsa
2552 5807 2680 5861 linea
2698 5807 2941 5872 sequitur,
2973 5829 2997 5858 ι
3017 5809 3223 5875 Contuli,
3241 5819 3297 5862 ut
3319 5807 3471 5874 potui,
3493 5825 3607 5864 cum
3627 5815 3758 5866 0mm

484 5869 683 5921 bolertia
704 5885 716 5921 :
739 5871 822 5936 qui
850 5875 991 5933 legis,
1010 5884 1094 5922 ora
1117 5883 1204 5932 pro
1226 5869 1325 5920 me.
1341 5888 1364 5916 ι
