4072 6444
351 513 527 570 robari
551 513 713 570 licet?
738 514 897 571 lisse.
924 514 1111 574 Nullus
1128 517 1270 574 Deus
1292 518 1395 573 nisi
1415 532 1572 572 unus.
1595 516 1707 579 lar.
1738 516 1879 572 istud

333 590 474 653 ego:
517 586 613 640 sed
651 586 878 656 qualiter
916 587 970 641 id
1005 588 1074 643 de
1116 598 1222 644 tota
1260 588 1516 643 Trinitate
1550 603 1733 642 verum
1772 587 1874 651 sit,

314 669 472 710 nosse
496 656 637 710 volo.
672 657 829 711 lisse.
873 657 1050 721 Scies,
1096 660 1138 711 si
1184 666 1410 714 mentem
1451 658 1605 713 dictis
1654 658 1877 725 intigas:

314 725 472 797 Pater
494 727 635 780 enim
656 734 948 780 est‘nomen
970 729 1363 797 appellativum,
1390 729 1552 782 Filius
1582 737 1660 782 est
1687 743 1878 780 nomen

311 796 718 864 appellativum,
741 867 747 868 γ
768 798 836 850 ita
867 812 1076 867 quoque
1107 798 1333 868 Spiritus
1359 807 1573 853 sanctus
1603 798 1880 868 appellati-

312 880 436 919 vum
466 873 521 920 et
549 867 787 920 naturale
814 882 1009 921 nomen
1038 866 1314 923 estJLicet
1340 869 1494 922 Pater
1521 867 1585 920 ad
1606 866 1799 922 Filiutn
1827 875 1882 921 et

316 935 483 990 Filius
511 937 576 989 ad
606 936 815 990 Patrem
842 937 1069 1004 dicatur,
1100 940 1315 993 relativa
1360 937 1473 991 haec
1499 939 1708 991 nomina
1748 954 1880 993 nun-

310 1015 588 1075 cupentur.
633 1007 768 1061 Deus
795 1012 969 1061 antem
1002 1024 1193 1063 nomen
1239 1018 1321 1062 est
1361 1010 1627 1075 proprium
1658 1008 1795 1061 Patri
1831 1017 1883 1062 et

312 1073 450 1146 Filio
484 1084 537 1128 et
576 1076 791 1146 Spiritui
831 1087 1051 1131 sancto:
1095 1081 1230 1132 sicut
1264 1073 1511 1132 scribitur
1549 1079 1599 1130 in
1638 1079 1877 1144 Psalmo,

311 1145 602 1199 Secundum
620 1145 810 1200 nomen
845 1157 1014 1212 mum,
1043 1147 1181 1203 Deus
1199 1190 1213 1214 ,
1244 1149 1316 1201 ila
1342 1158 1386 1201 et
1427 1149 1535 1201 laus
1564 1159 1650 1201 tua
1678 1149 1729 1201 in
1759 1152 1883 1214 lines

312 1224 459 1268 term:
485 1214 656 1289 (Paul.
686 1233 848 1282 xsvn,
876 1219 984 1285 ll).
1026 1219 1159 1289 Ergo
1187 1220 1501 1288 appellativa
1545 1221 1751 1271 nomina
1782 1219 1880 1272 Pa-

290 1295 394 1359 [ει-
432 1286 716 1359 ειᾘίιὶιις,
753 1298 812 1359 _et
851 1289 1075 1359 Spiritus
1102 1286 1365 1359 :sanctus;
1415 1289 1681 1359 pmpriuut
1725 1302 1879 1349 vero,

312 1354 487 1427 Deus,
532 1356 703 1423 Deus,
752 1354 908 1411 Deus‘.
953 1357 1061 1411 lar.
1104 1358 1244 1427 Ergo
1276 1368 1383 1412 tres
1415 1354 1489 1425 dii
1515 1354 1686 1410 sunt?
1721 1359 1880 1414 lisse.

315 1425 484 1494 Rogo,
508 1428 685 1481 recole
705 1427 1038 1481 denuo‘aliud
1055 1446 1070 1482 :
1089 1425 1240 1488 Audi,
1262 1428 1461 1489 Israel;
1483 1427 1729 1480 Dominus
1750 1428 1884 1481 Deus

311 1505 446 1569 tuus.
481 1495 723 1569 Dominus
740 1514 872 1551 unus
896 1509 966 1551 est
991 1497 1167 1566 (Deut.
1197 1516 1269 1564 γι,
1297 1498 1371 1569 4).
1407 1498 1653 1569 Videsne,
1682 1512 1881 1569 quaeso,

312 1565 365 1637 in
396 1564 507 1637 h0c_
527 1566 668 1620 dicto
697 1569 924 1635 regalem
950 1569 967 1600 ί
994 1564 1273 1637 quamdam
1302 1564 1631 1637 altitudinem
1658 1564 1884 1624 sensus?

312 1633 425 1690 Im.
467 1634 685 1703 Expone
728 1633 976 1698 breviter,
1010 1633 1239 1692 audiam.
1282 1639 1438 1693 lisse.
1490 1636 1765 1703 Dominus,
1799 1638 1883 1690 in-

311 1706 445 1774 quit,
478 1705 616 1759 Deus
646 1718 780 1772 tuus,
814 1706 1062 1761 Dominus
1084 1725 1214 1762 unus
1243 1720 1331 1762 est.
1377 1709 1434 1761 Ni
1468 1706 1639 1769 fallor,
1676 1707 1759 1760 hic
1790 1708 1886 1760 tri-

312 1790 435 1829 nam
464 1777 783 1846 uexationem
814 1778 902 1831 Dei
926 1779 1128 1832 univit:
1162 1777 1425 1842 Dominus,
1453 1778 1638 1846 inquit,
1669 1785 1723 1830 et
1750 1777 1885 1830 Deus

312 1855 449 1918 tuus,
470 1854 524 1900 et
549 1845 816 1901 Dominus.
850 1848 1021 1918 Habes
1044 1848 1167 1917 quid
1194 1848 1369 1914 Pater,
1398 1845 1728 1918 quid’Filius,
1750 1846 1883 1918 quid

311 1914 541 1983 Spiritus
567 1927 782 1971 sanctus
815 1918 900 1972 sit.
935 1917 1000 1971 Et
1032 1914 1152 1971 mox
1183 1919 1385 1981 intulit,
1414 1914 1583 1971 'Unus
1613 1927 1702 1968 cst.
1736 1914 1781 1971 Ο
1808 1917 1885 1969 lu-

316 2000 438 2056 inen
482 1986 696 2056 unitatis
736 1988 969 2042 clarum!
1021 1987 1129 2042 lu'r.
1180 1987 1281 2043 Ubi
1325 1997 1407 2042 est
1449 2001 1575 2056 ergo
1619 1985 1886 2041 Trinitas?

313 2054 477 2127 lisse.
506 2055 560 2109 In
588 2059 866 2126 gignente,
909 2057 1118 2124 genito,
1146 2070 1197 2112 et
1223 2054 1545 2127 procedente
1565 2057 1659 2127 ;7itl
1690 2065 1799 2119 est,
1830 2056 1886 2127 in

312 2124 499 2199 Patre,
531 2124 767 2199 ethtlio,
811 2138 864 2181 et
892 2128 1091 2199 Spiritu
1119 2124 1303 2199 sancto
1322 2169 1337 2190 ,
1368 2129 1428 2199 in
1449 2126 1778 2199 appellativis
1806 2126 1885 2199 vi-

314 2195 611 2276 delicetnvel
643 2198 895 2276 relativis
902 2195 1223 2276 nominibus.
1258 2197 1369 2276 lar.
1397 2195 1554 2276 Quid,
1584 2195 1634 2276 in
1661 2195 1889 2276 propriis

316 2265 637 2327 nominibus,
672 2266 723 2319 id
751 2276 831 2319 est
862 2267 1019 2329 Deus,
1055 2275 1109 2318 et
1137 2268 1293 2332 Deus,
1320 2274 1376 2319 et
1408 2267 1575 2325 Deus,
1610 2265 1889 2332 Iriplicatio

316 2350 420 2387 non
446 2335 778 2388 admittitur?
811 2336 968 2390 lisse.
1001 2335 1136 2389 Non.
1169 2336 1275 2390 lar.
1303 2335 1518 2400 Quare?
1556 2333 1715 2388 lisse.
1755 2335 1888 2402 Quia

315 2405 813 2477 ututs_est,_propria
830 2407 1083 2477 vocabula
1109 2422 1212 2459 non
1235 2407 1583 2477 triplicnntur.
1609 2403 1719 2477 lar.
1749 2404 1888 2477 Ergo

316 2473 369 2527 in
400 2474 631 2545 relativis
678 2475 976 2530 nominibus
1018 2475 1247 2530 Triniuis
1290 2473 1771 2545 accipitrum-lisse.
1812 2474 1889 2529 lta

316 2551 419 2598 est.
450 2543 558 2615 lu'r.
589 2544 647 2615 in
670 2545 897 2614 quibus?
929 2547 1087 2601 lisse.
1119 2546 1171 2599 lu
1200 2543 1545 2615 personarum
1568 2545 1810 2615 videlicet
1836 2555 1891 2600 et

304 2614 587 2666 nominum
618 2614 970 2683 discretione,
1023 2614 1225 2682 Patris,
1269 2626 1325 2670 et
1370 2615 1521 2679 Filii,
1564 2625 1619 2669 et
1662 2614 1889 2682 Spiritus

315 2683 782 2755 sancti.7Denique
814 2687 926 2755 ipse
962 2686 1205 2740 Christus
1239 2701 1342 2741 non
1384 2686 1488 2746 ait,
1517 2683 1614 2749 Ite,
1645 2685 1891 2753 baptizata

353 2763 487 2824 entes
520 2754 573 2808 in
603 2756 815 2809 nomine
838 2754 1100 2823 deorum;
1131 2756 1256 2824 sed,
1283 2758 1335 2809 in
1376 2755 1576 2809 nomine
1620 2756 1813 2819 Patris,
1844 2765 1891 2808 et

370 2824 465 2888 itii,
494 2834 540 2877 et
570 2825 795 2893 Spiritus
818 2828 1011 2889 sancti,
1042 2837 1096 2879 ut
1127 2827 1437 2882 Trinitatem
1480 2826 1694 2880 doceret
1720 2826 1769 2878 in
1800 2840 1889 2879 re-

317 2891 492 2947 lativis
538 2891 879 2962 personarum
921 2896 1255 2961 nominibus,
1300 2897 1391 2949 Dei
1430 2904 1609 2950 autem
1659 2910 1886 2959 nomen,

318 2964 586 3036 quodnon
610 2965 923 3036 triplicatur,
949 2970 999 3020 in
1023 2966 1387 3036 singularitate
1413 2975 1751 3036 monstraret.
1777 2966 1888 3018 Iu'r.

320 3033 433 3106 Non
459 3050 584 3104 ergo
609 3034 912 3106 discurrunt
943 3033 1150 3106 propria
1177 3053 1297 3091 cum
1328 3034 1700 3106 appellativis?
1728 3035 1888 3106 lisse.

319 3103 645 3158 Discurrunt.
688 3105 799 3159 lar.
832 3107 972 3175 Ergo
998 3103 1055 3161 et
1080 3103 1562 3161 connumerantur?
1591 3105 1749 3159 lisse.
1782 3105 1892 3175 Ab-

317 3175 423 3245 sit;
456 3175 574 3244 quia
605 3175 648 3229 si
688 3173 1156 3244 triplicaverimus,
1185 3177 1403 3231 deorum
1444 3175 1739 3229 inducimus
1772 3173 1890 3245 plu.

318 3244 600 3317 ralilatem.
628 3245 743 3317 iur.
774 3245 915 3317 Ergo
946 3263 1050 3317 non
1078 3255 1159 3300 est
1181 3247 1334 3302 Pater
1360 3246 1535 3300 Deus?
1558 3246 1725 3317 iisse.
1754 3244 1893 3298 Deus

318 3321 401 3368 est
424 3316 597 3383 plane.
627 3315 737 3369 lu'r.
769 3315 906 3383 Ergo
931 3316 1095 3370 Filius
1116 3332 1220 3371 non
1248 3327 1330 3371 est
1352 3316 1527 3371 Deus?
1556 3316 1716 3367 lisse.
1752 3318 1892 3368 Deus

316 3392 400 3455 est
422 3384 658 3438 omnino.
685 3384 796 3438 lar.
829 3383 971 3454 Ergo
998 3385 1225 3455 Spiritus
1249 3393 1465 3455 sanctus
1476 3400 1591 3455 non
1613 3392 1693 3436 est
1719 3383 1892 3438 Deus?

324 3453 482 3507 lisse.
519 3454 655 3508 Deus
675 3462 755 3507 est
778 3452 978 3523 absque
1000 3452 1264 3522 ambiguo.
1290 3454 1395 3507 lar.
1428 3452 1584 3506 Vides
1611 3468 1742 3522 ergo
1760 3461 1888 3523 tres,

320 3522 672 3577 audesdicere
693 3524 859 3577 Deos?
886 3522 1009 3588 Sed,
1030 3532 1087 3578 ut
1110 3524 1283 3589 video,
1314 3524 1364 3577 in
1395 3523 1632 3578 relativis
1660 3522 1894 3577 creditur

322 3593 591 3647 vocabulis
615 3591 863 3647 Trinitas.
903 3594 1064 3648 lisse.
1110 3594 1172 3647 Et
1210 3594 1260 3647 in
1293 3593 1617 3664 naturalibus
1649 3592 1808 3664 plane
1840 3601 1896 3648 et

342 3667 583 3730 tersonis,
612 3674 663 3716 et
691 3665 991 3718 nominibus
1014 3664 1266 3718 rclativis.
1295 3664 1404 3718 lu'r.
1434 3663 1608 3730 Quare
1642 3663 1779 3716 Deus
1799 3704 1812 3723 .
1838 3670 1895 3717 et

369 3747 496 3799 eus,
528 3743 593 3788 et.
625 3733 794 3787 Deus?
825 3735 980 3789 Βεςιι.
1012 3734 1278 3788 Naturalia
1320 3738 1530 3787 nomina
1560 3733 1897 3788 suntaNatu-

323 3803 434 3857 rale
476 3813 557 3858 est
595 3805 815 3874 singulis
861 3806 1024 3870 Deus,
1073 3805 1167 3859 sed
1211 3804 1478 3874 proprimn
1522 3802 1894 3874 nomen.~Non

323 3874 465 3928 enim
506 3873 783 3942 possumus
810 3875 986 3929 dicere
1016 3886 1123 3929 tres
1148 3875 1278 3927 deos
1296 3873 1320 3939 ,7
1345 3874 1440 3927 scd
1469 3874 1692 3926 dicimus
1718 3873 1894 3928 Trini-

325 3952 485 3999 tatem
526 3946 577 4000 in
617 3945 848 4000 relativis
889 3956 1087 4000 natura:
1116 3944 1416 4010 vocabulis,
1452 3954 1505 3997 ει
1539 3944 1809 4012 personis,
1843 3944 1895 3999 id

324 4025 434 4078 est,
468 4016 705 4070 inl’atre
733 4024 787 4072 et
816 4015 948 4070 Filio
975 4024 1028 4070 et
1063 4014 1262 4084 Spiritu
1299 4025 1502 4069 sancto.
1539 4014 1769 4084 Dicimus
1798 4030 1895 4068 au-

326 4093 429 4155 tem
460 4086 711 4141 unitatem
740 4088 789 4141 in
820 4086 964 4150 Deo,
994 4095 1048 4139 et
1078 4083 1207 4150 Deo,
1239 4094 1293 4139 et
1324 4083 1741 4155 Deo._lar._Nun
1769 4100 1896 4155 ergo

324 4154 498 4211 dicitis
526 4166 631 4211 tres
660 4157 945 4224 personas?
984 4155 1145 4211 lisse.
1181 4154 1430 4208 Dicimus.
1464 4153 1574 4208 lNT.
1606 4153 1673 4208 Et
1700 4154 1748 4207 in
1782 4153 1895 4209 sin-

360 4226 459 4280 ulis
485 4228 720 4296 persentis
749 4228 935 4291 Deum,
958 4237 1013 4281 et
1036 4230 1221 4291 Deum,
1239 4235 1292 4281 et
1316 4226 1477 4281 Deum
1498 4240 1616 4296 esse
1643 4224 1894 4280 creditis?

360 4242 459 4280 nus
485 4242 720 4296 pel'SOllls
749 4242 935 4291 Deum,
958 4242 1013 4281 et
1036 4242 1221 4291 neum,
1239 4242 1292 4281 ει
1316 4242 1477 4281 υειιιη
1498 4242 1616 4278 esse
1643 4242 1892 4280 creatus!

324 4242 485 4367 fisse.
531 4299 637 4353 lloc
677 4299 792 4354 sine
827 4298 1126 4367 palpatione
1164 4296 1382 4351 credere
1424 4293 1761 4367 manifesmm
1792 4304 1892 4350 est.

327 4365 434 4420 iur.
470 4366 611 4437 Ergo
642 4369 775 4423 sicut
814 4365 988 4421 dicitis
1030 4376 1135 4420 tres
1179 4381 1463 4436 personas,
1508 4366 1763 4437 dicitiset
1791 4376 1898 4420 tres

327 4437 499 4491 Deos?
527 4434 685 4492 lisse.
725 4438 893 4492 Absit.
926 4436 1033 4492 lar.
1071 4434 1281 4502 Quare?
1325 4437 1484 4491 lisse.
1527 4436 1657 4503 Quia
1693 4434 1744 4488 in
1775 4451 1898 4503 per-

327 4507 473 4562 sonis
508 4518 590 4563 est
616 4509 917 4571 distinetio,
963 4510 1014 4563 in
1040 4508 1235 4562 deitate
1276 4517 1451 4561 autem
1490 4521 1597 4560 non
1634 4514 1735 4560 est.
1785 4505 1895 4559 lu'r.

326 4577 455 4646 Quae
500 4588 580 4632 est
639 4579 734 4633 ista
785 4577 1084 4633 distinctio?
1134 4578 1294 4631 lisse.
1348 4577 1482 4645 Quia
1528 4576 1684 4630 Pater
1737 4575 1899 4631 Pater

326 4656 440 4708 est,
500 4647 664 4704 Filius
726 4648 890 4702 Filius
950 4657 1058 4710 est,
1121 4646 1348 4716 Spiritus
1404 4654 1616 4701 sanctus
1671 4646 1898 4715 Spiritus

326 4729 539 4773 sanctus
565 4728 665 4774 est.
700 4720 805 4773 iter.
849 4720 950 4773 l'er
984 4719 1343 4773 diversitatem
1386 4727 1437 4771 te
1489 4717 1683 4771 asseris
1722 4717 1898 4772 colere

328 4788 677 4844 Trinitatem?
706 4790 860 4844 lisse.
897 4789 1247 4844 Personarum
1276 4798 1326 4843 et
1353 4787 1645 4851 nominum,
1680 4801 1786 4840 non
1815 4803 1901 4839 na-

327 4868 478 4924 turie,
504 4861 623 4929 quia
650 4876 753 4916 una
781 4868 880 4914 est.
911 4861 1020 4915 Im.
1053 4860 1208 4915 Certe
1228 4859 1537 4927 jamdudum
1577 4868 1629 4911 et
1658 4856 1772 4911 haec
1798 4874 1897 4912 no-

329 4929 468 4982 mina
514 4931 769 4983 naturalia
808 4946 925 4985 esse
961 4931 1174 4997 dixisti,
1214 4940 1266 4985 et
1305 4929 1648 4999 appellativa,
1682 4937 1755 4999 et,
1781 4943 1900 4996 quae

327 5009 450 5052 sunt
474 5000 683 5067 propria
714 5009 891 5064 repete
915 4999 972 5051 ’Ἰ
1002 5001 1157 5054 lisse.
1192 4998 1350 5062 Deus,
1378 5009 1432 5053 et
1462 5000 1627 5058 Deus,
1661 5007 1713 5052 et
1741 4998 1897 5062 Deus,

328 5069 443 5123 [nec
477 5066 614 5139 ergo
658 5069 917 5137 triplicata
958 5069 1259 5122 distantiam
1307 5085 1411 5122 non
1459 5068 1649 5121 faciunt
1687 5067 1739 5139 4³.
1790 5066 1898 5122 livr.

328 5142 458 5194 (lum
521 5137 846 5209 appellativis
899 5155 1024 5205 ergo
1085 5139 1451 5209 naturalibus,
1495 5137 1730 5209 propria
1793 5154 1899 5209 non

331 5207 680 5280 triplicant'ur.
715 5209 872 5264 lisse.
914 5208 1069 5263 Nullo
1118 5208 1294 5262 tnodo.
1343 5208 1451 5280 iur.
1494 5207 1772 5280 Nou‘ergo
1801 5207 1902 5263 sibi

328 5278 739 5349 coniunguntur,
773 5281 926 5334 Pater
956 5289 1008 5332 ct
1039 5279 1197 5343 Deus,
1229 5286 1321 5332 aut
1345 5278 1509 5332 Filius
1538 5286 1593 5331 et
1623 5278 1782 5344 Deus,
1811 5287 1903 5333 aut

331 5348 559 5418 Spiritus
584 5360 799 5404 sanctus
827 5361 881 5404 et
908 5351 1066 5405 Deus.
1100 5349 1256 5403 lisse.
1284 5348 1688 5418 Coniunguntur
1715 5349 1897 5417 plane;

330 5432 383 5475 et
411 5420 548 5475 idem
576 5420 731 5475 Pater
763 5420 898 5475 Deus
926 5429 1008 5475 est
1031 5461 1045 5486 ,
1076 5430 1130 5475 et
1167 5419 1304 5475 idem
1334 5419 1501 5474 Filius
1535 5420 1672 5473 Deus
1700 5427 1818 5483 est,
1849 5427 1905 5475 et

334 5492 468 5544 idrm
489 5491 718 5558 Spiritus
743 5503 957 5545 sanctus
984 5491 1164 5545 deitati
1187 5506 1294 5543 suae
1322 5490 1517 5559 absque
1546 5489 1706 5543 dubio
1735 5504 1900 5559 copu-

333 5563 484 5616 latur.
513 5562 622 5616 1M.
655 5561 1025 5632 Triplicabitur
1058 5561 1245 5617 deitas:
1278 5559 1439 5615 lisse.-
1469 5559 1738 5632 Sacrilegii
1766 5576 1902 5618 noxa

394 5719 409 5750 ί
444 5723 572 5776 Mss,
597 5715 775 5787 regale,

393 5782 413 5812 ’
448 5779 586 5827 Alias.
609 5790 784 5827 renen.

396 5790 1353 5901 intestinam“...
1414 5856 1417 5861 -

1248 436 1255 445 ·
1331 403 1429 462 DE
1456 358 2101 463 υίδΕΤὰΤΕιΒΔΝΟΉΕε
2120 405 2521 467 TRIMTATIS.

3419 418 3560 477 uno

1987 524 2069 597 est
2094 517 2113 548 ¹
2128 534 2170 597 ,ε
2189 517 2311 588 quia
2339 518 2457 597 sub
2484 520 2594 575 Deo
2637 530 2718 577 est
2744 536 3033 597 ‘numerus,
3062 538 3167 578 non
3195 525 3342 597 inter
3368 528 3559 585 Deum.

1986 584 2269 667 iur._Ergo
2292 598 2396 643 nec
2422 589 2579 667 Pat_er
2603 584 3068 667 appellat_ur'_Deus
3086 636 3102 662 ,
3133 611 3229 650 nec
3256 594 3438 661 Filius,
3468 614 3566 655 nec

1985 655 2467 725 Spiritus‘sanctus.
2502 655 2773 716 lissel'Et
2800 664 2877 719 sic
2901 655 3174 730 docemur,
3215 675 3268 720 et
3295 668 3363 721 ita
3389 655 3565 724 credi-

1985 740 2123 789 mus,
2154 734 2209 780 ut
2235 742 2338 803 nec
2376 730 2606 803 Patrem,
2637 748 2737 786 nec
2779 731 2993 803 Filium,
3022 749 3118 789 nec
3148 734 3397 803 Spiritum
3430 755 3560 794 san-

1986 807 2129 871 ctum
2170 813 2259 851 sua
2306 798 2517 871 deitate
2545 803 2827 869 privemus.
2859 798 3158 871 lurIQuasi
3190 798 3328 860 ’νει-ο
3370 824 3472 861 ιιοιι
3514 810 3566 864 id

1988 866 2132 948 faris,
2160 868 2460 948 cumrdicis,
2497 866 2653 926 Pater
2682 873 2837 948 Deus,
2866 883 2916 948 et
2944 866 3306 948 Filins_Deus,
3347 887 3401 932 et
3443 879 3566 948 Spiv

1988 937 2120 1011 ritus
2156 947 2369 1011 sanctus
2413 940 2568 1011 Deus,
2602 958 2734 1011 quos
2764 944 2916 996 simul
2953 947 3087 997 alter
3116 944 3254 1001 Deos
3279 937 3398 1002 esse
3421 937 3557 1003 con-

1986 1006 2165 1060 cludit.
2220 1008 2376 1085 lisse.
2413 1010 2555 1085 Itane
2599 1006 2697 1085 hoc
2742 1012 2983 1085 humanm
3025 1029 3180 1067 aures
3223 1017 3471 1085 audiant,
3504 1034 3569 1075 ac

1988 1092 2092 1153 non
2121 1079 2285 1153 sputis
2313 1095 2509 1153 omnes
2544 1082 2824 1136 inlinient?
2858 1083 3228 1141 Verumtamen
3263 1086 3314 1139 in
3342 1079 3569 1153 vocabit,-

1987 1146 2426 1225 lis-appellativis,
2464 1150 2511 1203 id
2541 1163 2625 1225 est
2657 1154 2706 1204 in
2741 1154 2978 1225 personis
3005 1153 3313 1225 Trinitatem
3344 1146 3564 1225 accipio,

1987 1215 2235 1292 deitatem
2262 1228 2436 1273 autem
2466 1222 2608 1292 nullo
2640 1215 2795 1275 modo
2825 1224 3073 1291 triplicari
3109 1242 3261 1291 posse
3281 1215 3489 1279 Conﬁdo
3510 1215 3564 1292 ’ξ

1986 1288 2106 1355 quia
2131 1289 2433 1341 varietatem
2453 1299 2504 1341 et
2525 1288 2906 1344 discretionem
2926 1294 2974 1346 in
3002 1288 3183 1347 natura
3208 1312 3311 1348 non
3336 1288 3564 1353 invenio.

1989 1355 2100 1437 Ιιιτἶ
2128 1358 2264 1437 Quot
2291 1372 2417 1438 ergo
2444 1360 2897 1438 nomina-credis?
2918 1363 3076 1438 (isse.
3110 1363 3345 1438 iiclativa
3377 1368 3426 1420 in
3458 1384 3567 1438 perv

1988 1427 2132 1504 Sonis
2174 1427 2450 1504 tria._lN1'_._
2489 1429 2701 1504 Propria
2732 1432 2899 1504 quot?
2930 1434 3088 1485 lisse.
3131 1434 3245 1487 .lam
3280 1446 3329 1487 te
3374 1427 3569 1504 sapius

1987 1496 2235 1574 sustinui,
2266 1496 2538 1574 pluraliter
2566 1496 2630 1574 de
2662 1496 2872 1570 proprio
2904 1504 3115 1556 nomine
3147 1496 3566 1574 conquirentlcm,

1988 1563 2082 1618 sed
2128 1563 2392 1635 proprium
2424 1567 2632 1621 deitatis
2662 1563 2836 1622 ἰιιιῐιιιι
2868 1581 2949 1625 est
2976 1588 3187 1627 nomen.
3233 1563 3337 1629 lar.
3370 1563 3569 1630 Ahstu;

1991 1634 2094 1688 listi
2125 1635 2374 1709 grandem
2423 1637 2739 1709 macheriam
2767 1640 2807 1700 ³,
2837 1642 2928 1694 sed
2960 1657 3090 1695 aveo
3121 1645 3285 1709 dicas,
3326 1646 3428 1699 hoc
3471 1662 3569 1698 uo-

1989 1719 2109 1757 men
2127 1704 2378 1784 paturale
2404 1707 2521 1760 est?
2548 1707 2707 1761 fisse.
2733 1709 2947 1784 _l_ltique.
2980 1710 3087 1784 lar.
3114 1712 3178 1766 Et
3207 1704 3422 1768 relativa
3446 1732 3564 1784 qure

1990 1775 2304 1849 appellativa
2338 1783 2505 1849 taxus,
2543 1779 2797 1831 naturalia
2844 1775 3009 1833 sunt?
3058 1783 3211 1836 lisse.
3246 1775 3571 1849 Etimnfsed

1993 1842 2086 1912 per
2112 1842 2454 1922 efficientiam
2477 1851 2921 1922 generationiset
2951 1854 3324 1922 proceSsionis,
3349 1842 3449 1906 non
3479 1848 3573 1922 per

1992 1916 2369 1990 proprieiatem
2404 1916 2640 1990 indivisa:
2680 1918 2910 1972 deitatis.
2952 1916 3060 1974 latr.
3114 1922 3250 1990 Ergo
3278 1921 3441 1977 Filius
3471 1916 3572 1977 nisi

1992 1983 2156 2059 Filius
2196 1985 2297 2059 Dei
2317 1995 2461 2059 esset
2494 1988 2662 2059 Deus,
2709 2004 2827 2042 esse
2857 2004 2961 2059 non
2992 1983 3213 2059 posset?
3242 1992 3403 2046 lisse.
3435 1992 3573 2059 Quid

1991 2053 2235 2138 dubitas?
2282 2053 2391 2138 lar.
2423 2055 2553 2138 Quia
2580 2072 2706 2138 ergo
2736 2059 2824 2110 Dei
2856 2053 3039 2138 Filius,
3072 2060 3193 2113 idco
3221 2063 3375 2114 Deus.
3408 2053 3569 2138 lisse.

1993 2123 2399 2199 Assentiolls'r.
2446 2123 2663 2180 Et~nisi
2706 2137 2848 2182 esset
2888 2129 3168 2183 efﬁcientia
3214 2134 3572 2199 generationis

1992 2207 2109 2269 qua:
2136 2194 2402 2248 Conferret
2422 2211 2613 2269 nomen
2639 2198 3008 2269 appellativum
3034 2200 3082 2251 in
3114 2194 3327 2263 Filium,
3356 2194 3453 2256 nec
3481 2202 3574 2269 ha-j

1992 2262 2141 2333 beret
2168 2278 2358 2333 nomen
2405 2262 2959 2333 propriumudeitatis,
3002 2279 3052 2323 et
3098 2284 3202 2322 non
3233 2262 3376 2324 esset
3410 2273 3568 2327 Deus.

1993 2331 2153 2386 lisse.
2192 2332 2382 2403 Utique
2406 2331 2474 2389 ex
2507 2331 2852 2403 generatione
2877 2337 3044 2393 Filius
3081 2348 3134 2393 et
3163 2355 3288 2395 vere
3314 2338 3430 2393 Filii
3472 2342 3569 2396 Dei

1992 2404 2264 2471 proprium
2279 2421 2482 2479 nomen
2510 2407 2645 2460 Deus
2671 2426 2682 2460 :
2709 2410 2848 2477 quod
2878 2425 2978 2461 non
3005 2419 3186 2479 postea
3210 2411 3295 2463 ubi
3326 2426 3428 2464 non
3457 2419 3574 2466 erat

1994 2482 2169 2549 antea,
2199 2474 2291 2527 sed
2321 2489 2439 2549 cum
2468 2474 2813 2549 generareiur
2841 2479 2907 2549 ab
2948 2474 3280 2549 iniemporali
3312 2480 3574 2549 intempo-

1994 2543 2177 2617 raliter
2223 2543 2621 2617 sumpsitflivr.
2669 2547 2802 2615 Quid
2853 2548 3079 2617 Spiritus
3114 2543 3366 2603 sanctus?
3404 2543 3565 2604 fisse.

1994 2611 2111 2686 Ipse
2147 2611 2361 2686 quoque
2387 2616 2487 2686 nisi
2514 2616 2579 2669 de
2606 2611 2759 2670 Patre
2798 2611 3109 2686 procederet
3135 2629 3183 2672 et
3226 2620 3574 2675 substantiam

1995 2683 2109 2751 ejus
2144 2684 2381 2757 haberet,
2428 2685 2696 2757 Dcusinon
2728 2683 2887 2740 esset.
2919 2688 3027 2741 lu'r.
3058 2689 3195 2756 Ergo
3223 2692 3491 2757 processio
3516 2691 3568 2744 ei

1995 2753 2530 2809 contulitdeitatem?
2570 2756 2727 2809 lisse.
2764 2757 2820 2810 In
2849 2757 3048 2825 Spiritu
3077 2753 3259 2812 sancto
3284 2768 3337 2812 et
3375 2775 3567 2814 nomen

1996 2830 2158 2876 estet
2201 2831 2416 2897 natura,
2449 2825 2541 2897 sed
2571 2827 2689 2897 quia
2728 2826 2795 2881 de
2824 2827 2979 2881 Patre
3009 2828 3285 2897 processit,
3320 2829 3437 2883 ideo
3470 2845 3571 2882 no-

1997 2906 2123 2967 men
2170 2894 2433 2961 proprium
2460 2895 2692 2967 deitatis
2733 2897 2977 2950 obtinuit.
3009 2894 3201 2967 'Neque
3241 2899 3381 2952 enim
3425 2897 3570 2953 aliud

1997 2961 2064 3015 de
2093 2962 2246 3016 Patre
2281 2964 2567 3037 procedere
2607 2967 2802 3033 potuit,
2831 2981 2987 3035 quam
3015 2961 3152 3036 quod
3191 2969 3302 3037 ipse
3330 2978 3443 3031 est,
3475 2982 3573 3024 nec

2000 3040 2174 3085 tamen
2223 3042 2312 3084 aut
2359 3034 2605 3088 cll'etatus
2660 3046 2779 3101 est,
2834 3034 2924 3088 aut
2972 3034 3573 3092 divisustocabulum

1997 3115 2127 3170 ergo
2153 3103 2527 3171 appellativum
2551 3106 2792 3160 naturale
2817 3114 2869 3160 et
2900 3108 3173 3172 personale
3199 3108 3426 3174 Spiritus
3446 3124 3571 3161 san-

1996 3180 2145 3246 ctus;
2192 3174 2460 3241 pr0prium
2492 3191 2641 3237 vero,
2673 3176 2828 3229 Deus.
2872 3176 2986 3230 lar.
3014 3177 3214 3231 Nomen
3245 3178 3385 3232 istud
3430 3177 3572 3246 quod

1999 3240 2130 3296 dicis
2159 3240 2446 3313 proprium,
2479 3260 2636 3313 quam
2667 3247 2905 3299 continet
2929 3246 3211 3313 rationem,
3241 3258 3297 3301 ut
3327 3249 3376 3301 in
3406 3240 3573 3302 tribus

1998 3315 2238 3433 personis
2262 3323 2443 3367 currat
2462 3331 2621 3367 unum
2645 3314 2907 3385 idemque,
2935 3332 3030 3369 nec
3053 3326 3225 3371 tamen
3254 3318 3581 3385 triplicetur'i-

2041 3382 2148 3433 icut
2168 3383 2328 3433 verbo
2350 3392 2500 3433 tenus
2523 3384 2696 3433 nlnres
2717 3394 2897 3433 taxare
2920 3401 3217 3433 possumus-
3243 3388 3460 3433 Statius-
3484 3396 3577 3433 aut

2041 3382 2148 3453 icut
2168 3383 2328 3453 verbo
2350 3392 2500 3453 tenus
2523 3384 2696 3451 plures
2717 3382 2897 3439 taxare
2920 3401 3218 3453 possumus,
3243 3382 3461 3453 Statius,
3484 3396 3577 3442 aut

1999 3450 2288 3525 Salustius,
2305 3460 2395 3505 aut
2419 3450 2687 3525 Horatius.
2711 3454 2869 3525 lisse.
2894 3450 3172 3525 Enubilem
3196 3457 3398 3511 ratione
3416 3450 3574 3525 quam

1997 3518 2169 3586 valeo,
2202 3521 2244 3573 si
2275 3520 2508 3576 intentus
2524 3522 2687 3577 adsis.
2713 3522 2819 3577 lu'r.
2840 3524 3057 3578 Adsum.
3082 3525 3239 3579 lisse.
3263 3518 3479 3580 Paulum
3497 3526 3574 3582 le-

1998 3590 2172 3712 gimus
2187 3590 2253 3644 de
2266 3591 2477 3649 Christo
2492 3592 2776 3676 diceptem,
2795 3594 2934 3663 quod
2953 3596 3060 3712 ipse
3074 3596 3141 3648 sit
3152 3611 3249 3676 pax
3268 3608 3466 3677 nostra,
3483 3597 3575 3665 qui

2022 3668 2127 3712 eCIt
2144 3670 2532 3712 utrauueunum
2552 3661 2942 3712 (Im/temnit).
2967 3701 2982 3712 ι
3007 3666 3068 3712 od
3092 3664 3190 3712 hoc
3217 3667 3575 3712 Invieltsstmm

2022 3661 2127 3714 'ecit
2144 3670 2361 3730 utraque
2375 3678 2537 3733 unum
2552 3661 2942 3733 (ΕρΙιεΜιξΜ).
2966 3661 3068 3718 Sed
3091 3661 3190 3718 hoc
3217 3661 3576 3721 ittvictissimas

1998 3744 2177 3804 causae
2204 3743 2396 3804 nostra:
2434 3732 2735 3804 suifragium
2771 3734 2836 3787 ad
2866 3732 2915 3788 id
2962 3735 3171 3795 valeat.
3211 3751 3315 3804 quo
3368 3735 3576 3792 facilius

2000 3800 2278 3873 credatur,
2307 3802 2425 3855 ideo
2449 3800 2715 3873 Christum
2739 3803 2838 3857 sub
2861 3806 3072 3857 nomine
3104 3800 3247 3873 pacis
3284 3821 3403 3859 esse
3430 3816 3575 3860 taxa-

2003 3878 2122 3943 tum_
2140 3910 2154 3932 ,
2179 3871 2421 3943 quianec
2444 3872 2702 3943 discindi,
2733 3888 2831 3928 nec
2857 3873 3077 3927 distrahi
3106 3871 3312 3943 potest,
3345 3890 3442 3929 nec
3466 3876 3572 3931 ullo

2001 3940 2162 4014 modo
2188 3942 2464 4014 duplicari.
2495 3942 2612 3997 Jam
2643 3958 2772 4014 vero
2813 3945 2900 4013 qui
2950 3943 3073 3997 fecit
3108 3940 3334 4014 utraque
3362 3960 3522 3998 unum
3552 3987 3567 4009 ,

2001 4012 2171 4065 multo
2193 4013 2358 4081 magis
2387 4013 2499 4082 ipse
2522 4028 2642 4067 cum
2668 4012 2904 4067 Patreet
2932 4014 3132 4081 Spiritu
3183 4012 3365 4069 sancto
3406 4030 3572 4071 unum

2001 4091 2118 4145 est;
2170 4096 2276 4135 non
2302 4091 2384 4155 est
2427 4091 2833 4155 autem_unum,
2863 4082 2908 4137 si
2963 4085 3033 4138 sit
3075 4084 3292 4139 divisus.
3346 4086 3482 4155 Ergo
3521 4094 3578 4141 et

2003 4165 2163 4224 unum
2190 4168 2307 4224 cum
2338 4152 2489 4206 Patre
2508 4160 2571 4224 et
2595 4151 2792 4220 Spiritu
2810 4164 2994 4207 sancto
3019 4165 3133 4217 est,
3168 4168 3221 4208 et
3252 4172 3386 4209 Illius
3406 4151 3571 4224 {quia

2002 4221 2136 4293 alios
2164 4222 2452 4293 conjungit,
2488 4222 2801 4277 divisionem
2826 4225 3035 4293 penitus
3062 4240 3165 4277 non
3190 4225 3435 4279 admittit.
3461 4221 3571 4279 iur.

2003 4290 2220 4359 Accipio
2251 4293 2387 4347 istud
2414 4292 2772 4348 ﬁrmissimum
2797 4290 2979 4348 contra
3006 4295 3229 4348 rebelles
3254 4296 3411 4349 telum
3437 4310 3451 4357 ;
3481 4295 3575 4348 sed

2002 4376 2107 4482 quo
2129 4364 2228 4415 ista
2273 4364 2562 4432 propositio
2582 4374 2864 4432 excurrat,
2916 4380 3073 4419 nosse
3113 4364 3378 4419 desidero.
3412 4364 3573 4419 lisse.

2054 4448 2121 4482 aa:
2149 4432 2217 4482 sit
2243 4433 2380 4482 Dens
2399 4474 2413 4482 .
2443 4442 2499 4482 ιιι
2519 4434 2784 4482 volnums-
2807 4444 2860 4482 et
2887 4449 2983 4482 nos
3013 4450 3268 4482 nrosnero
3293 4450 3448 4482 cursu
3479 4434 3573 4482 dn-

2054 4448 2121 4484 aa:
2144 4432 2217 4503 sit
2242 4433 2380 4503 Deus
2399 4474 2414 4496 ,
2443 4442 2499 4486 ut
2519 4434 2785 4496 volumus,
2807 4444 2860 4489 et
2887 4449 2983 4487 nos
3013 4450 3268 4503 prospero
3293 4450 3448 4487 cursu
3479 4434 3577 4489 du-

2002 4510 2107 4574 c_at.
2139 4502 2249 4574 lar.
2297 4501 2370 4556 ita
2399 4512 2514 4569 est,
2549 4520 2688 4558 nunc
2717 4519 2895 4574 perge.
2931 4501 3089 4558 lisSe.
3122 4504 3244 4558 Ha-c
3276 4506 3432 4574 igitur
3460 4506 3573 4573 ipsa

2004 4569 2122 4625 Pax
2150 4573 2272 4640 quia
2304 4574 2490 4644 litteris
2518 4569 2768 4629 scribitur
2796 4569 2995 4636 tribus,
3030 4569 3572 4644 recipitne'pluralem

2004 4643 2322 4714 numerum?
2364 4643 2473 4696 lar.
2506 4644 2642 4698 Non.
2672 4644 2832 4698 lisse.
2862 4643 3088 4699 Estima
3118 4643 3245 4714 ergo
3276 4644 3317 4696 P
3364 4645 3579 4700 Patrem

2003 4711 2106 4765 dici
2127 4752 2141 4774 ,
2170 4710 2213 4763 Α
2242 4712 2429 4766 Filium
2454 4716 2743 4782 nuncupari
2770 4756 2783 4779 ,
2808 4725 2860 4769 et
2887 4715 2987 4770 hoc
3013 4716 3127 4768 sine
3167 4710 3370 4768 ratione
3398 4715 3569 4767 subti-

2005 4782 2202 4835 lissima
2229 4798 2295 4837 ne
2323 4784 2520 4837 dietmn
2548 4794 2720 4853 putes.
2752 4785 2793 4837 A
2822 4786 2961 4838 enim
3006 4784 3317 4851 principium
3374 4785 3578 4838 littera-

2004 4868 2121 4905 rum
2152 4861 2265 4915 est,
2295 4868 2393 4907 nec
2416 4865 2539 4908 ante
2578 4870 2637 4910 se
2663 4855 2824 4908 ullum
2871 4855 3069 4907 habere
3095 4855 3432 4921 cognoscitur
3458 4855 3575 4908 ele-

2004 4932 2241 4994 mentum
2262 4964 2276 4989 ,
2310 4932 2367 4978 ut
2389 4925 2663 4994 probatum
2693 4925 2888 4979 habeas
2913 4932 3036 4978 ante
3060 4921 3249 4994 Filium
3276 4923 3405 4977 nihil
3434 4938 3578 4980 esse.

2005 4991 2187 5065 Neque
2234 4991 2454 5065 vcre'id
2485 4995 2685 5065 absque
2729 4995 2887 5046 divini
2937 4993 3225 5047 testimonii
3257 4993 3581 5065 documento

2006 5063 2297 5133 relinquam
2329 5081 2341 5117 ε
2376 5064 2486 5134 ipse
2506 5063 2645 5118 enim
2680 5080 2736 5117 se
2763 5064 3100 5134 principium
3119 5078 3243 5134 esse
3269 5063 3469 5118 ludatis
3497 5065 3576 5117 in-

2009 5132 2406 5204 terrogantibus
2443 5135 2689 5188 indicavit
2720 5132 2897 5201 (Joan.
2932 5149 3055 5199 vni,
3107 5133 3223 5202 25).
3277 5134 3425 5189 Hanc
3454 5150 3583 5204 ergo

2009 5203 2236 5273 litteram
2266 5206 2406 5259 nulla
2436 5204 2537 5258 alia
2585 5204 2834 5273 praecedit
2866 5221 2879 5257 :
2907 5214 2962 5257 et
3009 5205 3129 5271 quia
3182 5205 3356 5258 omnis
3404 5203 3580 5259 littera

2008 5272 2167 5344 liabet
2194 5284 2400 5344 tempus
2420 5272 2598 5344 ~:rergo
2638 5284 2691 5328 et
2734 5283 2942 5342 tempus
2983 5273 3167 5329 defuit.
3197 5273 3578 5344 Verumtamen

2008 5343 2121 5413 ipsa
2134 5345 2260 5419 hinc
2308 5343 2508 5415 Syllaba
2556 5353 2609 5397 et
2663 5344 2813 5419 longa
2846 5352 2965 5419 est,
2989 5416 2997 5419 _
3025 5355 3075 5419 et
3108 5345 3274 5419 prima
3325 5353 3407 5398 est
3438 5363 3450 5397 :
3483 5343 3579 5400 sed

2007 5415 2147 5485 quod
2173 5416 2323 5484 longa
2351 5423 2434 5468 est
2456 5456 2471 5477 ,
2500 5415 2849 5468 :eternitatem
2883 5415 3000 5469 Fi‘ii
3034 5416 3164 5479 Dei,
3191 5430 3294 5469 non
3319 5425 3585 5485 tempora-

2006 5484 2241 5556 litaiem,
2270 5485 2517 5556 insinuat.
2550 5485 2702 5552 Quod
2733 5485 2935 5556 syllaba
2956 5528 2970 5552 ,
2998 5487 3120 5556 quia
3164 5487 3319 5541 Pater
3349 5487 3399 5540 in
3432 5484 3583 5540 Filio

2007 5564 2063 5612 et
2090 5554 2255 5609 Filius
2295 5555 2348 5609 in
2374 5553 2533 5611 Patre
2576 5564 2693 5623 est,
2740 5553 2794 5611 et
2816 5556 2919 5613 hoc
2944 5553 3105 5613 unum
3132 5567 3233 5615 est.
3261 5556 3411 5626 Quod
3452 5569 3579 5612 vero

2916 5800 2921 5803 .

2071 5837 2094 5872 ³
2124 5826 2572 5903 Remigian‘usalter
2588 5826 2696 5897 lis,
