4126 6494
528 378 703 438 1218-
792 392 833 437 ,‘

527 500 698 548 totum
723 503 790 546 ex
814 504 925 545 uno
964 494 1022 546 et
1058 500 1222 543 unum
1248 485 1268 518 ί
1296 500 1311 537 :
1340 497 1448 539 non
1476 489 1654 537 tamen
1682 479 1975 536 solitarium
2000 519 2016 546 ,
2041 487 2102 534 ut
2142 496 2147 503 ·

526 570 858 634 ριίιξειιιιιιιιιι
894 560 1127 634 Praxeas
1143 564 1205 615 et
1230 554 1546 627 ,Sylvanus,
1568 551 1978 623 'Pentapolitana
2005 549 2107 606 da-

527 629 776 688 innabilis
803 632 889 685 illa
915 629 1173 684 doctrina.

598 701 823 758 CAPUT
853 699 916 752 ν.
937 729 1008 740 -
1028 697 1345 752 Honmusios
1368 710 1515 766 ergo,
1540 694 1591 766 id
1618 702 1726 766 est,
1744 690 2107 766 coessentialis

527 773 581 827 in
608 773 879 827 divinitate
923 770 1065 824 Patri
1116 766 1322 832 Filius,
1352 761 1660 820 homousios
1709 763 1850 819 Patri
1878 773 1931 816 et
1972 761 2109 832 Filio

526 843 752 911 Spiritus
774 851 1012 913 sanctus,
1045 831 1351 913 homouslos
1382 838 1492 892 Deo
1522 845 1576 913 et
1602 834 1832 913 homini“
1846 846 1982 913 unus
2013 831 2106 913 l'fi-

529 902 648 969 lius.
681 926 897 964 manens
924 902 1065 964 Deus
1091 910 1140 962 in
1172 908 1382 961 homine
1407 922 1504 961 suo
1530 907 1581 960 in
1606 904 1769 969 gloria
1795 902 1986 967 Patris,
2016 902 2110 957 de-

527 982 824 1037 siderabilis
852 981 1016 1034 videri
1045 979 1111 1032 ab
1142 978 1356 1047 Angelis
1398 994 1411 1029 :
1442 978 1579 1031 sicut
1604 976 1771 1047 Pater
1786 985 1840 1029 et
1877 973 2109 1041 Spiritus

527 1060 743 1107 sanctus
786 1050 1038 1104 adorator
1064 1050 1131 1103 ab
1170 1045 1385 1118 Angelis
1424 1058 1478 1102 et
1519 1048 1587 1118 ab
1631 1045 1774 1118 omni
1817 1052 2105 1118 creatura:

526 1136 632 1175 non
675 1121 834 1176 homo
879 1130 1070 1189 prat'tcr
1103 1113 1277 1174 Deunf
1295 1120 1316 1151 ²
1341 1161 1356 1185 ,
1389 1128 1472 1173 vel
1516 1116 1761 1189 Christus
1783 1130 1917 1189 cum
1958 1113 2068 1170 Deo
2088 1153 2106 1178 ,

525 1191 665 1246 sicut
709 1185 1040 1259 ItIaspIIemal.
1084 1190 1392 1255 Nestorius;
1440 1187 1531 1244 sed
1575 1186 1736 1242 homo
1782 1186 1838 1240 in
1883 1185 2030 1250 Deo,
2056 1193 2112 1238 et

526 1261 668 1316 Deus
697 1262 746 1313 in
782 1261 1011 1316 homine.
2058 1262 2062 1268 '

598 1331 821 1387 CAPUT
862 1331 949 1385 Vl.
992 1360 1063 1371 —
1102 1329 1220 1384 Erit
1261 1328 1580 1385 resurrectio
1621 1336 1950 1382 mortuorum
1996 1339 2113 1380 om-

528 1402 696 1466 nium,
724 1402 815 1457 sed
842 1417 946 1455 una
974 1411 1029 1456 et
1057 1401 1267 1455 insimul
1297 1409 1351 1454 et
1376 1400 1539 1455 semel
1574 1416 1586 1451 :
1618 1413 1725 1452 non
1753 1397 1919 1466 prima
1942 1396 2114 1466 justo-

528 1489 646 1527 rum
672 1515 687 1539 ,
717 1484 768 1526 et
798 1472 1030 1529 St'CIIllda
1070 1480 1404 1539 peccatorum
1431 1479 1535 1533 ,.ut
1561 1468 1735 1523 fabula
1764 1476 1845 1521 est
1874 1466 2110 1539 somnia-

530 1537 701 1597 torum
731 1543 779 1605 ³;
808 1543 902 1597 sed
929 1558 1031 1596 una
1057 1537 1315 1595 omnium.
1344 1540 1412 1595 Et
1439 1540 1487 1596 si
1530 1540 1581 1594 id
1613 1552 1890 1607 resurgere
1918 1537 2114 1591 dicitur

529 1614 668 1683 quod
696 1614 856 1677 cadit,
885 1628 1008 1667 caro
1031 1628 1157 1681 ergo
1180 1620 1359 1666 nostra
1384 1611 1435 1664 in
1458 1611 1679 1683 veritate
1700 1616 1959 1683 resurget,
1977 1608 2115 1683 sicut

530 1678 584 1738 in
629 1686 848 1738 veritate
890 1683 1050 1737 cadit.
1095 1678 1165 1736 Et
1204 1698 1310 1737 non
1354 1681 1646 1737 secundum
1690 1678 1970 1747 Origenem
2014 1678 2114 1730 im-

530 1755 751 1808 mutatio
776 1769 1058 1823 corporum
1105 1753 1206 1806 erit
1228 1794 1242 1819 ,
1273 1752 1324 1805 id
1371 1761 1453 1806 est
1476 1793 1490 1817 ,
1523 1750 1664 1823 aliud
1689 1764 1889 1823 novum
1919 1762 2114 1823 corpus

534 1840 627 1891 pro
652 1840 812 1878 carne
842 1819 975 1877 z'sed
1019 1823 1203 1877 eadem
1247 1837 1372 1876 caro
1413 1819 1913 1891 corruptibilisqum
1938 1819 2111 1881 cadit,

535 1889 638 1947 iam
659 1895 918 1962 justorum
946 1909 1103 1964 quam
1136 1893 1470 1964 injustorum,
1501 1889 2118 1964 incorruptibilis_resur-_-

532 1972 639 2032 get,
660 1958 789 2032 quin
816 1965 900 2017 vel
933 1958 1142 2031 plenam
1172 1958 1393 2021 siilTerrc
1418 1961 1586 2031 possit
1616 1975 1711 2030 pro
1739 1959 1969 2029 peccatis
1991 1998 2007 2025 ,
2029 1958 2115 2014 vel

534 2035 586 2087 in
617 2034 785 2157 gxiria
810 2043 1007 2087 (eterna
1038 2048 1255 2087 manere
1283 2047 1379 2103 pro
1412 2032 1635 2086 meritis.

602 2106 641 2156 C
697 2103 827 2157 PUT
873 2100 978 2157 VII.
1028 2134 1097 2143 —
1141 2103 1385 2157 Omnium
1426 2102 1635 2155 hominu

602 2100 827 2158 CAPUT
873 2100 978 2158 VII.
1028 2134 1097 2143 —
1141 2100 1385 2157 Omnium
1426 2102 1700 2155 hominum
1746 2100 1846 2153 erit
1874 2113 2114 2153 resurre-

533 2178 640 2227 ctio
666 2192 677 2225 :
702 2175 744 2226 si
772 2174 1008 2227 omnium
1035 2174 1156 2233 erit.
1185 2188 1311 2243 ergo
1337 2188 1522 2243 omnes
1547 2172 1863 2243 moriuntur,
1890 2178 1947 2223 ut
1974 2184 2118 2226 mors

534 2244 601 2297 ab
631 2244 798 2297 Adam
824 2243 978 2298 ducta
1006 2240 1400 2303 omnibus‘lilijs
1426 2242 1539 2311 ejus
1566 2240 1890 2304 dominetur,
1922 2247 1975 2293 et
2000 2254 2117 2311 ma-

536 2325 658 2367 neat
688 2313 813 2368 illud
846 2314 1177 2383 privilegium
1205 2316 1257 2366 in
1289 2308 1534 2376 Domino,
1558 2311 1697 2380 quod
1724 2311 1790 2383 de
1818 2326 1883 2383 eo
1908 2308 2117 2378 specia-

538 2384 654 2436 liter
684 2380 877 2438 dicitur
909 2402 922 2437 :
957 2380 1078 2437 Non
1107 2384 1248 2437 dabis
1290 2383 1536 2437 Sanctum
1576 2391 1716 2434 tuum
1744 2380 1908 2433 videre
1943 2396 2120 2433 corru-

539 2456 754 2534 ptionem
778 2458 790 2521 (
815 2454 953 2534 I’sa_l_.
985 2470 1083 2520 xv,
1107 2453 1232 2534 10).
1257 2453 1384 2524 Ejus
1407 2453 1556 2532 enini
1572 2466 1699 2509 caro
1702 2466 1827 2534 lion
1852 2449 1979 2503 vidit
2000 2464 2120 2534 cor-

537 2521 855 2591 ruptionem.
907 2524 1056 2578 Hanc
1104 2521 1362 2578 rationem
1420 2523 1647 2576 maxima
1702 2521 1923 2591 Patrum
1966 2522 2117 2575 turba

539 2590 782 2659 tradente
807 2595 1156 2662 suscepimus.
1196 2592 1393 2648 Verum
1440 2593 1562 2715 quia
1608 2600 1731 2645 sunt
1760 2601 1814 2645 et
1840 2590 1929 2643 alii
1968 2605 2119 2660 aeque

540 2665 788 2715 catholici
814 2675 865 2715 et
885 2664 1075 2715 eruditi
1098 2665 1214 2715 viri.
1244 2665 1329 2715 nui
1351 2678 1443 2715 ore
1484 2670 1596 2715 unt.
1620 2662 1793 2715 anima
1822 2662 1872 2713 in
1895 2675 2119 2715 corpore

540 2665 788 2718 catholici
814 2675 865 2719 et
885 2664 1075 2718 eruditi
1098 2665 1214 2725 viri,
1244 2665 1329 2731 qui
1351 2662 1596 2728 credunt,
1620 2662 1793 2716 anima
1822 2662 1872 2713 in
1895 2675 2121 2729 corpore

541 2744 788 2789 manente
810 2734 1088 2788 mutandos
1113 2733 1179 2787 ad
1206 2733 1652 2802 incorruptionem
1675 2740 1728 2785 et
1755 2732 2122 2786 immortalita-

543 2814 646 2857 tem
676 2820 784 2868 eos,
819 2806 909 2874 qui
938 2805 993 2858 in
1015 2804 1241 2858 adventu
1276 2802 1481 2859 Domini
1513 2803 1620 2855 vivi
1649 2802 1947 2874 inveniendi
1975 2810 2118 2874 sunt,

543 2885 596 2928 et
616 2875 715 2928 hoc
736 2876 812 2929 eis
836 2871 1071 2944 reputari
1099 2890 1193 2943 pro
1218 2874 1605 2928 resurrectione
1630 2887 1694 2926 ex
1715 2872 1958 2937 mortuis,
1980 2871 2122 2941 quod

544 2944 918 3000 mortalitatem
944 2944 967 2977 ‘
995 2946 1385 2998 immutatione‘
1406 2944 1672 3011 deponant
1696 2984 1710 3007 ,
1758 2955 1861 3011 non
1904 2950 2074 2996 morte
2105 2960 2119 2996 :

544 3015 777 3082 quolib‘et
796 3018 913 3085 quis
938 3015 1239 3082 acqttiescat
1262 3014 1440 3079 modo,
1464 3010 1573 3085 non;
1596 3022 1678 3085 est
1698 3010 1999 3085 haereticus,
2024 3013 2125 3085 nisi

545 3098 608 3138 ex
632 3082 967 3139 contentione
997 3085 1272 3139 haereticus
1304 3085 1421 3138 liat.’
1458 3083 1663 3139 Sufficit
1688 3084 1828 3137 enim
1860 3082 1913 3135 in
1941 3083 2126 3137 Eccle-

546 3154 639 3205 size
668 3154 785 3224 lege
825 3157 1003 3210 carnis
1044 3155 1485 3209 resurrectionem
1533 3156 1753 3208 credere
1798 3152 2026 3208 futuram
2057 3154 2125 3210 de

548 3233 737 3278 morte.

619 3294 843 3351 CAPUT
890 3293 1025 3350 VIII.
1046 3294 1283 3362 —Quod
1312 3303 1485 3364 autem
1514 3294 1738 3348 dicimus
1768 3294 1818 3347 in
1847 3293 2122 3364 Symbolo,

619 3310 843 3351 bAl’U'l'
900 3310 1025 3350 vui.
1046 3310 1283 3362 -υιιοα
1312 3310 1485 3348 autem
1514 3310 1738 3348 uicimus
1768 3310 1818 3347 in
1847 3310 1883 3347 δ
1924 3310 2122 3359 ιιιοοιο,

547 3364 600 3419 in
626 3365 853 3420 adventu
884 3365 1091 3420 Domini
1118 3368 1268 3419 vivos
1306 3380 1369 3419 ac
1397 3360 1631 3419 mertuos
1653 3310 1986 3433 judicantIos,
2018 3379 2125 3419 non

550 3434 718 3488 solum
746 3437 917 3505 justos
944 3445 999 3491 et
1028 3445 1335 3505 peccatores
1363 3434 1673 3505 signiﬁcari,
1700 3435 1836 3489 sicut
1866 3434 2126 3490 Diodorus

549 3514 698 3574 putat
719 3546 732 3570 ,
752 3504 856 3561 sed
894 3514 947 3561 et
983 3504 1131 3560 vivos
1156 3519 1250 3561 eos
1289 3506 1377 3575 qui
1408 3508 1458 3558 in
1486 3520 1645 3560 carne
1674 3504 1977 3559 inveniendi
2004 3512 2128 3559 sunt

549 3577 835 3643 credimus,
866 3578 954 3646 qui
984 3577 1158 3632 adhuc
1202 3577 1440 3630 morituri
1469 3576 1789 3637 creduntur;
1818 3575 1900 3629 vel
1928 3576 2125 3629 immu-

550 3647 691 3701 tandi
718 3657 861 3713 sunt,
891 3656 946 3702 ut
967 3649 1053 3701 alii
1084 3648 1284 3709 volunt,
1318 3657 1376 3700 ut
1399 3646 1636 3699 suscitati
1662 3646 1915 3701 continuo
1933 3645 2020 3700 vel
2041 3660 2129 3701 re-

548 3715 758 3771 formati
788 3734 908 3772 cum
950 3726 1071 3772 ante
1098 3718 1318 3771 mortuis
1335 3715 1664 3785 judicentur.

618 3787 843 3844 CAPUT
888 3788 977 3842 ΠΧ.
1008 3817 1081 3828 —
1120 3789 1245 3841 Post
1289 3788 1731 3841 resurrectionem
1777 3795 1830 3840 et
1867 3785 2127 3854 judicium

549 3873 655 3913 non
685 3859 964 3912 credamus
988 3859 1377 3912 restitutionem
1406 3855 1651 3927 futuram,
1684 3871 1840 3926 quam
1871 3856 2128 3927 Origenes

550 3929 769 3994 delirat;
797 3938 857 3983 ut
878 3929 1151 3983 daemones
1169 3928 1252 3982 vel
1282 3927 1425 3998 impii
1457 3926 1697 3998 homines
1728 3935 1846 3996 post
1866 3935 2146 3983 tormenta-

552 4001 699 4069 quasi
732 4000 1006 4068 suppliciis
1050 4000 1327 4069 expurgati
1349 3996 1367 4063 ζ
1396 3997 1481 4051 vel
1525 3996 1597 4051 illi
1629 3998 1679 4069 in
1700 3998 1998 4069 angelicam
2025 4013 2129 4067 qua

550 4067 713 4124 creati
743 4067 897 4135 sunt,
927 4067 1146 4124 redeant
1188 4068 1496 4138 dignitatem
1517 4108 1531 4131 ,
1564 4068 1649 4138 vel
1695 4068 1778 4121 isti
1818 4067 1840 4099 ⁵
1864 4070 2127 4134 justorum

551 4141 804 4194 societate
843 4140 1138 4204 donentur;
1179 4137 1265 4195 co’
1291 4139 1429 4208 quod
1478 4138 1577 4191 hoc
1620 4137 1812 4192 divinte
1850 4140 2132 4193 conveniat

554 4210 769 4283 pietati,
802 4224 868 4262 ne
896 4210 1017 4283 quid
1047 4225 1114 4283 ex
1144 4209 1490 4283 rationalibus
1518 4217 1699 4283 pereat
1726 4213 2001 4283 creaturis,
2034 4209 2130 4283 sed

552 4277 788 4351 Quolibet
811 4277 970 4334 modo
1000 4281 1251 4333 salvetur.
1281 4279 1385 4333 Sed
1415 4277 1815 4351 noscredanius
1842 4279 1937 4351 ipsi
1963 4278 2130 4351 judici

552 4347 789 4406 omnium
818 4361 873 4405 et
898 4350 1201 4405 retributori
1228 4352 1393 4417 justo,
1421 4351 1507 4417 qui
1535 4348 1687 4415 dixit,
1717 4347 1873 4401 Ibunt
1915 4348 2058 4417 impii
2079 4351 2132 4404 in

552 4421 1136 4490 supplicium'wternum
1159 4461 1174 4487 ,
1214 4422 1344 4490 justi
1393 4429 1561 4490 autem
1602 4420 1655 4490 iu
1698 4420 1848 4472 vitam
1893 4429 2131 4473 (sternam

553 4488 772 4563 (Mtttllt.
827 4507 954 4556 xxv,
1004 4493 1146 4563 46),
1196 4488 1253 4545 ut
1294 4489 1586 4561 percipiant
1632 4488 1859 4545 fructum
1906 4504 2130 4560 operum

551 4577 788 4618 suorum.

622 4629 848 4687 CAPUT
903 4629 969 4684 Χ.
998 4661 1070 4672 -
1095 4631 1149 4685 1η
1182 4632 1438 4701 principio
1466 4630 1666 4684 creavit
1692 4630 1835 4701 Deus
1860 4630 2055 4686 caelum
2078 4642 2132 4687 et

552 4711 749 4758 terram
780 4712 832 4756 et
861 4716 1051 4772 aquam
1081 4718 1145 4756 ex
1186 4700 1370 4756 nihilo.
1424 4702 1488 4754 Et
1529 4717 1649 4755 cum
1695 4700 1866 4754 adhuc
1897 4703 2132 4756 tenebras

554 4775 718 4843 ipsam
740 4788 931 4844 aquam
953 4774 1299 4836 occultarent,
1323 4784 1373 4825 et
1399 4787 1588 4844 aquam
1617 4783 1754 4844 terra
1780 4772 2132 4827 absconderet

551 4840 673 4898 facti
700 4840 823 4899 sunt
853 4844 1037 4911 Angeli
1067 4852 1122 4898 et
1157 4858 1342 4896 omnes
1369 4842 1610 4896 caelestes
1636 4840 1869 4895 Virtutes
1894 4882 1909 4906 ,
1942 4852 1999 4895 ut
2027 4858 2130 4897 non

552 4928 695 4971 esset
717 4916 884 4968 otiosa
937 4915 1027 4968 Dei
1072 4914 1281 4968 bonitas
1302 4952 1317 4978 ,
1347 4913 1438 4966 sed
1472 4913 1690 4966 haberet
1737 4913 1786 4965 in
1818 4912 2006 4981 quibus
2034 4926 2132 4981 per

553 4986 714 5040 multa
741 4994 866 5039 ante
901 4986 1068 5050 spatia
1097 4985 1384 5037 bonitatem
1411 4996 1559 5035 suam
1605 4983 1902 5036 ostenderet
1936 5000 1948 5035 :
1978 4992 2030 5036 et
2058 4984 2128 5037 ita

553 5056 639 5110 hic
665 5056 883 5109 visibilis
915 5056 1143 5110 mundus
1168 5071 1232 5109 ex
1262 5055 1343 5108 his
1371 5068 1488 5123 qua:
1514 5059 1689 5106 creata
1720 5051 1929 5107 fuerant
1961 5054 2129 5108 factus

552 5135 635 5182 est
657 5136 710 5181 et
733 5134 971 5180 ornatus.
2084 5164 2091 5177 .

621 5196 844 5253 CAPUT
878 5194 966 5251 XI.
992 5225 1063 5236 —
1087 5194 1223 5250 Nihil
1257 5196 1623 5261 incorporeum
1670 5200 1725 5247 et
1747 5193 2011 5249 invisibile
2036 5208 2129 5248 na-

552 5279 666 5321 tura
697 5267 1042 5332 credendum,
1074 5268 1171 5319 nisi
1202 5266 1371 5320 solum
1407 5266 1591 5332 Deum,
1623 5264 1672 5318 id
1703 5274 1802 5323 est,
1838 5263 2045 5317 Patrem
2076 5273 2131 5319 et

554 5338 739 5399 Filiqu
778 5349 833 5394 et
873 5338 1124 5408 Spiritqu
1170 5347 1432 5392 sanetum.
1459 5336 1561 5404 Qui
1589 5351 1656 5390 ex
1683 5350 1750 5391 eo
1790 5335 2129 5405 incorporeus

615 5476 630 5507 ³
666 5475 784 5524 Editi
808 5474 1003 5534 addunt,
1021 5486 1085 5525 ea:
1108 5478 1218 5524 toto.

614 5538 634 5568 ²
659 5538 794 5589 Editi.
814 5550 904 5585 non
927 5537 1064 5587 homo
1084 5538 1238 5600 [actus
1267 5540 1445 5599 praeter
1474 5542 1650 5600 Damt:
1665 5534 1860 5594 Quidam
1885 5541 2008 5600 mss,
2032 5545 2127 5600 non

554 5598 710 5669 homo
733 5600 886 5661 ﬂictus
923 5595 1114 5663 propter
1154 5595 1323 5649 Deum.
1364 5603 1416 5648 Et
1437 5595 1652 5647 nonnulli
1682 5606 1875 5660 postea,
1904 5595 2130 5648 velchri-

555 5669 651 5716 διιιδ
668 5674 771 5711 stuc
793 5670 905 5710 ΗΒΘ.
1034 5690 1035 5693 η
1398 5686 1405 5693 ν

615 5725 637 5756 8
664 5733 789 5783 \tss.,
812 5728 861 5771 ut
885 5720 1047 5785 fabula
1068 5722 1345 5773 somniatur.
1452 5748 1459 5755 -

613 5787 636 5855 ξ
654 5787 736 5855 Hic
759 5781 1081 5855 umquam
1097 5785 1295 5855 addunt;
1312 5783 1562 5850 pmscntis
1580 5781 1708 5836 vita.

614 5848 636 5881 ⁵
654 5847 822 5899 Plures
842 5847 970 5912 llas,

1938 434 1951 445 Ι
1969 366 2336 426 APPENDIX.

3594 386 3597 389 ’
3665 374 3831 434 1216

2213 479 2468 556 creditur,
2496 480 2843 556 quiaubique
2864 486 3051 556 est,let
3072 481 3251 556 omnia
3276 482 3463 554 implet
3483 492 3653 556 atque
3684 505 3827 547 con-

2210 552 2454 633 stringit;
2490 561 2545 607 et
2580 552 2702 633 ideo
2740 552 3017 609 invisibilis
3062 553 3312 617 omnibus
3345 552 3632 626 creaturis,
3686 563 3821 631 quia

2211 631 2556 691 incorporeus
2583 631 2685 678 est.

2279 690 2504 767 CAPUT
2556 691 2672 748 XII.
2723 723 2796 734 —
2821 691 3098 767 _Creatur_a
3146 694 3319 748 omnis
3361 708 3626 767 corporea
3674 710 3767 765 est
3798 722 3816 759 :

2210 762 2398 832 Angeli
2425 773 2482 820 et
2504 778 2690 836 omnes
2733 764 2978 836 cmlestes
3020 765 3250 819 Virtutes
3292 762 3575 836 corporeae
3606 772 3648 836 ί,
3674 762 3814 830 licet

2211 849 2512 906 noncarne
2550 834 2858 906 subsistant.
2901 835 2981 889 Ex
3029 850 3095 889 eo
3139 843 3316 890 autem
3363 834 3658 906 corporeas
3687 858 3814 900 esse

2211 903 2476 960 credimus
2504 905 2886 961 intellectuales
2930 915 3146 959 naturas
3171 947 3185 972 ,
3216 906 3357 974 quod
3388 903 3660 965 localitate
3704 914 3812 967 cir-

2212 976 2666 1047 cumscribunturl;
2712 976 2849 1030 sicut
2896 986 2949 1030 et
2992 975 3167 1047 anima
3213 974 3442 1047 humana
3484 994 3605 1047 qua:
3643 996 3811 1041 carne

2211 1045 2471 1099 clauditur
2493 1088 2508 1111 ,
2538 1056 2591 1102 et
2618 1045 2889 1102 daemones
2913 1046 3004 1116 qui
3050 1061 3147 1115 per
3169 1045 3517 1103 substantiam
3547 1053 3809 1121 angelica;

2213 1124 2417 1170 naturze
2444 1125 2585 1170 ειιιιι.
2980 1146 2985 1151 ’
3254 1148 3261 1155 -

2282 1183 2506 1241 CAPUT
2536 1186 2676 1241 XIII.
2708 1217 2779 1228 —
2808 1187 3141 1243 lmmortales
3177 1203 3297 1243 esse
3324 1189 3596 1245 credimus
3640 1192 3801 1248 intel-

2213 1256 2465 1335 lectuales
2492 1267 2706 1311 naturas
2726 1300 2741 1323 ,
2768 1260 2891 1335 quia
2921 1272 3083 1312 carne
3110 1268 3314 1324 carent,
3344 1275 3446 1335 nec
3474 1259 3672 1317 habent
3697 1279 3802 1335 quo

2213 1327 2406 1398 cadant
2433 1336 2489 1381 ut
2515 1332 2908 1383 resurrectione
2935 1335 3127 1397 egeant
3155 1339 3277 1398 post
3300 1330 3532 1385 ruinam.

2285 1397 2507 1453 CAPUT
2532 1398 2671 1453 XIV.
2692 1429 2765 1440 —-
2787 1400 3003 1453 Animas
3029 1397 3304 1454 hominum
3330 1416 3438 1455 non
3461 1416 3585 1456 esse
3603 1404 3674 1459 ab
3718 1406 3800 1459 in-

2217 1466 2312 1523 itio
2356 1470 2492 1523 inter
2538 1481 2762 1524 caeteras
2806 1469 3189 1525 intellectuales
3217 1482 3467 1535 naturas,
3501 1489 3602 1527 nec
3647 1477 3797 1531 simul

2215 1549 2453 1611 creatas,
2483 1539 2618 1593 sicut
2641 1539 2895 1607 Origenes
2923 1541 3068 1605 lingit
3098 1559 3110 1593 :
3140 1556 3312 1611 neque
3342 1557 3462 1595 cum
3491 1546 3801 1611 corporibus

2218 1625 2311 1678 per
2334 1610 2530 1684 coitum
2559 1613 2846 1684 seminatas
2873 1652 2885 1673 ,
2916 1612 3053 1665 sicut
3082 1610 3431 1684 Luciferiaui,
3458 1624 3509 1667 et
3534 1610 3758 1684 Cyrillus
3778 1658 3794 1683 ,
3820 1621 3828 1631 '

2216 1691 2269 1734 et
2305 1681 2464 1749 aliqui
2510 1680 2816 1735 Latinorum
2866 1692 3289 1753 pnesumptores
3320 1680 3591 1753 affirmant
3611 1728 3626 1741 .
3655 1680 3797 1753 quasi
3817 1709 3831 1738 ι

2218 1758 2420 1803 naturte
2440 1753 2873 1820 consequentiam
2900 1762 3172 1805 servantes
3199 1754 3240 1803 ³.
3270 1752 3375 1806 Sed
3400 1753 3627 1809 dicimus
3648 1771 3794 1810 crea-

2220 1821 2417 1874 tionem
2461 1823 2654 1875 animas
2683 1823 2854 1877 solum
2884 1820 3192 1876 Creatorem
3243 1825 3479 1876 omnium
3531 1841 3720 1889 nosse,
3746 1835 3797 1882 et

2217 1906 2409 1959 corpus
2453 1901 2653 1945 tantum
2700 1909 2795 1960 per
2817 1891 3045 1959 (‘OlljllgII
3088 1893 3333 1959 capulam
3380 1894 3633 1948 seminari
3662 1936 3674 1958 .
3707 1896 3796 1951 Dei

2216 1976 2345 2015 vero
2364 1962 2565 2029 judicio
2585 1962 2854 2030 eoagulari
2885 1964 2936 2014 in
2961 1963 3110 2015 vulva
3139 1972 3192 2016 et
3217 1964 3481 2032 compingi
3506 1974 3667 2031 atque
3694 1965 3796 2019 for-

2220 2033 2349 2085 mari
2376 2072 2388 2092 .
2418 2047 2481 2085 ac
2520 2032 2742 2086 formato
2777 2032 2886 2100 jam
2914 2046 3139 2100 corpore
3180 2034 3410 2086 animam
3438 2036 3605 2087 creari
3638 2045 3692 2089 et
3720 2037 3797 2090 in-

2219 2100 2366 2154 fundi
2394 2144 2405 2163 ,
2436 2112 2493 2156 ut
2518 2103 2657 2155 vivat
2701 2103 2753 2155 in
2783 2113 2933 2156 utero
2980 2101 3139 2155 homo
3165 2118 3229 2156 ex
3271 2104 3437 2155 anima
3466 2114 3716 2159 constans
3741 2116 3799 2162 et

2220 2186 2476 2293 corpore.
2496 2181 2551 2226 et
2575 2173 2877 2242 egrediatur
2902 2173 3052 2227 vivus
3082 2189 3144 2228 ex
3179 2182 3325 2227 utero
3348 2174 3529 2242 plenus
3558 2175 3793 2231 humana

2220 2257 2281 2293 SII
2304 2253 2532 2293 )SIallllﬂ.

2219 2253 2532 2296 substantia.

2292 2312 2515 2369 CAPUT
2546 2312 2661 2367 XV.
2687 2343 2760 2353 —
2784 2311 2965 2381 Neque
3007 2312 3141 2367 duas
3187 2313 3393 2367 animas
3432 2328 3551 2367 esse
3574 2314 3796 2372 dicimus

2222 2382 2275 2435 in
2298 2398 2401 2437 uno
2424 2384 2658 2445 homine,
2681 2383 2817 2437 sicut
2835 2382 3061 2438 Jacobus
3082 2393 3135 2437 ct
3158 2384 3245 2437 alii
3267 2384 3517 2453 Syrorum
3541 2385 3793 2452 seribunt,

2221 2468 2379 2506 uuam
2411 2454 2693 2507 animalem
2722 2469 2824 2523 qua
2868 2455 3132 2507 animetur
3158 2469 3352 2521 corpus
3390 2462 3443 2507 et
3472 2455 3706 2511 immixta
3733 2458 3798 2513 sit

2222 2524 2500 2593 sanguini,
2532 2534 2586 2578 et
2612 2523 2831 2577 alteram
2860 2524 3185 2591 spiritualem
3213 2539 3335 2593 qua:
3360 2525 3620 2579 rationem
3649 2527 3796 2581 mini-

2223 2605 2354 2649 stret
2382 2612 2394 2648 :
2423 2595 2515 2649 Sed
2542 2594 2765 2651 dicimus
2793 2609 2949 2648 unam
2977 2609 3096 2648 esse
3124 2594 3471 2664 eamdemque
3497 2596 3723 2651 animam
3748 2599 3796 2652 in

2224 2664 2458 2730 homine,
2492 2681 2610 2735 qum
2640 2676 2693 2719 et
2731 2680 2924 2735 corpus
2949 2679 3044 2718 sua
3084 2665 3335 2719 societate
3361 2664 3610 2730 viviﬁcet,
3643 2676 3695 2721 et
3718 2683 3799 2722 se-

2225 2734 2621 2803 metipsam’sua
2647 2736 2852 2789 ratione
2879 2734 3122 2804 disponat
3146 2777 3161 2799 ,
3190 2735 3392 2789 habens
3422 2737 3474 2790 in
3500 2750 3559 2790 se
3590 2737 3797 2791 liberta-

2224 2806 2582 2929 temdarbilttrii,
2616 2814 2674 2860 ut
2698 2805 2751 2859 in
2782 2820 2892 2860 sua:
2919 2806 3229 2861 substantia:
3253 2806 3275 2836 ³
3300 2806 3459 2875 eligat
3486 2808 3799 2877 cogitatione

2225 2892 2329 2929 auo
2396 2893 2460 2928 vu
2514 2915 2528 2929 .

2225 2885 2364 2946 quod
2396 2885 2528 2929 vult.

2296 2946 2522 3001 CAPUT
2550 2946 2688 3001 XVI.
2718 2976 2788 2986 —-—
2815 2946 2995 3001 Solum
3021 2945 3290 3000 hominem
3318 2947 3584 3001 credimus
3612 2948 3799 3005 habere

2226 3018 2454 3070 animam
2496 3018 2877 3071 substantivam
2903 3059 2915 3079 ,
2950 3032 3067 3086 quae
3110 3027 3267 3069 exuta
3296 3033 3522 3084 corpore
3562 3021 3724 3088 vivit,
3750 3028 3799 3075 et

2228 3102 2416 3141 sensus
2436 3102 2560 3141 suos
2586 3098 2744 3155 atque
2775 3088 2978 3155 ingenia
3008 3089 3261 3140 vivaciter
3287 3098 3449 3141 tenet.
3482 3088 3666 3157 Neque
3690 3105 3795 3144 cum

2227 3172 2451 3227 corpore
2476 3159 2700 3211 moritur
2723 3197 2736 3215 ,
2770 3158 2907 3211 sicut
2949 3158 3143 3211 Aratus
3186 3157 3207 3187 ‘
3235 3159 3469 3221 asserit;
3497 3175 3668 3228 neque
3693 3168 3798 3227 post

2226 3230 2490 3282 modicum
2522 3229 2891 3293 intervallum,
2925 3229 3060 3281 sicut
3105 3228 3282 3282 Zenon
3331 3229 3492 3293 dicit;
3532 3231 3651 3298 quia
3679 3230 3799 3284 sub-

2228 3299 2543 3352 stantialiter
2563 3299 2706 3351 vivit.

2299 3367 2520 3423 CAPUT
2550 3368 2712 3422 XVII.
2740 3398 2809 3407 -——
2836 3368 3154 3421 Animalium
3183 3382 3309 3423 vero
3335 3368 3516 3421 animas
3543 3384 3644 3421 non
3672 3378 3794 3424 sunt

2228 3438 2573 3494 substantivae
2598 3439 2620 3469 ⁵
2638 3479 2652 3501 ,
2681 3439 2773 3493 sed
2819 3453 2940 3492 cum
2990 3452 3152 3493 carne
3197 3439 3307 3506 ipsa
3335 3439 3509 3491 carnis
3533 3440 3798 3496 vivacitate

2229 3519 2537 3576 nascuntur,
2558 3518 2612 3564 et
2636 3525 2757 3563 cum
2781 3510 2958 3562 carnis
2984 3518 3154 3562 morte
3181 3510 3470 3562 liniuntur:
3497 3521 3550 3563 et
3570 3508 3688 3562 ideo
3708 3522 3813 3563 nec‘

2227 3580 2433 3635 ratione
2459 3591 2729 3649 reguntur,
2759 3580 2895 3633 sicut
2922 3578 3069 3632 Plato
3091 3586 3145 3632 et
3166 3579 3469 3633 Alexander
3486 3588 3689 3648 putarit,
3710 3579 3817 3635 sed'

2229 3649 2296 3703 ad
2321 3653 2495 3704 omnia
2524 3660 2727 3715 natura}
2751 3650 3092 3713 incitamentt)
3118 3650 3401 3703 ducuntur.

2298 3718 2526 3775 CAPUT
2569 3714 2747 3773 XVI“.
2780 3748 2850 3759 --
2878 3721 3062 3772 Anima
3104 3719 3330 3772 humana
3362 3734 3465 3773 non
3490 3735 3612 3774 cum
3640 3734 3793 3776 carne

2231 3792 2457 3863 moritur
2476 3831 2493 3857 ,
2532 3790 2802 3863 quam
2829 3804 3157 3863 cumlcarne,
3192 3799 3247 3842 ut
3268 3791 3512 3863 superius
3537 3790 3794 3863 diximus,
3818 3806 3826 3819 ·

2231 3862 2550 3926 seminatur;
2576 3859 2669 3913 sed
2698 3859 2924 3915 formato
2951 3860 3004 3913 in
3028 3862 3423 3913 ventre‘matris
3443 3876 3689 3930 corpore,
3711 3861 3825 3929 Dei,

2228 3931 2429 4000 judicio
2454 3940 2667 3986 creatur
2686 3930 3077 3999 etgnfnnditur,
3115 3940 3172 3983 ut
3210 3931 3351 3984 vivat
3394 3931 3552 3986 homo
3580 3932 3721 3986 intus
3752 3933 3801 3986 in

2234 4013 2408 4067 utero,
2445 4011 2499 4056 et
2524 4004 2600 4055 sic
2628 4006 2878 4070 prtitth
2906 4001 3180 4054 nativitate
3210 4000 3263 4053 in
3291 4001 3568 4055 mundum.

2301 4072 2526 4127 CAPUT
2572 4069 2715 4126 XIX.
2747 4069 2831 4125 “4—.
2856 4071 3073 4126 Duabus
3102 4070 3411 4125 substantiis
3439 4080 3646 4126 tantum
3672 4087 3804 4126 con-

2233 4150 2341 4197 stat
2370 4142 2531 4196 homo
2551 4184 2565 4207 ,
2593 4143 2769 4195 anima
2790 4151 2846 4196 et
2873 4157 3065 4206 carne;
3097 4141 3272 4194 anima
3299 4157 3418 4196 cum
3444 4143 3649 4196 ratione
3674 4158 3803 4209 sua,

2234 4222 2288 4267 et
2314 4228 2476 4268 carne
2499 4228 2619 4267 cum
2651 4213 2894 4266 sensibus
2921 4213 3050 4265 suis.
3089 4211 3235 4277 Quos
3261 4221 3430 4265 tamen
3461 4228 3647 4265 sensus
3674 4213 3801 4265 abs-
3828 4246 3833 4249 ‹

2235 4299 2339 4353 que
2368 4284 2559 4337 animre
2584 4284 2835 4337 societate
2852 4288 2965 4336 ἰιοιι
2993 4292 3171 4337 movet
3200 4297 3336 4336 caro.
3377 4281 3565 4334 Anima
3592 4295 3719 4335 vero
3747 4290 3806 4336 et

2235 4356 2351 4409 sine
2379 4370 2539 4408 carne
2569 4355 2822 4407 rationale
2850 4368 3003 4407 suum
3035 4362 3200 4407 tenet.
3552 4372 3555 4375 λ

2305 4423 2530 4479 CAPUT
2563 4424 2679 4479 XX.
2707 4453 2777 4463 —
2819 4424 2932 4478 Non
2973 4432 3053 4477 est
3079 4424 3265 4476 tertius
3294 4421 3344 4474 in
3371 4421 3662 4475 substantia
3700 4421 3831 4475 IlO-'

2233 4496 2393 4549 minis
2417 4494 2631 4564 spiritus
2649 4536 2662 4559 ,
2696 4494 2834 4549 sicut
2858 4494 3113 4565 Didymus
3138 4492 3567 4565 contenditised
3589 4492 3808 4565 spiritus

2235 4566 2349 4634 ipsa
2374 4563 2457 4620 est
2475 4566 2672 4629 anima,
2707 4579 2802 4633 pro
2831 4563 3090 4633 spirituali
3120 4575 3330 4629 natura,
3356 4563 3439 4616 vel
3467 4578 3561 4630 pro
3582 4577 3647 4615 eo
3668 4563 3808 4630 quod

2234 4637 2403 4706 spiret
2438 4637 2489 4690 in
2515 4651 2739 4704 corpore
2765 4636 2983 4706 spiritus
3007 4634 3323 4706 appellatus.
3359 4635 3548 4706 Anima
3567 4648 3712 4706 vero
3741 4648 3810 4686 ex

2234 4701 2301 4761 eo
2329 4717 2563 4770 vocatur,
2589 4701 2727 4775 quod
2771 4705 2836 4759 ad
2887 4704 3170 4759 vivendum
3202 4705 3282 4757 vel
3326 4704 3392 4775 ad
3434 4701 3809 4757 vivilicandum

2234 4778 2435 4832 animet
2477 4774 2690 4843 corpus.
2735 4776 2970 4829 Tertium
3004 4788 3130 4827 vero
3172 4775 3262 4841 qui
3303 4774 3371 4828 ab
3396 4775 3654 4840 Apostolo
3684 4787 3809 4826 cum

2234 4849 2407 4900 anima
2437 4856 2490 4900 et
2518 4861 2742 4914 corpore
2785 4846 3077 4909 inducitur,
3105 4845 3351 4912 spiritum
3380 4845 3602 4912 gratiam
3633 4843 3802 4896 sancti

2235 4918 2462 4985 Spiritus
2506 4913 2627 4971 esse
2668 4916 3026 4985 intelligamus
3049 4956 3063 4979 ,
3103 4930 3262 4983 quam
3291 4924 3413 4967 orat
3439 4913 3723 4983 Apostolus
3753 4921 3807 4985 ut

2235 4984 2436 5056 integra
2483 4986 2797 5057 perseveret'
2820 4984 2871 5039 in
2902 4987 3089 5057 nobis,
3117 5000 3183 5057 i_ie
3207 4986 3552 5057 nostrolvitio
3577 4993 3666 5057 aut
3706 4984 3807 5057 mi;

2234 5053 2427 5112 nitatur
2448 5053 2539 5111 aut
2567 5058 2776 5127 fugetur
2804 5072 2834 5110 a
2865 5057 3017 5111 nobis
3042 5054 3060 5127 (
3076 5056 3091 5108 Ι
3116 5054 3293 5109 Thess.
3319 5072 3374 5120 v,
3397 5054 3525 5125 25);
3556 5055 3676 5124 quia
3699 5053 3813 5123 Spi-

2234 5130 2361 5183 ritus
2381 5139 2584 5183 sanctus
2609 5126 2811 5199 eﬁ'ugiet
2838 5129 3011 5194 ﬁctum
3032 5126 3187 5199 ('Sap.
3215 5143 3251 5199 ι,
3436 5195 3446 5199 _
3512 5162 3517 5167 .

2300 5193 3071 5259 CAI’U'I‘XXI..Libertati
3114 5193 3325 5249 arbitrii
3369 5195 3449 5249 sui
3492 5196 3811 5249 commissus

2234 5279 2315 5326 est
2345 5273 2502 5324 homo
2533 5272 2709 5324 statim
2741 5268 2989 5339 inprima
3013 5266 3339 5339 conditione,
3374 5276 3431 5339 ut
3450 5266 3562 5319 sola
3591 5266 3810 5339 vigilan-

2235 5344 2303 5396 tia
2337 5342 2530 5395 mentis
2560 5336 2861 5403 annuente;
2874 5338 3033 5393 etiam
3065 5338 3114 5390 in
3147 5338 3393 5406 praecepti
3415 5336 3655 5390 custodia
3686 5350 3808 5405 per-

2234 5424 2503 5469 severaret
2524 5453 2537 5477 ,
2567 5414 2611 5465 si
2642 5412 2802 5466 vellet
2826 5411 2881 5465 in
2908 5420 2975 5465 eo
2998 5408 3139 5479 quod
3163 5419 3375 5463 creatus
3399 5406 3574 5461 fuerat
3596 5421 3811 5479 pet-ma:

2297 5532 2315 5562 ι
2340 5536 2445 5578 Mss.
2473 5527 2673 5590 aliquot,
2696 5537 2914 5590 corpore.
3050 5582 3062 5590 _
3761 5576 3790 5590 _.

2296 5594 2316 5624 ³
2339 5599 2443 5641 Mss.
2464 5582 2573 5652 sex,
2594 5582 2923 5652 consequentia
2936 5582 3210 5635 servientes.
3236 5583 3324 5634 Alii
3347 5590 3469 5643 tres,
3485 5582 3817 5644 consequentia

2231 5653 2477 5706 serviente.

2296 5718 2315 5750 ³
2340 5725 2443 5765 Mss.
2461 5724 2650 5773 omnes,
2670 5712 2722 5764 in
2742 5724 2831 5779 sua
2852 5708 3131 5779 substantia.

2296 5779 2318 5810 δ
2351 5786 2454 5827 Mss.
2475 5789 2664 5835 omnes,
2691 5773 2857 5823 xii-abs.

2294 5841 2318 5875 ⁸
2342 5847 2445 5893 Mss.
2467 5831 2665 5900 aliquot,
2688 5834 2979 5888 substantia.
3004 5832 3112 5896 alii,
3131 5831 3412 5885 subdant“.
