1939 3036
209 151 238 179 Il
311 154 315 160 '
923 148 952 177 S.
974 148 1005 176 El

1065 148 1147 176 mm
1552 128 1555 131 ’
1825 152 1859 180 19

209 208 265 234 duo
296 204 452 241 principia,
480 204 581 232 bonum
608 211 640 232 ac
671 204 786 236 malum,
817 206 1000 233 constituunt.

1065 207 1183 240 ἱγοντες,
1204 206 1324 243 πονηράν
1341 215 1369 232 τε
1385 206 1432 233 καὶ
1447 204 1563 242 ἀγαθὴν,
1576 204 1718 238 ἀεὶοῦσας.
1737 206 1862 239 Χριστὸν

209 253 350 280 Christum
366 252 457 286 specie
480 255 560 278 tenus
578 251 750 286 apparuisse,
766 252 910 287 specieque
925 256 1006 280 tenus

209 305 271 325 esse
286 304 409 332 passum.
425 295 507 323 Vetus
530 297 748 328 Testamentum.
766 296 905 332 Deumque
917 298 1006 332 quiin

210 344 257 370 illo
278 344 386 370 loculus
403 346 457 373 est,
471 341 625 369 maledictis
645 346 772 369 onerant.
797 342 928 370 Mundum
952 351 1006 370 non

211 389 370 415 universum
387 395 401 414 a
421 387 492 419 Dec,
508 387 556 415 scd
573 387 634 422 ejus
646 392 752 423 partem
771 387 932 416 fabricatam
946 397 1008 417 esse

211 441 345 463 statuunt.

251 481 296 511 lll.
325 483 469 510 llieracita:
493 482 528 509 ab
547 481 662 509 llicrace
679 481 829 517 interprete
846 489 877 510 ac
895 483 1008 511 doctore

210 529 329 563 quodam
356 528 533 563 Leontopoli,
560 527 634 562 quod
662 527 773 563 [Egypti
796 529 926 564 oppidum
954 534 1006 562 est,

211 575 339 602 oriundo.
358 575 410 608 Qui
428 575 658 603 resurrectionem
678 576 770 602 carnis
787 576 901 610 respuit.
921 575 1007 603 Utun-

211 627 256 649 tur
273 622 311 648 illi
330 621 419 650 Veteri
436 629 467 649 ac
488 620 565 649 Novo
592 621 782 649 Testamento.
804 621 912 657 Nuptiis
935 623 1009 657 peni-

213 674 256 696 tus
278 669 457 696 interdicunt.
474 669 622 697 lllonat-lros
642 672 668 696 et
687 669 1004 704 virgines,coutinentes

212 722 243 741 ac
257 715 355 741 viduos
370 714 528 742 admittunt.
545 714 649 742 Pueros
664 718 770 741 matura
786 715 906 742 nondum
927 719 1008 743 mtate

211 760 287 796 regni
304 761 426 788 cotlestis
443 761 591 796 participes
612 768 673 788 esse
688 765 798 796 negant,
825 760 899 795 quod
930 768 1003 788 non-

211 807 276 834 dqu
292 808 440 835 certamine
456 806 590 842 perfuncti
606 810 682 834 sunt.

246 853 291 880 IV.
314 853 450 880 Mcleliani
473 853 632 893 schismatis
650 853 675 879 in
692 851 822 888 Egypto,
845 860 899 879 non
922 852 1007 880 lucre-

1056 251 1084 277 δὲ
1099 251 1209 287 δοκήσει
1227 251 1389 288 πεφηνέναι,
1404 253 1452 279 καὶ
1465 252 1576 288 δοκήσει
1605 252 1781 280 πεπονθέναι.
1797 253 1858 281 Πα-

1057 298 1136 325 λαιὰν
1143 298 1281 334 Διαθήκην
1293 299 1525 334 βλασφημοῦντες,
1539 299 1587 325 καὶ
1597 299 1643 325 τὸν
1653 299 1682 325 ὲν
1694 299 1763 335 αὐτῇ
1778 299 1860 335 λαλὴ-

1058 352 1143 371 σαντα
1158 344 1234 372 θεόν.
1254 345 1365 380 Κόσμον
1378 345 1406 372 δὲ
1422 345 1453 372 οὺ
1470 345 1515 372 τὸν
1528 345 1628 378 πάντα,
1641 345 1709 373 ἀλλὰ
1727 345 1813 382 μέρος
1826 347 1863 373 ἐκ

1057 390 1125 417 Θεοῦ
1134 391 1298 426 γεγενῆσθαι
1311 391 1475 427 ὁριζόμενοι.

1093 483 1130 510 Γ¹.
1157 482 1323 518 ’1ερακῖται,
1349 482 1375 509 οἱ
1395 481 1449 509 ἀπὸ
1467 481 1514 508 τοῦ
1535 481 1656 517 Ἱέρακος
1674 480 1722 508 τοῦ
1742 481 1859 508 Λεοντο-

1059 529 1169 556 πιιλίτου
1194 529 1243 564 τῆς
1259 528 1411 563 Αἰγύπτου,
1426 527 1560 563 ἐξηγητοῦ
1575 536 1647 559 τινος
1669 526 1770 563 σαρκὸς
1787 527 1859 553 ἀνά-

1059 583 1153 602 στασιν
1169 574 1338 606 ἁθετοῦντος.
1368 574 1511 610 Χρώμενοι
1535 574 1641 609 Παλαιᾷ
1657 574 1704 600 καὶ
1718 573 1774 608 Νέᾳ
1794 576 1861 599 Δια-

1060 620 1141 657 Θηκῃ,
1156 621 1202 647 καὶ
1219 619 1436 655 ἀπαγορεύοντες
1452 619 1542 655 γάμον
1556 619 1707 651 παντελῶς,
1727 619 1859 654 μονάζον-

1058 667 1107 698 τάς
1132 676 1161 693 τε
1179 667 1225 693 καὶ
1241 665 1394 702 παρθένους
1418 665 1571 701 δεχόμενοι,
1589 666 1636 692 καὶ
1653 664 1860 701 ἑγκρατευομέ-

1058 722 1130 744 νους,
1147 713 1193 740 καὶ
1208 713 1320 748 χήρους.
1335 712 1377 738 Τὰ
1395 712 1424 738 δὲ
1442 712 1556 747 μηδέπω
1571 712 1600 738 ἐν
1614 711 1707 747 ἡλικίᾳ.
1722 711 1859 746 γεγονότα

1059 759 1152 785 παιδία
1181 758 1318 794 βασιλείας
1352 758 1389 793 μὴ
1419 758 1555 793 μετέχειν,
1584 757 1629 784 διὰ
1658 757 1689 783 τὸ
1711 758 1750 792 μὴ
1771 757 1859 792 ἠθλη-

1059 804 1146 831 κέναι.

1094 852 1132 878 Δ’.
1151 850 1344 884 Μελητιανοὶ,
1365 851 1390 876 οἱ
1404 851 1434 876 ὲν
1445 849 1577 885 Αἰγύπτῳ
1586 849 1689 884 σχίσμα
1698 848 1785 881 ὄντες,
1795 848 1858 875 ἀλλ’

211 900 249 928 sis
265 900 354 927 locum
376 899 510 927 obtinent.
530 898 582 931 Qui
602 906 664 925 cum
681 898 735 926 illis
753 906 864 933 precum
882 906 1005 926 cornum-

1065 897 1107 931 ὶύχ
1135 897 1252 931 αἵρεσις,
1280 896 1318 932 μὴ
1343 896 1537 931 ουνευξάμενοι
1560 897 1616 927 τοῖς
1637 896 1666 922 ὲν
1680 895 1719 930 τῷ
1741 895 1858 930 διωγμῷ

212 943 294 970 nione
321 942 451 978 conjungi
483 943 650 974 noluerunt,
679 943 726 977 qui
754 942 782 969 in
814 943 1006 977 persecutione

217 988 286 1024 lapsi
304 992 379 1015 sunt.
399 987 477 1015 Nunc
494 996 524 1015 se
540 987 575 1015 ad
590 987 708 1015 Arianos
726 993 919 1023 aggregarunt.

247 1034 331 1070 606
350 1033 494 1066 V.Ariuni,
511 1034 569 1062 sive
577 1033 750 1061 Ariamanitw
759 1032 805 1060 Dei
821 1032 918 1060 Filium
930 1041 1005 1061 crea~

212 1084 302 1108 turam
324 1088 386 1109 esse
402 1081 516 1114 dicunt;
543 1079 674 1115 Spiritum
691 1085 756 1106 vero
771 1082 896 1106 sanctum
924 1079 1004 1106 aliam

211 1135 274 1156 esse
290 1131 456 1155 creaturam.
473 1127 644 1154 Salvatorcm
662 1130 789 1154 nostrum
810 1133 921 1153 carnem
933 1126 1005 1153 dun-

164 1165 170 1169 ;
212 1177 318 1201 taxata
334 1173 429 1204 Maria,
450 1182 506 1201 non
527 1174 646 1201 animam
670 1174 812 1209 accepisse
827 1172 1003 1200 confirmant.

206 1219 274 1247 Fuit
304 1220 349 1247 hic
382 1219 464 1247 Arius
492 1219 643 1247 Alexandri
672 1220 794 1255 episcopi
831 1219 1005 1247 Alexandria:

212 1266 366 1302 presbyter.

248 1311 311 1339 llaec
323 1315 366 1339 est
380 1311 501 1347 quinque
523 1311 664 1339 hmrescon
682 1318 803 1344 summa,
821 1319 882 1347 qua:
903 1310 930 1338 in
952 1311 1005 1339 hoc

214 1364 233 1385 ιι
252 1357 321 1385 libro
332 1357 390 1385 sive
403 1357 498 1385 ordine
513 1356 532 1384 V
548 1357 737 1385 continentur.

1058 942 1302 978 παραπεπτωκότι·
1318 941 1365 970 νῦν
1377 942 1405 968 δὲ
1428 942 1577 978 Ἀρειανοῖς
1590 942 1781 977 συναφθέντες.

1095 1031 1132 1058 Ε’.
1151 1031 1306 1066 ’Λρειανοὶ,
1325 1033 1349 1059 οί
1370 1032 1417 1060 καὶ
1445 1032 1667 1068 Ἀρειομανῖται,
1685 1033 1709 1059 οἱ
1729 1032 1774 1060 τὸν
1789 1032 1858 1059 Υἱδν

1059 1077 1107 1104 τοῦ
1123 1077 1191 1105 Θεοῦ
1205 1078 1309 1114 κτίσμα
1326 1079 1462 1113 λέγοντες,
1486 1081 1534 1107 καὶ
1553 1079 1583 1106 τὺ
1604 1079 1716 1115 Πνεῦμα
1731 1080 1762 1106 τὸ
1776 1080 1858 1114 ἅγιον

1058 1122 1160 1158 κτίσμα
1186 1123 1346 1159 κτίσματος,
1373 1124 1463 1160 σάρκα
1490 1125 1570 1160 μόνον
1589 1125 1636 1152 τὸν
1664 1125 1778 1161 Σωτῆρα
1798 1126 1858 1153 ἀπὸ

1058 1168 1167 1204 Μαρίας
1183 1169 1324 1205 εἰληφέναι
1344 1170 1591 1206 διαϐεϐαιούμενοι,
1607 1172 1654 1198 καὶ
1668 1172 1729 1206 οὐχὶ
1751 1171 1857 1208 ψυχὴν.

1058 1212 1112 1242 Ἷιν
1140 1214 1169 1242 δὲ
1196 1212 1273 1248 οὗτος
1298 1216 1313 1242 ὁ
1328 1217 1439 1252 ’Ἄρειος
1467 1216 1654 1254 πρεσϐύτερος
1679 1217 1859 1253 Ἀλεξάνδρου

1058 1261 1210 1288 ἐπισκόπου
1225 1261 1439 1298 Ἀλεξανδρείας.

1094 1307 1168 1343 Δῦτη
1184 1308 1231 1334 καὶ
1248 1309 1265 1343 ἡ
1281 1308 1328 1335 τοῦ
1346 1309 1473 1344 δευτέρου
1487 1309 1600 1345 βιϐλίου,
1621 1309 1747 1345 πέμπτου
1764 1310 1794 1336 δὲ
1806 1311 1859 1337 ἀπ’

1058 1353 1147 1389 ἀρχῆς
1167 1353 1217 1389 τῆς
1232 1354 1396 1387 ἀκολουθίας
1414 1355 1500 1388 ὄντος,
1520 1355 1758 1390 ἁνακεφαλαίωσις
1776 1357 1858 1392 αίρέ-

1059 1407 1130 1426 οεων
1150 1399 1242 1427 πέντε.
1418 1401 1423 1404 ⁴

231 1497 1845 1516 ._______—____—________

371 1573 453 1609 007
489 1578 682 1623 TOMOZ
715 1577 998 1622 ΔΕΥΤΕΡΟΣ
1016 1578 1130 1622 ΤΟΥ
1150 1577 1440 1624 ΔΕΥΤΕΡΟΥ
1473 1570 1708 1625 ΒΙΒΑΙΟΥ.

735 1774 899 1818 LIBRI
940 1774 984 1819 II
1014 1774 1218 1822 TOMUS
1257 1777 1322 1821 II.

311 1944 450 1974 CONTRA
469 1944 613 1982 PAULUM
633 1943 891 1974 SAMOSATENUM
899 1966 907 1980 ,

407 2001 525 2030 Ha'rest's
542 2001 628 2035 XLV,
649 2002 702 2030 sive
720 2002 806 2030 LXV.

247 2059 269 2087 l.
285 2058 442 2087 Secundum
456 2059 518 2086 illos
534 2058 636 2086 Paulus
656 2057 855 2087 Samosatcnus
874 2059 1008 2094 sequitur,

212 2106 259 2141 qui
274 2109 334 2142 post
347 2104 481 2132 Novatum
498 2108 582 2139 atque
599 2103 743 2139 Origenem
762 2104 876 2132 exstitit.
890 2104 1010 2141 Quiqui-

212 2152 274 2180 dem
291 2151 425 2187 Origenes
442 2155 581 2186 postremo
599 2150 671 2178 inter
689 2150 833 2178 lizcretieos
846 2156 1009 2180 numeratus

210 2202 254 2226 est
267 2217 275 2230 ,
302 2197 337 2225 ob
363 2197 549 2232 arrogantiam
569 2196 644 2224 illam
658 2216 665 2228 ,
687 2203 770 2231 quam
791 2198 928 2225 asciscere
954 2198 1007 2226 sibi

211 2244 300 2272 voluit
319 2248 346 2272 et
365 2244 498 2272 insolenti
518 2251 550 2270 ac
571 2250 707 2278 nugarum
729 2243 890 2279 plenissima
910 2244 1008 2280 loqua-

211 2291 312 2324 citate,
339 2290 518 2325 immissaque
535 2297 550 2317 a
566 2289 677 2317 diabolo
696 2293 786 2318 ruente
805 2290 939 2319 adversus
958 2299 1006 2319 ve-

211 2338 320 2379 ritatem
332 2338 485 2372 insurgere.
495 2337 568 2365 Sane
580 2338 603 2365 is
616 2338 748 2373 lugendus
765 2338 844 2366 nobis
859 2339 1005 2367 admodum

212 2383 287 2411 venit
298 2403 306 2417 ,
322 2383 370 2418 qui
386 2382 488 2411 diaboli
505 2383 609 2411 invidia
626 2383 720 2419 lapsus
734 2391 768 2411 ex
783 2384 838 2411 alto
852 2385 1006 2419 prmeipita-

211 2430 260 2456 vit.
277 2428 346 2456 Nam
362 2428 389 2456 in
412 2429 460 2457 illo
482 2428 634 2464 Scriptura:
650 2429 753 2456 dictum
773 2429 840 2456 illud
856 2429 1004 2464 impletur:

212 2475 369 2503 Fuscinatt’o
388 2477 458 2504 enim
481 2476 643 2512 nugacitatis
666 2476 791 2503 obscurat
815 2475 901 2506 bona,
920 2480 946 2502 et
963 2476 1004 2502 in-

203 2522 362 2549 constantia
386 2522 606 2556 concupisccntiw
634 2522 789 2549 trauveﬂit
810 2525 921 2548 mentem
949 2521 1005 2548 sine

210 2567 317 2594 malitia
337 2567 358 2595 ί.

246 2613 355 2642 Recedo
376 2621 450 2642 nunc
467 2613 502 2641 ad
521 2613 599 2641 illum
611 2633 619 2646 ,
639 2612 721 2648 cujus
736 2610 933 2646 explicandum
952 2611 1004 2640 do-

209 2668 270 2697 gma
299 2661 490 2697 suscepimus,
516 2659 631 2687 Paulum
659 2658 893 2691 Samosatenum,
922 2658 1004 2693 cujus

210 2707 331 2734 nominis
349 2713 432 2742 supra
452 2705 622 2732 mentionem
641 2702 758 2731 fecimus
770 2721 778 2734 ,
793 2706 821 2730 et
838 2709 912 2729 nunc
929 2702 1003 2731 illius

1156 1947 1251 1974 KATA
1270 1947 1412 1974 ΠΔΥΔΟΥ
1431 1947 1499 1974 ΤΟΥ
1518 1947 1757 1977 ΣΛΜΟΣΔΤΕΩΣ»

1063 2004 1297 2039 Τεσσαρακοστὴ
1311 2004 1439 2039 πέμπτη,
1453 2003 1472 2038 ἡ
1489 2003 1538 2031 καὶ
1553 2003 1707 2037 ἐξηκοστὴ
1722 2002 1855 2039 πέμπτη.

1095 2061 1134 2088 A’.
1155 2059 1261 2092 Παῦλος
1286 2060 1301 2087 ὁ
1328 2059 1503 2095 Σαμοσατεὺς
1538 2057 1707 2094 καλούμενος
1741 2057 1856 2090 τούτους

1059 2106 1223 2142 διαδέχεται,
1246 2105 1366 2140 γεγονὼς
1385 2104 1454 2141 μετὰ
1482 2104 1607 2132 Ναυᾶτον
1630 2104 1678 2130 καὶ
1700 2104 1855 2140 Ὣριγένην,

1059 2151 1105 2178 τὸν
1125 2151 1217 2178 λοιπὸν
1239 2151 1268 2178 ὲν
1285 2150 1390 2187 αἱρέσει
1408 2149 1610 2186 ἀριθμούμενον
1626 2149 1659 2176 δι’
1671 2148 1705 2185 ἢν
1720 2148 1855 2184 ἠθέλησεν

1060 2196 1226 2232 ὑψαυχενίαν
1257 2195 1348 2231 ἑαυτῷ
1374 2194 1596 2225 ἐπισπάσασθαι,
1623 2193 1670 2221 καὶ
1699 2193 1854 2230 ἐπαρθῆναι

1059 2243 1130 2270 κατὰ
1145 2243 1194 2278 τῆς
1213 2242 1341 2278 ἀληθείας
1356 2241 1399 2268 διὰ
1416 2240 1464 2276 τῆς
1487 2239 1646 2275 κομπώδους
1667 2239 1751 2267 αὐτοῦ
1769 2239 1855 2274 φλυα-

1060 2289 1120 2325 ρίας
1140 2289 1187 2316 καὶ
1211 2289 1243 2314 ὲκ
1265 2287 1390 2314 διαϐόλου
1414 2285 1632 2322 ὲπισπεισμένης
1646 2287 1656 2302 ²
1671 2285 1786 2317 ἐννοίας.
1803 2285 1853 2313 ⁸ον

1058 2335 1166 2362 πενθεῖν
1179 2334 1230 2366 δεῖ,
1245 2334 1283 2366 ὡς
1300 2333 1408 2369 ἀληθῶς
1425 2333 1516 2369 φθόνῳ
1532 2333 1656 2360 διαϐόλου
1667 2333 1853 2366 ἐξοκείλαντα,

1057 2381 1105 2408 καὶ
1135 2380 1189 2407 ἀπὸ
1217 2380 1302 2416 ὕψους
1331 2379 1585 2415 παραπεπτωκότα.
1613 2379 1673 2407 Ἐπ’
1698 2378 1773 2415 αὐτῷ
1799 2379 1854 2415 γὰρ

1057 2425 1210 2462 πληροῦται
1235 2425 1266 2453 τὸ
1292 2424 1456 2462 εἰρημένον·
1481 2425 1638 2452 Βασκανία
1664 2425 1854 2460 φαυλότητος

1056 2471 1187 2506 ἀμαυροῖ
1205 2470 1242 2498 τὰ
1257 2472 1346 2504 καλὰ,
1365 2471 1414 2498 καὶ
1427 2469 1603 2506 ρεμϐασμὸς
1617 2470 1776 2506 ἐπιθυμίας
1783 2479 1854 2506 μετ-

1055 2517 1179 2545 αλλεύει
1198 2517 1273 2545 νοῦν
1288 2517 1414 2544 ἄκακον.

1093 2603 1178 2639 Οὗτος
1226 2604 1273 2634 οὖν
1283 2609 1297 2635 ὁ
1307 2608 1372 2644 ἡμῖν
1381 2608 1421 2640 είς
1429 2607 1559 2644 ἐξήγησιν
1567 2606 1852 2642 ὲπιμνημονευόμενος

1021 2640 1044 2671 D
1057 2653 1163 2686 Παῦλος
1183 2654 1197 2679 ὁ
1211 2640 1419 2690 ’Σαμοτατεὺω
1439 2640 1543 2680 oaks;
1567 2640 1700 2689 ὀνόματος
1723 2653 1752 2679 ὲν
1774 2640 1852 2688 γάρχῇ

1056 2699 1243 2735 ἐμνήσθημεν,
1258 2701 1306 2727 καὶ
1322 2700 1372 2736 τῆς
1390 2701 1523 2736 αἱρέσεως
1536 2699 1618 2726 αὑτοῦ
1637 2698 1788 2735 ποιούμεθα
1801 2698 1852 2734 τὴν

209 2753 334 2782 ὴτετοεὶηι
352 2752 541 2788 proponimus.
563 2749 613 2778 llic
627 2749 780 2777 Samosatis
798 2748 1002 2784 Mesopotamiae

1065 2746 1192 2782 ἱιήγησιν.
1215 2747 1269 2774 ἀπὸ
1289 2747 1454 2783 Σαμοσάτων
1476 2745 1510 2783 ἧν
1528 2746 1579 2782 τῆς
1596 2746 1642 2773 ἐπὶ
1660 2746 1695 2773 τὰ
1711 2745 1783 2781 μέρη
1801 2745 1852 2780 τῆς

207 2800 242 2827 ad
272 2799 438 2834 Euphratem
463 2797 532 2825 urbe
558 2800 654 2830 natus,
678 2795 825 2824 Aureliano
851 2802 883 2823 ac
908 2794 1000 2823 Probo

1065 2795 1265 2831 νίεσοποταμίας
1272 2794 1320 2821 καὶ
1334 2794 1478 2829 Εὐφράτου
1489 2802 1496 2808 ·
1511 2792 1541 2825 ὃς
1553 2793 1582 2820 ὲν
1596 2791 1684 2827 τούτῳ
1699 2790 1737 2826 τῷ
1751 2789 1852 2826 χρόνῳ,

247 2877 256 2893 ³
273 2875 338 2911 Sap.
350 2884 388 2910 vr,
403 2875 446 2903 12.
485 2877 495 2892 ¹
511 2875 575 2904 Cor.
593 2875 831 2910 ἔπισεσεισμένης,
