1939 3036
109 170 152 198 13

446 167 633 195 ADVERSUS
653 167 824 195 ll/‘ERESES
847 167 907 194 LIB.
933 168 964 194 11.
988 167 1069 196 TOM.
1092 167 1122 194 ll.
1144 183 1178 187 —
1196 166 1333 196 lleRES.
1354 167 1433 194 LXV.
1726 165 1759 193 li

107 228 144 253 ἐν
176 227 295 262 ἡμέραις
322 225 489 261 Αὐρηλία·ιοῦ
513 226 550 261 (1)
568 227 614 252 καὶ
636 226 740 261 Πρόὸου
763 226 816 252 τῶν
842 226 917 261 βασι-

983 227 1177 262 mperantibus.
1197 216 1373 254 Antiochense
1398 225 1482 262 608
1509 224 1638 253 Ecclesia:
1655 232 1761 262 pra-p0-

108 274 201 306 λέων,
223 273 269 300 ἐπὶ
285 273 336 308 τῆς
357 273 515 308 Ἀντιοχέων
532 272 693 299 καθίσταται
711 272 858 303 ἐπίσκοπος
869 273 918 307 τῆς

109 321 203 355 ἁγίας
221 319 369 354 καθολικῆς
391 318 565 354 Ἐκκλησίας.
598 318 706 353 ’Λροεὶς
719 318 747 344 δὲ
766 319 800 353 τῇ
817 318 919 354 διανοὶᾳ

109 365 234 398 ἐξέπεσε
250 365 299 399 τῆς
323 364 469 399 ἀληοεὲας,
493 363 540 389 καὶ
566 363 721 390 ἀνεκαίνισε
738 363 788 398 τὴν
814 363 919 399 αἵρεσιν

109 411 167 438 τοῦ
189 410 361 446 Ἀρτέμωνος
389 409 444 444 (‘2),
459 409 506 435 τοῦ
531 417 595 435 ποτε
612 408 687 440 ὕνεως
719 409 747 434 ἐν
772 409 842 444 ἀρχῇ
867 408 920 443 πρὸ

112 457 192 484 ἑτῶν
211 455 314 482 πολλῶν
330 455 377 481 καὶ
393 455 570 489 ἐσϐεσμένου.

154 502 259 529 Φάσκει
272 501 301 529 δὲ
315 498 390 532 οὗτος
408 501 474 527 Θεὺν
491 501 600 536 Πατέρα
628 501 674 527 καὶ
691 501 754 527 Υἱὸν
771 501 817 528 καὶ
845 501 921 536 ἆγιον

115 547 236 583 Πνεῦμα
258 547 307 574 ἕνα
324 546 406 573 Θεόν·
423 547 453 572 ὲν
479 545 539 581 Θεῷ
560 545 588 572 δὲ
609 546 653 572 ἀεὶ
676 546 742 572 ὄντα
765 546 812 572 τὸν
838 546 920 572 αὐτοῦ

115 593 210 627 Λόγον
231 593 278 620 καὶ
302 592 332 619 τὸ
355 591 467 627 Πνεῦμα
495 591 590 624 αὑτοῦ,
613 592 708 628 ὥσπερ
734 594 763 619 ὲν
779 592 921 629 ἀνθρώπου

96 638 103 649 ‘
116 640 226 676 καρδίᾳ
240 640 255 666 ὁ
271 639 335 670 ἴδιος
349 638 444 672 λόγος·
463 638 502 674 μὴ
521 635 592 666 εἶναι
609 638 637 665 δὲ
653 638 697 665 τὸν
716 639 779 665 Υἱδν
793 639 839 666 τοῦ
854 639 921 666 Θεοῦ

118 686 318 717 ὲνυπόστατον,
331 685 399 711 ἀλλὰ
413 685 442 711 ὲν
458 684 534 720 αὐτῷ
550 684 626 720 Θεῷ·
644 684 741 721 ὥσπερ
759 686 855 721 ἀμέλει
875 687 923 713 καὶ

119 734 136 760 ὁ
164 731 309 763 Σαίίέλλιος
332 730 371 765 (5)
402 731 477 757 καὶὸ
493 730 616 762 Ναυᾶτος
644 730 691 757 καὶ
720 732 734 757 6
750 731 854 766 Νὸητος
876 733 924 759 καὶ

120 778 201 806 ἄλλοι
213 786 220 792 ·
239 777 290 804 οὐκ
311 777 376 808 ἴσως
390 775 419 802 δὲ
435 775 549 807 ἐκεινοις
565 773 651 808 οὗτος,
668 776 735 803 ἀλλὰ
751 777 838 808 ἄλλως
857 777 922 814 παρ’

122 823 258 855 ἐκείνους.
279 821 407 849 Ἐλοόντα
428 821 456 848 δὲ
482 821 528 848 τὸν
554 821 651 856 Λόγον,
674 823 721 849 καὶ
746 823 924 858 ὲνοικήσαντα

122 871 155 897 ὲν
170 869 258 905 Ἰησοῦ
273 867 409 904 ἀνθρώπῳ
421 867 488 894 όντι.
499 868 553 894 Καὶ
565 867 664 901 οὕτως,
681 869 775 904 φησὶν,
792 867 833 901 εἷς
851 870 924 896 ἐστιν

971 274 1042 300 situs
1056 277 1109 299 est.
1124 272 1176 306 Qui
1191 273 1279 301 elatus
1297 273 1454 308 arrogantia
1472 279 1504 298 ac
1522 271 1596 299 fastu
1613 278 1627 297 a
1647 271 1763 298 veritate

971 319 1092 350 excidit,
1110 323 1192 354 alque
1209 319 1366 347 Artemonis
1384 318 1500 346 hazrcsin
1516 317 1691 349 instauravit,
1716 316 1762 352 qui

971 371 1033 391 cum
1061 369 1124 392 ante
1152 365 1253 392 multos
1279 372 1368 392 annos
1390 364 1563 396 exstitisset,
1587 364 1698 399 penitus
1721 366 1764 389 est

971 412 1137 438 exstinctus.

1009 500 1057 529 Est
1072 505 1163 528 autent
1185 501 1243 528 hare
1270 501 1343 528 illius
1370 501 1483 536 opinio:
1502 500 1587 528 Deum
1605 500 1713 527 Patrem
1737 503 1765 527 et

973 546 1072 574 Filium
1097 554 1129 574 ac
1157 546 1292 582 Spiritqu
1311 552 1438 574 sanctum
1464 554 1547 574 unum
1573 553 1635 573 esse
1656 544 1764 577 Deum;

974 592 1092 620 Verbttm
1117 591 1164 619 Dei
1187 591 1302 627 ejusque
1327 591 1461 626 Spiritum
1478 591 1569 619 inesse
1584 590 1640 618 Deo
1664 597 1765 626 perpe-

974 644 1032 671 tuo,
1043 639 1116 667 sicut
1127 638 1247 666 hominis
1259 638 1286 666 in
1299 638 1382 666 corde
1393 638 1533 674 proprium
1547 637 1661 665 verbum
1670 636 1766 664 inesse

974 687 1135 718 cernimus;
1158 684 1257 712 Filium
1280 683 1327 712 Dei
1352 684 1561 713 subsistentiam
1592 683 1692 710 habere
1717 690 1766 718 per

975 741 1036 761 sese
1051 732 1170 765 nullam,
1189 732 1236 759 sed
1257 731 1284 759 in
1305 731 1360 758 Deo
1380 731 1552 758 subsistere:
1575 730 1601 757 id
1619 730 1692 764 quod
1714 729 1766 756 Sa-

975 779 1055 807 bellio
1087 785 1197 814 quoque
1227 777 1331 813 placuit
1357 782 1385 806 et
1410 777 1515 805 Novato
1539 781 1567 805 et
1583 775 1670 804 Noeto
1691 775 1768 802 aliis.

975 833 1029 860 quc
1055 824 1216 855 nonnullis,
1241 831 1399 859 quanquam
1425 831 1479 850 non
1507 822 1602 850 eodem
1619 829 1682 849 cum
1702 820 1768 849 istis

976 870 1073 902 modo,
1091 869 1138 897 sed
1155 869 1266 898 diverso
1286 870 1405 905 quodam
1428 869 1473 896 ille
1496 869 1606 896 sentiat.
1628 867 1668 895 Ad
1692 867 1767 898 haec.

123 917 140 943 6
155 915 234 947 Θεὸς.
254 914 302 942 καὶ
317 914 378 949 οὐχ).
400 914 495 949 Πατὴρ
512 914 525 940 6
540 914 644 950 Πατὴρ,
661 915 707 941 καὶ
723 915 786 947 Υἱὸς
805 915 819 942 6
842 916 904 948 Υἱὸς
915 936 922 947 ,

983 917 1021 944 Dei
1035 916 1155 944 Verbum
1172 917 1199 944 in
1217 922 1305 944 terras
1318 916 1461 952 delapsum
1478 916 1505 943 in
1522 915 1587 943 Jcsu
1599 935 1606 948 ,
1624 914 1672 950 qui
1687 914 1770 941 homo

125 961 177 989 καὶ
190 961 268 995 ἆγιον
285 959 397 995 Πνεῦμα
411 960 441 987 τὸ
462 960 540 994 ἆγιον
561 960 674 996 Πνεῦμα
685 968 692 975 ·
708 961 777 987 ἀλλὰ
795 958 834 993 εἷς
857 961 924 994 Θεὸς

125 1007 142 1034 6
165 1006 260 1042 Πατὴρ
281 1006 328 1032 καὶ
346 1005 410 1037 Υἱὸς
431 1005 515 1032 αὑτοῦ
533 1006 562 1032 ἐν
585 1005 670 1041 αὐτῷ,
686 1006 723 1038 ὡς
740 1006 819 1040 λόγος
834 1007 864 1033 ἐν
878 1007 924 1034 ἀν-

126 1049 242 1086 Θρώπῳ.
267 1049 352 1085 Δῆθεν
367 1048 421 1076 ἀπὸ
441 1049 496 1075 τῶν
520 1050 676 1086 μαρτυριῶν
697 1050 800 1077 τούτων
825 1051 923 1078 ἑαυτοῦ

127 1099 181 1134 τὴν
209 1097 316 1134 αἵρεσιν
332 1097 562 1134 προδαλλὸμενος,
583 1097 638 1124 ἀπὸ
655 1097 703 1124 τοῦ
719 1097 859 1136 εἰρηκέναι
878 1097 924 1124 τὸν

129 1143 267 1171 Μωῡσέα·
284 1143 393 1178 Κύριος
413 1144 429 1170 ὁ
447 1143 521 1176 Θεός
545 1151 615 1175 σου,
633 1143 742 1177 Κύριος
761 1140 806 1175 εἷς
827 1143 922 1169 ἐστιν.

129 1191 169 1217 οὐ
192 1190 291 1225 φάσκει
314 1190 343 1217 δὲ
365 1186 442 1222 οὗτος
460 1189 530 1217 κατὰ
552 1189 598 1216 τὸν
612 1189 727 1224 Νόητον,
745 1189 791 1216 τὸν
813 1189 925 1225 Πατέρα

130 1237 312 1264 πεπονθέναι·
330 1237 398 1264 ἀλλὰ
411 1245 508 1273 φησιν,
531 1236 631 1264 Ἐλθὼν
650 1237 664 1263 6
681 1237 766 1271 Λόγος
792 1237 927 1273 ἐνήργησε

131 1283 232 1319 μόνος,
254 1283 301 1310 καὶ
327 1283 428 1319 ἀνῆλθε
447 1283 516 1320 πρὸς
541 1283 586 1310 τὸν
615 1283 734 1319 Πατέρα.
767 1283 822 1310 Καὶ
843 1283 927 1318 πολλὴ

130 1329 208 1366 παρὰ
220 1328 308 1365 τούτῳ
322 1329 339 1365 ἡ
355 1329 466 1356 ἀτοπία.

978 969 1072 990 merus
1098 965 1191 994 esset,
1224 961 1375 989 habitasse.
1410 961 1448 988 ita
1475 968 1561 992 unus,
1588 960 1677 995 inquit
1703 959 1768 991 ille.

979 1007 1051 1036 Deus
1066 1015 1129 1041 esr;
1149 1015 1239 1043 nequc
1254 1012 1300 1035 aut
1323 1007 1403 1035 Pater
1422 1011 1467 1035 est
1485 1006 1584 1039 Pater,
1611 1011 1659 1034 aut
1681 1005 1770 1034 Filius

978 1053 1086 1086 Filius,
1104 1058 1150 1080 aut
1167 1053 1287 1088 Spiritus
1305 1057 1421 1081 sanctus
1438 1052 1559 1088 Spiritus
1583 1056 1626 1080 est
1642 1056 1769 1080 sanctus.

979 1098 1036 1127 lmo
1065 1106 1130 1126 vero
1151 1098 1223 1127 Deus
1245 1107 1318 1127 unus
1336 1102 1379 1126 est
1395 1097 1476 1126 Pater
1498 1103 1526 1126 et
1545 1099 1628 1134 hujus
1651 1098 1679 1126 in
1709 1098 1770 1134 ipso

979 1144 1089 1178 Filius,
1114 1149 1144 1172 ut
1160 1149 1204 1174 est
1232 1145 1259 1172 i-n
1283 1145 1394 1173 homine
1423 1152 1525 1173 sermo.
1549 1145 1636 1178 Quam
1658 1145 1769 1180 quidem

980 1191 1141 1227 opinionem
1163 1193 1196 1220 ex
1221 1191 1288 1220 iisce
1305 1191 1363 1219 fere
1385 1191 1551 1219 testimoniis
1571 1191 1685 1226 colligit.
1709 1190 1770 1217 Pri-

982 1246 1073 1271 mum,
1092 1238 1165 1274 quod
1183 1237 1291 1274 Moyses
1313 1238 1433 1265 dixerit:
1450 1237 1579 1264 Dominus
1599 1236 1669 1264 Deus
1693 1241 1771 1268 tutu,

982 1282 1112 1310 Dominus
1127 1291 1195 1311 unus
1209 1288 1248 1311 est
1262 1284 1284 1311 ί.
1300 1282 1394 1319 Neque
1409 1290 1474 1311 vero
1487 1290 1549 1310 cum
1563 1281 1649 1310 Nocto
1664 1282 1771 1310 Patrem

982 1329 1028 1358 ille
1042 1337 1154 1366 passum
1175 1337 1237 1358 esse
1258 1328 1373 1362 deﬁnit;
1399 1328 1447 1357 scd
1461 1329 1549 1357 solum
1563 1348 1571 1361 ,
1592 1328 1697 1364 inquit,
1721 1328 1771 1356 ad-

130 1376 247 1404 veniens
261 1375 381 1404 Verbum
407 1380 494 1404 totum
515 1375 583 1403 illud
610 1375 832 1408 administrat-it,
850 1380 877 1404 et
894 1375 927 1403 ad
950 1375 1059 1405 Patrem
1078 1377 1200 1405 revertit.
1216 1377 1255 1404 Ac
1276 1380 1341 1404 sunt
1352 1376 1445 1404 omnia
1467 1383 1528 1412 qute
1546 1375 1580 1404 ab
1600 1376 1647 1404 illo
1674 1375 1773 1404 dicun-

131 1425 178 1449 tur
194 1430 261 1450 sane
274 1430 355 1457 quam
371 1422 500 1451 absurda.

169 1468 207 1495 B'.
229 1468 343 1504 Ἰδωμεν
365 1469 393 1495 δὲ
414 1469 438 1496 εἰ
459 1470 484 1497 οἱ
507 1469 580 1504 λόγοι
603 1469 686 1497 αὑτοῦ
711 1469 926 1505 συσταθήσονται

1019 1468 1050 1496 ΙΙ.
1065 1468 1214 1496 Videamus
1230 1468 1316 1504 igitur
1331 1467 1430 1503 ecquid
1448 1468 1578 1503 opinione
1597 1467 1658 1496 falsi
1683 1469 1773 1496 homi-

132 1514 181 1541 τοῦ
206 1514 395 1550 ἠπατημένοι).
418 1514 520 1542 Φάσκει
536 1515 604 1552 γὰρ,
628 1516 670 1542 ὅτι
695 1514 786 1542 εἶπεν·
808 1514 879 1550 Ἐγὼ
894 1515 928 1542 ἐν

983 1516 1026 1544 nis
1037 1520 1163 1543 constare
1176 1516 1264 1550 possit
1279 1517 1378 1543 oratio.
1393 1515 1459 1542 Nam
1474 1515 1510 1542 ita
1522 1515 1669 1551 proponit:
1688 1515 1772 1548 Dixit.

132 1560 174 1593 τῷ
195 1560 305 1595 Πατρὶ,
328 1560 377 1588 καὶ
400 1562 417 1588 ό
434 1561 535 1596 Πατὴρ
559 1561 594 1588 Dr
614 1561 690 1596 ἐμοί.
717 1561 772 1588 Καὶ
797 1561 875 1587 αὐτοὶ
900 1560 929 1588 δέ

134 1615 225 1642 φαμεν
247 1607 279 1634 ὲκ
304 1607 411 1643 Πατρός
435 1607 501 1635 Θεὸν
528 1608 624 1642 Λόγον,
651 1607 698 1634 καὶ
716 1607 773 1642 μετ’
789 1606 872 1633 αὑτοῦ
886 1606 931 1634 ἀεὶ

133 1654 199 1680 ὄντα
215 1653 245 1686 ἐξ
265 1653 348 1680 αὑτοῦ
363 1654 573 1689 γεγεννημένον.
591 1654 661 1680 Ἀλλ’
672 1654 732 1689 οὐχὶ
753 1653 799 1679 τὸν
822 1652 930 1688 Πατέρα

134 1700 250 1735 λέγομεν
266 1700 330 1727 ἄνευ
349 1700 437 1735 Λόγου
453 1700 646 1727 ὲνυποστάτου.
668 1700 736 1727 ’Λλλ“
748 1701 763 1727 6
777 1700 863 1734 Λόγος
883 1699 930 1726 τοῦ

137 1746 242 1783 Πατρός
253 1747 268 1773 6
286 1747 434 1782 μονογενὴς
448 1747 511 1779 Υἱὸς
525 1746 591 1778 Θεὸς
606 1746 701 1781 Λόγος,
716 1746 754 1778 ὡς
769 1746 851 1781 φησί·
868 1745 931 1779 Πᾶς

137 1794 153 1820 ὁ
167 1792 322 1828 ὁμολογῶν
341 1793 377 1819 ὲν
397 1793 479 1826 ἐμοὶ,
502 1792 680 1828 ὁμολογήσω
700 1791 782 1827 κάγὼ
798 1792 833 1819 ἐν
851 1791 932 1825 αὐτῷ

136 1838 307 1873 ἔμπροσθεν
320 1838 373 1866 τοῦ
394 1839 509 1873 Πατρός
532 1847 602 1874 μου.
623 1839 661 1865 Τὸ
676 1838 715 1869 δὲ.
731 1837 767 1864 ἐν
787 1837 865 1873 ἐμοὶ,
881 1837 931 1872 ἐμ-

137 1885 272 1918 προσθεν
290 1883 344 1911 τοῦ
365 1884 481 1917 Πατρός
495 1893 566 1919 μου,
588 1883 673 1917 ἔδειξε
689 1883 767 1919 φύσει
783 1883 932 1910 ὲνυπόστα-

137 1937 182 1955 τον
201 1927 246 1955 τὸν
264 1928 384 1965 Πατέρα.
411 1926 491 1956 υῦτοι
512 1929 557 1961 δὲ,
582 1929 628 1956 τὸν
655 1929 818 1964 Ὶουδαῑσμὸν
840 1937 931 1964 παρα-

139 1974 305 2010 φθείροντες.
319 1975 397 2002 οὐδὲν
411 1975 605 2011 περισσότερον
618 1975 673 2002 τῶν
687 1974 820 2002 Ἰουδαίων
834 1973 933 2008 κεκτή-

141 2021 226 2056 μένοι,
245 2020 367 2057 δεύτεροι
385 2022 508 2048 Ἰουδαῖοι
531 2021 725 2057 κληθήσονται,
741 2021 790 2047 κα)¹
806 2021 932 2056 Σσμοσα-

139 2067 228 2100 τῖται,
251 2067 335 2103 μηδὲν
360 2067 456 2104 ἕτερον
483 2067 559 2099 ὖντες
586 2067 604 2103 ἢ
628 2067 669 2103 τῷ
694 2067 806 2102 ὀνόματι
822 2067 830 2082 ¹
853 2066 933 2102 μόνον

140 2111 226 2147 οἰήσει
251 2111 458 2148 προῖσχημένοι.
476 2113 529 2139 Τὸν
551 2112 607 2148 γὰρ
631 2114 663 2139 ὲκ
686 2112 753 2139 Θεοῦ
781 2112 846 2139 Θεὸν
869 2112 933 2139 Υἰὺν

142 2157 272 2193 μονογενῆ
289 2159 336 2185 καὶ
352 2158 438 2193 Λόγον
452 2158 634 2194 ἀρνούμενοι,
649 2158 755 2185 ἐκεῖνοί-
764 2158 833 2184 εἰσιν
846 2159 933 2185 ὁποῖοι

982 1561 1086 1596 inquit,
1097 1560 1240 1588 Christus:
1255 1559 1310 1596 Ego
1323 1561 1350 1588 in
1360 1560 1442 1588 Patre
1451 1583 1458 1595 ,
1470 1565 1495 1588 et
1508 1561 1588 1588 Pater
1600 1561 1628 1588 in
1644 1570 1685 1589 me
1697 1567 1735 1589 est
1751 1563 1771 1589 ³.

982 1607 1016 1634 Et
1031 1614 1081 1634 nos
1097 1605 1169 1634 istud
1193 1613 1246 1633 una
1268 1606 1440 1641 proﬁtemur,
1465 1614 1497 1634 ex
1526 1606 1607 1634 Patre
1622 1607 1773 1641 proiectum

981 1661 1043 1681 esse
1059 1653 1144 1680 Deum
1162 1651 1294 1686 Verbum,
1315 1659 1348 1680 ac
1362 1660 1424 1680 cum
1440 1653 1535 1680 eodem
1548 1661 1609 1681 esse
1624 1657 1756 1689 perpetuo
1766 1674 1773 1686 ,

982 1699 1016 1726 ab
1031 1705 1118 1733 e0que
1135 1698 1321 1734 progenitum.
1339 1697 1392 1725 Sed
1418 1705 1473 1725 non
1497 1698 1558 1725 ideo
1582 1697 1690 1726 Patrem
1714 1699 1775 1726 sine

982 1744 1150 1771 subsistente
1165 1743 1255 1771 Verbo
1271 1751 1334 1771 esse
1352 1743 1482 1771 dicimus.
1504 1742 1635 1776 Quinimo
1652 1743 1774 1772 Verbum

982 1789 1090 1822 Patris.
1118 1788 1235 1824 unigena
1259 1788 1347 1817 Filius
1369 1787 1441 1817 Deus
1471 1793 1513 1817 est
1533 1788 1669 1823 Verbum,
1693 1793 1723 1817 ut
1747 1795 1775 1818 et

983 1836 1041 1871 ipse
1054 1835 1175 1863 declarat
1189 1845 1195 1863 :
1216 1834 1330 1862 Omnino
1345 1834 1390 1870 qui
1404 1835 1544 1870 conﬁtetur
1560 1836 1587 1863 in
1604 1844 1645 1864 me
1656 1857 1663 1869 ,
1688 1837 1775 1871 conﬁ-

974 1881 1056 1910 tebor
1070 1886 1094 1908 et
1105 1889 1150 1916 ego
1166 1881 1192 1908 in
1208 1881 1254 1908 illo
1266 1889 1356 1908 coram
1370 1881 1451 1909 Patre
1466 1890 1523 1909 meo
1540 1884 1561 1913 ⁸.
1578 1882 1623 1909 ubi
1641 1882 1699 1910 bazc
1715 1883 1775 1918 ipsa

982 1927 1077 1960 verba,
1093 1927 1120 1954 iu
1135 1935 1190 1960 me,
1209 1935 1300 1954 coram
1315 1926 1396 1954 Patre
1411 1936 1479 1960 meo,
1495 1927 1602 1955 Patrem
1620 1929 1708 1964 ipstun
1727 1937 1776 1957 na-

982 1979 1044 2001 tura
1058 1980 1108 2000 sua
1124 1973 1277 2001 subsistere
1296 1973 1498 2001 demonstrant.
1516 1974 1550 2001 At
1566 1974 1611 2002 isti
1630 1973 1775 2003 Judaicam

983 2019 1141 2055 opinionem
1168 2019 1384 2055 interpolantes,
1407 2027 1495 2056 neque
1511 2021 1661 2056 quidquam
1676 2021 1777 2048 iisha-

983 2065 1078 2093 bentes
1093 2065 1228 2100 amplius,
1250 2064 1335 2094 Judaei
1359 2066 1437 2094 alteri
1462 2067 1625 2094 nominandi
1647 2073 1730 2099 sunt.
1750 2071 1777 2094 ct

985 2111 1176 2146 Samosateni,
1194 2119 1284 2148 neque
1303 2112 1377 2140 aliud
1394 2113 1508 2140 omnino
1529 2117 1613 2146 sunt,
1632 2121 1664 2141 ac
1687 2114 1776 2142 solum

984 2165 1083 2186 nomen
1097 2156 1162 2186 Jesu
1176 2165 1231 2193 pra:
1244 2165 1273 2186 se
1285 2156 1389 2185 ferunt.
1401 2157 1468 2185 Nam
1481 2166 1542 2186 cum
1560 2158 1645 2186 Deum
1660 2167 1693 2186 ex
1710 2158 1776 2192 Deo,

141 2204 186 2231 καὶ
197 2204 223 2230 οἱ
238 2204 321 2231 αὑτὸν
345 2205 375 2231 ὲν
388 2205 422 2240 τῇ
439 2204 574 2241 παρουσίᾳ
589 2204 782 2240 ἀρνησάμενοι,
798 2203 928 2231 θεοκτόνοι

987 2201 1188 2239 unigenamque
1209 2203 1309 2233 Filium
1331 2212 1364 2232 ac
1382 2203 1501 2232 Verbum
1528 2205 1681 2239 abnegent,
1703 2204 1778 2239 ejus-

140 2257 169 2276 τε
194 2249 242 2276 καὶ
267 2250 456 2286 κυριοκτόνοι,
484 2251 529 2278 καὶ
557 2250 751 2286 ὲπαρνησιοεοι
780 2251 932 2285 γεγονότες.

141 2294 252 2331 ramea
273 2295 317 2328 δὲ,
339 2296 381 2323 ὅτι
400 2296 462 2323 οὔτε
482 2296 633 2333 περιτομὴν
657 2296 696 2332 (4)
726 2296 843 2332 ἔχουσιν,
870 2296 932 2323 οὔτε

144 2340 274 2368 σάϐϐατον
297 2342 476 2377 φυλάσσουσι,
497 2343 545 2370 καὶ
561 2343 594 2370 τὰ
609 2341 678 2370 ἄλλα
700 2340 790 2370 πάντα
807 2342 933 2378 καθάπερ

148 2387 277 2415 Ἰουδαῖοι.

987 2251 1058 2278 modi
1074 2255 1156 2283 sunt,
1173 2251 1270 2286 quales
1287 2250 1305 2277 ii
1324 2249 1435 2278 fuerunt
1449 2251 1496 2285 qui
1515 2254 1677 2286 pratsentcm
1699 2251 1776 2277 illum

983 2297 1146 2332 ejurarunt,
1171 2297 1223 2324 hoc
1240 2301 1283 2324 est
1300 2295 1348 2324 Dei
1373 2303 1405 2324 ac
1432 2296 1539 2324 Domini
1560 2297 1707 2332 parricida:
1720 2317 1727 2329 ,
1749 2301 1778 2324 et

984 2343 1106 2378 ejusdem
1126 2342 1172 2370 Dei
1190 2346 1346 2378 negatores.
1364 2342 1526 2378 Quanquam
1549 2351 1637 2379 neque
1658 2343 1778 2371 circum-

984 2389 1118 2418 cisionem
1132 2389 1277 2421 adhibent.
1295 2396 1383 2424 neque
1396 2389 1480 2426 609
1492 2389 1641 2418 Sabbatum
1653 2410 1660 2424 ,
1674 2390 1778 2418 aliosve

983 2435 1138 2464 Iudaeorum
1155 2434 1225 2462 ritus
1238 2434 1397 2463 observant.

177 2490 184 2505 '
200 2489 264 2517 For.
276 2490 372 2526 ὖνομα,
388 2496 415 2519 et
429 2491 636 2528 προϊσχόμενον.
675 2494 685 2509 ³
701 2492 779 2521 Deut.
793 2501 830 2526 Vl,
843 2493 870 2522 4.
909 2494 919 2509 ³

983 2502 1018 2521 ιιι.
1035 2502 1091 2526 xiv,
1113 2493 1158 2521 10.
1195 2493 1206 2508 ι
1224 2492 1319 2520 Matth.
1335 2501 1362 2525 Χ,
1377 2493 1420 2522 32.

153 2606 158 2611 _
175 2570 214 2606 (Ι)
240 2571 288 2597 Ἐν
304 2571 426 2632 ἠόιέραις
434 2572 634 2607 Αὐρηλιανοῦ.
647 2572 704 2602 Luto
721 2581 786 2600 vero
803 2580 855 2601 suo
869 2572 929 2600 Gal-

154 2613 211 2632 teno
232 2609 296 2632 nost
342 2608 485 2632 emetriaui
507 2609 622 2632 obitum.
649 2608 784 2632 Eusebius
814 2609 862 2632 lib.
891 2616 929 2632 νιι

143 2605 211 2641 lieno
232 2609 296 2641 post
320 2605 485 2634 Deinetriani
507 2605 622 2640 ebittun.
649 2608 784 2636 Eusebius
814 2609 862 2636 lib.
891 2616 930 2636 vtt

144 2639 244 2679 Histor.
257 2648 317 2679 cap.
332 2641 378 2668 22.
396 2641 528 2677 imposuit
553 2639 706 2679 Epiphanio
723 2644 796 2679 quod
809 2645 860 2672 sub
874 2644 932 2670 Au-

144 2676 245 2714 reliano
275 2676 477 2714 damnatusict
518 2676 677 2714 episcopatu
709 2676 834 2714 dejectus
869 2684 930 2712 est;

144 2711 263 2749 adeoque
277 2711 553 2749 Aurelianum-creto,
572 2711 644 2749 quod
661 2711 812 2742 Christiani
827 2715 933 2741 antistr-

144 2751 182 2774 tcs
202 2747 396 2781 impetrarunt.
417 2747 471 2776 Sed
497 2747 687 2785 episcopatum
717 2750 822 2785 aliquot
851 2751 932 2778 annis

144 2786 203 2809 Ante
219 2787 341 2816 ceperat.

176 2815 213 2855 (9.)
237 2815 298 2855 Τὴν
309 2817 428 2852 αἵρεσιν
436 2819 706 2855 τοῦῗζΑρτέμωνος.
721 2819 843 2848 Meminit
874 2820 929 2847 Eu-

146 2852 233 2892 sebius
249 2852 298 2892 li_b.
315 2861 342 2885 ν,
359 2861 420 2892 _ca_p.
433 2853 479 2892 2];
496 2852 610 2889 Niceph'.
622 2855 669 2884 lib.
685 2852 722 2889 iv,
735 2856 848 2892 cap.20.
863 2855 930 2884 Vide

146 2887 210 2923 Aug.
225 2888 253 2915 in
267 2888 366 2916 haeresi
383 2887 586 2919 Pauliauorum.

1017 2574 1055 2608 (5)
1064 2573 1179 2607 ’Ὠσπερ
1187 2573 1289 2608 ἀμέλει
1301 2574 1350 2601 καὶ
1358 2575 1374 2601 ό
1385 2574 1557 2607 Σασιὲλλιος.
1567 2573 1663 2601 Novati
1678 2582 1777 2602 nomen

982 2616 1126 2644 perperam
1143 2609 1263 2644 irrepsit.
1285 2609 1353 2636 Nam
1379 2608 1537 2640 Novatiani.
1554 2609 1626 2644 quod
1654 2609 1777 2636 Trinita-

983 2643 1039 2671 tem
1056 2644 1164 2676 attinet,
1182 2643 1250 2671 nihil
1272 2652 1287 2671 a
1302 2645 1455 2671 Catholieis
1477 2643 1682 2677 dissenserum,
1699 2649 1728 2672 ut
1750 2646 1777 2672 in

983 2679 1133 2707 Annalibus
1146 2679 1239 2707 docuit
1252 2679 1352 2708 Baron.
1368 2687 1414 2707 an.
1429 2680 1496 2707 ‘265.

1021 2714 1060 2748 (ό)
1077 2714 1196 2751 Τιξληθῆ
1210 2714 1308 2751 δὲ,ὄτι
1321 2716 1392 2743 οὔτε
1406 2714 1579 2751 περιτομήν,
1596 2713 1709 2751 Frustra
1727 2715 1777 2751 igi-

986 2754 1031 2777 tur
1046 2751 1073 2776 in
1089 2750 1149 2784 ejus
1158 2751 1254 2778 hazrcsi
1268 2750 1432 2778 Philastrius
1445 2750 1685 2778 circumcisionem
1701 2750 1776 2778 illum

987 2785 1116 2812 docuisse
1130 2786 1291 2822 conﬁrmat;
1305 2786 1377 2821 quod
1391 2786 1674 2822 ιιρίιιιο[μιειιςιὶιιιιε1
1687 2795 1776 2822 neque

984 2821 1115 2856 synodica
1147 2821 1192 2847 illa
1219 2821 1382 2849 Antiocheni
1410 2821 1532 2852 concilii,
1554 2821 1627 2855 quod
1645 2821 1778 2848 adversus

983 2856 1112 2919 sudmdeut
1130 2856 1299 2884 celebratum
1322 2860 1375 2890 cst,
1392 2864 1442 2884 nec
1463 2856 1534 2884 alius
1554 2858 1700 2894 quisquam
1719 2864 1780 2892 pro-

1004 2899 1010 2918 l
1034 2897 1063 2919 ιι.

1004 2897 1063 2919 ιαιι.
