1939 3036
179 145 230 186 is'
885 150 914 178 s.
935 149 1107 178 EPIPHANII
1780 149 1814 176 te

213 213 257 241 ιιι.
278 212 424 240 Enimvero
438 218 525 246 neque
536 217 586 238 nos
599 209 651 245 ipsi
663 209 734 237 duos
753 216 816 238 esse
833 208 903 237 Deos
922 209 964 237 di-

1051 210 1087 236 I“.
1108 209 1164 236 Kal
1185 208 1240 246 γὰρ
1262 209 1302 245 τῷ
1327 209 1387 236 ὄντα.
1408 209 1455 237 καὶ
1481 208 1558 236 αὐτοὶ
1588 209 1620 236 οὐ
1651 208 1697 236 δύο
1723 211 1815 244 φαμὲν

186 260 372 294 vinitutesque
383 258 468 291 duas,
489 257 536 285 sed
551 264 632 284 unam
647 256 780 284 duntaxat
797 256 946 284 asscrimus
960 276 967 288 .

181 313 245 332 eum
263 313 350 340 neque
366 304 460 332 Patres
473 303 674 331 constituamus
688 302 770 334 duos,
785 310 874 337 neque
885 301 969 330 Filios

181 351 247 378 item
263 351 343 383 duos,
359 355 405 378 aut
420 350 489 376 duos
516 348 636 384 Spiritus
658 352 769 376 sanctos
795 348 842 376 sed
861 347 969 376 Patrem

181 399 209 422 ct
224 395 323 423 Filium
335 403 366 422 ac
380 395 513 430 Spiritum
529 398 655 422 sanctum
664 414 672 427 ,
685 394 854 422 divinitatem
867 401 949 421 unam
960 414 968 426 ,

181 449 318 477 unamque
328 442 409 468 trium
423 440 645 476 prmdicatiouem
658 448 690 468 ac
702 440 827 476 gloriam.
836 439 894 468 Iste
906 447 970 467 vero

181 495 235 514 non
253 494 336 514 unum
354 486 457 513 ideirco
468 484 554 512 Deum
565 492 628 512 esse
638 484 796 517 confitetur,
809 484 881 519 quod
895 483 970 510 velut

181 532 243 560 fons
258 532 369 567 quidam
392 532 428 558 sit
448 530 539 562 Pater,
567 530 613 557 sed
639 537 722 556 unum
745 529 870 557 absolute
884 528 969 556 Deum

181 578 262 610 facit,
281 585 330 606 ac.
348 581 481 612 quantum
498 576 526 603 in
542 576 602 610 ipso
624 579 682 607 est,
703 574 764 601 Filii
788 581 820 601 ac
848 573 968 609 Spiritus

180 624 267 650 sancti
281 623 452 650 divinitatem
470 629 502 649 ac
516 621 720 649 subsistentiam
736 621 848 648 evertit:
861 620 969 647 Patrem

179 668 269 703 ipsum
294 671 423 702 praeterea
445 667 481 693 ita
498 674 560 693 esse
581 665 665 693 Deum
684 673 768 692 unum
791 664 924 697 ailirmat,
941 669 971 692 ut

179 714 252 740 omni
269 713 301 740 ad
319 712 523 748 producendum
546 711 644 738 Filium
666 710 835 738 fecunditate
857 713 969 744 careat;

179 759 301 794 adeoque
321 758 480 794 imperfecta
499 758 544 784 illa
561 757 617 784 duo
633 757 704 790 sint,
721 756 802 785 Pater
818 761 845 784 et
863 756 970 790 Filius,

179 812 296 840 quorum
307 803 353 831 itte
364 803 397 830 ad
414 802 619 838 producendum
632 801 732 830 Filium
747 802 893 838 genitalem
913 803 969 830 vim

180 850 281 876 nullam
302 849 420 881 habeat;
439 848 483 876 hic
500 853 590 876 autem
606 867 614 880 ,
634 848 706 883 quod
725 851 767 876 est
783 847 901 875 viventis
920 847 968 874 Dei

1020 252 1089 282 εἶναι
1113 255 1214 287 Θεοὺς,
1241 255 1302 282 οὐδὲ
1318 255 1463 291 θεότητας,
1483 255 1551 282 ἀλλὰ
1576 255 1640 290 μίαν
1677 255 1792 290 θεότητα
1805 264 1811 271 ·

1021 300 1114 336 ἐπειδὴ
1139 301 1193 337 γὰρ
1217 300 1279 328 οὔτε
1301 301 1347 328 δύο
1369 301 1486 336 λέγομεν
1512 300 1656 336 Πατέρας,
1683 300 1743 327 οὗτε
1768 300 1816 328 δύο

1022 347 1114 379 Υίοὺς.
1129 347 1191 374 οὔτε
1214 346 1261 374 δύο
1280 347 1428 383 Πνεύματα
1443 347 1525 381 ἅγια·
1549 346 1618 373 ἀλλὰ
1640 346 1750 382 Πατέρα
1767 346 1815 372 καὶ

1022 393 1085 420 Υίδν
1106 394 1153 421 καὶ
1166 394 1244 428 ἅγιον
1263 393 1386 428 Πνεῦμα,
1408 392 1472 429 μίαν
1489 392 1614 427 θεότητα,
1632 392 1696 428 μίαν
1711 392 1814 424 δοξολο-

1020 439 1093 474 γίαν.
1107 436 1190 471 Οὗτος
1203 439 1232 466 δὲ
1252 439 1282 466 οὐ
1303 439 1377 474 λέγει
1402 439 1482 475 μόνον
1505 439 1584 471 Θεὸν,
1602 438 1647 465 διὰ
1668 438 1699 465 τὸ
1722 439 1815 474 πηγὴν

1021 482 1090 511 εἶναι
1105 484 1150 512 τὸν
1164 485 1284 520 Πατέρα,
1301 485 1369 512 ἀλλὰ
1387 485 1466 520 μόνον
1479 485 1556 516 Θεὸν,
1571 484 1691 520 ἀναιρῶν
1706 485 1769 512 ὅσον
1784 485 1815 512 τὸ

1021 530 1082 556 κατ’
1095 529 1176 556 αὑτὸν
1193 529 1242 566 τὴν
1256 529 1303 556 τοῦ
1318 529 1384 556 Υἱοῦ
1398 529 1512 565 θεότητα
1529 529 1577 555 xal
1591 529 1751 561 ὑπόστασιν,
1767 530 1816 556 καὶ

1021 576 1067 602 τοῦ
1089 576 1167 610 ἁγίου
1190 577 1367 611 Πνεύματος·
1388 575 1458 611 ἔχων
1479 575 1508 602 δὲ
1526 576 1608 602 αὑτὸν
1635 575 1681 602 τὸν
1705 576 1813 611 Πατέρα

1021 621 1069 648 ἕνα
1083 622 1160 654 Θεὸν,
1181 622 1278 656 ἄγονον
1292 621 1357 649 Υίοῦ
1369 630 1375 637 ·
1391 622 1429 654 ὡς
1448 620 1517 649 εἶναι
1533 622 1566 648 τὰ
1584 621 1631 648 δύο
1647 622 1739 657 ἀτελῆ,
1760 622 1815 648 Πα-

1021 668 1088 703 τέρα
1107 669 1154 695 καὶ
1182 668 1262 695 Υἰόν·
1283 668 1330 696 τὸν
1357 669 1406 704 μὲν
1424 668 1534 704 Πατέρα
1552 669 1649 703 ἄγονον
1673 668 1749 702 Υίοῦ,
1767 669 1815 695 καὶ

1021 714 1145 750 ἄκαρπον
1159 713 1205 741 τὸν
1228 714 1314 749 Λόγον
1336 714 1404 741 Θεοῦ
1428 715 1540 747 ζῶντος,
1557 715 1604 741 καὶ
1628 713 1724 750 σοφίας
1749 714 1814 749 ἀλη-

1022 760 1109 795 θινῆς.
1130 760 1215 795 Λόγον
1245 761 1310 796 γὰρ,
1334 757 1389 788 οἷον
1416 761 1461 788 τὸν
1486 761 1515 787 ἐν
1546 760 1645 796 καρδίᾳ
1671 759 1741 786 εἶναι
1771 769 1814 786 νο-

1023 805 1144 842 μίζουσι,
1161 807 1206 833 καὶ
1224 807 1331 841 σοφίαν,
1350 805 1406 834 οἷον
1427 807 1456 833 ὲν
1477 807 1551 842 ψυχῇ
1577 806 1723 842 ἀνθρώπου
1748 806 1814 833 ἐκα-

1023 861 1083 884 πος
1097 852 1164 887 ἔχει,
1183 852 1233 888 τὴν
1248 853 1280 879 ὲκ
1297 852 1365 879 Θεοῦ
1390 852 1520 888 φρόνησιν
1536 853 1567 878 ὲκ
1585 851 1653 878 Θεοῦ
1678 851 1814 886 κεκτημέ-

179 894 299 922 Verbum
323 901 440 929 veraque
460 893 612 928 sapientia,
645 893 720 920 nullo
746 892 827 920 modo
851 892 888 920 sit
911 891 969 918 fru-

1022 905 1075 928 νος.
1092 896 1142 923 Διά
1155 896 1234 923 τοῦτο
1251 897 1397 932 πρόσωπον
1412 897 1442 923 ἓν
1455 897 1500 923 τὸν
1517 896 1583 923 Θεὸν
1599 896 1657 932 ἄμα
1674 895 1714 931 τῷ
1734 896 1813 931 Λόγῳ

179 944 301 968 etuosus.
325 938 445 967 Verbum
462 940 534 966 enim
558 939 612 966 tale
634 946 696 966 esse
710 943 827 974 putant,
844 939 926 974 quale
942 939 970 966 in

180 987 299 1014 hominis
311 990 354 1014 est
369 990 479 1021 pectore
489 1005 496 1018 .
521 989 548 1013 et
562 985 698 1020 ejusmodi
713 985 890 1021 sapientiam,
907 993 973 1020 qua-

180 1034 232 1061 lem
248 1033 275 1060 in
291 1033 383 1060 animo
394 1032 507 1068 quilibet
522 1031 663 1058 hominum
680 1031 790 1059 insitam
813 1039 828 1058 a
850 1030 905 1059 Deo
929 1032 973 1058 in-

181 1079 325 1114 fusumque
339 1079 469 1113 possidet.
484 1077 575 1111 Quare
591 1084 674 1104 unam
697 1084 759 1105 csse
776 1076 823 1105 Dei
834 1076 972 1112 Verbique

178 1131 323 1159 personam
341 1123 500 1151 existimant
511 1143 519 1155 ,
535 1130 590 1150 non
607 1129 688 1150 secus
704 1126 788 1157 atque
803 1123 885 1150 homo
899 1131 972 1151 unus

178 1176 221 1198 est
235 1178 297 1198 cum
314 1170 397 1198 verbo
418 1177 470 1197 suo
486 1179 492 1196 :
510 1176 599 1204 neque
613 1168 763 1204 quidquam
783 1169 916 1204 amplius,
932 1169 971 1197 uti

178 1215 254 1247 dixi,
276 1223 357 1251 quam
382 1214 488 1246 Judaei,
513 1214 541 1241 in
567 1214 697 1249 opinione
722 1221 772 1242 sua
801 1219 970 1250 posuerunt;

180 1261 244 1289 (ιωεί
269 1262 414 1293 homines,
441 1268 476 1287 ne
499 1260 640 1288 veritatem
668 1260 770 1287 intueri
793 1261 924 1295 possint,
944 1265 972 1288 ct

179 1307 272 1340 surdi,
298 1314 332 1333 ne
357 1306 480 1333 dirimunt
507 1305 620 1332 verbum
655 1310 737 1340 atque
769 1309 879 1333 aeterna}
909 1307 971 1334 vitae

179 1352 400 1389 praedicationem
427 1351 590 1387 percipiant.
610 1350 669 1378 Non
693 1351 765 1379 enim
797 1352 836 1379 illi
859 1353 987 1388 verissiﬁ

179 1407 252 1426 miim
269 1398 407 1433 Evangelii
423 1398 610 1425 testimonium
626 1401 776 1425 verentur:
794 1398 827 1426 In
841 1399 971 1433 principio

178 1448 235 1471 erat
260 1443 370 1470 Verbum
381 1463 387 1475 ,
408 1447 431 1470 et
453 1441 566 1469 Verbum
581 1447 638 1469 erat
661 1442 731 1477 apud
746 1442 844 1475 Deum,
860 1448 885 1471 et
900 1443 971 1471 Deus

178 1494 235 1516 erat
257 1488 378 1516 Verbum.
398 1488 496 1516 Omnia
518 1496 565 1523 per
581 1488 667 1522 ipsum
683 1489 756 1522 facta
769 1493 845 1521 sunt,
867 1493 892 1516 et
916 1490 971 1516 sine

179 1536 235 1571 ἰρεο
249 1536 350 1568 factum
364 1539 402 1563 est
417 1535 500 1566 nihil,
516 1534 586 1569 quod
607 1534 708 1569 factum
729 1540 768 1562 est
783 1532 837 1561 ‘.Si
847 1535 919 1563 enim
943 1536 971 1563 in

1022 942 1115 978 φασὶν,
1130 942 1168 974 ὡς
1183 942 1327 978 ἄνθρωπον
1343 943 1391 970 ἕνα
1408 943 1456 970 καὶ
1467 942 1513 970 τὸν
1528 943 1611 969 αὐτοῦ
1626 942 1704 977 λόγον
1715 950 1721 957 ·
1737 942 1813 968 οὐδὲν

1022 988 1102 1015 πλέον
1123 988 1178 1015 τῶν
1197 988 1341 1021 Ἰουδαίων,
1354 989 1392 1021 ὡς
1407 989 1486 1025 ἔφην,
1501 988 1667 1021 δοξάζοντες,
1688 987 1814 1022 τυφλώτ-

1021 1043 1112 1066 τοντες
1129 1034 1183 1061 ἀπὸ
1199 1035 1248 1070 τῆς
1263 1034 1401 1071 ἀληθείας,
1419 1035 1467 1062 καὶ
1486 1034 1682 1070 κεκωφωμένοι
1696 1033 1752 1060 ὰπδ
1765 1033 1814 1060 τοῦ

1022 1080 1095 1108 Gelon
1119 1080 1200 1115 λόγου
1232 1081 1279 1108 καὶ
1303 1080 1480 1117 κηρύγματος
1502 1082 1551 1117 τῆς
1575 1080 1648 1116 ζωῆς
1670 1080 1721 1116 τῆς
1747 1081 1815 1107 aio»

1022 1126 1090 1154 νίθυ.
1111 1126 1179 1153 Οὔτε
1200 1126 1255 1162 γὰρ
1268 1126 1403 1153 αἰδοῦνται
1416 1126 1461 1153 τὸν
1481 1126 1568 1162 ἁληθῆ
1582 1126 1629 1154 τοῦ
1647 1126 1814 1161 Εὑαγγελίου

1021 1171 1099 1206 λόγον
1117 1172 1163 1198 τὸν
1179 1172 1307 1206 λέγοντα·
1328 1172 1376 1199 Ἐν
1394 1171 1472 1207 ἀρχῇ
1493 1171 1533 1207 ἦν
1553 1174 1569 1200 ό
1594 1173 1703 1207 Λόγσς,
1729 1171 1779 1199 καί
1798 1173 1814 1199 ό

1022 1217 1117 1252 Λόγος
1132 1214 1172 1251 ἦν
1189 1217 1264 1251 πρὸς
1281 1216 1335 1244 τὸν
1357 1216 1441 1249 Θεὸν,
1461 1217 1511 1244 καὶ
1530 1217 1603 1250 Θεὸς
1616 1215 1656 1252 ἦν
1673 1218 1689 1243 ό
1705 1216 1812 1251 Λόγος.

1022 1263 1123 1290 Πάντα
1139 1254 1178 1290 διδ
1196 1263 1290 1290 αὑτοῦ
1311 1262 1440 1298 ἐγένετο,
1459 1263 1508 1290 καὶ
1528 1263 1618 1297 χωρὶς
1634 1262 1727 1290 αὐτοῦ
1749 1261 1815 1296 ἐγέ-

1021 1311 1089 1336 νεῑο
1109 1308 1180 1336 οὐδὲ
1199 1309 1245 1342 ἐν,
1265 1308 1281 1335 ὃ
1297 1309 1431 1343 γέγονεν.
1453 1309 1486 1336 El
1505 1309 1560 1344 γὰρ
1580 1308 1615 1335 ὲν
1632 1307 1711 1343 ἀρχῇ
1737 1306 1777 1343 ἦν
1797 1309 1816 1334 ό

1021 1354 1132 1389 Λόγος,
1159 1354 1207 1381 καὶ
1227 1355 1244 1381 ό
1269 1355 1364 1389 Λόγος
1386 1352 1426 1389 ἦν
1447 1353 1522 1388 πρὸς
1546 1353 1601 1380 τὸν
1623 1353 1707 1385 Θεὸν,
1730 1353 1761 1379 τὸ
1784 1353 1815 1380 ὃν

1021 1398 1091 1426 εἶναι
1109 1403 1122 1419 ⁸
1137 1400 1168 1426 οὐ
1187 1399 1259 1427 κατὰ
1283 1400 1332 1436 τὴν
1363 1399 1506 1435 προφορὰν
1536 1399 1616 1435 μόνον
1637 1399 1721 1431 ἐστὶν,
1746 1398 1814 1425 ἀλλὰ

1023 1445 1094 1472 κατὰ
1113 1445 1162 1481 τὴν
1176 1445 1337 1473 ὑπόστασιν.
1355 1445 1410 1472 Kal
1430 1446 1454 1472 εἰ
1475 1447 1491 1472 ό
1502 1445 1597 1480 Λόγος
1615 1443 1654 1480 ἦν
1669 1444 1746 1479 πρὸς·
1762 1444 1815 1470 τὸν

1023 1491 1107 1524 Θεὸν,
1123 1491 1172 1527 οὐχ
1185 1491 1199 1517 ὁ
1212 1491 1297 1526 Λόγος
1312 1491 1370 1518 ἐστὶ
1385 1491 1454 1527 πρὸς
1467 1491 1496 1518 ὃν
1509 1488 1554 1527 ἦν.
1566 1491 1633 1518 Οὐδὲ
1646 1490 1701 1526 γὰρ
1715 1491 1729 1517 ὁ
1746 1490 1814 1526 πρὸς

1020 1536 1050 1563 ὃν
1064 1534 1108 1572 ἦν,
1124 1537 1182 1564 ἔστι
1199 1537 1294 1571 Λόγος.
1773 1543 1781 1547 ’

178 1583 307 1618 principio
330 1582 439 1609 Verbum
451 1586 525 1615 erat,
548 1587 573 1609 et
594 1581 706 1608 Verbum
727 1586 785 1608 erat
802 1581 873 1616 apud
891 1581 993 1616 Deum,
1014 1583 1066 1611 huc
1084 1583 1172 1619 ipsum
1189 1584 1261 1619 quod
1277 1583 1378 1612 dicitur
1392 1590 1470 1616 esse,
1497 1590 1550 1610 non
1570 1582 1604 1610 ad
1622 1582 1707 1611 solam
1724 1581 1814 1618 prola-

179 1631 280 1658 tionem
295 1649 302 1662 ,
320 1629 367 1658 sed
387 1629 420 1656 ad
447 1629 619 1664 bypostasim
648 1636 698 1664 par
717 1631 759 1656 est
782 1629 929 1663 pertinere.
948 1629 987 1657 Ac
1006 1629 1029 1657 si
1053 1629 1166 1657 Verbum
1186 1636 1243 1658 erat
1270 1631 1340 1666 apud
1368 1631 1473 1664 Deum,
1503 1638 1558 1658 non
1581 1633 1671 1666 potest
1693 1622 1812 1659 Verbum

180 1677 224 1704 ille
241 1683 303 1704 esse
320 1675 376 1710 ipse
391 1674 461 1710 apud
478 1682 558 1710 quem
573 1677 641 1702 erat.
659 1673 752 1708 Neque
772 1673 844 1702 enim
869 1674 941 1710 apud
962 1682 1044 1710 quem
1063 1679 1137 1708 erat,
1153 1680 1195 1704 est
1210 1675 1340 1704 Verbum.

213 1723 291 1757 Quod
310 1723 334 1750 si
350 1721 472 1750 Verbum
488 1720 555 1748 illud
570 1721 644 1748 velut
661 1721 688 1748 in
703 1721 786 1749 corde
809 1720 881 1749 Deus
901 1729 967 1749 con-

1057 1723 1089 1750 El
1106 1723 1161 1759 γὰρ
1176 1723 1205 1750 ὲν
1219 1723 1319 1760 καρδίᾳ
1336 1723 1421 1758 Λόγον
1437 1722 1504 1754 Θεὸς
1519 1721 1586 1758 ἔχει,
1607 1722 1654 1750 καὶ
1672 1721 1702 1749 οὐ
1718 1730 1814 1757 γεγεν-

178 1770 262 1802 tinet,
279 1769 409 1804 nulloque
431 1767 512 1795 modo
532 1766 672 1803 genitum,
693 1767 805 1802 quinam
827 1767 893 1795 illud
918 1769 970 1795 im-

178 1815 244 1850 pleri
259 1817 362 1849 potest,
376 1813 450 1849 quod
464 1813 571 1848 legitur,
586 1818 641 1839 erat
653 1821 663 1844 ;
677 1813 796 1847 itemque
806 1833 813 1844 .
829 1813 898 1840 Deus
913 1817 971 1840 erat

183 1861 316 1888 Verbum?
339 1858 397 1886 Non
435 1859 508 1886 enim
535 1858 649 1886 verbum
677 1858 796 1886 hominis
828 1859 909 1886 homo
928 1863 971 1886 est

178 1907 250 1943 apud
263 1907 417 1934 hominem:
432 1903 506 1940 quod
522 1912 611 1940 neque
625 1905 692 1931 vivit
702 1923 709 1936 ,
725 1911 814 1939 neque
827 1904 970 1938 subsistit;

177 1954 225 1982 sed
243 1953 356 1982 viventis
368 1959 403 1979 ac
420 1951 600 1979 subsistentis
620 1949 730 1986 quidam
757 1950 849 1977 cordis
880 1953 971 1978 motus

176 2005 235 2032 est,
250 2007 304 2027 non
317 1998 486 2034 bypostasis.
502 1997 590 2024 Simul
606 1998 677 2024 enim
693 1996 841 2032 profertur,
854 1996 971 2024 subinde

178 2055 314 2082 nusquam
326 2051 388 2074 est:
407 2052 440 2072 ac
456 2044 554 2071 tandiu
570 2043 634 2070 dum
653 2043 848 2079 pronuntiatur
864 2051 971 2078 perma-

176 2097 234 2121 net.
259 2093 292 2120 At
315 2091 361 2119 Dei
384 2090 503 2118 Verbum
526 2088 641 2124 perinde
663 2096 693 2116 se
716 2088 814 2120 habet,
830 2095 862 2114 ac
877 2095 925 2123 per
938 2095 970 2115 os

177 2139 319 2173 Prophelae
350 2137 470 2173 Spiritus
496 2139 609 2163 sanctus
637 2134 822 2170 pronuntiat:
857 2133 969 2161 Verbum

175 2185 258 2221 διο
273 2190 345 2212 tuum
361 2184 387 2210 in
403 2188 528 2210 aeternum
543 2185 677 2216 permanet
692 2181 713 2208 '.
731 2179 800 2207 Huic
812 2187 894 2214 porro
908 2187 971 2206 con-

176 2236 307 2258 scntanea
323 2230 445 2266 qumdam
464 2227 602 2263 Evangelii
619 2226 738 2261 scriptor
753 2225 869 2252 allirmat
880 2245 887 2258 ,
905 2232 968 2252 cum

178 2276 262 2304 Deum
280 2275 438 2303 hominibus
449 2273 611 2309 apparuisse
632 2278 713 2307 ablue
734 2271 879 2299 advenisse
904 2277 968 2306 pro-

176 2321 236 2353 dit;
254 2328 342 2356 neque
356 2328 418 2347 cum
435 2325 590 2354 susceptam
614 2326 630 2345 a
644 2317 734 2345 Verbo
754 2324 865 2345 carnem
891 2324 969 2344 asse-

177 2367 212 2393 rit
228 2385 235 2397 .
252 2364 360 2392 Patrem
376 2364 509 2398 adjungit.
535 2362 646 2390 Verbum
662 2363 735 2390 cnim
746 2382 753 2394 .
775 2362 883 2397 inquit,
904 2369 969 2388 caro

1021 1770 1148 1806 νημένον,
1173 1770 1232 1801 πῶς
1251 1769 1402 1805 πληροῦται
1420 1769 1462 1801 τὺ,
1479 1767 1529 1804 ἦν,
1542 1768 1590 1796 καὶ
1615 1769 1656 1796 δτι
1677 1769 1750 1802 Θεὸς
1773 1767 1813 1805 ἦν

1021 1817 1038 1843 ό
1054 1816 1168 1851 Λόγος;
1184 1816 1221 1842 Οὐ
1241 1815 1296 1851 γὰρ
1310 1817 1324 1842 ὁ
1343 1815 1390 1842 τοῦ
1410 1814 1555 1850 ἀνθρώπου
1572 1814 1650 1849 λόγος
1670 1814 1813 1849 ἄνθρωπος

1022 1860 1089 1896 πρὸς
1112 1860 1156 1887 τὸν
1180 1860 1341 1896 ἄνθρωπον·
1362 1859 1424 1886 οὔτε
1452 1859 1506 1896 γὰρ
1529 1859 1579 1896 ζῇ,
1600 1859 1662 1887 οὔτε
1692 1860 1811 1896 ὑπέστη·

1021 1906 1135 1942 καρδίας
1151 1905 1180 1932 δὲ
1196 1905 1286 1942 ζώσης
1306 1906 1353 1933 καὶ
1367 1905 1527 1941 ὑφεστώσης
1552 1905 1658 1941 κίνημα
1680 1906 1737 1932 ἐστι
1763 1905 1812 1940 μό-

1020 1960 1075 1985 νον,
1092 1952 1138 1978 xal
1155 1951 1204 1987 οὐχ
1226 1952 1385 1984 ὑπόστασις.
1405 1952 1522 1986 Λέγεται
1542 1951 1598 1988 γὰρ
1613 1951 1681 1987 ἅμα,
1697 1951 1744 1978 καὶ
1760 1960 1812 1978 πα-

1022 1998 1151 2034 ραχρῆμα
1176 1997 1267 2025 οὐκέτι
1287 1998 1375 2025 ἐστίν’
1392 1998 1460 2026 ἀλλὰ
1485 1998 1649 2033 λαλούμενος
1676 1998 1810 2034 διαμένει.

1021 2043 1074 2070 Τοῦ
1095 2044 1123 2070 δὲ
1137 2043 1205 2070 Θεοῦ
1219 2045 1233 2070 ό
1246 2045 1342 2079 Λόγος,
1356 2044 1393 2077 ὡς
1414 2045 1481 2080 φησὶ
1496 2045 1528 2072 τὸ
1551 2045 1628 2080 ἆγιον
1647 2044 1760 2080 Πνεῦμα
1783 2045 1812 2072 tv

1022 2089 1136 2124 στόματι
1164 2089 1211 2116 τοῦ
1241 2090 1403 2126 Προφήτου·
1426 2090 1453 2116 Ὀ
1481 2091 1577 2125 Λόγος
1608 2098 1668 2118 σου
1689 2091 1733 2122 εις
1758 2090 1813 2117 τὸν

1020 2134 1112 2161 ultima
1129 2134 1269 2170 διαμένει.
1290 2135 1448 2171 Συμφώνως
1467 2137 1495 2164 δὲ
1511 2137 1598 2172 τούτῳ
1618 2137 1812 2173 εὐαγγελιττὴς

1020 2180 1106 2214 λέγει,
1128 2181 1194 2208 Θεὸν
1218 2181 1357 2217 ὁμολογῶν
1379 2182 1571 2218 φανερωθέντα
1589 2182 1637 2209 καὶ
1656 2183 1813 2217 παραγενὸ-

1022 2235 1113 2262 μενον,
1134 2227 1165 2254 οὐ
1191 2228 1473 2264 συμπαραλαμόἀνων
1496 2230 1528 2264 τῇ
1558 2227 1606 2254 τοῦ
1630 2227 1719 2262 Λόγου
1745 2236 1811 2264 σαρ-

1020 2273 1104 2300 κώσει
1132 2273 1178 2300 τὸν
1209 2275 1327 2310 Πατέρα.
1354 2275 1380 2301 '0
1404 2276 1500 2310 Λόγος
1524 2273 1599 2310 γὰρ,
1623 2274 1707 2308 φησὶ,
1732 2274 1819 2308 σὰρξ

1020 2320 1149 2354 ἐγένετο,
1165 2321 1214 2347 καὶ
1232 2320 1409 2354 ἐσκήνωσεν
1427 2322 1463 2348 ἐν
1479 2320 1561 2355 ἡμῖν.
1577 2320 1632 2347 Kal
1651 2320 1700 2347 οὐκ
1717 2318 1809 2346 εἶπεν·

1026 2365 1055 2392 '0
1073 2366 1157 2400 Λόγος
1179 2366 1225 2392 καὶ
1241 2367 1255 2393 ὁ
1272 2367 1364 2402 Πατὴρ
1383 2366 1451 2403 σὰρξ
1466 2366 1583 2400 ἐγένετο.
1612 2366 1668 2392 Kal
1690 2366 1741 2396 ὅτι,
1765 2366 1812 2392 Ἐν

177 2413 277 2447 factum
291 2415 348 2443 est,
366 2415 390 2436 et
406 2409 533 2436 habitavit
550 2409 575 2435 in
591 2408 666 2444 nobis
684 2408 705 2435 ⁸.
722 2407 781 2434 Non
800 2407 868 2434 dixit
880 2427 887 2438 ,
901 2405 968 2434 Ver-

1022 2410 1100 2446 ἁρχῇ
1117 2398 1171 2446 Ἶῆν
1194 2413 1211 2438 ό
1230 2398 1453 2447 Λόγος,“καὶ’ό
1477 2398 1574 2446 Λόγος
1599 2409 1639 2447 ἦν
1657 2412 1732 2446 πρὸς
1761 2413 1814 2438 τὴν

176 2459 240 2486 buin
255 2460 282 2484 et
301 2456 380 2483 Pater
398 2462 463 2482 caro
479 2454 580 2481 factum
602 2458 655 2481 est.
680 2453 814 2480 Similiter
837 2452 902 2479 dum
924 2452 967 2480 his

176 2505 266 2534 verbis
283 2504 367 2532 utitur
382 2514 387 2530 :
405 2501 438 2530 In
452 2501 581 2537 principio
592 2505 650 2528 erat
669 2500 797 2533 Verbum,
809 2505 833 2526 et
853 2499 965 2526 Verbum

175 2555 233 2579 erat
248 2550 318 2585 apud
335 2548 420 2576 Deum
431 2568 438 2580 ,
453 2553 478 2575 et
494 2547 562 2575 Deut
580 2551 637 2574 erat
657 2545 788 2579 Verbum,
807 2553 861 2573 non
877 2544 964 2578 dixit,

176 2597 205 2624 In
221 2595 276 2623 Deo
292 2598 351 2622 erat
368 2592 497 2621 Verbum.

210 2642 255 2671 1V.
276 2642 315 2669 Ae
333 2648 366 2668 ne
381 2639 508 2668 fortassis
523 2638 607 2673 aliqui
621 2644 763 2673 perperam
778 2643 810 2664 ac
828 2636 967 2664 malitiose

177 2690 234 2716 hinc
251 2688 475 2722 interpretentur,
492 2688 518 2711 et
533 2683 686 2711 clarissima
705 2684 843 2717 vitamque
872 2681 967 2709 conci-

178 2734 269 2761 liantia
285 2732 368 2759 verba
382 2730 415 2758 ad
432 2737 508 2758 suam
525 2729 689 2765 pravitatem
707 2728 885 2762 fraudemque
903 2735 967 2754 con-

175 2782 283 2808 vertant
304 2779 410 2812 (neque
428 2775 501 2803 enim
524 2782 578 2803 uno
593 2775 743 2810 eodemque
757 2773 838 2802 modo
851 2780 900 2801 cor
918 2773 968 2800 ho-

1021 2459 1104 2490 Θεὸν,
1126 2458 1175 2485 καὶ
1194 2459 1266 2493 Θεὸς
1290 2457 1329 2495 ἦν
1352 2460 1368 2486 ό
1385 2459 1490 2494 Λόγος.
1515 2459 1571 2486 Καὶ
1591 2459 1642 2487 οὐκ
1664 2456 1751 2490 εἶπεν,
1770 2459 1813 2486 Ἐν

1020 2505 1080 2541 Θεῷ
1094 2503 1128 2542 ἦν
1142 2506 1157 2533 ό
1169 2506 1266 2540 Λόγος.

1055 2637 1092 2662 Δ’.
1113 2635 1167 2663 Kal
1196 2636 1239 2662 ἵνα
1257 2636 1294 2670 μή
1319 2644 1391 2667 τινες
1406 2635 1538 2670 νομίσωσι
1562 2636 1753 2670 κακοϐούλως,
1779 2643 1812 2664 τα

1020 2682 1139 2717 φωτεινὰ
1153 2682 1200 2708 καὶ
1215 2681 1317 2714 ζωτικὰ
1339 2682 1448 2717 ῥήματα
1470 2681 1684 2716 μεταϐάλλοντες
1697 2682 1738 2715 εἰς
1763 2692 1811 2710 xa-

1021 2726 1081 2753 κίαν
1098 2726 1202 2752 ἑαυτῶν
1217 2727 1264 2752 καὶ
1285 2726 1325 2757 εἰς
1346 2725 1449 2760 βλάὃην
1469 2726 1565 2761 (ἄλλως
1584 2727 1638 2763 γὰρ
1663 2728 1709 2754 καὶ
1724 2727 1812 2760 ἄλλως

1020 2772 1174 2807 ἔγκειταιὴ
1198 2771 1296 2807 καρδία
1317 2771 1364 2798 τοῦ
1387 2771 1531 2808 ἀνθρώπου
1551 2772 1688 2808 ἐπιμελῶς
1712 2773 1758 2800 ἐπὶ
1777 2774 1813 2801 τὰ

217 2864 226 2881 ¹
240 2867 320 2897 Joan.
345 2875 364 2898 ι.
377 2866 405 2896 3.
443 2867 453 2883 '
468 2865 540 2896 Psal.
554 2873 651 2901 cxvtu,
663 2865 708 2895 89.
746 2866 756 2883 ³
774 2865 854 2894 Joan.
868 2872 887 2899 ι,
902 2865 946 2892 H.

1022 2862 1073 2890 "or.
1090 2862 1121 2889 τὸ
1135 2857 1181 2890 οὖν
1195 2857 1277 2889 εἶναι.
