1939 3036
100 129 132 157 2i
427 131 611 161 ADVERSUS
631 133 802 162 li/ERESES
822 132 887 160 LIB.
906 132 914 159 Ι

969 133 1042 164 ΓΟΜ.
1064 137 1097 164 ΙΙ.
1119 151 1153 158 -
1174 137 1312 164 lleliES.
1335 136 1412 164 LXV.
1708 134 1744 162 22

100 190 114 215 ὁ
136 189 165 215 δὲ
190 189 401 222 inaniinani;
427 191 620 225 ’Δποο-ῖελεῖς
636 193 702 228 γὰρ,
729 193 812 229 φησὶν
828 193 865 228 (7)
886 194 900 219 ὁ

970 202 1089 228 crsona,
1119 196 1258 231 quomodo
1274 195 1318 222 hic
1336 193 1429 225 mittit,
1455 192 1499 219 ille
1526 199 1591 218 vero
1614 190 1743 218 mittitur.

102 235 260 271 Προφήτης,
286 235 339 262 τὸν
350 237 459 271 Λόγον,
485 237 534 264 καὶ
558 238 643 272 τήξει
667 238 754 266 αὑτά·
772 238 900 265 πνεύσει

969 241 1067 269 ῗηιὶιιεε
1079 243 1163 274 enim,
1181 242 1219 269 ait
1235 241 1381 277 Propheta,
1406 239 1530 271 Verbum,
1552 243 1576 265 et
1595 237 1745 273 liquefaciet

101 282 135 307 τὸ
150 281 272 316 Πνεῦμα
285 282 390 313 αὑτοῦ,
405 282 455 309 καί
464 283 613 317 ρυήσεται
621 284 728 311 ὕδατα·
745 284 793 311 καὶ
808 284 899 311 πάλιψ

109 327 184 361 Ἐγὼ
197 326 331 361 ἐξῆλθον
342 328 377 355 ἐκ
401 329 456 356 τοῦ
470 331 586 364 Πατρός
597 339 657 365 μου
676 331 725 358 καὶ
742 330 815 365 ἢκω·
842 330 899 363 καὶ,

104 373 150 399 Ζῶ
163 373 232 408 ἐγὼ,
244 374 294 400 καὶ
307 373 341 408 ζῆ
355 375 390 401 ἐν
404 374 469 410 ἐμοὶ
492 377 509 402 ό
534 376 720 410 ἀποστείλας
735 386 773 411 με
788 376 900 411 Πατήρ.

105 415 170 451 uti»;
185 417 232 447 οὖν
248 420 444 448 ἀποστέλλεται
460 423 474 449 ὁ
490 422 665 455 ἀποσταλεὶς,
681 424 729 450 καὶ
742 424 786 451 διὰ
799 423 901 459 σαρκὸς

106 465 253 499 φαίνεται;
281 466 356 493 Θεὸν
379 467 434 503 γὰρ
448 467 548 501 οὐδεὶς
565 469 684 496 πώποτε
704 469 844 504 ἑώρακεν.
871 470 902 497 'U

104 512 276 546 μονογενὴς
284 513 368 546 Θεὸς.
379 517 396 541 ο
409 512 504 547 ὢνεὶς
515 514 570 541 τὸν·
584 516 702 542 κόλπον
717 516 901 550 τοῦΠατρὸς,

106 557 223 592 ἐκεῖνος
241 558 423 594 ἐξηγήσατο,
445 560 493 587 καὶ
517 560 601 596 φησὶν
617 562 631 588 ό
653 561 799 597 μονογενὴς
825 562 902 593 Θεός·

106 605 121 630 ὁ
149 604 200 639 μὲν
227 605 282 641 γὰρ
310 606 396 641 Λόγος
428 607 503 633 ἐστὶν
531 609 564 634 ὲκ
593 608 700 643 Πατρὺς
721 608 872 643 γεννηθείς·
890 609 905 635 ὁ

108 651 203 686 Πατὴρ
222 651 251 678 δὲ
266 652 316 678 οὐκ
342 652 484 688 ἐγεννήθη·
500 653 546 680 διὰ
570 652 648 679 τοῦτο
666 653 813 688 μονογενὴς
829 652 904 685 Υἱός.

144 696 191 729 ς’.
223 697 364 732 Πῳῠλαὸε
388 698 444 733 γὰρ
468 699 484 734 ἠ
508 698 570 726 θεία
597 699 708 733 γνῶσις,
733 699 905 735 κηρύττουσα

109 742 211 780 εαυτῆς
232 744 284 780 τὴν
297 744 426 780 ἀλήθειαν
450 744 495 772 διὰ
518 746 567 781 τὴν
582 745 667 781 αὐτῆς
686 746 851 782 πρόγνωσιν,
866 747 906 779 εῐς

108 788 262 824 ἀσφάλειαν
274 790 330 816 τῶν
344 791 488 827 ἡμετέρων
504 791 609 827 ψυχῶν·
628 791 777 828 ἐπειδήπερ
792 792 849 828 ᾔδει
859 793 906 820 τοῦ

109 836 291 871 Σαμοσατὲως
309 838 358 872 τὴν
371 838 475 871 ἄνοιαν,
491 839 538 866 καὶ
551 839 606 866 τῶν
628 840 775 876 ’Δρειανῶν
790 841 839 877 τὴν
854 849 906 867 κα-

110 882 246 916 κοδοξίαν,
273 884 320 910 καὶ
341 884 396 911 τῶν
416 885 563 920 ’Δνομοίων
578 874 834 923 τὴνμδιακουργίαν,
860 887 908 914 καὶ
924 874 945 902 Β

110 928 165 956 τῶν
193 929 353 965 Μανιχαίων
377 930 428 966 τὴν
449 931 564 964 πτῶσιν,
592 932 639 958 καὶ
659 932 761 968 λοιπῶν
777 932 910 969 αἱρέσεων

111 975 161 1009 τὴν
178 975 397 1011 κακομηχανίαν.
419 977 474 1003 Καὶ
490 977 534 1004 διὰ
548 977 627 1005 τοῦτο
645 979 709 1015 περὶ
729 979 849 1015 ἑκάστης
865 979 910 1006 λέ-

113 1021 180 1053 ξεως
201 1021 382 1055 ἀσφαλὶζεται
409 1023 484 1058 ἡμᾶς
500 1024 515 1049 ὁ
533 1023 603 1055 θεῖος
620 1024 709 1059 λόγος·
725 1025 772 1051 τὸν
788 1025 839 1060 μὲν
855 1026 911 1061 γὰρ

114 1067 225 1103 Πατέρα
240 1068 271 1094 οὺ
283 1067 357 1102 λέγει
369 1069 512 1104 μονογενῆ·
529 1069 588 1101 πῶς
606 1070 661 1106 γὰρ
676 1070 831 1106 Μονογενὴς
841 1072 859 1098 ὁ
873 1071 912 1107 μὴ

113 1111 328 1147 γεγεννημένος;
348 1112 395 1139 τὸν
414 1113 442 1139 δὲ
462 1113 526 1140 Υίὸν
541 1115 684 1150 μονογενῆ,
703 1115 747 1142 ἵνα
769 1116 806 1151 μὴ
819 1117 833 1142 ὁ
848 1116 912 1149 Υἱὸς

115 1157 257 1194 νομισθείη
283 1159 390 1195 Πατὴρ,
411 1159 458 1186 καὶ
478 1160 522 1187 ἵνα
545 1160 583 1196 μὴ
605 1160 644 1193 ὡς
661 1161 739 1195 λόγος
767 1163 797 1189 ὲν
812 1162 912 1198 καρδίᾳ

114 1203 260 1238 ἀνθρώπου
274 1204 429 1241 ἀπεικασθῇ
446 1206 461 1232 ὁ
477 1205 544 1238 Θεὸς
550 1206 645 1240 Λόγος.
657 1206 689 1233 Et
703 1206 759 1244 γὰρ
771 1207 856 1242 Λόγος
867 1208 913 1235 λέ-

116 1257 206 1283 γεται,
219 1249 265 1276 διὰ
281 1251 331 1286 τὴν
347 1251 476 1287 τοιαύτην
494 1251 594 1287 χρῆσιν
611 1252 731 1287 λέγεται,
754 1253 799 1281 ἵνα
817 1254 855 1290 μὴ
869 1262 913 1281 νο-

118 1296 186 1333 μίσῃ
199 1305 242 1328 τις
255 1297 395 1334 ἁλλὰτριον
405 1297 475 1326 εἶναι
481 1298 531 1334 τῆς
542 1299 589 1326 τοῦ
604 1299 671 1326 Θεοῦ
686 1300 792 1336 Πατρὺς
807 1301 913 1334 οὐσίας,

118 1343 165 1369 καὶ
185 1343 279 1370 οὐκέτι
296 1344 382 1379 Λόγος
407 1339 604 1377 ἀνυπόστατος.
627 1345 695 1373 ἀλλὰ
719 1346 913 1380 ὲνυπόστατος,

117 1389 162 1416 διὰ
175 1389 217 1422 τὸ,
238 1390 422 1424 Μονογενὴς,
435 1391 554 1425 πλήρης
564 1391 688 1426 χάριτος
698 1392 747 1419 καὶ
757 1392 913 1427 ἀληθείας.

120 1436 175 1462 Καὶ
197 1437 264 1472 ὁρᾷς
279 1437 351 1464 πόσα
374 1437 434 1464 ἐστὶ
454 1437 523 1472 πρὸς
539 1437 691 1472 ἀσφάλειαν
707 1439 759 1474 τῆς
777 1439 916 1476 ἡμετέρας

120 1483 203 1518 ζωῆς.
226 1483 263 1509 Τὸ
280 1483 356 1518 γοῦν,
372 1484 448 1511 Θεὸν
464 1484 563 1517 οὐδεὶς
583 1484 701 1512 πώποτε
716 1485 856 1520 ἑώρακεν,
873 1487 916 1515 ἵνα

119 1527 150 1554 τὺ
168 1527 284 1563 ἀόρατον
298 1528 345 1555 τοῦ
359 1529 466 1564 Πατρὸς
476 1529 596 1566 σημάνῃ,
614 1531 662 1557 καὶ
684 1531 734 1566 τῆς
753 1531 836 1559 αὑτοῦ
853 1532 915 1560 θεό-

119 1582 213 1608 τητος,
233 1574 278 1601 ἵνα
294 1575 344 1610 τὴν
362 1574 431 1602 ἰδίαν
445 1575 562 1611 θεότητα
577 1576 620 1603 διὰ
637 1577 686 1613 τῆς
703 1577 805 1614 σαρκὸς
820 1587 915 1614 φαινο-

122 1619 207 1655 μένην
221 1620 417 1657 ὲπιϐεΰαιώσῃ.

951 295 982 314 ea
998 296 1008 316 :
1024 288 1100 322 ﬂabit
1124 287 1238 322 Spiritus
1263 287 1331 322 ejus,
1350 291 1374 313 et
1398 286 1481 320 ﬂiieut
1510 292 1586 319 aqua:
1600 285 1623 312 ‘.
1654 283 1719 310 Item
1737 290 1744 310 ε

955 334 1033 362 Exivi
1057 344 1072 362 a
1091 334 1174 362 Patre
1192 343 1249 361 meo
1265 339 1290 361 et
1311 334 1384 361 venio
1397 333 1418 365 ³;
1437 335 1475 364 ct,
1494 331 1554 358 Vivo
1572 339 1630 366 ego,
1647 335 1671 357 et
1687 330 1746 356 vivit

954 383 982 409 in
1002 389 1042 408 me
1058 382 1103 417 qui
1122 381 1196 408 misit
1219 389 1260 407 me
1276 380 1357 407 Pater
1370 379 1392 407 ⁸,
1407 377 1550 412 Quomodo
1574 377 1620 412 qui
1644 376 1747 404 missus

953 431 1006 459 est,
1025 427 1098 454 milli
1117 431 1218 462 potest,
1240 431 1268 454 ct
1287 426 1314 453 in
1335 433 1418 453 carne
1430 423 1562 460 prodire?
1576 423 1660 450 Deum
1672 423 1745 449 cnim

956 478 1030 497 nemo
1043 469 1109 497 eidit
1127 477 1255 505 unquam.
1276 467 1434 503 Unigcnims
1451 466 1521 493 Deus
1534 466 1579 500 qui
1590 469 1629 492 est
1645 465 1672 491 in
1686 463 1747 491 sinu

957 517 1060 549 Patris,
1073 516 1118 543 ille
1132 515 1252 542 narravit
1263 515 1285 548 ⁵,
1304 515 1342 541 ait
1357 514 1494 549 ingenitus
1508 512 1598 545 Deus;
1615 511 1745 547 quoniam

956 562 1076 590 Verbum
1091 570 1106 589 e
1119 561 1202 589 Patre
1222 560 1344 596 genitura
1358 564 1416 591 est,
1444 558 1525 586 Pater
1539 561 1630 585 autem
1646 564 1660 583 a
1671 556 1747 584 nullo

957 610 1065 646 genitus
1078 617 1085 643 ;
1102 609 1137 637 ob
1154 608 1181 636 id
1195 608 1353 644 unigenitus
1364 610 1407 634 est
1420 605 1515 633 Filius.

994 699 1038 726 Vl.
1061 698 1167 726 Etenim
1186 697 1278 725 divina
1303 695 1419 724 scientia
1443 702 1493 730 pro
1509 701 1559 722 sua
1575 693 1748 729 providentia

959 747 1102 775 veritatem
1116 753 1195 774 suam
1211 744 1362 780 praedicare
1381 745 1445 770 ante
1461 741 1557 773 voluit,
1573 747 1627 775 quo
1642 739 1749 766 animas

960 797 1072 821 nostras
1096 793 1224 819 cautione
1249 799 1282 818 ac
1305 789 1452 819 securitate
1475 787 1605 815 muniret.
1625 785 1744 812 Noverat

959 839 1032 865 enim
1054 841 1082 864 et
1108 835 1311 864 Samosatensis
1337 832 1504 863 vecordiam,
1534 835 1560 858 et
1586 829 1751 857 Arianorum

962 882 1075 918 impium
1091 881 1200 917 dogma,
1219 883 1246 908 et
1265 879 1461 906 Anommorum
1485 875 1700 911 improbitatem,
1725 875 1753 899 et

962 926 1178 954 Manicba-orum
1207 925 1336 955 ruinam,
1365 927 1392 950 et
1418 926 1578 950 cauerat-um
1611 919 1753 946 hzerescon

961 972 1138 999 calliditatem
1161 979 1193 998 ac
1217 969 1352 998 fraudem.
1374 967 1549 1002 Proindeque
1577 966 1611 993 de
1637 964 1754 1000 singulis

963 1017 1162 1053 propemodum
1190 1016 1304 1044 vocibus
1334 1013 1477 1043 securitati
1509 1017 1611 1040 nostra:
1642 1010 1754 1038 divinus

963 1070 1053 1091 sermo
1085 1061 1226 1093 consulit;
1259 1059 1369 1087 Patrem
1395 1059 1469 1087 enim
1501 1057 1673 1092 unigenitum
1699 1062 1755 1082 non

963 1110 1090 1145 appellat.
1120 1107 1283 1143 Unigenitus
1308 1105 1380 1134 enim
1407 1112 1469 1132 esse
1494 1104 1541 1139 qui
1567 1105 1675 1138 potest,
1707 1101 1754 1136 qui

963 1163 1104 1191 nunquam
1117 1155 1153 1183 sit
1162 1153 1289 1190 genitus?
1299 1151 1397 1179 Filium
1409 1158 1474 1178 vero
1483 1149 1653 1184 unigenitum
1666 1151 1755 1179 vocat,

964 1211 998 1231 ne
1014 1203 1038 1230 is
1066 1201 1149 1229 Pater
1173 1199 1358 1230 existimetur,
1384 1201 1431 1224 aut
1454 1204 1489 1224 ne
1509 1195 1606 1227 verbo,
1631 1194 1704 1229 quod
1727 1193 1755 1220 in

964 1249 1083 1277 hominis
1098 1252 1140 1276 est
1157 1251 1277 1282 pectore,
1292 1244 1364 1273 Deus
1375 1243 1495 1271 Verbum
1512 1241 1609 1270 similis
1621 1248 1683 1268 esse
1696 1247 1757 1268 cre-

965 1296 1057 1324 datur.
1071 1294 1154 1331 613
1169 1292 1247 1326 Quod
1268 1291 1341 1319 enim
1351 1289 1470 1318 Verbum
1490 1288 1601 1320 dicitur,
1619 1287 1644 1314 id
1657 1293 1690 1314 eo
1715 1286 1756 1317 ﬁt,

967 1351 1001 1371 ne
1015 1342 1079 1378 quis
1098 1349 1114 1368 a
1129 1340 1177 1368 Dei
1197 1339 1286 1366 Patris
1308 1336 1464 1367 substantia
1484 1336 1603 1363 alienum
1623 1341 1686 1362 esse
1711 1341 1758 1360 su-

966 1390 1108 1426 spicetur;
1135 1394 1224 1422 neque
1242 1385 1361 1413 Verbum
1384 1383 1450 1411 illud
1474 1381 1653 1411 subsistentia
1670 1383 1758 1410 caret,

967 1439 1014 1467 sed
1035 1445 1067 1465 ea
1087 1435 1231 1472 praeditum
1255 1437 1308 1465 est.
1324 1431 1398 1468 quod
1414 1430 1458 1459 his
1472 1429 1563 1458 verbis
1577 1428 1734 1456 declaratur
1751 1434 1757 1453 :

967 1484 1132 1519 Unigenitus,
1148 1481 1241 1516 plenus
1261 1480 1356 1516 gratiae
1374 1483 1398 1506 et
1420 1476 1551 1505 veritatis.
1580 1474 1664 1502 Vides
1677 1479 1759 1508 quam

968 1530 1062 1568 multis
1091 1527 1227 1565 praisidiis
1253 1527 1309 1554 vita
1323 1528 1416 1553 nostra
1441 1522 1593 1550 muniatur.
1615 1519 1676 1548 iam
1694 1525 1761 1546 vero

943 1572 951 1583 ¹
970 1577 1043 1614 quod
1074 1575 1208 1610 scriptum
1234 1576 1277 1601 est
1305 1571 1415 1600 :Deum
1439 1577 1514 1596 nemo
1538 1567 1603 1596 uidit
1633 1572 1761 1600 unquam,

970 1626 1044 1654 hunc
1068 1630 1148 1651 usum
1177 1621 1271 1653 habet,
1284 1624 1314 1647 ut
1338 1619 1446 1646 Patrem
1461 1617 1577 1653 ejusque
1590 1613 1762 1642 divinitatem

122 1666 234 1694 minime
260 1666 312 1694 sub
338 1669 481 1703 aspectum
515 1667 615 1696 cadere
646 1674 826 1703 monstraret,
853 1680 909 1707 quo

969 1671 1080 1700 vinitatis
1093 1676 1160 1702 suae,
1187 1674 1248 1702 qua)
1278 1673 1326 1702 per
1351 1672 1461 1693 carnem
1495 1661 1655 1698 apparebat,
1677 1659 1758 1687 [idem

122 1715 268 1739 astrueret.

158 1758 233 1786 Πόσα
249 1758 278 1785 δὲ
294 1758 373 1791 ἄλλα,
390 1759 436 1785 καὶ
456 1758 586 1786 ἐπέκεινα
601 1759 704 1788 τούτων
720 1761 761 1792 εἰς
774 1762 918 1797 παράστα-

124 1814 165 1833 σιν
178 1806 245 1841 ἡμῖν
255 1805 394 1838 ἁναλέξειέ
402 1814 454 1838 τις,
466 1806 512 1833 καὶ
524 1807 712 1843 παραστήσειε
726 1808 795 1843 πρὸς
807 1808 856 1844 τὴν
869 1808 918 1835 τοῦ

124 1852 307 1887 Σαμοσατέως
328 1851 434 1879 avenam!
453 1853 484 1879 Εί
499 1852 553 1889 γὰρ
571 1851 605 1888 ἦν
627 1854 656 1880 ἐν
670 1853 710 1889 τῷ
727 1854 816 1890 Πατρὶ
827 1875 834 1886 ,
850 1855 888 1887 ὠς
902 1853 920 1882 ’ὁ

124 1898 202 1932 λόγος
215 1898 244 1924 ἐν
258 1897 356 1933 καρδίᾳ
367 1897 522 1933 ἀνθρώπου,
538 1899 597 1930 πῶς
612 1899 783 1934 παραγέγονε
795 1900 839 1926 διὰ
852 1901 920 1933 ἰδίας

123 1944 244 1984 θεωρίας
260 1943 462 1979 φθεγγόμενοςς
483 1945 527 1971 Ἐν
545 1944 584 1980 τῷ
601 1945 657 1980 γὰρ
673 1945 755 1972 αὑτὸν
769 1946 922 1980 διηγεῖσθαι

125 1990 181 2026 τοῖς
195 1989 278 2016 αὐτοῦ
297 1989 431 2025 μαθηταῖς
451 1989 550 2024 φάσκει
562 1997 569 2004 ·
591 1989 623 2016 '0
635 1990 772 2025 ἑωρακὼς
799 1991 853 2026 ἐμὲ
870 1991 922 2018 ἐώ-

125 2044 198 2070 ραχε
213 2036 267 2062 τὸν
281 2035 406 2070 Πατέρα.
425 2036 480 2063 Καὶ
494 2036 545 2062 οὐκ
560 2033 648 2063 εἶπεν·
669 2036 740 2071 Ἐγώ
752 2038 811 2072 εἰμι
833 2038 847 2064 ὁ
865 2038 923 2064 Πα-

127 2083 195 2117 τήρ·
217 2081 285 2109 ἀλλὰ
303 2081 334 2108 τὸ
350 2081 413 2116 ἐμὲ,
430 2082 460 2109 ὲν
472 2082 511 2118 τῷ
528 2082 616 2117 Πατρὶ
638 2082 776 2118 σημαίνει.
800 2083 855 2110 Καὶ
874 2083 923 2110 οὐκ

128 2127 216 2155 εἶπεν·
240 2128 311 2163 Ἐγώ
325 2129 383 2163 εἰμι
401 2129 519 2160 ἐκεῖνος·
533 2128 590 2155 ἀλλ’
610 2128 684 2163 Ἐγὼ
704 2126 800 2164 ἦλθον
819 2128 869 2155 ἐπὶ
884 2129 924 2162 τῷ

128 2175 251 2209 ὀνόματι
270 2174 323 2202 τοῦ
344 2174 459 2208 Πατρός
475 2181 550 2208 μου·
569 2173 634 2205 καὶ,
658 2173 790 2206 Ἐκεῖνός
803 2174 889 2200 ἐστίν
908 2175 925 2201 ὁ

128 2219 285 2254 μαρτυρῶν
307 2219 373 2254 περὶ
389 2219 474 2255 ἐμοῦ.
491 2219 543 2246 Καὶ
561 2219 643 2246 πάλιν
658 2219 722 2255 περὶ
735 2219 783 2246 τοῦ
799 2219 925 2255 Πνεύμα-
941 2211 962 2238 ι)

129 2275 173 2297 τος
195 2267 244 2293 τοῦ
264 2266 352 2301 ἁγίου,
373 2267 414 2293 ὅτι
433 2267 543 2293 ’Άλλον
556 2264 754 2300 Παράκλητον
767 2265 838 2300 ὑμῖν
851 2266 925 2293 ἀπο-

129 2312 313 2348 στελῶ.”ορ;ι
328 2312 386 2345 πῶς
399 2311 438 2345 τὸ,
450 2312 623 2344 ἀποστελεῖ,
633 2311 831 2345 καὶτὸ,ἇλλον
853 2312 873 2345 ,¹
895 2311 925 2338 τὸ

130 2358 197 2392 ἐγὼ,
215 2358 259 2385 ενα
274 2358 348 2394 δείξῃ
366 2358 474 2394 Πατέρα
491 2358 690 2390 ἐνυπόστατον,
714 2356 827 2393 Πνεῦμα
849 2357 926 2392 ἅγιον

131 2404 324 2432 ὲνυπόστατον.
350 2405 481 2438 Ἐκεῖνός
499 2413 538 2439 με
554 2404 609 2440 γὰρ
627 2404 770 2437 δοξάσει,
794 2404 859 2440 περὶ
878 2403 926 2430 τοῦ

133 2450 211 2485 ἁγίου
226 2451 384 2486 ΙΙνεύματος
398 2450 496 2484 λέγων,
512 2450 557 2477 ὅτι
573 2451 607 2477 ἐκ
622 2451 676 2478 τοῦ
692 2450 764 2485 ἐμοῦ
781 2449 922 2484 λήψεται.

134 2497 188 2523 Καὶ
211 2496 288 2523 ποῖόν
305 2505 393 2532 (prius;
416 2496 452 2523 Τὸ
475 2496 510 2523 ἐκ
524 2495 641 2530 Πατρός
663 2495 924 2530 ἐκπορευόμενον,

135 2543 183 2569 καὶ
198 2543 234 2569 ὲκ
249 2542 302 2570 τοῦ
323 2542 397 2577 ἐμοῦ
415 2542 556 2577 λήψεται.
587 2541 668 2568 Ἀλλὰ
691 2540 738 2568 καὶ
763 2540 847 2576 φησί·
869 2539 928 2567 Δίὐό

136 2588 291 2624 μαρτυρίαι
303 2587 467 2623 ἀνθρώπων
485 2587 699 2621 σταθήσονται.
713 2586 768 2614 Καὶ
786 2586 844 2621 ἐγὼ
854 2595 928 2621 μαρ-

136 2635 213 2670 τυρῶ
234 2635 284 2662 ἐπὶ
306 2634 446 2670 ἐμαυτοῦ,
475 2634 524 2661 καί
550 2633 694 2669 μαρτυρεῖ
719 2633 786 2667 περὶ
811 2632 884 2667 ἐμοῦ
913 2633 930 2660 ὀ

172 2725 178 2740 ¹
201 2723 266 2760 Leg.
279 2724 326 2751 καὶ
338 2725 377 2757 τὺ,
387 2724 455 2759 ἐγώ.

1006 1760 1093 1793 Quam
1112 1757 1197 1785 multa
1216 1759 1347 1792 praeterea
1370 1754 1403 1781 ad
1418 1760 1476 1780 cam
1499 1759 1557 1779 rem
1579 1751 1763 1786 comproban-

970 1806 1033 1834 dam
1051 1804 1144 1840 colligi
1160 1806 1288 1838 possunt,
1306 1805 1333 1829 et
1353 1800 1486 1828 adversus
1502 1797 1706 1826 Samosatensis
1722 1798 1766 1825 in-

971 1852 1076 1880 saniam
1091 1850 1198 1878 aﬂerri!
1217 1848 1325 1875 Etenim
1340 1847 1365 1874 si
1382 1846 1410 1873 in
1428 1845 1509 1873 Patre
1524 1849 1616 1878 esset,
1633 1845 1766 1879 quemad-

972 1898 1082 1925 modum
1100 1895 1219 1924 bominis
1234 1895 1262 1921 in
1277 1893 1360 1921 corde
1376 1892 1488 1920 verbum
1500 1911 1508 1923 ,
1538 1891 1650 1926 quinam
1668 1890 1767 1918 adesse

972 1943 1070 1978 potuit,
1081 1946 1163 1977 atque
1170 1949 1203 1970 ex
1215 1940 1324 1976 propria
1334 1938 1513 1974 intelligentia
1524 1937 1715 1972 sententiaque
1727 1937 1768 1964 lo-

974 1989 1040 2025 qui?
1053 1989 1122 2017 Cum
1145 1988 1219 2016 cnim
1242 1986 1275 2014 ad
1290 1985 1444 2019 discipulos
1463 1991 1530 2011 suos
1544 1982 1628 2010 verba
1649 1984 1766 2015 faceret,

973 2035 1011 2062 ita
1026 2034 1096 2062 dixit
1109 2043 1115 2062 :
1126 2033 1178 2067 Qui
1188 2033 1253 2060 vidit
1263 2029 1530 2064 me,viditPutrem“.
1542 2028 1600 2055 Non
1610 2028 1677 2055 dixit
1692 2037 1698 2054 :
1713 2027 1769 2063 Ego

975 2089 1036 2110 sum
1052 2081 1148 2108 Pater:
1165 2080 1212 2108 sed
1228 2087 1291 2110 vox,
1309 2086 1360 2109 mc,
1378 2077 1404 2104 in
1416 2076 1497 2103 Patre
1510 2075 1658 2110 signitirat.
1675 2074 1770 2109 Neque

975 2135 1040 2155 vero
1054 2127 1123 2154 dixit
1137 2135 1143 2154 :
1161 2126 1217 2162 Ego
1232 2133 1292 2153 sum
1306 2125 1368 2152 illc:
1385 2123 1433 2151 scd
1445 2143 1453 2154 ,
1474 2122 1536 2149 Veni
1549 2122 1577 2148 in
1592 2121 1697 2147 nomine
1712 2120 1768 2146 Pa-

977 2174 1024 2200 tris
1045 2173 1095 2200 niei
1106 2173 1135 2205 ";
1157 2175 1204 2199 et:
1222 2170 1273 2197 Hic
1293 2175 1332 2197 est
1349 2169 1394 2205 qui
1408 2167 1588 2195 testimonium
1605 2165 1721 2200 per/libet
1737 2164 1770 2191 de

976 2227 1016 2246 me
1027 2218 1048 2246 ⁸.
1077 2217 1141 2244 Item
1167 2216 1200 2243 de
1223 2214 1328 2250 Spiritu
1350 2217 1469 2241 sancto:
1493 2211 1583 2238 Alium
1600 2209 1772 2236 Paractctum

977 2264 1083 2291 mittam
1105 2262 1176 2289 vobis
1189 2262 1211 2287 '.
1236 2260 1432 2287 Animadverte
1446 2255 1677 2293 quclnadmodum
1697 2254 1772 2281 voci-

979 2309 1029 2336 bus
1044 2308 1098 2335 illis
1112 2310 1215 2338 utatur,
1231 2305 1345 2338 mittam,
1358 2304 1442 2331 alium
1457 2308 1549 2338 ctego,
1559 2309 1614 2337 quo
1628 2299 1772 2328 etPatrem

977 2359 1005 2383 et
1022 2353 1155 2389 Spiritum
1172 2356 1298 2379 sanctum
1314 2359 1365 2378 sua
1378 2354 1526 2385 utrumque
1544 2352 1672 2376 constare
1688 2346 1772 2374 doc:-

980 2405 1021 2429 ret
1048 2399 1200 2436 hyposlasi.
1226 2398 1276 2426 ille
1299 2405 1338 2425 me
1361 2395 1539 2430 clariﬁcabit,
1555 2394 1594 2421 ait
1618 2393 1652 2421 de
1667 2392 1773 2428 Spiritu

980 2451 1077 2476 sancto
1091 2447 1214 2481 loquens,
1224 2445 1287 2480 quia
1301 2444 1333 2471 de
1344 2451 1400 2470 meo
1416 2442 1525 2476 arripiat
1542 2441 1574 2468 '°.
1593 2440 1774 2474 Qualcmnam

980 2499 1070 2522 autem
1090 2493 1167 2520 illum
1182 2491 1269 2519 facit?
1286 2491 1338 2524 Qui
1355 2499 1371 2517 a
1390 2489 1470 2516 Putre
1481 2487 1621 2523 procedit,
1638 2486 1727 2520 inquit
1739 2485 1773 2517 “,

983 2539 1046 2567 etde
1059 2546 1115 2566 meo
1129 2535 1444 2572 arcipiet“.Quinctiam
1457 2534 1511 2561 alio
1527 2533 1554 2560 in
1566 2533 1641 2559 loco:
1655 2531 1714 2558 Duo
1729 2529 1776 2556 lio--

983 2585 1095 2616 minum,
1108 2584 1156 2617 ait,
1172 2583 1323 2610 testimonia
1341 2580 1460 2608 stabunt.
1479 2579 1513 2605 Et
1528 2586 1575 2613 ego
1596 2575 1776 2604 testimonium

983 2631 1086 2667 prwbeo
1099 2630 1131 2658 de
1152 2631 1262 2665 meipso,
1280 2633 1304 2656 et
1327 2627 1507 2656 testimonium
1516 2625 1613 2660 pra-bet
1629 2623 1661 2650 de
1678 2630 1717 2649 me
1731 2621 1777 2656 qui

140 2755 149 2770 ⁷
165 2725 178 2770 ¹¹
201 2723 266 2760 Leg.
279 2724 326 2751 καὶ
338 2724 455 2759 τὺ,ὲνώ.
489 2724 499 2739 ¹
515 2722 586 2751 Psal.
599 2730 700 2753 chvu.
718 2722 762 2750 18,
801 2721 811 2737 ⁸
823 2720 904 2748 Joan.
921 2728 976 2753 xvr,
993 2720 1039 2748 ‘28.
1066 2719 1075 2734 ‘
1087 2719 1166 2746 Joan.
1181 2727 1217 2748 vi.
1238 2719 1282 2744 58.
1313 2718 1323 2733 ‘
1337 2715 1417 2743 Joan.
1435 2723 1453 2747 ι,
1472 2715 1515 2741 is.
1555 2712 1566 2727 ⁸
1580 2711 1659 2738 Joan.
1677 2717 1733 2739 xw,
1749 2707 1776 2733 εὶ.

252 2768 268 2770 .,
299 2761 326 2770 ιη
375 2761 384 2770 υ
404 2760 411 2770 ι
435 2768 465 2770 η,
570 2760 599 2770 ιιι
650 2760 660 2770 n
683 2758 744 2770 in...
772 2765 806 2770 ...,
831 2757 865 2770 cu:
917 2756 937 2770 lu
955 2755 1017 2770 ιηη..
1051 2763 1094 2770 νυ.
1123 2756 1151 2770 ιι
1205 2755 1225 2770 ιι
1244 2752 1307 2770 Im...
1335 2761 1367 2770 πυ
1394 2751 1428 2770 0t:
1478 2748 1589 2770 “1mm.
1603 2745 1715 2770 vaJL
1733 2742 1776 2770 15.

159 2751 280 2792 .Ιυ;ιιι.”ν⁸
293 2761 336 2787 43.
372 2751 385 2776 ³⁸
399 2751 478 2788 ίυιιιι.
495 2766 555 2794 vui,
569 2760 601 2787 18
650 2760 660 2775 ⁹
677 2751 756 2786 Joan.
772 2765 817 2788 ιν,
831 2757 878 2784 26.

969 2751 1029 2783 nan.
1051 2763 1106 2788 xvi,
1123 2756 1166 2782 Η.
1205 2755 1225 2770 ⁸·
1239 2752 1318 2781 Joan.
1335 2761 1378 2784 xv,
1394 2751 1439 2778 26.

1478 2750 1499 2765 ¹¹
1510 2748 1590 2776 Joan.
1603 2745 1715 2778 “1,”,
1733 2742 1777 2776 15,

172 2831 212 2866 (7)
231 2829 421 2866 ‘Arrmrsleiq
437 2827 502 2866 γὰρ,
517 2827 623 2861 φησίν,
637 2826 724 2855 Nimis
743 2826 830 2854 otiose
841 2825 914 2853 locur

970 2832 1023 2852 unc
1034 2832 1049 2853 c
1063 2824 1167 2860 psalmo
1179 2830 1269 2850 CXLVII
1296 2820 1328 2848 ad
1343 2819 1390 2848 Dei
1420 2819 1536 2847 Verbum
1557 2817 1658 2846 retulit.
1678 2815 1706 2843 In
1723 2819 1779 2849 quo

140 2864 314 2902 nequaquam
328 2864 480 2893 audiendus
496 2867 547 2891 est.
