1939 3036
173 116 209 144 23
866 114 895 143 s.
917 113 1089 141 El‘lPllANll
1774 117 1810 146 ει

175 176 246 204 misit
258 184 298 203 me
316 175 395 203 Pater
409 176 430 203 '.
443 175 530 209 Quam
546 169 630 203 multa
645 179 709 203 sunt
724 182 836 203 munero
851 175 963 202 totidem

1017 175 1202 209 ἀποστείλας
1216 185 1254 210 με
1271 177 1384 212 Πατήρ.
1402 175 1475 202 Πόσα
1491 175 1519 202 δὲ
1535 175 1601 202 ἄλλα
1617 175 1746 207 τοσαῦτα,
1762 176 1810 203 καὶ

174 223 297 258 adeoque
318 222 396 258 plura
418 222 592 250 testimonia!
618 221 687 249 Ecce
705 222 753 249 tibi
771 222 810 249 sic
835 221 879 249 ille
895 228 964 257 quo-

173 269 235 296 dam
254 268 355 295 inloco
370 273 485 296 narrat:
506 267 642 302 Confiteor
662 268 725 301 tibi,
741 267 834 300 Pater,
853 267 964 295 [tantine

173 314 231 341 caeli
246 322 277 340 ac
289 318 376 345 terrw,
388 313 511 348 quoniam
528 312 690 340 abscondisti
703 312 757 338 Iure
772 321 788 339 ιι
800 312 964 347 sapientibus

172 364 197 386 et
213 358 387 393 prudentibus
399 379 406 390 .
422 364 447 386 et
462 358 584 386 ret-elasli
598 367 629 385 ea
648 358 777 393 paruulis.
794 357 838 385 Ita
848 378 855 389 ,
871 357 962 390 Pater,

171 405 297 440 quoniam
320 405 358 431 sic
376 404 506 439 placitum
525 411 564 432 est
580 409 640 432 ante
653 409 687 432 te.
707 404 804 432 Omnia
819 404 883 431 mihi
905 408 963 431 tra-

172 451 229 477 dita
251 456 312 478 sunt
332 459 348 477 a
364 449 445 477 Patre
460 458 533 483 mea;
555 455 580 478 et
594 459 669 478 nemo
689 451 760 477 novit
782 449 894 483 Filium,
911 450 963 477 nisi

175 497 273 530 Pater;
296 501 320 524 et
338 497 447 523 Patrem
468 504 544 524 nemo
568 496 655 530 novit,
675 496 726 523 nisi
749 495 856 528 Filius,
881 500 906 523 et
921 497 964 523 cui

176 542 262 570 Filius
282 541 444 569 revelaverit.
476 541 617 574 Ret'clasti,
636 541 744 577 inquit,
760 550 791 569 ea
806 542 923 576 parvulis
934 543 944 558 ¹
956 562 962 568 .

173 588 216 621 Et,
230 588 327 616 Omnia
341 589 405 615 mihi
421 588 521 615 tradita
541 593 602 616 sunt
615 597 631 616 α
647 588 727 615 Patre
744 596 800 615 meo
814 589 834 620 ⁸,
859 592 888 615 ιιι
902 596 963 623 per-

171 628 293 671 egrinam
319 635 354 663 ab
378 635 440 664 istis
467 636 650 670 excogitatam
678 634 806 670 loquendi
831 635 963 662 rationem

171 681 342 717 pratcideret.
581 676 584 679 ’

208 739 263 767 VII.
284 740 384 775 Aspice
402 747 476 768 nunc
495 739 562 775 quid
582 739 695 766 humani
709 739 819 774 generis
836 737 965 766 assiduus

171 786 260 814 bustis
276 786 404 815 diabolus
434 787 461 814 in
483 793 579 814 eorum
601 785 701 813 animis
721 785 872 820 pepererit,
890 785 964 820 quod

171 833 246 860 velut
263 833 338 861 illius
362 833 454 860 alllatu
471 832 569 868 perciti
591 832 811 868 pronuntiarent.
832 831 900 859 Nam
915 831 964 859 ad-

172 886 269 907 versus
289 878 333 906 illa
348 886 468 914 purgare
483 886 545 906 sese
560 878 672 906 student
688 877 810 907 Judaicae
827 877 966 913 Opinionis

172 924 315 956 satellites.
333 924 416 960 διε
435 924 660 960 quandoquidem
682 924 728 952 lux
748 924 794 951 illa
816 923 964 956 doctrinae,

171 979 233 1006 quae
249 971 278 998 in
303 971 405 999 divinis
426 970 583 1007 Evangeliis
605 970 761 998 clarissime
775 969 879 1005 fulget.
894 977 967 997 non-

171 1017 249 1044 nullo
272 1017 378 1053 pudore
403 1017 468 1045 illos
498 1017 599 1050 allicit,
622 1024 658 1045 ne
683 1017 798 1044 sincerae
826 1016 965 1051 Evangelii

171 1063 322 1099 cognitioni
344 1062 454 1099 penitus
471 1070 626 1099 repugnare
643 1063 800 1091 videantur.
821 1062 912 1096 Quare
928 1062 965 1089 its

171 1110 324 1145 disputant,
352 1109 494 1137 hominem
523 1109 609 1137 fuisse
638 1107 744 1142 Iesum,
772 1108 816 1136 cui
839 1108 873 1135 de
895 1108 966 1135 coelo

171 1155 293 1184 Verbum
313 1155 487 1191 aspiraverit.
511 1155 589 1183 Unde
610 1155 657 1183 illa
679 1155 773 1183 omnia
795 1154 830 1182 de
843 1162 873 1182 se
892 1154 964 1189 ipso,

171 1206 308 1237 quatenus
322 1206 365 1229 est
385 1201 484 1234 homo,
498 1200 651 1236 proﬁtetur.
669 1200 776 1228 Etenim
796 1199 878 1227 l’ater
893 1207 966 1227 unus

171 1251 215 1275 est
229 1255 294 1275 cum
311 1247 382 1275 Filio
398 1246 489 1280 Deus;
505 1247 588 1275 homo
600 1255 667 1275 vero
679 1255 712 1275 ex
727 1246 854 1274 inferiori
869 1246 967 1274 ordine

172 1293 310 1328 propriam
323 1300 470 1328 personam
482 1301 538 1328 pne
557 1301 587 1321 se
601 1293 663 1322 fert.
685 1292 724 1320 Ita
739 1301 862 1329 persona
878 1293 967 1321 omni-

172 1346 208 1365 no
231 1338 418 1366 contlciuntur
434 1338 511 1366 dua:
535 1337 637 1366 Verum
663 1339 745 1367 homo
762 1339 833 1367 Deus
854 1346 932 1372 esse,
949 1347 966 1367 ο

172 1383 331 1411 mortalium
352 1383 475 1411 omnium
505 1384 685 1413 stolidissime
707 1388 790 1420 atque
807 1385 842 1413 ab
858 1385 966 1414 caelesti

173 1428 308 1464 sapientia
330 1429 515 1462 alienissimo,
532 1433 580 1463 qut
596 1429 814 1466 potest?Potest
825 1451 833 1463 ,
849 1431 877 1459 id
891 1431 966 1466 quod

173 1475 286 1507 asseris,
302 1474 385 1503 homo
398 1483 460 1503 esse
475 1477 603 1512 simplex,
617 1477 664 1512 qui
676 1477 714 1504 ita
729 1477 763 1505 de
776 1486 806 1506 se
824 1478 964 1513 loquitur:

173 1519 226 1553 Qui
243 1521 309 1547 vidit
326 1528 377 1553 me,
392 1521 457 1548 uidit
466 1525 492 1548 et
510 1520 656 1549 Patrem‘?
667 1520 735 1549 Nam
751 1522 775 1551 si
794 1522 877 1550 homo
888 1523 964 1558 ejus-
978 1534 1000 1564 ε

172 1567 248 1595 ιιιθαὶ
262 1570 315 1600 est,
327 1567 418 1602 qualis
431 1571 475 1596 est
486 1566 578 1600 Pater,
594 1567 662 1595 nihil
676 1567 722 1595 hic
736 1567 771 1595 ab
784 1568 896 1596 homine
909 1568 966 1597 dis-

172 1613 309 1648 crepabit.
330 1613 415 1649 Atqui
441 1613 515 1642 Deus
530 1612 670 1648 Verbum,
692 1614 739 1649 qui
764 1614 966 1649 perfectissime

173 1666 301 1688 naturam
320 1660 441 1689 hominis
463 1660 570 1694 induit,
593 1661 733 1696 perfectus
757 1669 834 1697 aeque
856 1662 929 1690 Dens
948 1670 965 1690 a

172 1705 254 1734 Patre
277 1711 342 1735 ante
369 1707 462 1735 omnia
491 1707 666 1743 progenitus,
693 1715 748 1735 non
782 1708 875 1736 minus
902 1708 965 1743 jure

172 1755 259 1789 quam’
273 1753 415 1784 evidenter
427 1753 461 1782 de
475 1761 505 1782 se
519 1754 580 1789 ipso
595 1757 712 1782 testatur
728 1763 735 1781 :
753 1753 806 1787 Qui
824 1754 888 1782 vidit
908 1762 963 1788 me,

172 1801 238 1827 vidit
252 1806 276 1828 et
297 1800 424 1834 Patrem;
447 1800 679 1836 quemadmodum
700 1808 734 1827 ex
754 1800 910 1828 Judatorum
929 1801 963 1828 de

172 1846 221 1873 illo
234 1853 361 1874 sermone
378 1849 487 1874 constat
504 1854 511 1874 :
534 1845 597 1873 Non
611 1847 680 1874 enim
704 1846 808 1879 solum,
824 1847 862 1873 ait
880 1845 963 1873 Joan-

172 1899 233 1924 nes,
249 1891 401 1927 quwrebant
416 1892 564 1926 interﬁcere
582 1892 678 1926 ipsum,
694 1892 763 1927 quod
784 1892 840 1920 hau:
853 1892 962 1927 faceret,

172 1938 218 1966 sed
238 1938 320 1966 etiam
343 1939 407 1973 quia
423 1937 527 1965 Filium
550 1937 599 1966 Dei
620 1946 676 1966 sese
701 1938 817 1972 diceret,
835 1939 963 1974 wquatem

172 1985 228 2013 Deo
248 1985 363 2019 seipsum
385 1993 505 2013 asserens
518 1986 540 2013 ³.
556 1985 624 2013 Nam
646 1993 709 2013 cum
730 1986 785 2013 illis
805 1985 896 2013 verbis
911 1986 964 2013 uti-

173 2036 218 2059 tur
240 2041 248 2059 :
274 2031 327 2065 Qui
358 2032 424 2059 vidit
446 2040 506 2065 me,
530 2032 595 2059 vidit
625 2037 651 2059 et
678 2031 805 2065 Patrem,
830 2032 962 2068 aequalem

173 2078 226 2106 sibi
237 2077 322 2106 Deum
336 2077 445 2106 Patrem
461 2078 614 2106 constituit.

207 2125 242 2152 At
266 2125 350 2153 homo
372 2125 472 2153 similis
494 2124 564 2158 Deo,
581 2128 629 2152 aut
653 2125 725 2152 sicut
740 2123 812 2152 Deus
828 2132 890 2153 esse
907 2132 962 2152 non

172 2175 282 2207 potest;
306 2171 355 2199 sed
378 2171 402 2198 is
423 2171 572 2202 nimirum,
593 2170 642 2206 qui
667 2177 682 2197 a
705 2169 761 2197 Deo
780 2169 861 2198 Patre
891 2170 963 2198 Deus

173 2217 348 2253 unigenaque
363 2216 449 2244 Filius
462 2224 557 2245 revera
572 2217 716 2252 processit.
738 2217 776 2244 De
794 2225 849 2252 quo
868 2219 904 2245 ita
924 2224 963 2246 te-

172 2267 263 2291 statur
277 2262 426 2298 Apostolus
444 2272 450 2290 :
470 2262 523 2296 Qui
537 2270 596 2289 cum
610 2262 637 2289 in
659 2262 747 2297 {arma
762 2261 810 2289 Dei
822 2267 900 2296 esset,
912 2271 964 2290 non

171 2309 294 2343 rapinam
311 2308 459 2335 arbitratus
475 2313 525 2341 est,
540 2316 596 2335 esse
611 2308 739 2343 a'quulem
750 2308 814 2340 Deo,
828 2309 873 2336 sed
885 2315 965 2336 semet

171 2356 258 2390 ipsum
266 2355 420 2387 exinanivit,
431 2354 544 2389 [orntum
556 2355 624 2382 servi
631 2354 759 2389 accipiens
769 2354 789 2381 '.
813 2354 852 2382 Ex
863 2355 964 2390 quibus

172 2401 221 2428 illa
246 2400 331 2428 verba
358 2400 386 2427 in
414 2400 502 2434 {arma
523 2404 591 2426 esset
624 2400 657 2426 ad
693 2399 779 2427 Deum
807 2400 963 2435 pertinent;

171 2446 245 2482 quod
262 2449 354 2474 autem
374 2445 408 2473 ad
434 2445 560 2473 servilem
583 2445 698 2472 formant
719 2446 834 2480 attinet,
856 2446 962 2474 extrin-

172 2500 253 2521 secus
279 2491 394 2520 aseitam
418 2499 481 2520 eSSe
495 2491 633 2522 declarat.
648 2499 699 2520 nec
717 2492 791 2520 illius
815 2493 963 2528 aliquando

172 2539 258 2567 fuisse
273 2539 420 2574 signiﬁcat.
441 2538 494 2566 Sed
517 2546 638 2573 persaepe
660 2539 760 2567 accidit
780 2544 810 2566 ut
837 2539 964 2567 Salvator

172 2591 268 2614 noster
291 2593 324 2613 ac
344 2585 478 2618 Dominus
493 2584 574 2613 Iesus
598 2585 727 2614 Christus
748 2585 876 2621 Deusque
892 2585 960 2614 Ver-

171 2634 236 2662 bum
256 2633 381 2669 quaedam
402 2632 524 2659 humano
545 2639 621 2659 more
642 2635 670 2659 et
690 2631 724 2658 ad
738 2631 880 2659 hominum
895 2631 960 2660 all‘e—

170 2681 277 2708 ctiones
299 2678 506 2707 accommodate
530 2677 662 2713 proferat.
680 2677 758 2711 Quod
774 2681 830 2704 tum
849 2678 961 2707 minime

171 2725 237 2753 fecit
261 2733 324 2753 cum
341 2725 468 2753 diceret:
490 2724 512 2751 Α
533 2724 616 2751 Patre
636 2731 693 2751 meo
715 2723 784 2751 exivi
801 2728 825 2751 et
851 2725 924 2752 venio
938 2725 959 2752 ⁷.

1018 222 1147 248 ἐπέκεινα
1171 221 1289 250 τούτωνε
1313 222 1377 249 Ἰδοὺ
1397 221 1461 258 γὰρ,
1474 221 1572 256 φησίν·
1594 221 1809 257 Ἐξομολογοῦ-

1015 269 1070 304 μαί
1080 276 1147 300 σοι,
1157 269 1263 303 Πάτερ,
1278 270 1367 304 Κύριε
1379 269 1508 303 οὐρανοῦ
1521 269 1570 296 καὶ
1589 268 1663 304 γῆς·
1691 268 1735 295 ὅτι
1752 269 1809 296 ὰπ-

1018 316 1154 350 έκρυψας
1169 316 1260 343 ταῦτα
1277 316 1337 343 ἀπὸ
1348 315 1452 350 σοφῶν
1467 316 1515 343 καὶ
1532 314 1679 346 συνετῶν,
1690 316 1736 342 καί
1752 316 1810 342 ἁπ-

1017 361 1175 395 εκώίυψας
1184 361 1259 388 αὐτὰ
1273 363 1403 395 νηπίοις.
1417 362 1485 395 Ναὶ,
1502 363 1519 389 ό
1534 362 1645 396 Πατήρ-
1656 362 1701 389 ὅτι
1715 363 1810 396 οὕτως

1018 408 1141 443 γέγονεν
1152 408 1274 435 εὐδοκία
1288 408 1459 443 ἔμπροσθέν
1475 416 1543 436 σου.
1558 409 1660 436 Πάντα
1670 418 1722 444 μοι
1733 417 1809 442 παρ-

1018 452 1106 487 εδόθη
1128 452 1188 480 ὑπὸ
1208 452 1262 480 τοῦ
1278 453 1394 487 Πατρός
1402 462 1477 488 μου,
1497 453 1548 480 καὶ
1563 453 1663 486 οὐδεὶς
1681 451 1744 480 οἵδε
1755 453 1808 480 τὸν

1023 498 1090 526 my
1102 500 1127 526 εὶ
1135 498 1178 534 μὴ
1192 500 1209 526 ό
1223 499 1335 533 Πατὴρ,
1357 499 1407 526 καὶ
1421 499 1476 526 τὸν
1491 499 1605 534 Πατέρα
1621 499 1721 532 οὐδεὶς
1733 500 1810 534 ἔγνω

1017 546 1043 571 εί
1052 544 1096 579 μὴ
1112 546 1129 571 d
1148 544 1224 578 Υίὸς,
1241 545 1289 572 καὶ
1300 541 1387 578 ᾦὲὰν
1400 546 1416 572 ό
1434 545 1500 578 Υἱὸς
1515 545 1710 580 ἀποκαλύψῃ.
1741 546 1808 572 Ἀπ-

1017 590 1174 625 εκὰλυψας
1184 591 1240 626 γὰρ
1258 591 1387 625 νηπίοις.
1399 591 1470 625 Καὶ,
1480 590 1582 618 Πάντα
1594 601 1643 626 μοι
1658 592 1809 627 παρεδόθη

1017 637 1077 664 ὑπὸ
1094 637 1147 665 τοῦ
1162 637 1277 672 Πατρός
1290 646 1361 673 μου,
1383 637 1427 664 ῐνα
1443 637 1548 674 ἐκκόψῃ
1562 637 1611 674 τὴν
1627 638 1730 665 τούτων
1747 638 1809 664 sm-

1018 685 1184 721 νενοημένην
1204 684 1366 718 ξενολεξιαν.

1054 732 1091 758 Ζ¹.
1115 731 1185 758 Ἀλλ’
1203 731 1255 767 ὅρα
1269 731 1315 758 τὸν
1336 731 1379 758 ἀεὶ
1395 731 1628 767 ἀντιπολεμοῦντα
1645 733 1679 768 τῇ
1693 732 1748 759 τῶν
1765 732 1813 759 ἁν-

1019 775 1135 811 θρώπων
1159 775 1239 811 φύσει
1259 775 1397 809 διάϐολον,
1411 776 1438 803 τί
1459 777 1488 804 ὲν
1510 777 1600 809 αὐτοῖς
1623 777 1809 812 ἐνεκίσσησεν,

1018 821 1113 857 ὥσπερ
1128 821 1184 848 ἀπὸ
1201 821 1357 857 διαϐολικῆς
1381 822 1520 857 ἐνεργείας
1535 821 1582 848 τοῦ
1604 822 1703 856 λέγειν.
1723 822 1810 857 Δῆοεν

1017 867 1071 903 γὰρ
1084 867 1279 902 ἀπολογοῦνται
1299 868 1369 904 πρὸς
1387 868 1473 895 ταῦτα
1490 869 1514 895 οἱ
1532 868 1582 904 τῆς
1598 868 1654 895 τῶν
1674 868 1810 895 Ἰουδαίων

1017 913 1151 949 αἱρέσεως
1176 914 1326 949 ὑπηρέται,
1348 914 1419 950 ὑπὲρ
1440 915 1535 941 τούτου
1554 914 1743 950 αἰσχυνόμενοι
1765 914 1811 941 διὰ

1016 960 1066 995 τὴν
1079 960 1133 987 τῶν
1145 960 1225 987 θείων
1239 961 1413 996 Εὐαγγελίων
1427 961 1499 996 σαφῆ
1508 961 1672 997 ὑφηγήσεως
1683 961 1811 988 διδασκα-

1017 1005 1092 1039 λίαν,
1109 1006 1153 1033 ἶνα
1177 1006 1214 1042 μὴ
1234 1006 1338 1041 ὀφθῶσι
1359 1007 1514 1034 τελειότατα
1533 1006 1760 1043 ἀντιπράττοντες
1774 1008 1808 1043 τῇ

1016 1051 1064 1079 τοῦ
1087 1052 1255 1087 Εὑαγγελίου
1271 1053 1386 1088 ἀληθινῇ
1404 1053 1512 1088 γνώσει.
1528 1053 1663 1080 Φάσκουσι
1678 1053 1734 1089 γὰρ
1744 1074 1751 1085 ,
1768 1053 1809 1080 ὅτι

1016 1099 1160 1135 ἄνθρωπος
1176 1097 1209 1136 ἧν
1222 1101 1236 1127 6
1252 1099 1365 1136 Ἰησοῦς,
1380 1100 1429 1127 καὶ
1442 1100 1470 1127 ὲν
1480 1099 1554 1135 αὐτῷ
1565 1099 1726 1127 ἐνέπνευσεν
1739 1099 1809 1127 ἄνω-

1017 1145 1063 1173 θεν
1074 1146 1088 1172 6
1102 1146 1197 1180 Λόγος.
1210 1146 1264 1172 Καὶ
1279 1145 1365 1173 ταῦτα
1379 1146 1443 1182 περὶ
1456 1146 1554 1173 ἑαυτοῦ
1571 1146 1586 1173 6
1605 1146 1747 1184 ἄνθρωπος
1767 1146 1810 1173 λέ-

1017 1201 1070 1227 γει.
1091 1193 1121 1220 '0
1137 1192 1234 1228 Πατὴρ
1247 1192 1303 1229 γὰρ
1319 1193 1378 1228 ἅμα
1395 1192 1434 1228 τῷ
1453 1193 1511 1229 Υἱῷ
1525 1191 1565 1225 εἷς
1582 1193 1661 1225 Θεός·
1682 1194 1697 1221 6
1712 1193 1741 1220 δὲ
1759 1193 1809 1220 ἄν-

1017 1239 1126 1275 θρωπος
1142 1238 1266 1266 κάτωθεν
1284 1239 1315 1266 τὸ
1331 1239 1396 1267 ῐδιον
1417 1239 1564 1275 πρόσωπον
1581 1239 1735 1274 ὑποφαίνει.
1752 1240 1810 1266 Καὶ

1016 1286 1103 1317 οὕτως
1115 1285 1150 1312 τὰ
1165 1285 1212 1312 δύο
1227 1285 1361 1321 πρόσωπα
1373 1285 1549 1322 πληροῦνται,
1567 1286 1629 1318 Πῶς
1642 1284 1689 1313 οὖν
1705 1285 1810 1322 ἄνθρω-

1017 1341 1068 1365 πος
1084 1332 1150 1364 Θεὸς
1163 1332 1275 1360 δύναται
1295 1329 1376 1365 εἶναι,
1393 1330 1415 1359 ὥ
1435 1333 1544 1360 πάντων
1562 1332 1714 1369 ἀνθρώπων
1729 1332 1809 1360 ἀϐέλ-

1016 1387 1090 1415 τερε,
1108 1379 1157 1406 καὶ
1174 1379 1228 1406 ἀπὸ
1244 1379 1291 1406 τοῦ
1308 1379 1471 1415 ἐπουρανίου
1492 1379 1665 1415 φρονήματος
1683 1379 1730 1406 τὸν
1746 1378 1809 1405 νοῦν

1016 1425 1247 1462 ἀπεστραμμένες
1267 1425 1330 1458 Πῶς
1352 1425 1463 1453 δύναται
1479 1425 1623 1462 ἅνθρωπος
1641 1423 1710 1453 εἶναι
1732 1425 1810 1460 ψιλὸς

1016 1473 1087 1501 κατὰ
1105 1474 1145 1507 σὲ,
1160 1473 1175 1500 6
1195 1473 1298 1507 λέγων·
1327 1472 1354 1499 '0
1374 1472 1510 1507 ἑωρακὼς
1535 1471 1598 1506 ἐμὲ,
1620 1471 1731 1506 ἑώρακε
1755 1470 1810 1498 τόν

1016 1519 1148 1554 Πατέρα;
1158 1519 1190 1546 Et
1202 1519 1256 1555 γὰρ
1266 1520 1280 1546 6
1293 1518 1437 1554 ἄνθρωπος
1450 1518 1488 1550 ὡς
1499 1519 1514 1544 6
1528 1517 1634 1553 Πατὴρ,
1647 1517 1724 1544 οὐδὲν
1736 1516 1810 1544 διαλ-

1016 1566 1108 1593 λάττει
1123 1566 1137 1592 6
1149 1566 1244 1602 Πατὴρ
1256 1565 1303 1592 τοῦ
1322 1564 1477 1600 ἀνθρώπου.
1491 1564 1523 1591 Et
1537 1564 1565 1591 δὲ
1577 1565 1591 1591 ό
1601 1564 1668 1596 Θεὸς
1683 1564 1781 1598 Λόγος,
1793 1565 1808 1590 6

1016 1611 1228 1647 ὲνανθρωπήσας
1245 1611 1274 1638 ὲν
1291 1610 1457 1646 τελειότητι,
1474 1610 1584 1642 τελείως
1599 1609 1637 1636 ὢν
1653 1611 1710 1637 ἔστι
1730 1609 1807 1642 Θεὸς,

1016 1657 1118 1685 ἄνωθεν
1134 1657 1189 1685 ἀπὸ
1208 1657 1315 1693 Πατρὸς
1333 1656 1548 1692 γεγεννημένος,
1565 1655 1676 1688 δικαίως
1695 1655 1743 1682 καὶ
1761 1663 1809 1682 σα-

1015 1703 1074 1738 φῶς
1088 1703 1238 1738 φθέγγεται
1255 1703 1319 1738 περὶ
1340 1701 1439 1729 ἑαυτοῦ
1454 1701 1552 1736 λέγων,
1566 1701 1607 1728 ὅτι
1628 1701 1659 1728 '0
1671 1700 1807 1735 ἑωρακὼς

1014 1750 1076 1784 ἐμὲ.
1089 1749 1199 1784 ἑώρακε
1218 1749 1272 1776 τὸν
1284 1748 1416 1782 Πατέρα,
1431 1747 1468 1780 ὠς
1481 1748 1529 1775 καὶ
1545 1748 1570 1775 ot
1595 1747 1717 1775 Ἰουδαῖοί
1741 1755 1807 1781 φασι

1014 1797 1079 1832 περὶ
1092 1796 1185 1823 αὑτοῦ·
1209 1796 1250 1822 Οὐ
1267 1796 1365 1830 μόνον
1389 1796 1455 1829 γὰρ,
1476 1794 1569 1830 φησὶν,
1588 1794 1713 1828 ἐζῆτουν
1733 1793 1807 1820 ἀπο-

1014 1842 1127 1869 κτεῖναι
1149 1842 1254 1873 αὑτὸν,
1280 1841 1325 1868 ὅτι
1347 1840 1441 1868 ταῦτα
1468 1840 1572 1873 ἐποίει,
1594 1839 1664 1867 ἀλλ’
1684 1839 1728 1866 ὅτι
1755 1839 1805 1866 καὶ

1014 1886 1082 1914 Υιὸν
1101 1886 1175 1914 Θεοῦ
1194 1885 1304 1913 ἑαυτὸν
1317 1885 1439 1920 ἔλεγεν,
1459 1885 1530 1912 ισον
1545 1884 1606 1918 Θεῷ
1628 1884 1738 1912 ἑαυτὸν
1748 1884 1806 1919 φά-

1014 1939 1107 1958 σκων.
1129 1931 1166 1958 Τὸ
1183 1931 1238 1966 γὰρ
1252 1931 1339 1957 εἰπεῖν
1356 1929 1455 1961 πάλιν,
1476 1929 1503 1956 ’0
1517 1929 1653 1963 ἑωρακὼς
1662 1929 1725 1964 ἐμὲ,
1748 1929 1803 1955 ἑώ-

1010 1986 1085 2012 ρακε
1106 1977 1160 2004 τὸν
1183 1976 1315 2011 Πατέρα,
1337 1977 1384 2004 τὸν
1406 1975 1517 2012 Πατέρα
1538 1975 1604 2003 Θεδν
1629 1975 1685 2003 ῐσον
1706 1974 1804 2003 ἑαυτοῦ

1014 2025 1123 2060 φάσκει.

1049 2128 1106 2154 Οὐκ
1123 2126 1264 2162 ἄνθρωπος
1284 2125 1312 2152 δέ
1330 2126 1403 2153 ἐστιν
1425 2125 1482 2156 ῐσος
1500 2123 1577 2159 Θεῷ,
1594 2123 1655 2150 οὐδὲ
1667 2122 1706 2154 ὡς
1721 2120 1804 2153 Θεός⁹

1014 2174 1081 2201 ἀλλὰ
1095 2175 1125 2200 ὲν
1137 2173 1252 2208 ἀληθείᾳ
1265 2171 1464 2207 γεγεννημένος
1474 2191 1481 2202 ,
1494 2171 1527 2197 ὲκ
1538 2168 1605 2196 Θεοῦ
1619 2167 1724 2203 Πατρδς
1739 2167 1805 2198 Θεὸς

979 2203 1000 2230 D
1016 2221 1079 2253 Υἱὸς
1097 2203 1255 2256 μονογενής.
1271 2203 1341 2254 διξοὶ
1426 2217 1491 2253 περ).
1509 2216 1592 2243 αὑτοῦ
1611 2213 1715 2247 Παῦλος
1727 2223 1734 2230 ·
1753 2216 1805 2248 ’ος

1015 2267 1050 2294 ἐν
1060 2266 1163 2302 μορφῇ
1180 2265 1254 2292 Θεοῦ
1267 2264 1411 2299 ὑπάρχων
1429 2265 1485 2299 οὐχ
1499 2262 1656 2298 ἁρπαγμὸν
1670 2261 1805 2296 ἡγήσατο

1015 2313 1049 2339 τὸ
1067 2310 1143 2339 εἶναι
1159 2313 1212 2338 ἴσα
1234 2309 1311 2343 Θεῷ,
1330 2310 1399 2337 ἀλλ’
1412 2309 1522 2336 ἑαυτὸν
1540 2306 1670 2334 ἐκένωσε
1683 2305 1806 2342 μορφὴν

1015 2358 1128 2385 δούλου
1144 2356 1255 2385 λαϐὼν.
1273 2356 1309 2382 Τὸ
1331 2355 1381 2391 μὲν
1402 2354 1467 2390 περὶ
1489 2353 1558 2380 Θεοῦ
1582 2351 1623 2388 ἦν
1645 2353 1680 2379 ἐν
1702 2350 1804 2387 μορφῇ

1015 2405 1081 2439 περὶ
1098 2403 1126 2430 δὲ
1147 2403 1196 2438 τῆς
1215 2402 1263 2428 τοῦ
1290 2401 1385 2428 δούλου
1411 2400 1517 2436 μορφῆς
1541 2397 1718 2435 προσληπτὴν
1735 2397 1804 2424 ἁπέ-

1016 2458 1083 2485 φηνε
1095 2470 1102 2483 ,
1118 2449 1165 2476 καὶ
1177 2449 1227 2475 οὐκ
1242 2445 1318 2475 εἶπεν
1333 2446 1416 2474 αὐτοῦ
1438 2444 1520 2473 οὖσαν
1537 2453 1612 2472 ποτε.
1628 2443 1762 2474 Πολλάκις
1777 2442 1805 2469 δὲ

1015 2495 1063 2522 καὶ
1077 2493 1254 2530 ἀνθρωπίνως
1270 2492 1424 2527 διαλέγεται
1438 2491 1453 2518 ὁ
1466 2489 1561 2526 Σωτὴρ
1577 2488 1666 2524 ἡμῶν,
1683 2488 1730 2514 καὶ
1748 2487 1804 2513 Κύ-

1015 2550 1072 2578 ριος
1097 2540 1200 2576 Ἰησοῦς
1215 2539 1342 2576 Χριστὸς,
1362 2539 1377 2564 ὁ
1396 2536 1463 2568 Θεὸς
1487 2536 1583 2570 Λόγος,
1602 2535 1650 2561 καὶ
1673 2533 1802 2563 πολλάκις

1014 2586 1239 2624 ἀνθρωποπαθῶς
1250 2585 1409 2620 φθέγγεται.
1431 2582 1501 2610 Ἀλλ’
1515 2582 1565 2618 οὐχ
1577 2582 1621 2609 ὅτε
1642 2580 1730 2614 λέγει·
1754 2579 1803 2604 Ἐκ

1013 2633 1067 2660 τοῦ
1080 2632 1195 2666 Πατρός
1203 2640 1262 2666 μου
1275 2630 1417 2664 ἐξῆλθαν,
1436 2629 1485 2656 καὶ
1511 2628 1590 2662 ἥκω·
1606 2625 1685 2653 τοῦτο
1699 2624 1753 2660 γὰρ
1773 2624 1802 2651 οὔ

1013 2679 1125 2706 δύναται
1142 2678 1197 2705 ἀπὸ
1218 2676 1427 2712 ἀνθρωπὸτητος
1447 2674 1589 2709 λέγεσθαι’
1621 2672 1677 2699 ἀλλ’
1697 2671 1742 2698 ὅτε
1763 2670 1803 2697 δι-

1015 2725 1100 2757 καίως
1111 2725 1294 2760 ἐπιμαρτυρεῖ
1310 2722 1397 2757 λέγων
1406 2730 1413 2736 ·
1435 2721 1506 2748 Ἐὰν
1515 2720 1572 2754 ἐγὼ
1581 2717 1720 2755 μαρτυρῶ
1736 2715 1804 2750 περὶ

208 2818 216 2833 ¹
234 2816 314 2844 Joan.
337 2815 455 2847 vm.'l7,
474 2816 516 2842 18.
556 2816 566 2831 ²
583 2815 678 2843 Matth.
697 2823 736 2847 xl,
751 2815 796 2843 25.
833 2815 844 2831 ³
864 2815 932 2844 Luc.
961 2840 963 2844 Α

1017 2817 1051 2845 22.
1091 2817 1100 2834 ⁵
1115 2815 1193 2844 Joau.
1210 2823 1266 2849 xiv,
1282 2816 1309 2843 9.
1347 2814 1357 2830 '
1372 2813 1451 2841 Joan.
1467 2820 1494 2846 ν,
1516 2811 1558 2839 18.
1597 2810 1608 2827 ⁸
1622 2809 1740 2846 Philipp.
1771 2815 1803 2842 ιι,

172 2853 199 2885 (5,
219 2853 244 2880 7.
283 2853 292 2869 ⁷
308 2851 385 2879 loan.
403 2859 458 2884 xu,
474 2851 518 2878 ‘28.
