1939 3036
110 113 147 141 25
507 116 692 144 Αονιςιιδυε
710 116 881 149 "maestas
899 116 962 145 Lm.
985 115 1015 144 II.
1038 115 1123 145 TOM.
1146 119 1176 144 ιι.
1198 131 1232 137 -
1252 114 1391 143 IIERES.
1412 112 1499 144 LXV,
1720 106 1756 134 26

108 173 245 208 ἐμαυτοῦ
255 194 262 207 ,
278 173 298 207 ἡ
311 174 459 208 μαρτυρία
469 183 529 208 μου
543 175 599 201 οὐκ
615 174 702 201 ἔστιν
719 173 852 208 ἀληθής·
871 174 914 201 ἵνα

975 173 1059 209 teque
1082 174 1156 200 enim
1182 173 1255 201 istud
1277 180 1310 200 ex
1335 170 1457 199 hominis
1482 171 1580 196 natura
1604 163 1755 200 proiiseisei

110 221 186 259 δείξῃ
212 221 261 257 τὴν
284 220 382 247 ἑαυτοῦ
405 219 632 256 ὲνανϐριὶγπησιν·
660 221 706 248 καὶ
728 220 758 247 τὸ
777 220 911 247 ἀνάπαλιν

111 267 179 302 περὶ
195 266 322 302 θεότητος
341 265 443 300 λέγων·
466 265 530 292 Κάν
548 274 581 292 τε
601 265 659 300 ἐγὼ
678 264 821 301 μαρτυρῶ
843 266 911 299 περὶ

52 324 57 328 -
112 313 256 348 ἐμαυτοῦ,
270 313 289 346 ἡ
303 312 452 347 μαρτυρία
461 321 522 346 μου
535 311 653 346 ἀληθής
666 312 753 338 ἐστιν
762 330 770 343 ,
782 311 826 338 ἵνα
838 309 912 347 δείξῃ

113 359 249 394 ἀληθινὴν
260 358 377 394 θεότητα
387 378 394 391 ,
412 358 460 385 καὶ
474 357 606 394 ἀληθινὴν
622 356 840 393 ἐνανθρώπησιν.

965 220 1064 254 potuit.
1083 219 1137 247 Sed
1163 220 1189 246 id
1213 219 1323 247 demum
1341 215 1503 252 usurpavit,
1521 220 1584 241 cum
1604 211 1637 239 dc
1652 218 1681 238 se
1697 211 1759 244 jure

965 266 1003 293 ita
1019 269 1136 293 testatus
1150 269 1193 293 est
1210 273 1217 292 :
1234 264 1265 292 Si
1273 273 1319 300 ego
1332 261 1513 290 testimonium
1526 257 1648 294 perltibeo
1672 255 1704 282 de
1719 263 1759 281 me

964 312 1032 347 ipso,
1050 311 1229 338 testimonium
1241 318 1328 338 meum
1343 317 1395 336 non
1407 312 1447 334 est
1461 313 1552 334 verum
1569 305 1577 320 ¹
1589 312 1597 335 ;
1609 310 1666 338 quo
1681 307 1758 329 suam

964 356 1163 384 humanitatem
1190 355 1359 383 ostenderet.
1388 353 1424 380 At
1449 359 1465 380 e
1486 348 1629 378 contrario
1653 346 1687 374 de
1710 352 1760 373 sua

113 407 260 435 divinitate
284 413 441 434 sermonem
464 406 612 434 instituens
629 415 636 433 :
652 405 730 438 Etsi,
746 405 852 440 inquit.
868 413 915 440 ego
937 405 1118 432 testimonium
1132 404 1253 440 ρει-ἠιόεο
1270 404 1302 431 de
1322 402 1431 438 meipso,
1464 398 1642 427 testimonium
1674 401 1760 422 meum

114 462 205 481 verum
226 459 265 481 est
282 454 304 486 ³,
321 457 351 480 ιιι
362 461 456 480 veram
470 453 498 480 in
521 460 552 481 se
568 453 739 480 divinitatem
756 456 839 487 atque
858 452 1057 480 humanitatem
1071 452 1249 488 exprimeret.

151 503 193 528 II'.
210 502 248 528 Οὐ
261 501 308 528 δύο
323 501 413 528 τοίνυν
425 501 500 533 Θεοὶ,
511 501 553 527 ὅτι
567 500 629 527 οὔτε
643 500 690 526 δύο
704 499 826 536 Πατέρες
835 508 842 515 ·
853 499 914 526 οὐδὲ

114 549 252 585 ἀνῄρηται
267 550 284 584 ἠ
301 549 449 580 ὑπόστασις
471 548 519 575 τοῦ
537 548 636 582 Λόγου,
657 547 697 574 ὅτι
720 547 750 573 οὐ
783 546 834 581 μία
851 554 915 572 συν-

115 595 202 632 αλιφὴ
216 595 342 631 Θεότητος
358 594 424 621 Υίοῦ
436 595 505 631 πρὸς
517 594 637 630 Πατέρα.
646 594 684 620 Οὐ
700 592 754 628 γάρ
768 593 842 619 ἐστιν
856 593 915 619 ἐτε-

117 641 241 677 ροούσιος
256 642 270 667 6
286 641 349 672 Υἱὸς
362 641 410 668 τοῦ
428 640 545 676 Πατρὸς,
561 639 631 667 ἀλλὰ
646 639 789 675 ὁμοούσιος
807 638 847 674 τῷ
857 639 915 664 Πα-

115 689 171 723 τρι.
195 688 233 714 Οὐ
247 687 359 714 δύναται
369 687 396 714 δὲ
408 684 479 714 εἶναι
494 686 663 722 ὲτεροούσιος
675 685 714 721 τῷ
727 684 913 720 γεγεννηκότι,

62 761 69 768 _
117 733 180 759 οὐδὲ
208 732 397 764 ταυτοούσιος,
419 732 488 759 ἀλλὰ
507 732 651 767 ὀμοούσιος
668 731 717 767 (8).
742 731 810 758 Οὐδὲ
835 730 916 757 πάλιν

116 778 235 812 λέγομεν
258 777 340 804 αὑτὸν
370 777 408 813 μὴ
433 774 503 804 εἶναι
525 777 622 804 ταυτὸν
641 778 674 813 τῇ
697 777 778 813 οὐσίᾳ
802 776 841 812 τῷ
861 777 917 803 Πα-

116 822 174 858 τρί,
191 823 270 848 Ἔστι
286 821 341 858 γὰρ
363 822 460 848 ταυτὸν
477 822 511 857 τῇ
534 821 653 856 θεότητι,
676 821 724 848 καὶ
747 822 781 857 τῇ
803 821 881 856 οὐσίᾳ
903 821 917 848 ό

117 868 183 901 Tib;
197 869 265 904 πρὸς
278 869 324 895 τὸν
338 868 457 904 Πατέρα,
476 869 522 896 καὶ
530 868 580 895 οὐκ
592 868 698 900 ἀλλοῖος
712 868 788 904 παρὰ
801 868 846 895 τὸν
859 868 916 894 Πα-

118 912 202 948 τέρα,
218 912 278 938 οὐδὲ
293 912 348 939 ὰπὸ
362 912 446 948 ἄλλης
467 912 653 944 ὑποστάσεως,
672 912 741 939 ἀλλὰ
756 912 794 945 ὡς
809 912 917 949 ἀληθῶς

120 958 186 990 Υἱὸς
201 958 308 994 Πατρὸς
323 959 356 994 τῇ
373 967 404 985 τε
421 958 511 994 οὐσίᾳ,
529 958 576 985 καὶ
590 960 623 994 τῇ
640 959 788 986 ὑποστάσει
798 979 805 992 ,
821 959 868 985 καὶ
883 959 917 994 τῇ

120 1003 247 1039 ἀληθείᾳ.
266 1004 336 1030 Ἀλλ’
347 1003 396 1039 οὐχ
409 1005 423 1030 6
439 1004 534 1040 Πατήρ
547 1005 621 1031 ἐστιν
632 1006 646 1032 6
660 1004 734 1036 Υίὺς,
748 1004 808 1031 οὐδὲ
822 1004 836 1031 ὁ
854 1005 918 1037 Υἱός

121 1050 197 1076 ἐστιν
213 1050 227 1076 ὁ
246 1049 353 1085 Πατὴρ,
371 1049 439 1076 ἀλλὰ
449 1050 512 1081 Υἱὸς
526 1049 634 1085 ἀληθῶς
650 1050 682 1076 ὲκ
697 1050 805 1086 Πατρός
823 1058 919 1085 γεγεν-

120 1095 248 1131 νημένος.
262 1095 308 1122 Διὸ
322 1094 384 1122 οὔτε
400 1095 447 1123 δύο
462 1096 541 1128 Θεοὶ,
560 1095 622 1122 οὔτε
638 1095 685 1122 δύο
699 1096 759 1123 Υἱοὶ
769 1115 777 1129 ,
793 1095 856 1123 οὔτε
872 1096 919 1123 δύο

122 1141 191 1176 ἅγια
207 1142 371 1178 Πνεῦματα,
385 1142 454 1169 ἀλλὰ
476 1142 526 1178 μία
544 1142 641 1177 θεότης
657 1143 673 1178 ἡ
694 1141 796 1178 Τριὰς.
813 1141 918 1177 Πατὴρ,

123 1187 199 1219 Υίὺς,
215 1187 263 1214 καὶ
275 1186 353 1221 ἅγιον
368 1187 492 1222 Πνεῦμα,
505 1187 648 1222 ὀμοούσιος
664 1184 742 1214 οὖσα.
759 1187 843 1214 ’Ὅταν
865 1187 920 1222 γὰρ

123 1233 206 1269 εἴπῃς
230 1232 391 1268 ὁμοοὺσιον,
416 1234 446 1260 οὺ
475 1233 622 1268 συναλιφὴν
644 1233 783 1269 σημαίνει.
808 1232 845 1259 Τὸ
867 1232 921 1269 γὰρ

124 1279 288 1313 ὀμοούσιον
303 1279 351 1314 οὐχ
367 1278 426 1310 ἑνός
439 1278 498 1305 ἐστι
510 1278 688 1314 σημαντικὸν,
711 1278 771 1304 οὐδὲ
786 1277 832 1304 τοῦ
844 1277 921 1310 ὄντος

125 1325 191 1352 Υἱοῦ
208 1326 276 1361 πρὸς
293 1325 404 1361 Πατέρα
416 1324 528 1361 γνησίου
549 1323 599 1359 τὴν
613 1323 708 1350 οὐσίαν
722 1323 839 1359 διίστησι
850 1343 857 1354 .
874 1323 922 1350 καὶ

124 1371 175 1407 τὴν
194 1370 346 1398 ὑπόστασιν
356 1370 544 1406 ἀπαλλοτριοϊ,
556 1369 601 1396 διὰ
611 1369 642 1396 τὸ
652 1369 804 1405 όμοούσιον.
820 1370 856 1396 Οὐ
868 1369 923 1405 γὰρ

125 1416 214 1452 ἀρχὰς
228 1416 275 1443 δύο
290 1416 422 1452 κηρύττει
436 1417 450 1443 ό
468 1416 540 1448 θεῖος
559 1416 648 1450 λόγος,
664 1415 732 1443 ἀλλὰ
746 1415 809 1451 μίαν
823 1415 921 1451 ἀρχήν.

125 1462 346 1489 Sura/ledaeam
367 1461 432 1498 γὰρ,
451 1462 544 1497 φηςιν,
559 1463 576 1489 ό
591 1462 675 1494 οἶκος
703 1460 797 1488 Ἰούδα
809 1480 816 1492 ,
833 1460 882 1487 καὶ
907 1462 923 1488 d

127 1506 211 1540 οἶκος
228 1507 360 1542 Ἰσραὴλ,
374 1508 423 1535 καὶ
437 1507 584 1541 θήσονται
594 1507 713 1540 ἑαυτοῖς
728 1507 827 1542 ἀρχὴν
838 1506 922 1542 μίαν.

133 1554 163 1580 '0
180 1553 270 1580 τοίνυν
285 1553 374 1590 ἀρχὰς
389 1553 436 1580 δύο
455 1553 609 1589 κηρύττων,
620 1552 667 1579 δύο
685 1552 769 1585 Θεοὺς
782 1551 923 1589 κηρύττει.

128 1601 183 1628 Καὶ
193 1602 207 1628 6
224 1601 344 1637 ἀναιρῶν
360 1601 405 1628 τὸν
418 1600 514 1635 Λόγον,
528 1600 576 1627 καὶ
593 1600 643 1635 τὴν
655 1599 737 1627 αὐτοῦ
762 1599 924 1631 ὑπόστασιν,

135 1647 300 1683 Ἰουδαϊσμὸν
317 1646 472 1681 ὑποφαίνει.
485 1647 618 1682 Μαρκίων
635 1646 690 1682 γὰρ
704 1646 750 1677 διὶο
761 1646 849 1682 ἀρχὰς
860 1646 925 1672 ὑπο-

130 1694 219 1729 ψαίνει
229 1713 236 1726 ,
256 1694 356 1729 μᾶλλον
372 1693 400 1719 δὲ
415 1694 489 1729 τρεῖς
505 1693 616 1724 ἑαυταῖς
633 1692 769 1724 ἐναντίας.
783 1693 814 1718 Οί
827 1692 856 1718 δὲ
870 1691 924 1718 νέοι

137 1740 269 1771 Ἰουδαῖοι,
287 1740 472 1774 Σαμοσατίται
486 1736 568 1770 οὗτοι,
584 1737 727 1773 ἀναιροῦσι
741 1737 791 1772 τὴν
808 1737 926 1764 ὑπόπα-

132 1796 174 1814 σιν
191 1787 238 1813 τοῦ
259 1782 359 1820 Λόγου,
383 1786 426 1812 ἵνα
450 1785 620 1821 κυριοκτόνοι
644 1784 691 1811 καὶ
707 1784 784 1810 αὐτοὶ
802 1784 925 1818 ἀποφαν-

132 1832 210 1865 Θῶσι,
224 1832 271 1858 καὶ
285 1831 480 1868 ἐπαρνησίθεοι
499 1831 550 1866 τῆς
563 1831 611 1857 τοῦ
627 1830 730 1866 Κυρίου
743 1829 823 1866 ἡμῶν
839 1838 926 1864 σωτη-

133 1878 194 1914 ρίας

1001 498 1072 527 VIII.
1093 499 1230 533 Quocirca
1252 504 1341 533 neque
1362 499 1416 527 dno
1435 496 1478 524 Dii
1490 500 1564 529 sunt,
1574 493 1656 530 615
1671 499 1759 526 ηεαιιε

964 545 1130 576 Patresduo,
1144 547 1236 575 neque
1246 541 1330 570 Verbi
1358 546 1475 576 persona
1498 537 1615 566 tollitur.
1632 534 1760 567 quoniam

966 592 1027 620 Filii
1043 590 1173 619 divinitas
1191 594 1365 624 nequaquam
1381 586 1408 612 in
1424 591 1509 612 unum
1526 589 1588 610 cum
1605 579 1686 606 Patre
1696 585 1762 605 con-

967 639 1057 667 ﬂatur.
1082 636 1142 664 Non
1165 635 1239 663 enim
1263 633 1352 661 Filius
1374 631 1488 659 alterius
1507 632 1560 660 est,
1583 632 1666 662 quam
1681 623 1763 651 Pater

968 683 1150 715 substantiae,
1172 682 1220 710 sed
1235 677 1482 708 consubstantiaiis
1505 675 1591 703 Patri.
1611 673 1701 707 Neque
1715 678 1764 706 po-

968 735 1021 759 test
1037 733 1085 758 aut
1109 728 1225 756 alterius
1247 734 1310 754 esse
1334 732 1348 752 a
1372 724 1499 760 genitore
1523 719 1696 749 substantiae,
1716 720 1764 743 aut

966 776 1092 812 ejusdem
1107 772 1270 802 substantia}
1296 775 1329 798 ac
1347 776 1465 805 persona
1483 767 1596 795 minime
1613 764 1761 794 distincta},

969 821 1018 849 sed
1037 819 1301 848 consubstantialem
1324 823 1404 849 esse,
1425 815 1465 842 uti
1486 813 1608 841 diximus
1621 832 1629 845 ,
1643 814 1761 845 oportet.

969 865 1029 894 Jam
1047 872 1112 893 vero
1128 872 1184 892 non
1205 863 1310 891 idcirco
1331 862 1403 889 idem
1421 867 1484 888 esse
1499 865 1563 885 cum
1581 857 1673 887 Patre,
1689 854 1764 890 quod

970 912 1005 940 ad
1019 901 1169 940 essentiam
1184 910 1293 941 attinet,
1309 907 1463 944 negandum
1479 909 1618 940 putamus.
1632 902 1679 929 Est
1691 901 1763 928 enim

969 958 1115 986 divinitate
1136 957 1208 984 idem
1234 953 1262 984 et
1285 953 1407 983 essentia
1419 960 1482 980 curn
1500 951 1580 978 I‘atre
1594 948 1696 978 Filius.
1715 954 1766 974 nec

970 1003 1005 1031 ab
1023 1011 1056 1031 eo
1076 1002 1221 1036 diversus,
1241 1005 1289 1028 aut
1304 1008 1337 1028 ex
1353 999 1443 1027 aliena
1462 997 1580 1032 quadam
1604 995 1766 1030 bypostast,

971 1049 1020 1078 sed
1035 1057 1099 1078 vere
1108 1048 1200 1076 Patris
1216 1052 1242 1075 et
1253 1046 1386 1078 essentia,
1401 1049 1429 1072 et
1441 1042 1596 1080 hypostasi,
1612 1045 1639 1068 et
1652 1040 1767 1067 veritate

971 1096 1070 1124 Filius.
1089 1095 1211 1123 Tametsi
1233 1101 1323 1128 neque
1342 1091 1424 1119 Pater
1443 1091 1478 1118 sit
1503 1088 1607 1119 Filius,
1623 1094 1712 1121 neque
1726 1084 1767 1111 Fi-

972 1142 1026 1171 lius
1042 1141 1166 1170 vicissim
1182 1140 1281 1173 Pater;
1302 1138 1348 1167 sed
1366 1137 1452 1164 Filius
1471 1144 1486 1163 a
1504 1134 1584 1161 Patre
1604 1140 1699 1160 revera
1717 1139 1767 1166 ge-

972 1189 1057 1216 nitus.
1084 1187 1124 1215 Ex
1144 1195 1200 1222 quo
1214 1186 1261 1217 Iit.
1278 1190 1308 1212 ut
1334 1192 1388 1212 non
1408 1183 1463 1210 duo
1483 1181 1539 1209 sint
1564 1179 1623 1211 Dii,
1651 1178 1768 1211 Filiique

972 1235 1044 1267 duo,
1063 1241 1118 1261 non
1140 1233 1262 1268 Spiritus
1281 1230 1369 1259 sancti
1387 1229 1458 1260 duo,
1476 1227 1522 1255 sed
1541 1233 1593 1253 una
1612 1225 1648 1252 sit
1663 1224 1691 1250 in
1705 1223 1769 1249 Tri-

973 1281 1059 1308 nitate
1075 1279 1205 1307 divinitas
1215 1298 1223 1311 ,
1240 1278 1335 1308 Pater,
1349 1275 1436 1303 Filius
1451 1277 1478 1301 et
1496 1271 1616 1307 Spiritus
1637 1272 1750 1297 sanctus
1760 1287 1768 1300 ,

974 1327 1108 1362 planeque
1126 1323 1374 1353 consubstantialis
1395 1319 1521 1348 exsistat.
1541 1317 1609 1344 Nam
1631 1316 1688 1342 Im:
1708 1314 1768 1349 ipsa

974 1360 1026 1399 vox
1047 1360 1284 1398 consubstantialis
1305 1375 1361 1396 non
1391 1363 1614 1400 conjunctioneln
1626 1368 1657 1388 ac
1672 1360 1769 1387 conﬂa-

974 1418 1078 1446 tionem
1106 1417 1248 1450 declarat;
1272 1422 1327 1443 non
1352 1413 1426 1441 enim
1449 1409 1584 1447 ejusmodi
1606 1407 1769 1436 vocabulum

977 1471 1060 1490 unum
1087 1462 1219 1498 quiddam
1247 1461 1369 1493 indicat,
1393 1465 1483 1493 neque
1499 1455 1624 1492 germani
1653 1461 1668 1480 a
1689 1452 1771 1479 Patre

976 1510 1037 1538 Filii
1056 1508 1240 1538 substantiam
1257 1506 1388 1538 secernit,
1407 1507 1455 1532 aut
1471 1501 1635 1539 Iiypostasin
1651 1499 1770 1526 alienant

977 1555 1054 1589 facit,
1069 1560 1098 1582 ut
1114 1554 1167 1583 sibi
1182 1551 1430 1581 consubstantialis
1444 1549 1516 1578 ratio
1527 1551 1656 1576 constare
1672 1543 1770 1580 possit.

979 1602 1118 1638 Siquidem
1139 1608 1225 1628 unum
1251 1597 1465 1630 tantummodo,
1486 1603 1543 1623 non
1564 1593 1619 1621 duo
1636 1591 1771 1628 principia

978 1648 1090 1676 divinus
1105 1655 1197 1675 sermo
1213 1645 1353 1681 prmdicat.
1366 1643 1527 1671 Convenient
1539 1662 1548 1675 ,
1565 1639 1663 1675 inquit,
1677 1638 1772 1664 domus

978 1693 1068 1724 Iuda,
1079 1697 1103 1720 et
1119 1692 1212 1719 domus
1224 1690 1320 1722 Israel,
1332 1694 1357 1717 et
1375 1688 1535 1716 constituent
1551 1686 1601 1713 sibi
1612 1684 1675 1719 ipsis
1693 1683 1771 1718 prin-

979 1740 1095 1774 cipatum
1108 1746 1190 1765 unum
1207 1738 1227 1765 '.
1242 1736 1333 1769 Quare
1345 1735 1392 1770 qui
1409 1735 1464 1761 duo
1481 1732 1614 1768 principia
1626 1728 1772 1765 proponit,

980 1785 1093 1813 totidem
1119 1784 1189 1811 Deos
1217 1782 1352 1811 obtrudit.
1384 1779 1517 1814 Quisquis
1546 1782 1636 1804 autem
1653 1774 1772 1802 Verbum

979 1830 1094 1866 ejusque
1108 1837 1255 1866 personati:
1277 1828 1348 1856 tollit
1363 1836 1379 1854 e
1392 1825 1482 1853 medio
1492 1845 1500 1858 ,
1515 1823 1658 1866 Iudaicam
1674 1819 1773 1866 impie-

981 1863 1066 1903 tatem
1094 1863 1227 1903 ostendit.
1254 1872 1375 1900 Marcion
1400 1878 1467 1898 sane
1489 1867 1624 1904 principia
1643 1865 1713 1895 duo,
1732 1863 1775 1890 vei

131 1926 186 1954 tria
203 1925 305 1961 potius,
321 1923 473 1960 etquidem
489 1924 629 1951 contraria
663 1923 798 1954 invicem,
834 1921 961 1951 aiiirmat.
981 1924 1016 1950 At
1039 1922 1103 1950 novi
1116 1921 1220 1954 Judaei,
1246 1918 1419 1948 Samosateni
1431 1938 1438 1951 ,
1458 1917 1570 1952 inquam
1583 1935 1591 1948 ,
1607 1913 1667 1944 isti.
1692 1911 1774 1938 Verbi

132 1979 279 2009 personam
292 1958 457 2003 detraliunt,
471 1975 500 1998 ut
521 1974 548 1999 et
565 1970 618 2006 ipsi
633 1969 740 1998 Domini
762 1970 969 2011 interfectores,
1002 1977 1034 1998 ac
1048 1969 1117 2002 Dei,
1150 1973 1178 1997 et
1200 1969 1291 1996 allata:
1310 1967 1391 1996 nobis
1421 1973 1436 1994 a
1451 1963 1567 1992 Domino
1597 1961 1694 1990 salutis
1711 1958 1774 1986 inil-

132 2019 253 2046 ciatores
274 2017 439 2044 habeantur.

168 2063 227 2090 Μία
239 2062 305 2097 γοῦν
319 2063 335 2098 ἠ
350 2062 432 2097 ἁρχὴ,
447 2062 494 2088 καὶ
509 2060 539 2093 ἐξ
550 2060 635 2096 αὐτῆς
650 2061 664 2087 6
675 2060 739 2092 Υἱὸς
753 2060 834 2087 εἰκὼν
848 2061 926 2096 ἀκοι-

134 2108 201 2144 6ὴς,
225 2107 306 2143 φύσει
326 2107 482 2134 ὲκτυποῦσα
502 2107 549 2133 τὸν
572 2106 636 2133 ἴδιον
659 2106 769 2149 Πατέρα
784 2106 831 2132 καὶ
845 2106 927 2142 ὁμοία

999 2058 1123 2092 Vllaneat
1141 2058 1225 2094 igitur
1246 2064 1331 2085 unum
1354 2063 1415 2083 esse
1436 2051 1612 2090 principium,
1635 2057 1650 2077 a
1666 2057 1719 2085 quo
1734 2048 1776 2076 Fi-

980 2105 1034 2133 lius
1062 2105 1201 2137 manarit,
1223 2104 1298 2131 velut
1319 2103 1409 2137 imago
1420 2100 1543 2136 quaedam
1558 2100 1701 2130 accurata,
1715 2104 1776 2131 qua:

135 2142 206 2180 κατὰ
221 2153 311 2180 πάντα
326 2152 438 2189 τρόπον.
455 2152 515 2179 Ὀτι
528 2150 595 2182 Θεὸς
611 2151 643 2177 ἐκ
660 2142 740 2182 Θεοῦ,
755 2151 802 2177 κα)⁸
820 2151 880 2182 Υἱὸς
895 2151 921 2177 ἐν

981 2150 1089 2178 Patrem
1112 2157 1193 2177 suum
1217 2148 1314 2176 referat
1336 2147 1465 2182 proprie,
1486 2145 1566 2179 eique
1588 2143 1615 2170 in
1647 2142 1776 2169 omnibus

135 2199 253 2236 Πατρός,
266 2199 333 2230 Θεὺς
347 2198 471 2234 ἀληθινὸς
484 2198 516 2224 ὲκ
530 2197 599 2224 Θεοῦ
613 2196 752 2232 ἀληθινοῦ,
769 2197 816 2224 καὶ
831 2197 888 2230 φῶς
899 2197 930 2224 ἐκ

135 2245 236 2280 φωτὸς,
262 2243 311 2279 μία
327 2242 395 2270 οὖσα
415 2243 521 2278 θεότης,
537 2243 585 2269 καὶ
601 2243 630 2269 ἓν
647 2242 766 2277 ἀξίωμα.
786 2241 831 2269 Διό
846 2249 931 2276 φησιο

135 2290 312 2325 Ποιήσωμεν
325 2289 482 2324 ἄνθρωπον
505 2289 568 2316 κατ’
582 2289 685 2315 εἰκόνα
702 2287 866 2322 ἡμετέραν.
882 2287 932 2314 καὶ

135 2337 200 2363 καθ’
216 2336 369 2371 ὁμοίωσιν.
386 2335 455 2362 Οὖτε
475 2335 542 2362 Κατ’
556 2335 651 2362 εἰκόνα
661 2334 722 2370 σὴν,
737 2334 781 2361 ἵνα
794 2333 832 2368 μὴ
846 2333 930 2369 διέλῃ·

135 2382 197 2410 οὒτε
211 2382 281 2409 Κατ’
297 2382 389 2409 εἰκόνα
403 2382 483 2418 ἐμὴν,
499 2382 541 2408 ἵνα
563 2381 600 2416 μὴ
623 2381 749 2416 ἀνόμοιον
774 2380 822 2407 καὶ
840 2379 932 2406 ἄνισον

136 2428 278 2464 ἀποφάνῃ·
290 2429 355 2455 κατ’
363 2428 465 2454 εἰκόνα
479 2427 508 2453 δὲ
520 2426 678 2461 ἡμετέραν·
687 2426 785 2458 καὶτὸ,
799 2425 931 2460 ποιήσω-

135 2482 203 2508 μεν,
229 2473 273 2500 ἶνα
292 2472 330 2508 μὴ
350 2472 490 2508 ἀλλότριος
542 2473 556 2499 ό
578 2472 674 2508 Πατὴρ
697 2471 751 2498 τῶν
776 2471 930 2506 γενομένων

138 2521 183 2547 ὑπ’
196 2519 290 2551 αὑτοῦ,
308 2519 375 2554 μηδὲ
386 2519 400 2545 6
412 2518 568 2554 Μονογενὴς
584 2517 725 2553 ἀλλότριος
739 2517 787 2552 τῆς
801 2517 932 2552 δημιουρ-

136 2565 210 2599 γίας.
234 2564 314 2591 ’Λλλὰ
333 2565 347 2590 6
366 2563 460 2599 Πατὴρ
479 2563 528 2590 σὺν
542 2563 581 2598 τῷ
595 2563 653 2598 Υἱῷ
669 2563 839 2598 δημιουργεῖ,
855 2562 903 2588 καὶ
918 2562 932 2588 6

138 2612 213 2643 Υἱὸς,
229 2611 263 2638 δι’
277 2607 308 2637 οὗ
322 2610 356 2638 τὰ
371 2610 460 2637 πάντα
472 2610 577 2644 γέγονε,
597 2608 811 2644 συνδημιουργὺς
825 2607 865 2643 τῷ
878 2609 935 2635 Πα-

984 2196 1083 2223 similis
1109 2196 1243 2227 exsistat;
1267 2193 1398 2229 quoniam
1418 2191 1490 2218 Deus
1512 2193 1554 2217 est
1575 2196 1608 2216 ex
1631 2188 1700 2218 Deo,
1720 2192 1745 2214 et
1760 2194 1776 2213 a

982 2241 1064 2269 Patre
1088 2242 1185 2274 Filius,
1213 2241 1285 2268 Deus
1299 2247 1380 2267 verus
1397 2238 1431 2265 de
1459 2237 1514 2264 Deo
1529 2243 1611 2267 vero,
1633 2235 1724 2262 lumen
1740 2234 1775 2261 de

983 2287 1100 2320 lumine,
1117 2293 1170 2313 una
1188 2286 1294 2314 scilicet
1311 2283 1451 2313 divinitas,
1467 2288 1576 2316 unaque
1588 2279 1716 2315 dignilas.
1735 2279 1777 2306 Oh

983 2331 1009 2359 id
1036 2331 1073 2358 ita
1101 2331 1241 2366 loquitur:
1268 2328 1413 2355 Faciamus
1430 2327 1561 2353 hominem
1582 2324 1617 2352 ad
1635 2325 1776 2359 imaginem

982 2382 1101 2404 nostram
1115 2381 1139 2403 et
1155 2374 1356 2403 similitudinem
1373 2373 1394 2400 ⁵.
1409 2371 1468 2399 Νοη
1480 2371 1522 2398 Ad
1537 2369 1684 2406 imaginem
1697 2374 1771 2396 tuam

983 2423 1063 2456 dixit,
1075 2431 1109 2450 ne
1124 2422 1286 2450 divisionem
1298 2421 1457 2451 induceret;
1472 2425 1562 2453 neque
1572 2416 1613 2444 Ad
1629 2415 1776 2450 imaginem

984 2469 1083 2502 meam',
1110 2477 1144 2496 ne
1170 2467 1334 2496 dissimilem
1357 2469 1385 2494 et
1409 2464 1571 2500 intrqualem
1595 2462 1775 2494 ostenderet;

985 2516 1033 2543 sed
1047 2515 1082 2542 ad
1103 2515 1244 2551 imaginem
1257 2518 1388 2541 nostram.
1402 2511 1472 2539 Illud
1493 2517 1567 2542 vero.
1583 2510 1726 2544 faciamus,
1742 2515 1777 2534 eo

986 2561 1124 2596 pertinet,
1139 2560 1174 2588 ne
1198 2564 1246 2587 aut
1263 2560 1298 2587 ab
1321 2558 1356 2586 iis
1371 2565 1431 2593 quae
1451 2557 1593 2592 produxit,
1607 2554 1777 2583 abalienetur

986 2606 1077 2639 Pater,
1091 2610 1138 2634 aut
1155 2614 1170 2633 a
1186 2603 1350 2642 procreandi
1376 2603 1516 2632 iunctione
1528 2601 1614 2630 Filius
1627 2605 1778 2628 extrancus

174 2689 278 2718 ‘Joan.
298 2698 325 2722 v,
343 2690 387 2717 31.
426 2690 436 2706 ³
449 2687 528 2716 Joan.
546 2695 607 2720 νιιι,
624 2687 667 2715 I8.
705 2687 716 2703 ³
728 2685 791 2715 Ose.
808 2693 828 2718 I,
846 2686 874 2713 5.
911 2684 921 2700 ⁸

975 2693 1000 2713 ιι.
1017 2692 1037 2718 I,
1054 2684 1099 2712 26.

176 2767 214 2803 (8)
236 2767 313 2803 οὐδὲ
322 2768 527 2803 ταυζοούσιος,
546 2766 624 2803 ἀλλ’.
634 2764 804 2803 ὀμοούσιος.
819 2763 931 2803 Diﬂitzile

139 2799 185 2830 est
194 2799 368 2830 -έαυτοούσιον
382 2802 477 2830 Latine
495 2802 535 2830 sic
549 2799 751 2836 espriniere,ut
763 2800 797 2827 ab
811 2807 844 2826 eo
856 2799 931 2836 quod

139 2844 182 2867 est
194 2838 337 2875 ὁμοῡύσιον
348 2838 511 2874 distinguas.
524 2835 666 2873 Signiﬁcat
679 2839 769 2864 autem
778 2835 929 2864 essentiam

197 2888 205 2905 \

985 2769 1016 2790 ac
1033 2762 1215 2798 substantiam
1231 2763 1268 2789 ita
1282 2761 1390 2798 penitus
1403 2759 1537 2798 eamdem,
1550 2758 1632 2786 ut‘ne
1647 2762 1777 2793 persona-

985 2806 1045 2826 rum
1060 2797 1170 2834 quidem
1183 2795 1332 2827 discrimen
1343 2795 1481 2824 admittat.
