1939 3036
160 113 197 141 27
858 118 887 146 S.
912 118 1082 146 EPIPIIANI!
1217 150 1220 152 η
1766 123 1804 152 ‘28

161 176 280 208 putetur.
301 173 334 200 At
353 182 418 202 vero
436 175 518 203 Pater
532 185 585 204 una
602 185 664 204 cum
682 177 766 213 616
791 177 863 206 Filio
877 178 950 206 moli-

1007 180 1051 215 τρὶ
1062 199 1068 211 ,
1085 180 1131 207 καὶ
1148 180 1193 207 διὰ
1207 180 1237 207 τὸ
1253 182 1281 215 ἐξ
1301 182 1384 209 αὐτοῦ
1400 183 1580 219 γεγεννῆσθαι
1600 183 1646 210 τὸν
1664 184 1744 217 Υἰδν,
1761 182 1802 216 εἷς

159 225 221 252 tur;
240 219 326 248 Filius
339 220 419 254 item,
437 230 484 257 per
500 231 581 257 quem
600 223 669 250 facta
688 228 753 251 sunt
772 225 874 256 omnia,
889 233 955 260 ope-

161 266 201 293 ris
220 270 246 292 et
261 266 320 301 ipse
338 275 400 294 cum
418 267 500 296 Patre
521 272 564 296 est
581 269 690 296 artifex.
712 269 781 297 Tum
796 270 860 305 quia
870 270 955 298 Filius

161 311 195 338 ab
211 311 257 338 illo
279 313 389 347 genitus
411 318 471 347 est,
498 323 572 343 unus
593 315 787 351 perfectusque
806 316 877 344 Deus
890 337 898 349 ,
921 325 954 345 ex

161 357 241 386 Patre
263 360 385 393 perfecto
401 381 409 393 ,
432 366 460 389 et
478 361 591 397 perfecti
610 362 669 389 Filii
695 363 833 398 perfectus
855 362 954 397 Pater;

160 404 207 437 qui
223 406 332 438 quidem
347 411 467 441 paterna?
481 407 657 442 perfectionis
672 409 818 445 imaginem
835 410 951 444 obtinet,

161 449 252 484 imago
267 450 378 479 minime
389 454 568 488 aspectabilis
582 454 640 486 Dci,
651 462 707 483 non
721 454 849 490 imaginis
860 463 953 483 exem-

1009 226 1075 258 Θεὸς
1091 226 1192 258 τέλειος
1205 227 1237 253 ὲκ
1255 227 1358 255 τελείου
1380 229 1503 264 Πατρός.
1520 230 1568 256 καὶ
1585 228 1678 266 Πατὴρ
1699 229 1801 262 τέλειος

1008 273 1112 300 τελείου
1128 273 1195 300 Υἰοῦ
1207 294 1214 306 ,
1228 274 1279 309 τῆς
1295 275 1433 310 πατρικῆς
1448 276 1614 312 τελειότητος
1628 276 1735 312 ἔχοντος
1751 277 1802 313 τὴν

1008 319 1118 352 εἰκόνα,
1142 319 1224 346 εἰκὼν
1245 320 1314 346 Θεοῦ
1336 321 1384 348 τοῦ
1407 322 1543 357 ἀοράτου,
1566 323 1597 350 οὐ
1625 323 1801 358 παράδειγμα

1007 366 1120 398 εἰκόνος,
1136 366 1185 393 οὐκ
1198 365 1279 393 εἰκὼν
1293 367 1411 400 εἰκόνος,
1427 369 1477 396 οὐκ
1493 369 1629 404 ἀνόμοιος,
1644 370 1702 397 ἀλλ’
1717 369 1800 397 εἰκὼν

1006 412 1053 438 τοῦ
1070 411 1187 448 Πατρὸς,
1204 412 1247 438 ἵνα
1261 412 1291 439 τὸ
1305 413 1515 450 ἀπαράλλακτον
1531 415 1604 451 δείξῃ
1620 416 1670 451 τῆς
1684 416 1739 443 ἀπὸ
1750 415 1798 443 τοῦ

1006 457 1127 494 ἀνάρχου
1143 458 1191 485 καὶ
1207 458 1322 494 ἀχρόνου
1337 461 1490 496 γεννήσεως
1503 462 1532 487 ὲν
1545 461 1670 497 ἀληθείᾳ.

161 496 246 530 plum,
264 499 493 535 nequeimaginis
505 501 605 537 imago,
625 510 714 538 neque
727 503 887 538 dissimilis;
907 505 955 533 sed
976 505 1068 542 imago
1087 507 1188 542 Patris,
1221 512 1252 536 ut
1279 508 1451 537 verissimam
1467 509 1540 536 illam
1563 516 1579 536 a
1598 509 1679 537 Patre
1693 509 1798 545 princi-

160 544 195 578 pii
213 552 244 571 ae
266 546 397 580 temporis
416 553 527 582 experte
553 549 758 582 generationem
782 550 858 577 nulla
883 550 910 577 in
925 558 955 579 re
971 552 1074 579 variant
1091 553 1309 591 dissimilemque
1321 559 1496 583 monstraret.

193 592 376 624 Quamobrem
393 594 483 630 imago
498 595 588 624 Patris
602 601 643 624 est
667 596 762 625 Filius.
782 597 849 624 Nam
865 602 893 626 et
907 605 950 626 re-

1042 602 1130 629 Είκὼν
1143 603 1234 630 τοίνυν
1247 604 1261 630 ὁ
1279 604 1343 636 Υἰὺς
1361 603 1410 630 τοῦ
1424 603 1541 639 Πατρός.
1563 603 1618 630 Καὶ
1637 603 1692 640 γὰρ
1711 604 1757 631 καὶ
1772 605 1799 631 οἰ

158 646 206 672 ges
229 646 277 672 pro
298 646 332 666 eo
353 639 427 674 quod
450 641 596 676 imaginem
621 642 740 675 habent,
765 651 820 671 non
846 643 950 672 idcirco

1008 648 1127 684 βασιλεῖς
1149 650 1180 676 οὺ
1197 650 1241 677 διὰ
1260 650 1292 677 τὸ
1313 650 1387 686 ἔχειν
1411 650 1504 678 εἰκόνα
1518 650 1565 677 δύο
1587 650 1641 677 εἰσὶ
1659 650 1798 686 βασιλεῖς,

159 691 236 719 reges
254 684 309 711 duo
335 690 400 713 sunt
413 705 420 718 ,
442 686 490 713 sed
515 695 587 715 unus
609 696 657 716 rex
677 695 720 716 est
738 689 875 716 duntaxat
889 698 950 718 cum

1007 694 1074 721 ἀλλὰ
1100 695 1227 731 βασιλεὺς
1251 693 1292 728 εἷς
1317 684 1366 723 σῦν
1386 697 1420 732 τῇ
1446 696 1533 723 εἰκόνι
1561 696 1622 732 (εἰς
1646 684 1765 733 βασιλεῖς
1775 698 1796 732 ).

158 730 276 764 imagine
291 738 351 757 sua.
375 730 430 759 Nec
453 740 538 760 unum
554 734 684 769 quiddam
698 739 741 763 est
761 735 871 763 duabus
884 744 950 764 con-

1006 741 1074 777 Οὐχὶ
1085 742 1114 768 ἓν
1131 750 1158 768 τι
1174 743 1207 769 ὲκ
1227 742 1274 770 δύο
1292 742 1385 778 μερῶν
1401 730 1495 775 ἀτελὲς
1515 730 1652 779 ὕπαρχονί
1672 743 1739 771 ἀλλὰ
1753 730 1799 771 τέ-

157 779 235 803 stans
253 777 379 811 partibus
400 778 603 822 imperfectum.
625 779 724 808 Verum
744 781 882 816 perfectus
900 781 950 809 Pa-

1005 787 1076 820 λειος
1098 789 1113 815 ὁ
1136 788 1241 824 Πατὴρ,
1264 777 1366 821 τέλειος
1396 790 1410 815 ὁ
1430 789 1511 822 Υίδς,
1536 777 1638 817 τέλειον
1663 789 1694 817 τὸ
1720 789 1799 825 ἅγιον

157 827 210 854 ter.
228 823 367 857 perfectus
390 817 497 858 Filius,~
518 825 657 860 perfectus
683 826 803 862 Spiritus
826 832 950 856 sanctus.

1006 817 1128 869 Πνεῦμα.
1153 817 1299 869 Ἐτίὶλγὰρ
1317 817 1406 867 ὲνντῷ
1424 817 1528 869 Hae—pt-
1544 835 1594 870 οὐχ
1612 835 1651 867 ὡς
1666 817 1750 870 λόγος.
1768 836 1798 862 ὲν

159 867 214 902 Ego
231 869 312 902 enim,
331 869 431 904 inquit,
449 871 475 897 in
491 871 573 899 Patre
589 872 608 905 ¹,
629 880 682 900 non
697 873 731 900 ad
748 881 810 901 eum
830 874 950 906 modum,

1005 864 1104 915 καρδίᾳ
1119 864 1288 915 amplam:
1304 880 1373 908 ἀλλά
1390 864 1500 917 mp;
1518 864 1629 917 οτδαεῖεν
1641 864 1798 918 suam

157 922 212 949 quo
225 915 252 941 in
269 915 388 944 hominis
404 917 488 944 corde
508 925 600 946 sermo
614 923 674 951 est,
689 919 737 947 sed
755 920 953 955 intelligibilem

156 969 220 989 cum
241 961 312 988 Filio
327 962 436 990 Patrem
450 967 476 991 et
493 963 591 991 Filium
608 972 622 992 a
637 965 719 993 Patre
739 966 861 1001 genitum
878 975 954 995 asse-

157 1008 255 1035 rimus.
278 1007 456 1043 Nequaquam
477 1017 542 1037 vero
569 1009 641 1038 Deus
658 1011 704 1039 ille
714 1011 834 1040 Verbum
857 1012 884 1040 in
901 1013 952 1040 ho-

157 1052 259 1080 minem
277 1053 353 1081 velut
369 1054 396 1081 in
411 1054 583 1082 domicilium
600 1056 738 1091 quoddam
756 1057 841 1084 subiit
860 1067 866 1084 :
884 1057 953 1086 adeo

158 1101 198 1128 ut.
217 1102 397 1134 posteaquam
413 1099 496 1128 homo
506 1101 616 1136 genitus
632 1105 684 1135 est,
701 1103 861 1137 apparuerit
878 1103 906 1130 in
920 1111 953 1131 eo

157 1143 289 1176 Verbum,
305 1144 379 1180 quod
401 1145 428 1172 in
449 1147 520 1173 caelo
540 1151 672 1181 praeterea
695 1147 736 1174 sic
749 1167 757 1179 ,
773 1151 905 1183 tanquam
924 1149 952 1176 in

157 1189 278 1218 hominis
292 1190 377 1218 corde
391 1199 483 1219 sermo
495 1212 502 1224 ,
523 1192 627 1220 inesset
646 1193 672 1220 in
690 1193 782 1222 Patre.
799 1194 862 1222 llam
878 1195 952 1222 enim

155 1236 283 1272 dogmata
310 1245 343 1264 ex
373 1237 478 1265 furioso
504 1238 637 1266 dzemonis
661 1239 751 1268 amato
776 1241 950 1275 prodierunt,

157 1283 340 1319 abnegatique
353 1283 478 1312 funditus
493 1284 539 1312 Dei
552 1289 632 1313 notas
644 1294 700 1321 pra:
715 1294 745 1314 se
760 1286 862 1316 ferunt.

192 1329 237 1356 IX.
257 1330 326 1357 Cum
346 1330 428 1365 igitur
441 1338 529 1365 pauca
544 1331 614 1364 ham,
629 1340 690 1367 qua:
705 1332 839 1361 hactenus
856 1333 951 1369 dispu-

156 1375 295 1410 tavimus,
321 1377 355 1404 ad
382 1377 457 1405 illius
482 1377 680 1406 confutandam
705 1379 831 1408 liaaresim
855 1380 952 1408 idonea

155 1428 218 1448 esse
248 1421 419 1456 iudicemus;
445 1429 534 1457 neque
556 1424 630 1451 enim
657 1429 815 1460 cxpugnatu
835 1425 952 1454 dillicilis

156 1467 265 1494 illorum
286 1468 327 1495 vis
341 1474 399 1501 est,
417 1476 469 1496 nec
481 1470 630 1505 ejusmodi,
650 1471 763 1500 minime
784 1476 814 1499 ut
832 1473 952 1508 pruden-

156 1512 229 1540 tibus
238 1514 366 1541 omnibus
382 1515 470 1549 possit
485 1516 587 1550 everti;
602 1524 676 1551 cum,
687 1518 810 1554 inquam,
827 1519 951 1547 veritatis

156 1557 283 1592 dogmate
297 1559 480 1595 doctrinaque
494 1561 637 1596 spinarum
663 1562 737 1591 illius
752 1563 860 1592 radices
876 1565 951 1592 exci~

155 1603 287 1638 derimus,
304 1605 437 1641 ejusque,
456 1611 487 1633 ut
506 1607 543 1634 ita
561 1608 651 1635 dicam
664 1629 670 1641 ,
687 1609 764 1638 virus
785 1611 950 1638 exstinxeri-

156 1657 227 1683 mus,
245 1659 278 1678 ac
296 1651 430 1679 letiferum
457 1652 533 1681 illius
556 1661 692 1682 venenum
718 1656 949 1690 patefecerimus,

155 1699 300 1731 postquam
323 1698 430 1726 scilicet
446 1699 639 1734 opitulatorcm
655 1708 719 1728 cum
741 1700 813 1729 Filio
827 1701 949 1736 Patrem,

154 1743 201 1777 qui
221 1751 284 1771 vere
305 1748 359 1777 est,
383 1746 592 1780 invocavimus,
610 1752 636 1775 et
658 1747 759 1776 Filium
777 1757 841 1777 vere
862 1750 951 1778 subsi-

155 1793 282 1822 stentem,
298 1797 330 1818 ac
343 1792 481 1826 genitum,
499 1800 606 1821 necnon
629 1798 656 1821 et
671 1794 803 1829 Spiritum
823 1800 949 1823 sanetum

156 1835 350 1865 subsistentem
365 1837 426 1872 ejus
441 1838 574 1873 Spiritum
587 1847 620 1866 ac
633 1841 792 1873 salutarem,
809 1842 950 1878 totiusque

156 1881 230 1908 illius
242 1881 488 1910 administrationis
495 1891 527 1911 ac
538 1889 673 1919 suscepta:
683 1885 776 1914 carnis
789 1891 947 1920 auctorem;

155 1928 316 1962 qumstionis
342 1929 377 1956 ab
394 1930 473 1957 novis
495 1930 550 1958 illis
569 1930 672 1960 Judmis
695 1933 842 1967 proposita:
861 1934 950 1969 capite

156 1981 204 2008 per
220 1974 316 2001 mortis
331 1977 462 2010 tropaeum
478 1995 487 2008 ,
511 1983 621 2005 erucem
636 1978 753 2011 scilicet,
768 1979 948 2014 comminuto,

155 2019 189 2046 ad
207 2020 328 2054 reliquas
346 2025 529 2050 transeamus.

189 2064 325 2093 therum
350 2067 450 2101 vipera:
470 2068 608 2103 quoddam
629 2077 715 2104 genus
737 2075 794 2104 est,
821 2064 948 2107 dryinam

157 2116 276 2144 vocant,
310 2112 348 2139 illi
365 2113 477 2141 haeresis
501 2115 637 2142 conditori
665 2123 748 2151 quam
763 2118 947 2146 simillimum.

155 2157 232 2190 Quod
248 2162 277 2185 ut
300 2159 447 2194 plurimum
463 2159 491 2187 in
513 2161 605 2190 herbis
627 2167 675 2190 aut
700 2164 860 2198 quercubus
881 2165 950 2192 deli-

155 2204 238 2231 tcscit
265 2204 349 2241 [unde
365 2205 389 2232 ei
403 2205 507 2241 dryinm
521 2215 621 2235 nomen
637 2213 689 2243 est,
702 2217 735 2236 eo
750 2210 822 2244 quod
835 2210 950 2238 arbores

153 2254 329 2278 consectetur
350 2255 432 2287 atque
453 2252 526 2280 inter
543 2253 607 2281 folia
626 2262 686 2290 qua:
703 2263 736 2283 ex
759 2256 857 2284 arbore
874 2256 948 2284 deci-

153 2296 223 2324 dunt
243 2297 353 2331 jacens.
371 2298 454 2334 617
472 2300 606 2335 cujusque
626 2301 654 2328 in
670 2309 700 2329 se
722 2302 889 2331 viriditatem
901 2311 950 2331 ex-

155 2342 277 2379 primat,]
294 2351 325 2370 ac
341 2344 404 2371 licet
418 2352 472 2372 non
488 2346 556 2374 adeo
574 2348 702 2375 acerbum
719 2347 841 2376 dolorem
857 2349 950 2377 inurat

156 2390 206 2417 hoc
226 2389 338 2422 animal,
355 2394 446 2418 tamen
464 2392 487 2419 si
504 2392 610 2421 diutius
626 2394 703 2421 virus
724 2393 888 2428 adha'serit,
906 2395 947 2423 le-

153 2442 212 2463 tum
235 2435 314 2462 alTert
335 2436 452 2464 :codem
472 2445 587 2472 prorsus
603 2439 684 2466 modo
709 2439 854 2468 haereticus
878 2440 946 2474 iste,

151 2489 216 2509 ριιιιι
237 2485 312 2509 secta
330 2490 381 2510 sua
397 2483 430 2526 ad
452 2484 544 2511 omnia
560 2491 621 2513 sese
638 2493 737 2521 genera
758 2486 946 2514 institutorum

153 2528 307 2563 applicans,
322 2528 356 2556 iis
377 2536 406 2556 se
422 2537 504 2564 quam
530 2530 699 2558 simillimum
719 2532 820 2566 elficit;
839 2540 902 2559 nam
921 2536 948 2560 ct

152 2574 258 2602 Christi
283 2574 335 2602 sibi
351 2575 561 2610 appellationem
584 2577 731 2612 imposuit.
747 2583 774 2606 et
789 2578 946 2606 Judmorum

154 2621 281 2656 dogmata
300 2621 459 2656 profitetur;
473 2626 576 2650 etcum
594 2622 712 2651 Verbum
729 2632 790 2652 esse
804 2624 947 2653 Christum

154 2666 282 2699 fateatur,
300 2676 353 2695 non
370 2675 431 2695 eum
449 2673 540 2696 tamen
560 2677 621 2697 esse
634 2690 641 2702 ,
663 2678 755 2698 secum
779 2671 872 2699 animo
891 2675 948 2699 sta-

154 2712 216 2739 tuit.
234 2713 395 2749 Dcuiqueiu
416 2715 553 2750 plerisque
573 2723 603 2743 se
620 2716 680 2744 sine
697 2716 753 2743 ullo
772 2717 877 2752 pudore
893 2723 948 2744 tra—

154 2759 239 2787 ducit.
255 2760 342 2796 Cujus
357 2770 408 2790 nos
422 2762 561 2796 doctrina,
574 2763 630 2791 sive
643 2763 735 2798 potius
749 2771 854 2798 errore,
870 2764 948 2793 Chri-

193 2836 294 2865 ‘Joan.
315 2846 371 2873 xw,
388 2840 429 2867 l0.

1005 925 1072 960 Υἰῷ,
1095 926 1143 952 καὶ
1159 925 1223 953 Υίδν
1244 926 1299 953 ἀπὺ
1314 927 1422 962 Ila-cpe;
1442 927 1653 963 γεγεννημένον.
1675 928 1732 954 Καὶ
1747 928 1798 963 οὐχ

1003 971 1042 1003 ὡς
1061 972 1089 998 ὲν
1102 971 1239 1007 ἀνθρώπῳ
1257 972 1342 1000 ἐλθὼν
1353 973 1392 1005 εἰς
1406 974 1564 1009 οἰκητήριον
1577 974 1591 1000 ό
1603 973 1675 1006 θεῖος
1692 974 1778 1008 Λόγος
1788 982 1796 990 ·

1004 1017 1052 1044 καὶ
1071 1017 1140 1053 μετά
1156 1018 1188 1044 τὸ
1203 1019 1384 1054 γεγεννῆσθαι
1406 1019 1524 1054 ὀφθέντα
1543 1020 1573 1046 ὲν
1590 1020 1665 1056 αὐτῷ
1678 1020 1723 1047 τὸν
1743 1021 1797 1047 Λό-

1004 1072 1061 1098 γον,
1076 1065 1123 1091 καὶ
1138 1064 1219 1091 πάλιν
1231 1065 1261 1091 ὲν
1277 1064 1336 1100 Θεῷ
1350 1065 1507 1101 ὑπάρχοντα
1523 1065 1591 1099 ἄνω,
1605 1066 1642 1097 ὼς
1654 1067 1683 1093 ὲν
1698 1067 1797 1103 καρδίᾳ

1003 1110 1148 1146 ἀνθρώπου
1160 1110 1249 1146 λόγος.
1261 1111 1354 1138 Ταῦτα
1365 1111 1420 1146 γὰρ
1427 1112 1477 1147 τῆς
1487 1111 1534 1140 τοῦ
1546 1113 1671 1149 δαίμονος
1682 1113 1798 1149 ἐμϐρον-

1003 1156 1108 1194 τήσεώς
1124 1157 1193 1191 ἐστι,
1211 1158 1258 1186 καὶ
1276 1159 1489 1195 ὲπαρνησιθείας
1512 1160 1603 1195 πάσης
1620 1159 1715 1196 ἔχοντα
1733 1160 1797 1192 τοὺς

1003 1204 1190 1240 χαρακτῆρας.

1037 1343 1076 1372 8'.
1093 1343 1186 1371 Ταῦτα
1199 1344 1227 1372 δὲ
1244 1344 1279 1371 τὰ
1291 1344 1369 1379 ὀλίγα
1380 1344 1449 1382 πρδς
1466 1343 1514 1380 τὴν
1527 1345 1622 1372 τούτου
1635 1345 1740 1380 αἵρεσιν
1750 1353 1801 1372 κα-

1001 1388 1056 1420 λῶς
1065 1388 1138 1424 ἔχειν
1152 1389 1350 1425 δοκιμάσαντες
1362 1398 1369 1405 ·
1384 1390 1415 1416 οὺ
1433 1390 1567 1426 δυσχερὴς
1582 1389 1635 1426 γὰρ
1659 1390 1676 1425 ἠ
1691 1389 1796 1417 τούτων

1001 1433 1135 1470 δύναμις,
1155 1435 1218 1462 οὔτε
1245 1435 1283 1471 μὴ
1309 1436 1445 1472 δυναμένη
1465 1436 1519 1463 ὑπὸ
1542 1436 1650 1463 πάντων
1677 1435 1796 1463 συνετῶν

1003 1480 1220 1516 ἀνατρέπεσθαι·
1240 1481 1281 1508 διὸ
1294 1481 1340 1508 καὶ
1353 1481 1449 1508 τούτου
1468 1482 1518 1514 τὰς
1534 1481 1620 1518 "ﬂia;
1635 1481 1690 1508 τῶν
1711 1481 1796 1509 ἀκαν-

1003 1527 1058 1554 οῶν
1070 1527 1233 1563 ἐκτεμόντες
1242 1527 1281 1564 τῷ
1294 1528 1344 1564 τῆς
1357 1527 1486 1563 ἀληθείας
1501 1527 1659 1564 κηρύγματι
1674 1528 1722 1554 καὶ
1734 1535 1796 1564 φρο-

1002 1573 1115 1609 νήματι,
1132 1574 1180 1601 καὶ
1193 1573 1240 1601 τὸν
1256 1574 1304 1606 ἰὸν,
1318 1574 1355 1606 ὡς
1371 1575 1468 1606 εἰπεῖν,
1481 1573 1693 1606 ἀποσϐέσαντες,
1709 1573 1756 1600 καὶ
1767 1573 1797 1600 τὺ

1001 1620 1164 1656 δηλητήριον
1183 1621 1278 1647 τούτου
1300 1620 1501 1656 προδείξαντες,
1521 1620 1566 1647 τὸν
1583 1620 1691 1656 ἀρωγὸν
1706 1621 1797 1647 ἐπικε-

1001 1667 1133 1702 κλημένοι
1149 1667 1198 1694 σὺν
1212 1666 1269 1702 ne
1287 1666 1409 1702 Πατέρα,
1424 1667 1470 1694 τὸν
1481 1666 1566 1699 ὅντως
1579 1666 1655 1701 ὄντα,
1670 1666 1717 1694 καὶ
1732 1666 1797 1693 Υἱδν

1001 1713 1087 1744 ὅντως
1124 1713 1306 1740 ὲνυπόστατον
1335 1713 1552 1749 γεγεννημένον,
1585 1713 1634 1740 καὶ
1659 1713 1691 1739 τὸ
1717 1712 1796 1747 ἅγιον

1002 1757 1116 1794 Πνεῦμα
1139 1758 1170 1785 τὸ
1193 1758 1276 1786 αὐτοῦ
1296 1759 1409 1795 Πνεῦμα
1427 1758 1621 1791 ὲνυπὸστατον,
1644 1758 1693 1785 καὶ
1710 1759 1797 1793 σωτή-

1003 1813 1060 1839 ριον
1076 1804 1127 1839 τῆς
1140 1805 1306 1840 οἰκονομίας,
1322 1805 1372 1840 τῆς
1387 1804 1521 1841 ἑνσάρκου
1537 1804 1736 1841 πραγματείας,
1751 1804 1797 1831 διὰ

1001 1848 1048 1875 τοῦ
1066 1849 1196 1884 τροπαίου
1212 1849 1259 1876 τοῦ
1271 1850 1342 1876 κατὰ
1356 1850 1481 1882 θάνατον,
1495 1849 1542 1877 τοῦ
1558 1849 1692 1886 σταυροῦ,
1711 1849 1794 1885 φημὶ,

1000 1895 1050 1931 τὴν
1071 1895 1192 1930 κεφαλὴν
1208 1895 1302 1922 τούτου
1324 1895 1464 1931 ῥήξαντες,
1486 1895 1533 1922 τοῦ
1559 1895 1716 1931 ζητήματος
1740 1895 1796 1922 τῶν

1000 1940 1068 1967 νέων
1088 1939 1238 1973 Ἰουδαίων,
1252 1940 1299 1967 ἐπὶ
1314 1940 1364 1973 τὰς
1380 1940 1444 1975 ἑξῆς
1461 1941 1556 1977 ῐωμεν,
1571 1937 1594 1968 ὦ
1610 1940 1757 1977 ἀγαπητοί.

1035 2074 1150 2109 Δρυῖνας
1163 2073 1218 2109 γάρ
1234 2083 1276 2106 τις
1291 2074 1348 2110 ἔχις
1360 2074 1432 2102 οὕτω
1450 2075 1603 2111 καλουμένη
1620 2076 1708 2112 τούτῳ
1723 2076 1794 2102 ἔοικε

1000 2120 1040 2156 τῷ
1052 2121 1225 2157 αἰρεσιάρχῃ,
1249 2121 1294 2152 Ὠς
1313 2121 1426 2157 δρυΐνας
1443 2121 1552 2156 λέγεται
1570 2122 1619 2158 μὲν
1638 2120 1708 2149 εἶναι
1726 2122 1794 2157 ἔχις,

1002 2167 1078 2202 παρά
1098 2166 1127 2193 δὲ
1140 2166 1190 2198 τὰς
1207 2167 1287 2198 πόας,
1301 2167 1318 2202 ἢ
1344 2167 1391 2194 καὶ
1406 2167 1490 2203 δρῦας
1511 2167 1666 2203 ὲμφωλεύει
1685 2167 1796 2203 συνεχέ-

969 2232 989 2258 D
1003 2221 1105 2239 στατα·
1126 2212 1166 2239 διὸ
1182 2213 1229 2239 καὶ
1247 2212 1358 2248 δρυΐνας
1377 2212 1510 2246 καλεῖται,
1523 2212 1578 2240 ἀπὸ
1604 2212 1651 2239 τοῦ
1674 2212 1794 2248 φιλόδεν-

1002 2259 1065 2295 δρον
1090 2259 1156 2286 αὐτὸ
1182 2257 1269 2291 εἶναι,
1288 2259 1335 2285 καὶ⁹
1355 2259 1437 2285 ἑαυτὸ
1457 2258 1635 2293 παρεικάζειν
1659 2259 1796 2294 ἀναμέσον

1003 2305 1057 2332 τῶν
1069 2306 1103 2332 ὲκ
1115 2305 1170 2331 τῶν
1181 2304 1298 2340 δένδρων
1317 2304 1488 2341 ριπτομένων
1501 2305 1608 2340 φύλλων
1626 2306 1660 2340 τῇ
1678 2305 1794 2332 ἑκάστου

1002 2350 1168 2385 χλωρότητι·
1186 2349 1216 2376 οὑ
1235 2350 1363 2376 τοσοῦτον
1376 2350 1405 2376 δὲ
1429 2347 1497 2377 εἶναι
1514 2350 1643 2386 ὀδυνηρὸν
1660 2349 1692 2376 τὸ
1707 2349 1794 2382 ζῶονσ

1001 2395 1050 2422 ἐὰν
1065 2395 1094 2421 δὲ
1116 2395 1245 2431 ὲπιμείνῃ
1255 2414 1262 2426 ,
1278 2394 1392 2422 θάνατον
1407 2395 1531 2430 ἐμποιεῖν
1543 2403 1549 2410 ·
1567 2394 1654 2426 οὕτως
1673 2394 1728 2430 γὰρ
1748 2393 1795 2421 καὶ

1001 2438 1089 2473 οὗτος,
1103 2441 1151 2467 καὶ
1167 2441 1184 2477 ὴ
1198 2441 1246 2467 ἀπ’
1259 2441 1342 2468 αὑτοῦ
1356 2441 1461 2477 αἵρεσις
1475 2441 1583 2468 πάντων
1596 2440 1722 2476 ἀριθμῶν
1734 2440 1795 2467 εαυ-

1000 2487 1046 2514 τδν
1065 2486 1260 2519 ἀπεικάζεται.
1287 2487 1407 2522 Χριστοῦ
1433 2487 1482 2522 μὲν
1504 2487 1591 2522 ὄνομα
1609 2486 1793 2521 ἐνδεδυμένος,

1008 2531 1141 2560 Ἰουδαίων
1157 2533 1186 2559 δὲ
1205 2533 1236 2560 τὸ
1251 2533 1379 2569 φρόνημα
1395 2532 1614 2569 ἐπανῃρημένος,
1626 2532 1712 2566 Λόγον
1725 2532 1794 2568 Χρι-

1002 2579 1064 2605 στὸν
1077 2578 1227 2614 ὁμολογῶν,
1241 2579 1291 2606 οὐκ
1305 2579 1370 2606 ὄντα
1380 2579 1409 2606 δὲ
1424 2579 1518 2606 τοῦτον
1528 2579 1727 2615 διανοούμενος.
1739 2579 1795 2606 Καὶ

1001 2625 1030 2651 ἐν
1047 2625 1155 2657 πολλοῖς
1176 2625 1272 2652 ἑαυτὸν
1296 2625 1471 2661 οριαμὸεύων
1486 2625 1536 2652 οὐκ
1561 2625 1731 2661 αἱσλύνεται.
1755 2622 1793 2652 Οὔ

1002 2672 1049 2699 καὶ
1062 2671 1112 2707 τὴν
1130 2671 1262 2698 δοκοῦσαν
1280 2671 1465 2705 διδασκαλίαν,
1483 2672 1587 2707 πλάνην
1608 2672 1639 2700 δὲ
1652 2671 1745 2705 οὖσαν,
1764 2674 1795 2699 ὲν

1001 2718 1040 2754 τῷ
1059 2719 1214 2754 ὑποδήματι
1238 2719 1285 2746 τοῦ
1308 2719 1426 2755 Χριστοῦ
1445 2720 1725 2756 καταπεπατηκότες,
1746 2721 1793 2747 καὶ

1002 2767 1035 2802 τῇ
1054 2766 1137 2802 σμίλῃ
1152 2766 1184 2802 τῇ
1197 2766 1306 2802 ἰατρικῇ
1324 2767 1371 2793 τοῦ
1390 2766 1558 2801 Εὑαγγελίου
1573 2767 1636 2800 τοὺς
1658 2767 1791 2803 δεδηγμέ-
