1939 3036
92 125 129 154 ‘29

419 128 606 158 ADVERSUS
628 130 797 159 ΙΙᾹΞΠΕΞΕΞ
819 132 882 161 LIB.
902 133 934 162 ΙΙ.

955 134 1034 162 ΤΟΜ.
1057 135 1088 164 ll.
1109 151 1144 157 —-
1163 135 1300 164 IIIERES.
1319 136 1412 165 LXVI;
1698 136 1734 164 50

91 192 156 215 γους
173 183 339 219 ἀμύξαντες,
364 185 410 212 τόν
428 195 455 212 τε
473 187 512 214 ἰὸν
529 187 577 214 ἀπ’
597 188 688 216 αὐτῶν
707 190 890 226 ὲκκρίνοντες,

951 194 980 219 eti
1006 194 1078 221 velut
1100 195 1195 223 calceo
1215 196 1390 231 proculcato,
1411 194 1572 230 modicoque
1595 193 1733 230 Evangelii

92 229 142 256 ἐπὶ
167 231 218 266 τὴν
240 230 294 258 τῶν
315 231 379 267 ἑξῆς
398 232 543 268 διήγησιν,
559 234 596 266 ὡς
614 237 761 272 προεῖπον,
784 237 891 264 ἐλευσό-

95 275 178 310 μεθα.

335 375 430 402 ΚΑΤΑ
450 376 526 403 MAN
529 377 658 409 ΙΧΛΙΩΝ,

292 433 413 467 Αἵρεσις
428 432 504 467 HG",
518 434 537 468 ἡ
555 433 604 461 καὶ
618 433 690 469 EG".

132 490 173 516 A'.
194 490 340 524 Μανιχαῖοι
351 510 359 523 ,
379 491 403 517 οἱ
421 491 467 517 καὶ
489 491 659 519 ’Λκουανῖται
675 492 832 528 λεγόμενοι,
848 492 893 520 διά

97 545 158 563 τινα
175 536 327 571 Οὑέτρανον
351 535 389 571 (9)
413 536 467 563 ἀπὺ
492 538 543 573 τῆς
565 538 662 573 Μέσης
683 538 738 565 τῶν
762 540 892 575 ποταμῶν

95 579 210 606 ἐλθόντα
233 579 359 612 Ἀκούαν,
377 579 449 608 οὕτω
463 580 643 617 καλούμενον,
662 583 691 609 ὲν
708 585 741 619 τῇ
768 583 891 611 Ἐλευθε-

96 625 206 661 ροπ6λει
221 626 370 660 ἐνέγκαντα
382 626 485 662 ταύτην
497 627 546 663 τὴν
557 627 603 655 τοῦ
618 628 782 665 δηλητηρίου
797 630 891 657 τούτου

95 671 298 707 πραγματείαν-
317 669 391 699 οὗτοι
406 673 477 700 κατὰ
491 673 536 701 τὸν
549 674 645 710 καιρὸν
657 675 760 702 ἐκεῖνον
772 676 820 703 τοῦ
835 676 892 712 βίου

95 718 186 745 αὐτῶν
206 718 344 754 ἐκήρυξαν
364 719 436 754 μέγα
460 719 498 756 τῷ
523 720 619 756 κόσμῳ
639 721 724 748 κακὸν
750 722 819 757 μετὰ
841 722 892 758 τὴν

95 765 242 792 Σαδελλίου
261 765 455 793 ἐπανάστασιν.
479 767 524 793 Ἐν
543 767 651 802 χρόνοις
670 767 724 804 γὰρ
750 764 822 794 οὗτοι
837 769 893 795 Αὐ-

96 810 224 846 ρηλιανοῦ
240 810 287 837 τοῦ
305 811 438 847 βασιλέως
451 813 590 847 γεγόνασι,
606 813 671 849 περὶ
687 813 748 845 ἔτος
762 814 892 850 τέταρτον

95 855 145 890 τῆς
162 855 245 881 αὑτοῦ
259 855 406 890 βασιλείας.
426 857 504 883 Ἔστι
519 856 577 893 δὲὴ
595 857 825 894 πολυθρύλλητος,
845 859 894 885 καὶ

95 901 126 926 ὲν
149 899 256 932 τωλλοῖς
277 901 373 936 μέρεσι
397 901 448 936 τῆς
466 902 517 938 γῆς
537 902 711 939 φημιζομένη
724 923 731 935 ,
755 904 788 930 ὲκ
811 904 893 940 Μάνη
911 897 930 924 Β

95 946 180 978 τινὸς,
198 946 236 978 ὼς
254 946 333 982 ἔφην,
350 946 471 974 λαϐοῦσα
487 948 518 976 τὸ
544 948 727 985 πλατυνθῆναι
751 951 780 976 ὲν
800 951 894 987 μέρεσι

95 1000 146 1027 της
163 1000 224 1027 γης.

132 1037 229 1073 Μάνης
244 1037 273 1065 δὲ
287 1035 364 1070 οὗτος
379 1038 434 1066 ἀπὸ
447 1039 498 1075 τῆς
508 1039 562 1066 τῶν
577 1039 692 1076 Περσῶν
705 1040 818 1078 ὡρμᾶτο
832 1043 894 1078 γῆς,

97 1081 253 1118 Κούὸρικος
274 1082 323 1117 μὲν
342 1083 373 1110 τὸ
390 1082 500 1119 πρῶτον
523 1084 702 1121 καλούμενος,
721 1087 895 1122 ἐπονομάσας

95 1128 125 1154 δὲ
138 1128 227 1163 ἑαυτῷ
241 1128 321 1164 Μάνη
337 1129 422 1165 ὕνομα
442 1129 509 1165 (10),
524 1130 595 1166 τάχα
606 1150 613 1163 ,
631 1129 707 1166 οἶμαι
716 1152 724 1164 ,
741 1133 773 1159 ἐκ
786 1132 836 1167 τῆς
848 1132 895 1159 τοῦ

96 1174 166 1201 Θεοῦ
180 1174 337 1209 οἰκονομίας
353 1174 384 1201 τὸ
404 1175 538 1210 μανιῶδες
560 1176 650 1212 ἐαυτῷ
671 1178 897 1213 ἐπισπασάμενος

97 1220 184 1255 δνομα
194 1229 200 1235 ·
220 1220 266 1247 καὶ
280 1220 319 1252 ὡς
344 1221 393 1256 μὲν
408 1221 489 1252 αὐτὸς
504 1220 573 1256 ᾤετο
583 1242 590 1254 ,
613 1223 685 1249 κατὰ
700 1222 749 1258 τὴν
773 1223 829 1249 τῶν
843 1224 896 1250 Βα-

97 1266 236 1293 ϐυλωνίων
260 1266 384 1301 γλῶτταν
408 1266 488 1302 δῆθεν
511 1267 625 1301 σκεῦος
643 1268 733 1303 ἑαυτῷ
756 1269 787 1296 τὸ
812 1270 897 1305 ὄνομα

99 1312 228 1339 ἐπέθετοο
244 1311 276 1339 τὸ
292 1312 347 1347 γὰρ
364 1311 448 1347 μάνη
467 1313 521 1340 ἀπὸ
537 1314 587 1349 τῆς
602 1314 774 1347 Βαϐυλωνίας
788 1315 828 1346 είς
847 1316 897 1351 τὴν

104 1356 244 1393 Ἑλληνίδα
254 1358 474 1394 μεταφερόμενον
486 1359 602 1393 σκεῦος
611 1359 755 1395 ὑποφαίνει
767 1360 897 1397 τοῦνομα·

99 1407 137 1439 ὡς
155 1407 184 1434 δὲ
202 1407 218 1443 ἠ
234 1407 349 1443 ἀλήθεια
365 1407 528 1442 ὑποφαίνει,
547 1407 598 1443 τῆς
623 1408 720 1443 μανίας
744 1409 775 1436 τὺ
793 1408 898 1435 ἐπώνυ-

102 1462 152 1488 μον
169 1453 300 1489 κέκτηται
316 1454 350 1480 δι’
365 1454 399 1490 ἢν
421 1453 593 1489 ἑνεῆροντίοη
610 1454 624 1481 ὁ
648 1454 764 1487 ἐλεεινὸς
786 1454 825 1490 τῷ
841 1455 889 1482 κό-

100 1507 163 1534 σμῳ
185 1499 349 1535 ὀποσπεϊραι
376 1496 697 1527 κακοδιδασκαλίατηἭν
720 1499 749 1526 δὲ
777 1496 855 1532 οὗτος
880 1501 895 1528 ὀ

101 1544 254 1580 Κούσρικος
266 1545 353 1581 χήρας
365 1545 437 1577 τινὸς
457 1543 562 1577 δοῦλος,
576 1545 638 1579 ἥτις
647 1565 653 1577 ,
670 1545 754 1578 ἄπαις
768 1545 896 1582 τελευτή-

101 1598 190 1623 σασα,
216 1590 377 1626 κατέλειψεν
405 1590 480 1626 αὐτῷ
514 1590 665 1626 χρημάτων
699 1584 930 1619 ὰσυνείκαστονθ

101 1636 215 1671 πλῆθος,
230 1636 333 1672 χρυσοῦ
346 1645 376 1663 τε
394 1637 441 1664 καὶ
455 1636 589 1672 ἀργύρου,
604 1636 651 1663 καὶ
664 1637 832 1672 ἀρωμάτων.
847 1638 894 1664 καὶ

100 1682 198 1710 ἄλλων.
214 1683 269 1709 Καὶ
286 1682 355 1718 αὐτὴ
377 1682 406 1708 δὲ
422 1682 473 1717 τῆς
493 1682 677 1718 κληρονομίας
698 1681 748 1718 τὴν
771 1683 896 1718 διαδοχὴν

100 1728 180 1764 ἔσχεν
195 1729 228 1755 ὲκ
243 1728 392 1765 Τερϐίνθου
405 1728 413 1744 ¹
426 1728 516 1761 τινὸς,
532 1728 626 1755 δούλου
646 1728 693 1755 καὶ
709 1728 792 1755 αὑτοῦ
809 1728 897 1764 ὑπάρ-

102 1774 213 1807 ξαντος,
232 1774 482 1810 μετονομασθέντος
501 1774 529 1801 δὲ
552 1774 656 1801 Βουδδᾶ
682 1774 752 1801 κατὰ
773 1774 824 1810 τὴν
842 1774 896 1801 τῶν

108 1820 261 1856 ’Δσσυρίων
286 1820 409 1855 γλῶτταν
422 1828 429 1836 ·
449 1819 480 1851 ὃς
502 1819 550 1846 καὶ
572 1819 653 1850 αὐτὸς
679 1818 772 1850 δοῦλος
788 1819 896 1854 ὑπῆρχε

102 1866 251 1893 Σκυοιανοῦ
267 1867 323 1902 (ll)
339 1875 423 1898 τινος,
439 1866 493 1893 ἀπὸ
511 1866 562 1901 τῆς
579 1865 753 1901 Σαρακηνίας
767 1866 896 1902 ὁρμωμέ-

102 1922 159 1944 νου,
168 1912 239 1939 κατὰ
250 1912 278 1939 δὲ
293 1912 328 1939 τὰ
341 1912 465 1948 τέρματα
477 1912 527 1948 τῆς
547 1911 739 1947 Παλαιστίνης,
755 1912 896 1938 τουτέστιν

104 1960 132 1986 ὲν
140 1960 173 1994 τῇ
189 1959 314 1995 Ἀραϐίᾳ,
337 1958 552 1995 ἀνατραφέντος.
577 1955 661 1990 Οὗτος
674 1957 688 1984 ό
708 1957 856 1990 Σκυοιανὸς
868 1959 897 1985 ἐν

103 2007 159 2037 τοῖς
176 2004 387 2041 προειρημένοις
405 2004 499 2036 τόποις
521 2004 676 2036 παιδευθεὶς
691 2003 740 2040 τὴν
764 2004 897 2040 Ἐλλήνων

103 2051 230 2087 γλῶσσαν
256 2051 304 2078 καὶ
323 2051 372 2087 τὴν
393 2051 449 2078 τῶν
463 2051 637 2086 γραμμάτων
652 2050 742 2077 αὐτῶν
762 2050 897 2081 παιδείαν,

104 2097 190 2129 δεινός
203 2106 234 2124 τε
249 2097 345 2132 γέγονε
361 2097 426 2132 περὶ
442 2096 477 2123 τὰ
497 2096 601 2132 μάταια
616 2095 663 2122 τοῦ
679 2096 782 2132 κόσμου
798 2097 899 2131 φρονή-

106 2152 189 2178 ματα.
214 2143 269 2170 Ἀεὶ
282 2143 310 2169 δὲ
328 2142 506 2178 στελλόμενος
530 2141 579 2178 τὴν
595 2141 708 2177 πορείαν
723 2141 770 2168 ἐπὶ
782 2141 832 2177 τὴν
845 2141 900 2168 τῶν

105 2189 194 2217 Ἰνδῶν
206 2188 308 2225 χώραν,
327 2189 520 2225 πραγματείας
535 2188 625 2224 χάριν,
649 2187 748 2224 πολλὴν
764 2188 900 2223 ἐμπορίαν

106 2236 234 2262 ἐποιεῖτο.
251 2235 332 2262 Ὅθεν
346 2235 431 2262 πολλὰ
445 2234 616 2270 κτησάμενος
635 2234 666 2261 ὲν
679 2233 718 2270 τῷ
733 2234 828 2269 κόσμῳ
855 2233 901 2260 καὶ

106 2281 149 2308 διὰ
167 2281 217 2316 τῆς
237 2280 369 2316 Θηϐαΐδος
390 2279 476 2307 διιὼν·
501 2281 582 2316 ὅρμοι
615 2279 670 2315 γὰρ
698 2279 747 2314 τῆς
767 2278 900 2314 Ἐρυθρᾶς

106 2327 244 2361 θαλάσσης
266 2326 405 2362 διάφοροι,
431 2327 478 2354 ἐπὶ
492 2327 526 2354 τὰ
549 2327 647 2362 στόμια
670 2326 720 2361 τῆς
745 2326 900 2361 Ῥωμανίας

107 2369 325 2406 διακεκριμένοι,
349 2372 363 2398 ὁ
387 2372 436 2407 μὲν
452 2370 492 2404 εἷς
514 2372 561 2398 ἐπὶ
578 2372 628 2407 τὴν
646 2371 729 2399 Λίλᾶν
745 2371 815 2406 (12),
839 2370 901 2406 ἥτις

144 2449 153 2465 ¹
170 2458 214 2485 ne.
228 2451 263 2477 Τε
269 2450 401 2486 ρεδίνοου.

143 2529 183 2562 (9)
202 2529 254 2556 Διά
267 2528 520 2556 τιναούέτηανον.
546 2528 713 2556 Veteranum
729 2528 832 2555 Aeuam
846 2535 896 2562 ap—

109 2565 203 2599 pellat,
221 2565 272 2591 hoc
283 2569 325 2592 est
342 2565 388 2599 qui
405 2564 502 2591 militia
514 2563 660 2591 defunctus
674 2563 823 2599 legitimam
837 2564 898 2591 mis-

110 2600 218 2628 sionem
238 2600 422 2634 impetrasset.

151 2635 206 2667 (1(1)
233 2633 441 2669 Ἐριονομάσας
456 2633 490 2660 δὲ
501 2633 597 2666 ἐαυτῷ
606 2633 694 2667 Μάνη
712 2635 818 2669 ὄνομα.
829 2633 900 2661 Elias

110 2671 137 2699 iu
151 2670 227 2697 Tisbi
244 2667 347 2697 mirum
362 2678 425 2698 esse
438 2669 544 2701 scribit,
561 2669 634 2704 quod
651 2677 714 2696 cum
729 2667 815 2696 Judzei
829 2673 903 2712 17:71:

111 2718 206 2742 vocent
226 2714 380 2746 hatreticos,
397 2715 424 2741 in
439 2714 597 2741 Grmcorum
614 2714 821 2742 commentariis
838 2714 904 2741 scri-

113 2754 187 2785 ptum
201 2750 237 2777 sit
254 2750 412 2776 bzcreticum
425 2750 570 2784 quemdam
586 2750 738 2782 exstitisse,
751 2750 797 2785 qui
812 2749 905 2777 Manes

112 2785 260 2815 diceretur,
280 2785 395 2820 ejusque
405 2790 555 2813 sectatores
569 2789 652 2829 ζητῇ.

148 2832 170 2865 (1
181 2833 204 2864 l)
228 2833 280 2863 Ὃς
301 2831 349 2858 καὶ
362 2831 452 2863 αὐτὸς
470 2831 580 2864 δοῦλος
593 2830 711 2864 ὑπῆρχε
724 2830 900 2859 Σκυθιιινοῦ.

116 2868 193 2894 lauat
221 2868 313 2902 itaque
341 2866 540 2898 'l'bcodorclus,
573 2866 818 2902 qui-Mancncmu
838 2867 902 2901 Scy-

944 240 1073 274 scalpello
1089 241 1122 268 iis
1137 241 1184 276 qui
1201 242 1284 270 morsi
1296 245 1375 269 crant
1393 241 1567 273 scariﬁcatis,
1584 248 1616 267 ae
1629 248 1734 268 veneno

943 285 1017 312 omni
1040 286 1074 313 ab
1098 285 1152 314 illis
1177 290 1313 322 exempto,
1331 286 1365 314 ad
1385 287 1590 322 insequentem,
1616 290 1645 313 ut
1672 290 1735 312 ante

943 329 1073 365 diximus,
1091 331 1305 366 disputationem
1319 331 1511 359 transibimus.

1121 396 1306 424 ADVERSUS
1329 395 1543 424 MANICH/EOS
1553 415 1561 428 ,

1112 442 1230 470 Haeresis
1264 442 1367 476 XLVI,
1392 443 1444 470 sive
1470 442 1575 470 LXVI.

979 495 999 523 Ι.
1018 495 1176 531 Manichaei,
1191 505 1262 534 quos
1285 498 1436 526 Acuanitas
1453 498 1487 526 de
1505 498 1587 526 Acuze
1609 497 1734 525 Veterani

944 539 1086 575 cujusdam
1106 542 1216 570 nomine
1229 547 1346 574 vocant,
1361 542 1407 578 qui
1420 550 1435 570 e
1458 542 1652 578 Mesopotamia
1673 550 1737 576 pro-

944 584 1047 619 fectus,
1063 586 1198 615 letiferum
1217 587 1284 615 illud
1305 588 1381 616 virus
1398 588 1619 624 Eleutlieropolin
1643 593 1735 616 trans-

945 632 1024 664 tulit,
1056 640 1186 668 magnum
1210 641 1258 669 per
1282 634 1347 662 illud
1367 639 1492 670 tempus,
1525 635 1554 663 in
1574 635 1647 671 quod
1669 639 1737 662 actas

944 676 1065 712 ipsorum
1093 678 1220 711 incurrit,
1242 679 1436 714 praedicatione
1458 688 1508 709 sua
1525 681 1626 708 malum
1649 680 1677 707 in
1691 687 1738 707 or-

944 723 1004 750 bem
1029 727 1165 752 terrarum
1191 725 1364 754 invexerunt.
1389 726 1456 754 Nam
1483 727 1630 754 Aureliano
1653 727 1738 762 impe-

945 772 1033 802 rante,
1057 774 1156 804 quarto
1179 770 1239 805 ejus
1265 771 1373 806 imperii
1399 779 1471 800 anno
1488 779 1627 807 emergere
1647 779 1738 807 cmpe-

945 818 1019 840 runt.
1035 814 1219 843 Celeberrima
1235 816 1293 844 haec
1310 817 1424 845 hmresis
1445 821 1500 852 est,
1523 821 1551 845 et
1572 818 1739 853 quampluri-

945 867 1004 888 mas
1021 860 1148 895 rcgiones
1165 861 1240 889 illius
1254 862 1325 889 fama
1341 864 1497 899 peragravit
1516 873 1522 891 :
1538 871 1599 899 qua;
1618 871 1634 890 a
1659 863 1738 891 Mane

945 907 1076 942 quodam,
1097 908 1135 935 uti
1148 907 1214 940 dixi,
1232 915 1280 943 per
1295 909 1396 937 multas
1414 916 1478 936 oras
1494 913 1640 946 partesque
1652 913 1739 937 terra-

947 961 1006 980 rum
1024 952 1177 989 dissipandi
1189 954 1231 982 sui
1247 954 1356 982 initium
1375 955 1480 990 accepit

981 1039 1068 1068 Porro
1079 1039 1183 1075 Manes,
1192 1048 1290 1076 genere
1299 1040 1394 1074 Persa,
1414 1042 1552 1071 Cubricus
1563 1043 1680 1079 primum
1689 1051 1740 1079 ap-

947 1086 1076 1121 pellatus,
1090 1086 1178 1115 Manis
1194 1087 1245 1115 sibi
1255 1094 1353 1115 nomen
1368 1088 1509 1123 imposuit.
1523 1089 1612 1125 Atque
1626 1089 1679 1117 hoc
1698 1090 1741 1118 di-

952 1133 1009 1160 vina
1027 1132 1145 1168 quadarn
1167 1133 1339 1168 providentia
1363 1133 1465 1162 factum
1488 1134 1617 1168 arbitror,
1639 1135 1742 1164 furoris

948 1179 986 1206 uti
1009 1179 1061 1206 sibi
1085 1186 1185 1206 nomen
1215 1179 1383 1214 asciscerct;
1407 1187 1564 1215 quanquam
1588 1187 1621 1208 eo
1642 1188 1673 1208 se
1693 1188 1741 1208 co-

948 1223 1076 1259 guomine
1100 1224 1208 1252 allicere
1234 1225 1384 1260 cogitabat,
1420 1224 1494 1260 quod
1529 1225 1741 1261 Babyloniorum

949 1270 1039 1305 lingua
1055 1278 1100 1297 vas
1127 1270 1272 1306 signiﬁcat.
1291 1270 1386 1298 Manes
1409 1271 1510 1307 quippe
1531 1270 1698 1307 Babyloniis,
1717 1273 1741 1300 si

948 1315 1041 1343 Graece
1063 1316 1255 1350 transferatur,
1279 1317 1388 1350 σκεῦος,
1416 1317 1443 1345 id
1465 1321 1508 1345 est
1526 1325 1572 1345 mu
1600 1318 1740 1353 exprimit.

950 1360 1004 1388 Sed
1022 1361 1059 1388 ita
1075 1368 1104 1389 se
1130 1368 1174 1388 res
1189 1361 1282 1394 habet,
1297 1366 1328 1389 ut
1349 1369 1364 1388 a
1386 1361 1478 1390 furore
1495 1366 1521 1389 et
1536 1362 1644 1390 insania
1668 1362 1743 1397 ejus-

950 1408 1023 1436 modi
1052 1409 1103 1436 sibi
1133 1409 1345 1444 appellationem
1368 1409 1508 1442 indiderit,
1541 1417 1597 1445 qua
1629 1410 1742 1438 fanatici

951 1463 1028 1483 more
1050 1455 1173 1490 percitus
1196 1455 1291 1483 infelix
1317 1456 1468 1491 pessimum
1495 1456 1522 1484 in
1549 1457 1617 1484 orbe
1642 1457 1742 1492 dogma

951 1500 1153 1528 disseminavit.
1178 1500 1231 1528 Sed
1254 1500 1391 1528 Cubricus
1412 1501 1464 1529 iste
1487 1500 1576 1529 viduae
1597 1501 1742 1536 cujusdam

952 1553 1049 1574 servus
1063 1545 1125 1577 fuit.
1141 1553 1203 1581 qua:
1222 1546 1282 1574 sine
1299 1546 1395 1574 liberis
1410 1547 1547 1575 decedens
1565 1546 1698 1574 inﬁnitam
1717 1547 1742 1575 ei

948 1590 1126 1626 pecuniarum
1142 1591 1208 1626 vim,
1226 1596 1253 1619 et
1268 1593 1325 1620 auri
1341 1593 1425 1628 618
1445 1593 1606 1628 argentique
1622 1597 1650 1621 et
1679 1601 1743 1620 aro-

948 1641 1052 1664 matum
1076 1642 1291 1673 ceterarumque
1315 1646 1406 1666 rerum
1433 1639 1541 1674 copiam
1579 1642 1744 1667 testamento

948 1683 1067 1718 reliquit,
1082 1690 1145 1711 cum
1160 1683 1284 1711 eamdem
1298 1684 1385 1719 ipsam
1398 1683 1583 1712 hereditatem
1599 1692 1614 1711 a
1627 1684 1744 1712 Terbin-

948 1728 994 1755 tho
1007 1727 1126 1763 quodam
1142 1729 1256 1764 perinde
1277 1734 1305 1756 et
1328 1728 1388 1764 ipso
1406 1737 1487 1758 servo
1501 1730 1599 1757 mulier
1620 1730 1743 1764 aecepis-

948 1778 1000 1806 set,
1015 1774 1062 1809 qui
1079 1777 1186 1801 mutato
1202 1774 1313 1802 nomine
1330 1775 1507 1810 Assyriorum
1528 1775 1621 1811 lingua
1635 1775 1743 1803 Buddas

947 1822 989 1846 est
1003 1819 1104 1848 dictus.
1126 1819 1216 1855 Atque
1238 1820 1284 1848 hic
1304 1820 1446 1856 Scythiani
1473 1821 1628 1857 cujuspiam
1647 1829 1748 1849 seruus

948 1865 1009 1897 fuit,
1030 1867 1076 1901 qui
1098 1873 1114 1894 e
1142 1866 1252 1902 regione
1274 1866 1475 1895 Saracenorum
1493 1868 1628 1896 oriundus
1643 1868 1671 1895 in
1690 1867 1743 1896 Pan

949 1909 1060 1938 lzestina:
1068 1911 1178 1945 ﬁnibus,
1195 1912 1223 1938 in
1244 1912 1344 1940 Arabia
1354 1912 1470 1945 scilicet,
1484 1913 1618 1942 educatus
1636 1912 1745 1945 fuerat,

951 1957 996 1984 ubi
1011 1956 1170 1985 Graecorum
1188 1957 1282 1993 lingua
1299 1966 1332 1986 ac
1347 1959 1501 1987 litterarum
1517 1959 1616 1987 studiis
1630 1959 1742 1987 instilua

949 2006 1012 2035 tus,
1035 2010 1172 2030 summam
1194 2003 1420 2032 inanissimarum
1444 2004 1527 2039 hujus
1547 2005 1643 2032 mundi
1661 2005 1746 2032 disci-

949 2048 1087 2083 plinarum
1114 2048 1261 2076 scientiam
1287 2049 1403 2085 adeptus
1423 2053 1475 2077 est.
1501 2049 1625 2085 Cumque
1647 2050 1746 2077 identio

950 2093 1012 2121 dem
1038 2095 1199 2130 negotiandi
1226 2095 1311 2130 gratia
1333 2096 1360 2123 in
1385 2095 1489 2123 Indiam
1515 2096 1744 2132 proﬁcisceretur,

951 2147 1077 2175 magnam
1092 2144 1120 2168 et
1133 2141 1276 2176 copiosam
1301 2148 1484 2170 mercaturam
1500 2141 1625 2169 faciebat.
1639 2143 1677 2169 Ex
1692 2151 1746 2178 qua

952 2186 1102 2221 plurimum
1124 2187 1314 2222 locupletatus
1337 2187 1506 2215 Thebaidem
1531 2187 1609 2215 obire
1629 2187 1745 2215 solebat.

954 2230 1053 2259 Portus
1066 2232 1140 2259 enim
1164 2240 1240 2260 mare
1251 2232 1375 2259 Rubrum
1387 2233 1478 2259 varios
1495 2232 1585 2263 habet.
1598 2231 1697 2266 quibus
1712 2232 1747 2260 ad

954 2277 1109 2306 Romanum
1133 2279 1248 2307 limitem
1273 2279 1364 2307 aditus
1389 2279 1498 2306 diverse
1529 2282 1612 2313 patet.
1644 2278 1747 2306 Ilormn

955 2333 1027 2353 unus
1042 2325 1133 2352 IElam
1145 2329 1262 2360 spectat,
1278 2333 1360 2360 quam
1373 2332 1459 2352 sacne
1480 2325 1590 2352 Littera:
1605 2324 1687 2352 [Elon
1700 2333 1748 2359 ap-

954 2371 1069 2406 pellant.
1085 2369 1171 2404 Quem
1190 2370 1224 2398 ad
1247 2370 1338 2398 locum
1353 2370 1435 2398 tertio
1451 2370 1562 2398 demum
1578 2377 1652 2398 anno
1669 2370 1749 2398 Salo-

952 2526 1047 2553 thiano
1073 2523 1228 2556 confundit,
1257 2527 1287 2551 ut
1301 2527 1329 2551 et
1347 2522 1459 2556 Suidas,
1489 2531 1552 2552 cum
1581 2528 1659 2552 tanto
1684 2527 1750 2553 ante

953 2562 1121 2596 Scythianus
1138 2559 1282 2596 exstiterit:

989 2592 1044 2631 (12)
1071 2596 1102 2622 '0
1123 2595 1182 2630 μὲν
1201 2592 1246 2628 εἷς
1271 2594 1320 2621 ἐπὶ
1344 2594 1402 2628 τὴν
1416 2595 1521 2631 Andr.
1540 2594 1598 2623 Lib.
1611 2594 1644 2622 lll
1669 2594 1747 2629 ηεξ..

956 2639 1016 2666 cap.
1030 2630 1122 2664 ix,‘26,
1140 2631 1256 2658 classem
1290 2637 1400 2666 quoque
1416 2630 1494 2666 fecit
1510 2639 1555 2658 rex
1572 2630 1702 2657 Salomon
1718 2631 1746 2666 in

957 2664 1150 2702 Asicn-gaber,
1167 2674 1229 2702 qum
1241 2669 1283 2692 est
1300 2664 1496 2702 juxtanjﬁlath
1513 2666 1538 2702 in
1556 2665 1647 2702 littore
1661 2665 1749 2702 utaris

958 2701 1046 2729 Rubri
1058 2698 1091 2728 in
1112 2698 1184 2728 terra
1203 2700 1344 2730 ldumzcze:
1362 2700 1441 2732 LXX,
1457 2700 1553 2730 Αὶλάθ,
1567 2709 1619 2727 nou
1634 2698 1745 2726 suav-

958 2737 1097 2772 Josephus
1120 2737 1166 2763 lib.
1182 2744 1244 2768 vui,
1259 2743 1319 2770 cap.
1337 2735 1621 2772 ﬁ,_‘Asion-gaber_ait
1635 2735 1748 2772 Bereni-

958 2779 1008 2799 cen
1027 2769 1132 2804 'vocari,
1151 2772 1223 2798 haud
1250 2769 1344 2805 procul
1367 2770 1450 2798 Elana
1472 2769 1549 2798 urbe.
1569 2770 1622 2798 Sed
1635 2769 1748 2797 halluci-

956 2811 1039 2834 natus
1061 2811 1114 2839 est,
1133 2811 1162 2833 ut
1180 2807 1288 2840 opinor,
1306 2806 1442 2840 lost-phus
1458 2813 1464 2837 ;
1484 2813 1545 2832 nam
1563 2806 1746 2840 Asinii-gaber

958 2843 983 2869 in
1002 2842 1117 2869 lduma-a
1136 2842 1256 2876 ponitur,
1281 2841 1410 2867 Berenice
1426 2848 1491 2876 vero
1517 2849 1532 2867 ιι
1557 2842 1702 2868 Ptolemaeo
1719 2841 1747 2868 in

957 2879 1047 2905 Aliica
1073 2875 1144 2912 ipsa,
1165 2878 1242 2908 longe
1267 2877 1400 2910 superior,
1418 2884 1448 2902 ac
1470 2875 1636 2905 Thebaidem
1652 2884 1684 2904 cx
1697 2876 1745 2903 ad-
