1939 3036
165 92 196 120 5|

878 88 907 116 S.
929 84 1100 115 EPIPIIANII

1778 83 1822 111 52

167 149 256 177 monis
276 148 389 183 appulsa
405 148 482 175 navis
495 156 591 176 aurum
612 148 778 181 advehebat,
797 152 824 176 et
840 147 970 183 elephan-

1027 146 1095 172 ἐστὶν
1109 146 1138 172 ἐν
1153 147 1186 181 τῇ
1202 144 1263 180 θείᾳ
1275 145 1371 180 Γραφῇ
1384 143 1472 170 Δίλῶν
1483 152 1489 157 ·
1505 142 1568 169 ἔνθα
1583 151 1634 168 που
1652 142 1666 177 ἡ
1683 141 1749 174 ναῦς
1764 142 1821 168 Σο-

166 197 239 222 tiuos
257 194 362 225 dentes,
386 199 414 221 et
430 197 564 225 aromata,
583 201 688 221 necnon
705 198 734 221 et
758 200 878 228 pavones
894 192 962 218 alia-

166 247 221 273 que
245 239 385 266 nonnulla.
411 238 487 265 Alios
512 244 553 266 est
575 242 671 273 portus
692 238 725 265 ad
749 229 886 266 Castrum
909 237 965 272 cly—

168 285 266 312 smatis
294 285 437 312 obversus.
460 283 570 311 Tertius
588 285 614 311 in
633 284 824 320 superioribus
854 282 965 318 .‘Egypti

170 330 294 365 partibus
318 330 351 356 ad
381 329 536 356 Bercuicem
563 330 691 364 pertinet,
713 336 767 364 qua
786 329 820 356 ad
845 328 964 356 Thebai-

171 377 234 404 dem
267 377 442 410 pervenitur,
474 375 651 410 indidemque
679 375 800 403 advecta:
831 383 863 402 ex
890 374 966 401 ludia

172 430 278 450 merces
296 430 344 455 per
361 421 527 449 Thebaidem
551 422 752 453 distrahuntur,
785 425 833 447 aut
849 420 967 448 Alexan-

172 468 260 495 driam
286 467 477 501 Chrysorrhoa
507 466 637 497 ﬂumine,
662 467 709 502 qui
734 467 806 494 idem
833 473 864 493 ac
889 465 967 493 Nilus

173 517 230 545 est,
246 517 273 540 et
289 513 315 539 in
331 512 480 547 Scriptum-is
499 511 575 539 Geon
590 511 702 544 dicitur,
721 512 844 546 adeoque
865 519 912 545 Per
924 515 968 537 to-

173 563 228 585 tam
248 557 396 593 [Egyptum
410 567 442 586 ac
462 558 604 586 Pelusium
620 565 709 593 usque
723 557 906 585 devehuntur.
927 557 966 584 Ad

172 612 293 638 eumque
318 603 428 630 modum
450 605 483 631 ad
509 605 578 632 alias
603 605 686 632 urbes
716 612 800 632 naves
829 603 969 640 applicant

174 655 352 683 mercatores,
374 652 420 686 qui
446 659 479 678 ex
501 651 578 679 India
600 659 706 680 merces
731 651 759 679 in
781 650 967 678 Romanorum

175 695 243 724 ﬁnes
266 697 427 731 important.

212 786 243 813 ll.
266 786 329 814 llaec
345 794 396 821 ego
413 786 494 821 paulo
513 785 672 821 diligentius
687 786 811 813 historize
825 793 886 813 sum
904 792 969 813 cau-

175 839 205 859 sa
231 837 404 866 persecutus,
421 835 450 859 ut
467 833 688 867 uniuscujusque
710 836 792 859 secta:
808 832 922 867 stirpem
942 835 969 859 et
983 827 1006 856 Β

175 878 307 912 originem
321 878 437 905 lectores
451 883 659 913 cognoscerent.
677 878 744 905 Nam
763 879 809 913 qui
829 879 968 905 narratio-

176 931 237 950 nem
264 923 383 957 aliquam
411 923 550 957 instituit,
578 923 611 950 ad
640 923 665 950 id
694 931 744 960 pro
766 923 872 951 viribus
903 923 970 951 eniti

176 970 266 1002 debet,
300 975 331 996 ut
361 970 397 997 ab
427 970 494 1005 ipsis
515 970 716 1006 quodammodo
750 970 887 997 radicibus
913 977 971 997 rem

175 1024 283 1043 omnem
297 1020 402 1051 repetat
413 1035 420 1048 ,
433 1016 506 1043 unde
524 1016 628 1043 veritas
646 1020 773 1043 constare
790 1016 887 1051 possit,
908 1015 972 1043 licet

176 1062 278 1097 alioqui
307 1061 436 1097 scriptori
463 1061 600 1089 sermonis
626 1062 760 1097 elegantia
784 1066 811 1089 ct
839 1061 972 1089 orationis

177 1111 308 1135 venustas
330 1116 385 1134 non
411 1111 560 1145 suppetat;
579 1115 633 1143 quo
655 1116 688 1134 ex
713 1107 752 1134 rei
770 1108 886 1136 veritate
904 1115 970 1143 pru-

176 1153 304 1181 dentibus
321 1154 346 1181 id
359 1153 431 1189 quod
447 1155 581 1189 quaeritur
596 1154 803 1188 comprobctur.
818 1153 872 1181 Sed
891 1159 920 1181 ut
938 1153 972 1180 ad

178 1198 356 1233 Scythianum
372 1197 493 1231 redeam,
517 1199 561 1226 hic
579 1199 657 1226 initio
681 1198 785 1226 divitiis
804 1199 928 1231 inﬂatus,
945 1202 973 1226 et

178 1249 343 1277 aromatum,
369 1249 586 1280 czeterarumque
609 1253 642 1272 ex
666 1244 743 1272 india
767 1253 849 1280 opum
874 1246 971 1282 copia.

177 1297 240 1316 cum
258 1289 393 1324 Hypselen
419 1289 569 1317 Thebaidis
587 1289 717 1325 oppidum
741 1290 872 1323 venisset,
891 1291 975 1326 619

179 1335 270 1371 ibique
289 1335 420 1370 perditam
442 1335 588 1371 quamdam
611 1336 800 1363 mulierculam
824 1336 976 1365 invenisset

178 1381 298 1417 eleganti
322 1381 448 1416 corporis
471 1381 573 1417 specie,
594 1389 644 1417 pro
665 1390 698 1410 eo
721 1389 753 1409 ac
775 1382 892 1410 stolidus
916 1387 976 1410 erat

179 1431 293 1462 stupore
307 1427 433 1460 ail'ectus,
448 1435 463 1455 e
481 1427 625 1462 lupanari,
650 1427 696 1454 ubi
717 1431 775 1454 tum
792 1427 975 1455 meretriciam

179 1473 341 1506 exercebat,
369 1473 496 1507 abducit;
518 1477 545 1501 et
572 1472 606 1500 ad
630 1480 691 1500 eam
717 1473 927 1505 adhmresccns,
947 1473 975 1500 in

180 1519 332 1547 libertatem
347 1525 481 1547 assertam
496 1519 547 1547 sibi
565 1519 592 1547 in
606 1520 811 1548 matrimonium
838 1519 974 1554 adiunxit.

181 1563 284 1592 Deinde
311 1564 393 1600 longo
414 1569 476 1600 post
508 1568 632 1599 tempore
662 1564 745 1592 homo
770 1565 893 1592 nefarius
921 1572 977 1600 pra:

181 1610 288 1638 deliciis
307 1610 420 1638 minime
442 1617 503 1638 sese
521 1610 680 1643 continens,
704 1614 733 1638 et
752 1611 780 1638 in
792 1611 848 1638 otio
863 1610 976 1646 degens,

181 1663 214 1682 ac
227 1656 378 1684 sceleribus
397 1660 536 1688 assuetus,
563 1656 627 1683 novi
648 1656 753 1691 aliquid
774 1656 802 1684 in
824 1656 918 1684 orbem
936 1656 978 1684 in-

181 1701 325 1728 troducere
349 1701 435 1728 nimio
451 1708 484 1729 ex
508 1701 573 1728 luxu
595 1702 622 1730 in
651 1701 772 1729 animum
793 1701 912 1729 induxit.
928 1701 980 1729 Ita-

181 1754 236 1781 que
263 1754 344 1774 voces
372 1746 504 1781 quasdam
533 1747 670 1782 ejusmodi
699 1755 733 1775 ex
763 1754 835 1781 sese,
869 1755 924 1775 non
943 1755 977 1776 ex

182 1792 293 1820 Litteris
319 1793 424 1824 sacris,
449 1798 496 1820 aut
524 1800 558 1820 ex
581 1794 670 1820 sancti
700 1792 820 1828 Spiritus
845 1794 977 1827 oraculis,

183 1838 230 1865 sed
247 1845 280 1864 ex
302 1836 404 1864 infelici
427 1837 539 1864 humani
562 1838 664 1873 ingenii
685 1839 792 1866 ratione
806 1843 978 1867 commentus

183 1887 235 1910 est.
256 1882 323 1915 Quae
334 1882 418 1914 enim,
439 1882 539 1915 aiebat,
557 1884 630 1911 ratio
649 1887 703 1916 est,
719 1891 769 1911 cur
782 1892 844 1919 qua:
864 1884 891 1912 in
921 1889 979 1912 tota

184 1931 236 1958 hac
263 1938 356 1958 rerum
387 1930 566 1958 universitate
600 1931 798 1964 continentur,
830 1932 977 1967 inaequalia

185 1981 261 2008 sunt,
285 1980 349 2011 puta
376 1975 467 2003 album
493 1979 521 2003 et
545 1976 674 2011 nigrum,
702 1977 806 2004 fulvum
831 1982 858 2004 et
880 1978 978 2009 viride.

185 2021 327 2048 humidum
343 2025 370 2047 et
389 2021 492 2048 siccum
502 2040 510 2053 ,
531 2021 631 2048 caelum
648 2029 680 2049 ac
693 2026 765 2049 terra
776 2042 784 2055 ,
798 2030 852 2049 nox
866 2027 894 2050 et
909 2023 978 2056 dies,

185 2067 276 2095 anima
291 2071 318 2095 et
333 2075 446 2102 corpus,
464 2069 565 2095 bonum
582 2072 610 2095 et
626 2068 742 2102 malum,
757 2069 863 2103 justum
886 2073 914 2097 et
937 2070 980 2097 in-

184 2114 306 2148 justum,
327 2113 380 2140 nisi
401 2112 473 2147 quod
495 2120 527 2140 ex
540 2113 650 2141 duobus
667 2113 725 2141 hzec
747 2118 812 2142 sunt
837 2115 980 2150 principiis

186 2159 302 2187 exorta?
319 2158 448 2186 Diabolus
466 2158 539 2186 enim
563 2159 655 2187 acrius
678 2160 810 2188 adversus
829 2161 979 2188 humanum

186 2215 272 2242 genus
291 2205 389 2233 bellum
413 2213 526 2233 movens
544 2205 618 2234 illius
634 2205 718 2233 menti
737 2211 895 2241 portentum
911 2206 978 2234 illud

186 2252 323 2287 opinionis
343 2251 531 2286 ingeneravit,
552 2250 622 2279 adeo
639 2255 668 2278 ut
686 2251 759 2287 quod
773 2260 910 2287 nusquam
926 2256 977 2286 est,

187 2299 279 2326 animo
292 2299 464 2333 conciperet,
481 2303 508 2326 et
526 2298 599 2333 quod
623 2298 713 2334 reipsa
729 2303 784 2332 est,
797 2299 910 2327 minime
929 2306 978 2326 co-

186 2347 342 2380 gnosceret,
356 2349 386 2371 ut
406 2344 433 2370 in
453 2345 552 2372 misere
572 2344 758 2372 aberrantium
774 2345 916 2372 hominum
936 2345 979 2372 in-

186 2391 273 2427 geniis
291 2390 427 2426 quoddam
442 2390 543 2418 bellum
559 2391 706 2423 excitaret,
725 2391 771 2426 qui
796 2394 976 2426 prtetereum,

185 2438 233 2472 qui
261 2444 355 2464 revera
382 2440 512 2469 est,csse
535 2436 619 2463 alium
643 2436 823 2470 arbitrantur,
854 2440 935 2472 atque
963 2443 979 2462 a

187 2483 304 2515 duabus,
329 2489 360 2510 ut
389 2483 426 2510 ita
450 2482 551 2516 dicam,
574 2482 726 2514 radicibus,
757 2482 815 2510 sive
835 2481 979 2517 principiis

188 2530 316 2557 universa
342 2529 455 2564 perlici,
482 2529 554 2564 quod
572 2529 694 2556 oumium
719 2529 834 2564 impium
861 2528 980 2556 maxime

187 2581 229 2604 est
253 2583 285 2603 ac
308 2576 388 2611 longe
415 2575 640 2611 perditissimum.
660 2574 712 2602 Sed
732 2575 766 2602 de
785 2582 816 2602 ea
838 2582 867 2601 re
884 2577 979 2608 postea

187 2623 322 2650 dicemus.
343 2621 372 2648 In
397 2622 430 2650 iis
458 2621 541 2657 igitur
560 2621 726 2657 Scythianus
749 2620 794 2647 ille
822 2623 978 2648 excaecatus

189 2668 291 2702 animo,
315 2673 397 2704 atque
411 2675 427 2695 a
449 2668 603 2703 Pythagora
619 2667 722 2695 erroris
747 2671 907 2701 argumenta
931 2673 979 2694 na-

990 1503 1011 1531 C

190 2754 270 2772 verso
286 2746 435 2781 respiciens
452 2756 458 2773 :
476 2746 547 2781 quod
563 2743 899 2781 Epiphaniidescriptioni
910 2751 978 2771 con-

190 2782 273 2817 gruit,
289 2780 337 2814 qui
360 2780 509 2810 Berenicen
533 2781 643 2809 tertium
662 2780 749 2808 Rubri
764 2780 849 2808 maris
866 2783 978 2815 portum

190 2821 341 2845 enumerat.

1015 192 1152 227 λομῶντος
1165 190 1210 218 διὰ
1223 191 1307 226 τριῶν
1319 190 1386 217 ἐτῶν
1398 189 1534 225 ἐρχομένη
1551 188 1632 224 ἔφερε
1646 187 1748 223 χρυσὸν
1764 189 1822 215 καὶ

1015 237 1125 269 ὀδόντας
1140 236 1344 271 ἐλεφαντίνους,
1359 234 1495 271 ἀρώματά
1513 243 1543 261 τε
1560 234 1608 261 καὶ
1621 234 1744 266 ταῶνας.
1765 234 1820 261 καὶ

1016 283 1051 310 τὰ
1062 283 1129 310 ἄλλα
1138 291 1146 299 ”
1162 284 1176 309 6
1191 283 1219 310 δὲ
1232 282 1325 319 ἕτερος
1341 283 1426 318 ὅρμος
1441 282 1487 309 ἐπὶ
1499 282 1528 308 τὺ
1542 282 1669 317 Κάστρον
1682 281 1730 308 τοῦ
1746 281 1819 308 κλύ-

1018 337 1131 365 σματος·
1149 329 1230 361 ἄλλος
1247 329 1276 356 δὲ
1288 329 1420 355 ἀνωτάτω
1436 327 1482 354 ἐπὶ
1497 328 1546 364 τὴν
1565 327 1698 364 Βερνίκην
1712 327 1818 354 καλού-

1019 374 1113 410 μένην,
1130 374 1163 401 δι’
1176 372 1211 410 ἧς
1226 373 1360 409 Βερνίκης
1376 373 1546 409 καλουμένης
1565 373 1613 400 ἐπὶ
1627 374 1676 408 τὴν
1690 373 1818 408 Θηὸαἲδα

1018 421 1163 456 φέρονται,
1189 419 1236 447 καὶ
1259 420 1293 447 τὰ
1312 420 1367 447 ἀπὸ
1389 419 1439 454 τῆς
1466 419 1581 454 Ἰνδικῆς
1605 419 1740 454 ἐρχόμενα
1755 418 1819 454 εῐδη

1018 468 1107 494 ἐκεῖσε
1126 468 1159 502 τῇ
1184 466 1300 502 Θηϐαΐδι
1321 465 1519 502 διαχύνεται,ἢ
1541 465 1587 492 ἐπὶ
1608 465 1657 501 τὴν
1685 464 1819 497 Ἀλεξαν-

1018 513 1103 548 δρέων
1119 513 1162 541 διὰ
1173 513 1220 540 τοῦ
1237 513 1400 549 Χρυσορῤόα
1414 511 1550 548 ποταμοῦ,
1571 512 1668 539 Νείλου
1685 512 1713 539 δέ
1729 521 1819 548 φημι,

1019 558 1065 586 τοῦ
1086 559 1135 586 καὶ
1151 559 1229 594 Γηῶν
1252 560 1281 586 ἐν
1303 560 1362 590 ταῖς
1378 559 1501 594 Γραφαῖς
1515 559 1666 594 φερομένου
1679 579 1686 590 ,
1707 559 1756 585 καὶ
1768 558 1822 585 ἐπὶ

1020 607 1110 632 πᾶσαν
1135 605 1189 632 τῶν
1211 605 1368 639 Αἰγυπτίων
1386 605 1448 640 γῆν,
1475 605 1522 631 καὶ
1539 605 1585 631 ἐπὶ
1609 604 1639 630 τὸ
1663 603 1821 639 Πηλούσιον

1021 651 1144 688 φέρεται.
1163 651 1219 677 Καὶ
1233 650 1320 683 οὕτως
1335 651 1376 683 είς
1394 650 1443 682 τὰς
1460 650 1542 682 ἄλλας
1557 650 1688 686 πατρίδας
1706 649 1751 676 διὰ
1765 649 1820 676 θα-

1021 698 1122 733 λάσσης
1137 697 1306 733 διερχόμενοι
1319 697 1344 723 οι
1362 696 1416 723 ἀπὸ
1428 696 1477 731 τῆς
1492 696 1603 731 Ἰνδικῆς
1619 696 1664 722 ἐπὶ
1677 696 1726 731 τὴν
1748 695 1821 722 Ῥω-

1023 743 1121 780 μανίαν
1138 741 1348 778 ἐμπορεύονται.

1059 788 1097 816 B’.
1121 789 1214 816 Ταῦτα
1229 788 1257 815 δέ
1274 797 1320 824 μοι
1334 787 1407 814 κατά
1419 787 1492 819 λέξιν
1507 786 1678 822 ἐσπουδάσθη
1694 786 1822 822 inopia;

1020 835 1102 872 χάριν
1116 834 1294 871 παραδοῦναι,
1309 835 1384 865 ὅπως
1400 834 1446 860 καὶ
1457 833 1510 860 τῶν
1527 831 1609 869 ῥιζῶν
1622 833 1738 867 ἑκάστης
1753 832 1821 858 ὑπο-

1020 881 1121 912 θέσεως
1145 881 1169 907 οί
1197 879 1372 914 ἐντυγχάνειν
1401 873 1550 910 ἐθέλοντες
1565 878 1603 914 μὴ
1632 878 1820 913 ἁμοιρήσωσι.

1021 928 1067 954 Δεῖ
1085 926 1140 962 γὰρ
1155 926 1201 953 τὸν
1227 926 1442 961 ἐπιϐαλλόμενον
1466 925 1591 960 διηγήσει
1605 924 1660 951 τινὶ
1685 924 1757 951 κατὰ
1773 923 1822 949 δύ-

1022 982 1102 1009 ναμιν
1117 972 1322 1005 ἐπιϐάλλεσθαι,
1338 972 1385 1000 καὶ
1407 972 1440 999 ἐκ
1457 971 1510 1007 τῆς
1523 970 1602 1007 ῥίζης
1617 969 1753 998 ποιεῖσθαι
1769 970 1822 1005 τὴν

1022 1019 1179 1055 εἰσαγωγήν
1190 1026 1196 1033 ·
1213 1018 1289 1046 ἐνθεν
1304 1018 1461 1054 εὑρίσκεται
1487 1018 1535 1044 καὶ
1553 1017 1588 1044 τὰ
1611 1016 1661 1051 τῆς
1676 1016 1821 1051 ἀληθείας,

1023 1064 1074 1091 κᾶν
1087 1073 1117 1091 τε
1128 1064 1218 1100 ἀπορῇ
1232 1064 1247 1090 6
1256 1063 1344 1097 λέγων
1371 1061 1521 1097 εὐκοσμίας
1537 1062 1616 1095 λόγου
1630 1061 1676 1088 καὶ
1693 1061 1823 1092 εὐεπείας

1024 1110 1146 1145 φθογγῆς
1156 1119 1162 1125 ·
1178 1110 1252 1142 ὅπως
1265 1109 1319 1136 ἀπὸ
1330 1108 1380 1144 τῆς
1393 1107 1525 1143 ἀληθινῆς
1541 1107 1661 1143 ἱστορίας
1675 1106 1709 1138 τὸ,
1722 1105 1823 1141 ζητού-

1026 1165 1105 1193 μενον
1120 1157 1176 1188 τοῖς
1187 1156 1308 1187 συνετοίς
1321 1154 1560 1190 ἀποδειχθήσεται.
1583 1154 1627 1180 Ἐν
1642 1154 1713 1189 ἀρχῇ
1729 1152 1822 1179 τοίνυν

1024 1199 1102 1235 οὗτος
1117 1203 1132 1230 6
1145 1201 1292 1233 Σκυθιανὸς
1309 1200 1416 1236 πλούτῳ
1431 1200 1521 1235 πολλῷ
1533 1199 1674 1237 ἐπαρθεὶς,
1689 1200 1736 1225 καὶ
1754 1198 1824 1234 κτή-

1027 1256 1109 1283 μασιν
1143 1247 1323 1283 ἡδυσμάτων,
1349 1246 1397 1272 καὶ
1419 1246 1476 1277 τοῖς
1498 1245 1589 1276 ἄλλοις
1616 1245 1673 1275 τοῖς
1698 1242 1752 1270 ἀπὸ
1771 1243 1822 1278 τῆς

1032 1293 1144 1325 Ἰνδίας,
1159 1292 1206 1319 καὶ
1231 1291 1316 1318 ἐλθὼν
1334 1291 1398 1327 περὶ
1413 1290 1462 1327 τὴν
1486 1290 1608 1324 Θηϐαΐδα
1629 1290 1669 1321 είς
1698 1288 1823 1324 Ὑψηλὴν

1026 1338 1103 1365 πόλιν
1126 1338 1182 1374 (15)
1206 1332 1278 1364 οὕτω
1305 1336 1486 1373 καλουμένην,
1513 1335 1601 1372 εὑρὼν
1627 1335 1686 1362 ἐκεῖ
1709 1335 1824 1370 γύναιον

1027 1385 1221 1419 ἐξωλέστατον,
1241 1384 1289 1410 καὶ
1301 1383 1396 1410 κάλλει
1418 1383 1544 1419 σώματος
1559 1382 1705 1418 πρόοπτον,
1720 1380 1824 1416 ἐκπλῆ-

1028 1431 1076 1464 ξάν
1091 1440 1121 1457 τε
1135 1430 1233 1458 αὐτῶν
1255 1430 1305 1466 τὴν
1328 1430 1485 1462 ὰσυνεσίαν,
1508 1428 1667 1464 άνελόμενὸς
1690 1436 1719 1453 τε
1743 1427 1825 1454 τοῦτο

1027 1476 1081 1503 ἀπὸ
1096 1476 1143 1503 τοῦ
1160 1475 1272 1510 στέγους
1286 1475 1402 1511 (ἔστηκε
1419 1475 1474 1511 γὰρ
1493 1475 1510 1510 ὴ
1533 1474 1644 1509 τοιαύτη
1665 1474 1695 1500 ἐν
1709 1474 1742 1508 τῇ
1771 1482 1824 1499 πο-

1027 1522 1142 1557 λυκοίνῳ
1168 1521 1353 1557 ἀσεμνότητι)
1375 1520 1547 1555 ἐπεκαθέσθη
1567 1519 1607 1556 τῷ
1628 1519 1748 1554 γυναίῳ,
1773 1518 1822 1545 καὶ

1027 1567 1214 1604 ἐλευθερώσας
1230 1567 1307 1601 αὐτὸ,
1324 1567 1445 1603 συνῆφθη
1461 1566 1536 1602 αὐτῷ
1549 1565 1618 1602 πρὸς
1636 1565 1735 1600 γάμον.
1752 1565 1824 1600 Χρό-

1027 1622 1072 1640 νου
1088 1613 1116 1639 δέ
1138 1612 1235 1640 πολλοῦ
1257 1612 1471 1649 προκόπτοντος,
1487 1612 1533 1640 διὰ
1557 1612 1607 1648 τὴν
1620 1612 1772 1648 ὑπερϐολὴν
1788 1609 1821 1647 ἧς

1027 1657 1084 1694 εἶχε
1107 1659 1231 1695 τρυφῆς,
1249 1659 1300 1685 οὐκ
1322 1658 1438 1694 ῆνεγκεν
1464 1659 1478 1685 6
1503 1658 1668 1694 ἁλητήριος·
1693 1657 1762 1684 ἀλλὰ
1783 1657 1820 1689 ὡς

1027 1705 1111 1740 ἀργὸς
1123 1704 1171 1731 καὶ
1186 1703 1250 1736 ἐθὰς
1266 1703 1370 1736 κακῶν,
1385 1704 1417 1730 ἐκ
1433 1702 1481 1729 τοῦ
1497 1702 1628 1739 περισσοῦ
1648 1701 1699 1736 τῆς
1715 1701 1820 1737 τρυφῆς

1029 1750 1144 1786 στρήνου
1161 1748 1266 1775 ἐπενόει
1280 1747 1374 1775 λοιπὸν
1388 1747 1458 1774 κατὰ
1471 1747 1517 1774 τὸν
1531 1747 1594 1773 νοῦν
1619 1755 1647 1772 τι
1664 1746 1821 1779 καινότερον

1028 1795 1067 1830 τῷ
1080 1795 1130 1830 βίῳ
1142 1795 1295 1830 προσοῖσαι.
1312 1794 1366 1820 Καὶ
1383 1793 1429 1828 ἀφ’
1442 1792 1539 1819 ἑαυτοῦ
1555 1791 1717 1827 διανοηθεὶς,
1738 1790 1821 1817 ἐπλά-

1029 1850 1094 1868 σατο
1110 1841 1219 1877 ῥήματα
1236 1839 1360 1870 τοιαῦτα,
1369 1839 1420 1866 οὐκ
1433 1838 1488 1866 ἀπὺ
1502 1840 1551 1874 τῆς
1563 1837 1638 1869 θείας
1652 1838 1763 1873 Γραιρῆς
1776 1837 1820 1863 εὐ-

1030 1887 1164 1923 ράμενος,
1179 1887 1227 1913 καὶ
1248 1886 1406 1921 Πνεύματος
1430 1885 1509 1920 ἁγίου
1531 1884 1669 1920 φθογγῆς,
1685 1884 1752 1911 άλλά
1769 1883 1821 1910 ἀπὺ

1028 1932 1167 1968 λογισμῶν
1178 1931 1351 1968 ἀνθρωπείας
1367 1931 1475 1966 φύσεως
1488 1931 1543 1957 τῶν
1559 1930 1684 1957 δειλαίων
1698 1929 1818 1964 φάσκων.

1028 1979 1088 2005 Τίνι
1104 1978 1142 2013 τῷ
1155 1977 1227 2012 λόγῳ
1239 1977 1318 2004 ἄνισα
1330 1978 1417 2003 κεῖται
1429 1975 1464 2003 τά
1476 1976 1505 2002 ἐν
1522 1975 1604 2002 παντὶ
1617 1974 1657 2010 τῷ
1671 1974 1820 2010 ὁριζομένῳ

1028 2024 1078 2059 τῆς
1099 2024 1222 2060 κτήσεως
1238 2022 1325 2055 κύτει,
1351 2022 1435 2057 μέλαν
1456 2022 1503 2049 καὶ
1528 2021 1636 2054 λευκὸν,
1659 2020 1762 2057 πυρρὸν
1776 2020 1820 2046 καὶ

1029 2069 1146 2105 χλωρὸν,
1164 2069 1247 2104 ὑγρὸν
1268 2068 1316 2095 καὶ
1340 2067 1432 2104 ξηρὸν,
1449 2067 1564 2104 οὐρανὸς
1586 2067 1633 2094 καὶ
1649 2067 1695 2102 γῆ,
1712 2066 1760 2099 νὺξ
1775 2067 1820 2093 καὶ

1029 2115 1132 2151 ἡμέρα,
1146 2114 1220 2150 ψυχὴ
1236 2113 1285 2141 καὶ
1299 2114 1390 2149 σῶμα,
1410 2113 1514 2148 ἀγαθόν
1535 2122 1565 2140 τε
1587 2113 1634 2140 καὶ
1649 2113 1761 2148 φαῦλον,
1783 2111 1819 2138 δί-

1032 2161 1108 2188 καιόν
1126 2169 1157 2187 τε
1174 2160 1221 2187 καὶ
1237 2159 1329 2187 ἄδικον
1343 2168 1350 2192 ;
1367 2159 1426 2186 ἀλλ’
1446 2159 1488 2185 ὅτι
1505 2159 1614 2190 πάντως
1627 2158 1714 2185 ταῦτα
1733 2159 1764 2184 ἐκ
1778 2158 1820 2184 δύο

1030 2207 1112 2234 τινῶν
1124 2207 1301 2242 συνέστηκεν.
1321 2206 1464 2233 Ἐνεκὶσσα
1480 2205 1509 2231 δὲ
1529 2206 1558 2232 ὲν
1573 2206 1606 2241 τῇ
1624 2205 1706 2232 αὑτοῦ
1721 2205 1820 2240 διανοίᾳ

1030 2253 1045 2278 ὸ
1056 2251 1189 2283 διάϐολος,
1207 2251 1255 2277 ἐπὶ
1272 2250 1364 2277 πλεῖον
1382 2249 1550 2286 στρατεύσας
1564 2249 1636 2276 κατὰ
1652 2251 1703 2285 τῆς
1717 2249 1818 2284 ἀνθρω-

1030 2297 1110 2329 πείας
1127 2296 1245 2331 φύσεως,
1258 2295 1288 2322 τὸ
1300 2296 1387 2322 δεινὸν
1400 2296 1538 2331 φρόνημα,
1551 2296 1589 2327 ὼς
1602 2295 1728 2322 ὑπονοεῖν
1740 2295 1769 2321 τὸ
1784 2295 1819 2330 μὴ

1030 2342 1070 2374 ὂν,
1098 2342 1144 2368 καὶ
1166 2342 1196 2368 ὃν
1217 2341 1254 2376 μὴ
1275 2340 1477 2375 ἐπιγινώσκειν,
1502 2341 1545 2368 ἵνα
1568 2341 1686 2376 πόλεμόν
1710 2349 1769 2367 τινα
1793 2341 1819 2366 ἐν

1029 2389 1090 2420 ταῖς
1105 2387 1236 2419 διανοίαις
1257 2387 1311 2414 τῶν
1325 2387 1510 2422 ἠπατημένων
1530 2387 1695 2422 ἑνστήσηται
1710 2387 1766 2418 τοῖς
1781 2394 1820 2411 voc

1032 2434 1157 2469 μίζουσιν
1178 2431 1247 2460 εἶναί
1267 2442 1293 2460 τι
1324 2433 1392 2468 μετὰ
1421 2432 1467 2459 τὸν
1492 2432 1557 2459 ὅντα
1571 2452 1578 2464 ,
1602 2432 1649 2458 καὶ
1679 2432 1718 2463 ὠς
1737 2432 1818 2458 εἰπεῖν

1031 2481 1064 2506 ὲκ
1077 2479 1123 2506 δύο
1146 2479 1240 2515 ῥιζῶν,
1267 2479 1283 2516 ἢ
1300 2479 1347 2507 δύο
1362 2478 1454 2515 ἀρχῶν
1479 2478 1649 2514 ἐνεργεῖσθαι
1676 2479 1710 2505 τὰ
1724 2478 1817 2518 πάντα.

1031 2526 1099 2561 ὅπερ
1115 2526 1173 2552 ἐστὶ
1189 2526 1299 2552 πάντων
1320 2525 1533 2552 δυσσεϐέστατον
1548 2524 1594 2551 καὶ
1611 2523 1817 2560 μοχθηρότατον.

1038 2572 1118 2599 Ἀλλά
1139 2572 1202 2607 περὶ
1223 2571 1318 2598 τούτου
1344 2568 1421 2602 αὖθις
1447 2570 1513 2605 ἐρῶ.
1544 2570 1589 2597 Ἐν
1611 2569 1716 2602 τούτοις
1736 2570 1788 2606 γὰρ
1806 2571 1819 2597 ὁ

1031 2617 1230 2653 προειρημένος
1257 2616 1406 2648 Σκυθιανὸς
1427 2615 1579 2650 τυφλωθεὶς
1611 2616 1662 2651 τὴν
1693 2615 1817 2646 διάνοιαν,

1031 2664 1122 2691 λαϐὼν
1134 2663 1210 2700 παρὰ
1223 2663 1381 2698 Πυθαγόρου
1398 2662 1447 2694 τὰς
1464 2663 1625 2698 προφάσεις,
1642 2661 1730 2694 οὕτως
1742 2661 1818 2697 ἐφρό-

1069 2742 1125 2778 (15)
1142 2743 1196 2775 Είς
1208 2741 1350 2776 ’Υψηλὴν
1364 2741 1463 2768 πόλιν.
1483 2739 1639 2770 Stephanus
1653 2747 1659 2754 '
1697 2737 1816 2774 Ὑψηλίς

1033 2778 1114 2815 κώμη
1128 2778 1279 2813 Αἰγύπτου.
