1939 3036
101 224 178 252 νησε,
197 214 244 242 καὶ
267 213 376 250 βίϐλους
391 213 526 248 τέσσαρας
543 212 600 247 (14)
620 211 710 247 ἐαυτῷ
730 211 894 238 πλάσσεται·
912 213 934 241 Α

106 263 134 297 τῇ
163 261 212 297 μιᾷ
228 259 315 295 ὅνομα
335 259 449 295 Θέμενος
467 258 660 292 Μυστηρίων,
687 258 720 293 τῇ
743 257 771 283 δὲ
786 257 899 293 δευτέρᾳ

103 308 291 343 Κεφαλαίων,
321 306 355 341 τῇ
383 305 464 341 τρίτῃ
493 304 691 339 Εὐαγγέλιον,
721 304 755 339 τῇ
781 303 899 339 τετάρτῃ

102 352 289 387 Θησαυρῶνο
318 352 347 378 ὲν
370 348 414 382 αἷς
437 350 472 377 τὰ
492 349 605 384 ἰσόζυγα
624 350 672 376 καὶ
699 348 734 376 τὰ
766 350 900 385 mappam

103 399 150 425 δύο
170 397 263 434 ἀρχῶν
289 396 421 429 συζεύξας
443 395 578 430 πρόσωπα
603 394 664 421 καθ’
688 393 808 428 ἑκάστην
834 393 901 420 ὑπό-

103 445 191 475 θεσιν,
217 442 304 474 οὕτως
329 441 473 468 ὑπολαϐὼν
490 441 505 467 ὁ
530 440 632 472 τάλας.
649 440 696 467 καὶ
720 439 807 472 οὕτως
830 439 901 467 κατὰ

104 489 184 515 τοῦτο
199 488 230 514 τὸ
247 488 328 523 μέρος
349 487 526 522 ὲφαντάζετο,
550 486 587 518 ὦς
613 495 640 513 τι
666 486 739 522 μέγα
759 485 846 521 εὑρὼν
861 484 901 520 τῷ

105 533 166 568 βίῳ.
186 533 241 560 Καὶ
265 533 304 567 τῷ
324 532 382 558 ὖντι
403 531 475 567 μέγα
491 531 576 558 κακὸν
602 531 700 567 εὖρατο
717 531 756 567 τῷ
774 531 824 566 βίῳ
839 530 900 558 καθ’

105 579 204 606 ἑαυτοῦ
221 579 269 606 καὶ
283 577 337 605 τῶν
351 578 385 604 ὑπ
396 574 403 584 “
412 577 495 604 αἱ.τοῦ
509 577 703 613 πλανωμένων.

141 671 180 697 Γ’.
197 669 306 705 Ἐπειδὴ
320 669 348 695 δὲ
361 669 374 695 6
386 668 455 704 ἀνὴρ
465 668 494 694 ἐν
506 667 612 699 τούτοις
625 665 669 703 ἦν,
679 666 793 702 ἀκηκόει
807 664 902 700 δὲξπῶς

106 719 130 744 οἱ
148 717 287 752 προφῆται
297 735 305 747 .
319 715 366 742 καὶ
382 715 396 741 ό
410 715 492 750 νόμος
507 714 693 750 προεφήτευον
711 713 777 749 περὶ
791 713 840 747 τῆς
853 711 901 738 τοῦ

106 761 210 796 κόσμου
227 760 400 792 συστάσεως,
415 759 462 785 καὶ
480 759 544 794 περὶ
563 758 609 785 τοῦ
626 758 686 790 ὲνδς
701 759 748 785 καὶ
765 758 901 793 μονάρχου

106 806 155 834 τοῦ
170 807 214 833 ἀεὶ
225 805 311 837 ὄντος,
327 805 375 832 καὶ
390 804 427 841 μὴ
438 804 622 836 διαλείποντος
638 804 684 831 τοῦ
701 801 771 831 εἶναι
782 803 901 839 Πατρδς,

109 854 158 881 καὶ
173 852 221 879 τοῦ
238 851 321 879 αὑτοῦ
337 850 412 882 Υἱοῦ,
431 850 536 877 καὶτοῦ
551 850 630 882 ἁγίου
647 849 818 885 Πνεύματος,
834 848 901 883 ἠθέ-

106 900 174 936 λησε
200 897 378 933 περιττοτὲρᾳ
406 896 460 923 τινὶ
485 896 635 932 φερόμενος
662 894 830 931 ἡδυπαθείᾳ,
856 894 904 921 καὶ
920 900 940 927 Β

106 944 181 971 κατὰ
197 943 243 970 τὸν
259 942 392 969 ἰδιωτικὸν
404 941 487 968 αὑτοῦ
507 941 569 968 νοῦν
584 941 777 973 ἐπιτωθάζων,
792 940 840 967 καὶ
857 939 904 975 βα.-

109 992 168 1027 ρείς
187 989 319 1026 στρήνους
344 989 373 1015 ὲν
396 987 485 1023 ἑαυτῴ
506 987 640 1023 ἀγόμενος
653 1008 661 1020 ,
680 986 842 1014 στέλλεσθαι
856 986 905 1021 τὴν

108 1036 223 1074 πορείαν
238 1035 284 1062 ἐπὶ
304 1034 339 1062 τὰ
364 1034 539 1070 Ἰεροσόλυμα
556 1034 621 1069 περὶ
640 1033 704 1065 τοὺς
720 1032 832 1068 χρόνους
852 1032 905 1059 τῶν

110 1082 269 1111 ἀποστόλων
289 1081 356 1117 (15),
383 1080 421 1112 ὡς
444 1079 525 1116 δῆθεν
553 1080 643 1106 ἐκεῖσε
670 1078 832 1114 ποιούμενος
860 1077 906 1104 τὸν

110 1129 190 1164 λόγον
205 1128 269 1164 περὶ
283 1127 347 1159 τοὺς
359 1126 393 1153 τὰ
405 1126 452 1153 ἐπὶ
467 1125 617 1162 μοναρχίας
634 1124 820 1160 κηρύττοντας
830 1143 838 1156 ,
858 1123 906 1150 καὶ

110 1176 165 1203 τῶν
187 1175 234 1202 τοῦ
257 1173 326 1201 Θεοῦ
350 1173 519 1209 κτισμάτων.
551 1172 580 1198 'U
604 1171 633 1198 δὲ
651 1171 756 1202 τάλας.
773 1169 905 1202 ἀνελθὼν,

110 1221 283 1249 ἁντιϐάλλειν
301 1220 403 1256 ἤρξατο
418 1219 485 1255 πρὸς
505 1218 568 1249 τοὺς
587 1218 676 1243 ἐκεῖσε
691 1215 905 1252 πρεσϐυτέρους,

110 1269 175 1300 τοὺς
190 1267 262 1295 κατὰ
275 1266 324 1302 τὴν
338 1265 499 1301 νομοθεσίαν
512 1263 580 1290 Θεοῦ
593 1263 643 1299 τὴν
654 1262 693 1298 τῷ
705 1262 807 1297 Μωῡσῇ
821 1261 907 1288 δοθεῖ-

113 1324 174 1346 σαν,
196 1314 243 1341 καὶ
264 1313 422 1349 προφητικῇ
443 1311 559 1338 ἑκάστου
585 1309 724 1345 προφήτου
748 1307 908 1344 διδασκαλίᾳ

113 1361 250 1397 βιοῦντας.
267 1360 326 1386 ’Ὁτι
339 1378 347 1391 ,
365 1357 428 1389 Πῶς
441 1365 509 1392 φατε
519 1356 568 1382 ἕνα
583 1355 649 1382 Θεὸν
661 1355 812 1390 ποιήσαντα
822 1353 908 1381 νύκτα

112 1416 144 1434 τε
161 1407 208 1434 καὶ
225 1405 341 1441 ἡμέραν,
356 1404 445 1440 σάρκα
464 1411 494 1429 τε
512 1402 559 1429 καὶ
575 1400 675 1437 ψυχὴν,
697 1401 779 1436 ξηρόν
804 1409 834 1427 τε
861 1400 909 1427 καὶ

114 1453 210 1490 ὑγρὸν,
223 1451 338 1487 οὐρανόν
353 1458 384 1477 τε
399 1449 444 1476 καὶ
457 1449 520 1484 γῆν,
535 1447 631 1479 σκότος
657 1455 686 1474 τε
703 1447 750 1474 καὶ
773 1446 848 1481 φῶς;
876 1446 908 1472 υἱ

114 1499 145 1526 δὲ
168 1498 263 1531 σαφῶς
278 1496 424 1524 ἐδείκνυον.
446 1494 483 1522 Οὐ
497 1493 551 1529 γὰρ
564 1494 581 1529 ὴ
602 1491 718 1528 ἀλήθεια
731 1491 909 1527 παρακέκρυ-

116 1555 198 1573 πται.
212 1541 247 1572 Ὀ
261 1544 290 1571 δὲ
305 1542 453 1577 ἀντιλέγων
466 1541 516 1568 οὐκ
527 1539 668 1576 ᾐσχύνετο.
686 1539 778 1574 Μηδὲν
794 1538 822 1565 δὲ
833 1538 910 1565 δυνά-

118 1600 202 1628 μενος
215 1590 386 1626 περαιῶσαι,
402 1573 480 1624 δμως
558 1573 736 1621 ἀναισχυντία
756 1585 805 1620 τῆς
828 1583 909 1620 χαλε·
923 1573 946 1604 C

116 1639 236 1674 πότητος
252 1635 374 1672 ἐφέρετο.
397 1634 440 1666 Ὡς
459 1633 487 1660 δὲ
501 1633 552 1659 οὑκ
567 1632 660 1668 ἴσχυσέ
675 1640 701 1658 τι
713 1630 821 1674 ὰνῦσαιέ
842 1629 910 1674 ἀλλὰ

117 1681 149 1709 τδ
163 1671 245 1717 ἦττον
258 1679 358 1716 μᾶλλον
374 1678 560 1714 ἀπηνέγκατο,
577 1676 741 1712 ἐπετήδευσε
756 1675 790 1702 δι’
803 1671 841 1702 ὧν
853 1673 910 1710 εἶχε

120 1726 245 1763 μαγικῶν
261 1725 371 1761 βιὸλίων
386 1725 394 1759 (
406 1723 454 1751 καὶ
467 1723 521 1758 γὰρ
544 1722 593 1750 καὶ
604 1722 669 1758 γόης
681 1722 714 1758 ἦν
727 1721 781 1748 ἀπὺ
792 1721 842 1756 τῆς
856 1720 911 1747 τῶν

126 1772 213 1799 Ἰνδῶν
229 1771 277 1799 καὶ
292 1770 448 1805 Αἰγυπτίων
469 1769 515 1796 καὶ
535 1767 684 1804 ὲθνομύθου
708 1767 803 1802 σοφίας
825 1767 912 1802 ἐμπο-

121 1818 288 1854 ρευσάμενος
305 1816 340 1843 τὰ
361 1815 435 1855 δεινὰ
454 1815 502 1842 καὶ
529 1815 658 1849 ὀλετήρια
677 1813 727 1848 τῆς
750 1810 910 1848 γοητείας),

119 1863 272 1899 φαντασίαν
290 1861 351 1889 τινὰ
365 1861 411 1888 ἐπὶ
430 1859 555 1895 δώματος
571 1858 690 1886 ἀνελθὼν
709 1857 758 1885 καῖ
771 1856 913 1893 ἐπιτηδεύ-

121 1919 182 1941 σας.
203 1910 279 1945 ὅμως
299 1908 375 1935 οὐδὲν
400 1906 528 1942 ἰσχύσας,
546 1905 614 1932 ἀλλὰ
633 1903 798 1932 καταπεσὼν
819 1905 851 1930 ὲκ
864 1903 912 1930 τοῦ

120 1955 256 1991 δώματος,
270 1953 342 1980 τέλει
355 1952 401 1980 τοῦ
418 1952 476 1988 βίου
491 1951 638 1987 ἐχρήσατο.
653 1948 708 1977 Ἦν
723 1950 752 1976 δὲ
767 1949 911 1985 διατρίψας

122 2001 180 2027 ἐκεῖ
202 1998 282 2031 ικανὰ
302 1998 361 2034 ἐτη,
386 1997 509 2034 μαθητὴν
531 1997 560 2023 δὲ
583 1996 653 2032 ἔχων
677 1995 725 2023 Eva
749 1995 830 2031 μόνον
853 1995 913 2030 μεθ’

122 2044 231 2078 ἑαυτοῦ,
248 2044 294 2071 τὸν
315 2043 514 2080 προειρημένον
530 2041 689 2078 Τέρὸινθον,
706 2038 728 2076 ᾧ
744 2042 792 2069 καὶ
806 2041 841 2069 τὰ
861 2041 914 2069 ἴδια

123 2091 283 2119 ἐπίστευσεν
303 2089 340 2122 ὼς
355 2088 557 2124 πιστικωτάτῳ,
575 2089 622 2115 καὶ
635 2089 696 2115 κατ’
721 2087 827 2116 εὖνοιαν
840 2087 915 2123 αὐτῷ

122 2135 383 2173 ὲξυπηρετουμένῳ·
402 2135 441 2168 ὃς,
457 2131 672 2170 ’τελευτήσαντος
689 2133 738 2161 τοῦ
754 2133 914 2166 Σκυθιανοῦ,

122 2182 232 2219 κηδεύει
250 2182 299 2217 μὲν
312 2181 392 2208 αὐτὸν
408 2180 652 2216 φιλοφρονέστατα,
667 2179 714 2206 καὶ
732 2179 821 2214 θάψας
845 2179 916 2206 axe-

124 2238 222 2256 πτεται
239 2228 277 2264 μὴ
291 2228 359 2263 πρὸς
381 2227 412 2254 τὸ
427 2227 539 2262 γύναιον
552 2225 726 2261 ἀνακάμψαι,
741 2225 771 2252 τὸ
789 2225 839 2261 ήδη
861 2225 916 2252 ἀπὸ

123 2259 254 2310 πορνείας
271 2259 334 2309 tu};
350 2259 544 2312 αἰχμαλωσίας
568 2271 608 2307 τῷ
639 2259 781 2307 Σκυθιανῷ
801 2259 916 2308 ’συνημ-
933 2259 954 2286 D

125 2320 216 2356 μένον.

491 153 677 183 ΛῡνΙοζῐὶὸυδ
697 153 870 182 ΙΙΛΞΒΕΒΕΞ
890 153 909 181 ι

978 153 1010 181 ll.
1031 152 1114 182 TOM.
1134 153 1166 182 ll.
1187 169 1221 174 —
1242 152 1381 180 lleliES.
1401 151 1494 180 LXVI.

1659 155 1739 182 “'54

947 215 1009 239 ctus
1023 210 1159 246 ejusmodi
1175 210 1320 246 opiniones
1335 209 1432 237 habuit
1446 229 1454 241 ,
1477 215 1509 235 ac
1526 207 1610 235 .ibros
1627 211 1742 242 quatuor

951 257 1117 292 conscripsit
1145 267 1151 284 :
1179 264 1296 292 quorum
1322 263 1407 283 unum
1438 254 1626 289 Mystcl'iorttm
1649 253 1752 280 insert.

951 303 1024 338 psit,
1039 303 1154 330 alterum
1171 302 1296 336 Cupitum
1310 321 1317 333 ,
1332 301 1443 329 tertiqu
1459 299 1648 335 Evangelium,
1661 305 1750 333 quar-

951 353 1009 376 tum
1026 349 1235 376 Tltesaurorum.
1257 347 1285 375 In
1301 348 1335 375 iis
1357 347 1434 383 paria
1457 351 1540 382 atque
1559 346 1674 381 aequalia
1690 344 1753 372 duo

951 395 1086 430 principia
1116 401 1302 430 personasque
1327 394 1354 422 in
1380 400 1547 428 unoquoque
1582 397 1752 427 argumento

951 440 1096 476 copulans,
1113 441 1150 467 ita
1166 440 1220 468 sibi
1242 442 1418 476 persuaserat
1433 439 1527 470 miser,
1550 438 1642 473 itaque
1656 437 1751 464 hacin

951 490 1029 521 parte
1044 485 1209 517 somniabat,
1225 491 1354 520 magnum
1367 492 1381 510 a
1399 491 1429 511 se
1444 483 1573 518 quiddam
1589 482 1617 509 in
1630 483 1685 509 vita
1703 489 1751 509 re.

952 535 1068 565 pertum.
1089 529 1122 556 Et
1144 537 1209 557 vero
1229 536 1358 564 magnum
1387 535 1454 555 sane
1484 528 1586 554 malum
1615 527 1642 554 in
1668 533 1745 553 suam

951 584 1112 612 eorumque,
1127 576 1227 612 quibus
1243 575 1383 611 imposuit,
1400 575 1548 610 perniciem
1562 574 1590 601 in
1604 573 1687 601 vitam
1706 573 1748 602 iu-

953 623 1036 651 vexit.

989 669 1032 696 lll.
1053 669 1126 696 Inter
1143 668 1201 696 inec
1214 676 1276 695 cum
1296 668 1421 696 audisset
1442 667 1637 703 prophetarum
1658 673 1690 694 ac
1705 666 1752 694 le-r

953 715 994 751 gis
1017 715 1137 742 oraculis
1168 714 1263 741 mundi
1289 714 1526 749 procreationem,
1552 717 1635 748 atque
1662 721 1748 740 unum

954 761 1098 795 solumque
1111 760 1235 787 omnium
1256 760 1409 794 principem
1431 759 1689 794 moderatoremque
1703 766 1751 785 ce-

954 807 1074 838 lebrari,
1098 807 1145 842 qui
1169 810 1196 834 et
1221 813 1330 841 semper
1353 805 1509 837 exsisteret,
1539 812 1590 832 nec
1612 805 1750 832 desineret

955 860 1088 888 unquam,
1111 851 1222 880 Patrem
1246 852 1362 884 scilicet,
1386 859 1418 879 ac
1434 850 1534 878 Filium
1563 855 1590 879 et
1617 849 1746 886 Spiritum

953 900 1037 936 620
1059 903 1187 927 sanctum
1198 918 1206 931 ,
1228 898 1476 926 abundantioribus
1491 901 1518 924 et
1535 897 1627 925 nimiis
1641 895 1747 924 deliciis

955 946 1100 982 impulsus,
1118 951 1200 980 atque
1214 948 1242 971 ut
1257 944 1319 971 rudi
1340 943 1524 978 imperitoquc
1543 946 1604 970 erat
1627 941 1748 976 ingenio,

954 991 1086 1018 cavillans
1109 998 1142 1018 ac
1166 990 1371 1018 vehementiore
1391 990 1457 1017 luxu
1478 988 1595 1020 fractus,
1620 987 1745 1015 Hieroso-

955 1037 1054 1072 lymam
1071 1036 1122 1063 sub
1138 1035 1323 1070 apostolorum
1342 1039 1466 1070 tempora
1485 1034 1621 1070 proﬁcisci
1642 1033 1749 1065 statuit,

956 1086 987 1110 ut
1001 1082 1057 1109 illic
1077 1089 1234 1110 sermonem
1251 1089 1313 1109 cum
1331 1081 1364 1109 iis
1381 1081 1529 1111 conferret,
1545 1081 1592 1115 qui
1608 1087 1639 1107 ea
1652 1078 1749 1114 prmdi-

956 1131 1061 1160 carent,
1095 1136 1155 1163 quae
1169 1127 1202 1155 ad
1226 1128 1308 1155 unius
1328 1127 1510 1162 principatum
1532 1133 1631 1161 resque
1658 1132 1673 1151 a
1687 1123 1751 1155 ,Deo

956 1174 1081 1202 conditas
1099 1175 1277 1209 pertinerent.
1298 1174 1393 1208 Itaque
1417 1173 1583 1207 simulatque
1606 1171 1639 1198 ad
1657 1170 1751 1198 urbem

957 1221 1030 1248 illam
1060 1220 1190 1253 accessit,
1213 1227 1277 1247 cum
1300 1219 1479 1255 presbyteris,
1504 1218 1551 1253 qui
1580 1217 1636 1244 illic
1661 1219 1752 1246 erant,

957 1267 1059 1303 quique
1076 1275 1110 1295 ex
1128 1267 1195 1302 legis
1208 1274 1223 1294 a
1238 1266 1294 1294 Deo
1312 1266 1380 1293 Mosi
1413 1265 1522 1292 traditae
1536 1272 1569 1292 ac
1586 1263 1752 1300 proplieticm

958 1313 1110 1348 disciplina:
1139 1313 1302 1348 praescripto
1325 1313 1410 1340 vitam
1442 1311 1633 1341 instituebant,
1659 1309 1752 1344 dispu-

958 1362 1017 1385 tare
1041 1358 1132 1392 cmpit.
1156 1357 1208 1391 Qui
1231 1358 1317 1390 enim,
1333 1357 1443 1390 aiebat,
1468 1364 1554 1384 unum
1580 1363 1642 1384 esse
1668 1355 1754 1382 Deum

959 1404 1096 1437 asseritis,
1112 1403 1158 1438 qui
1179 1407 1287 1431 noctem
1303 1403 1433 1438 diemque
1462 1401 1628 1434 condiderit,
1647 1408 1754 1428 necnon

959 1457 1071 1476 carnem
1095 1452 1122 1476 et
1140 1449 1272 1482 animam,
1297 1448 1403 1476 siccum
1431 1452 1458 1475 et
1475 1447 1630 1480 humidum,
1655 1447 1755 1474 uelum

960 1498 1040 1530 atque
1056 1499 1168 1526 terram,
1194 1493 1322 1522 tenebras
1335 1501 1368 1522 ac
1389 1494 1500 1522 lucem?
1523 1493 1602 1526 Quod
1636 1500 1696 1521 cum
1715 1493 1756 1520 illi

961 1546 1053 1577 aperte
1076 1541 1311 1573 demonstrarent;
1327 1549 1416 1576 neque
1431 1541 1504 1568 enim
1523 1539 1632 1568 occulta
1654 1540 1757 1567 veritas

960 1593 1017 1620 est;
1033 1591 1129 1614 contra
1143 1587 1187 1614 ille
1202 1586 1263 1615 sine
1277 1587 1333 1614 ullo
1344 1586 1448 1622 pudore
1461 1586 1637 1614 contendere.
1656 1585 1756 1613 Verum

962 1633 1008 1661 ubi
1029 1633 1097 1660 nihil
1114 1632 1234 1669 prolicit,
1255 1632 1283 1660 in
1303 1632 1398 1661 eadem
1421 1632 1602 1661 nihilominus
1626 1632 1759 1660 molestia:

961 1675 1129 1714 impudentia
1151 1679 1282 1714 persistit.
1296 1678 1438 1706 Postremo
1460 1686 1523 1706 cum
1546 1678 1614 1705 nihil
1638 1678 1758 1706 elliceret

961 1726 1094 1757 omnino,
1123 1723 1173 1751 sed
1204 1724 1295 1751 victus
1321 1723 1412 1758 potius
1441 1722 1620 1756 abscederet,
1643 1722 1759 1757 magicis

961 1769 1128 1805 quibusdam
1143 1769 1219 1797 libris
1235 1769 1365 1797 adhibitis
1386 1769 1457 1804 (erat
1470 1769 1543 1796 enim
1560 1767 1758 1796 maleﬁciorum

962 1816 1077 1851 peritus,
1091 1823 1123 1842 ac
1142 1815 1328 1851 perniciosam
1344 1815 1419 1842 illam
1440 1818 1468 1842 et
1487 1814 1652 1842 exitiabilem
1670 1818 1758 1841 artem

962 1869 997 1890 ex
1019 1858 1148 1889 lndo'rum
1177 1865 1204 1889 et
1227 1860 1418 1897 Egyptiorum
1441 1860 1639 1897 gentiliumque
1671 1859 1758 1888 disci-

963 1908 1037 1944 plina
1063 1908 1138 1935 velut
1168 1908 1377 1936 mercimonium
1407 1907 1548 1943 quoddam
1573 1907 1759 1942 abstulerat),

964 1953 1113 1989 praestigiis
1137 1952 1253 1980 illudere
1275 1956 1392 1980 conatus
1411 1956 1472 1985 est;
1491 1959 1522 1979 ac
1538 1951 1620 1979 domo
1641 1951 1759 1987 quadam

965 2007 1116 2028 conseensa
1133 2000 1219 2028 nihilo
1235 1999 1321 2035 magis
1332 1999 1406 2035 quod
1423 1998 1531 2027 volebat
1548 2001 1694 2026 assecutus
1706 2001 1760 2025 est.

965 2045 1072 2081 Quippe
1089 2045 1153 2073 inde
1177 2053 1299 2081 prteceps
1322 2045 1453 2073 decidens
1466 2052 1501 2072 ex
1518 2043 1571 2071 hac
1584 2043 1639 2071 vita
1658 2042 1761 2078 migra-

965 2092 1022 2123 vit,
1047 2099 1111 2126 cum
1133 2092 1234 2120 multos
1254 2092 1310 2120 illic
1335 2099 1423 2120 annos
1443 2091 1563 2126 egisset,
1579 2093 1662 2124 atque
1677 2096 1761 2116 unum

966 2138 1156 2166 tantummodo
1175 2146 1269 2166 secum
1291 2138 1457 2173 discipulum
1472 2137 1631 2167 habuisset.
1647 2134 1764 2163 ’l‘erbin-

968 2184 1044 2212 thum
1053 2183 1180 2212 videlicet
1188 2185 1275 2217 illum,
1285 2192 1366 2220 quem
1375 2183 1504 2215 diximus,
1515 2182 1560 2210 cui
1573 2186 1600 2209 et
1609 2189 1658 2210 sua
1668 2180 1762 2207 omnia

967 2229 1042 2257 velut
1075 2229 1210 2257 fidissimo
1244 2229 1558 2262 benevolentissimoque
1598 2225 1763 2253 administro

969 2275 1117 2302 commisit.
1144 2274 1193 2302 llic
1214 2279 1352 2302 mortuum
1371 2274 1550 2310 Scytbianum
1571 2280 1653 2309 quam
1674 2272 1764 2298 hono-

970 2320 1173 2348 riﬁcentissime
1202 2319 1336 2355 sepelivit.
1360 2319 1430 2362 :l‘um
1455 2319 1527 2355 apud
1549 2327 1580 2347 se
1608 2318 1763 2346 deliberans

124 2366 221 2394 statuit
240 2365 274 2393 ad
305 2365 377 2393 illam
409 2364 597 2393 mulierculam
620 2372 676 2393 non
697 2365 808 2398 reverti,
841 2373 924 2401 quam
952 2374 967 2395 e
999 2367 1155 2396 meretricio
1173 2371 1280 2403 quastu
1306 2374 1338 2395 ac
1362 2367 1494 2396 servitute
1517 2366 1571 2394 sibi
1596 2364 1764 2401 Scythiauus

123 2415 300 2450 adiunxerat.

160 2461 242 2488 Ἀλλὰ
262 2460 466 2496 ἀποδιδράσκει,
489 2460 579 2488 λαϐὼν
603 2459 693 2487 πάντα
718 2459 824 2495 ὅσαπερ
843 2457 917 2495 εἶχε,

124 2507 226 2544 χρυσόν
248 2515 278 2534 τε
298 2507 346 2534 καὶ
366 2507 497 2543 ἄργυρον,
513 2506 560 2533 καὶ
583 2505 618 2532 τὰ
636 2505 723 2537 ἄλλα,
737 2505 777 2537 είς
797 2506 846 2541 τὴν
864 2505 918 2532 τῶν

126 2552 239 2588 Περσῶν
253 2552 356 2588 χώραν,
372 2552 468 2580 ἑαυτοῦ
481 2552 512 2579 τὸ
527 2553 624 2588 ὄνομα,
640 2551 684 2578 ἵνα
699 2551 737 2587 μὴ
756 2552 919 2588 κατάφωρος

125 2600 249 2634 γένηται,
266 2599 328 2626 ἀντὶ
341 2599 506 2635 Τερὸίνθου,
518 2599 556 2631 ὡς
572 2599 629 2626 ἄνω
643 2607 688 2635 μοι
704 2598 917 2634 προδεδήλωται,

126 2645 244 2673 Βουδδᾶν
267 2644 356 2681 ἑαυτῷ
379 2644 540 2681 ἐπιθέμενος
561 2644 656 2680 ὄνομα.
677 2641 763 2676 Uine;
782 2644 812 2670 δὲ
837 2643 919 2672 πάλιν

155 2723 211 2760 (ll)
221 2723 410 2764 Καίβίσλους
419 2723 582 2764 τέσσαρςις.
592 2722 671 2784 Δίριιςί
681 2721 793 2766 διιῐιμιιη
801 2725 921 2763 quatuor

155 2766 261 2784 orornm
274 2763 390 2784 istorum
400 2762 497 2784 auctor
506 2759 591 2784 finisse
626 2762 708 2784 lClllll'
722 2757 919 2784 'lcrcblntlius.

127 2757 261 2786 librorum
273 2759 390 2787 istorum
400 2762 497 2786 auctor
506 2758 591 2786 fuisse
606 2757 708 2785 dicitur
722 2757 919 2790 'l‘crebintlius,

126 2794 184 2822 sive
200 2793 324 2827 Buddas;
339 2801 456 2828 quorum
470 2793 552 2821 etiam
569 2793 637 2820 ordo
655 2793 737 2828 aliter
752 2793 918 2821 instituitur.

126 2828 195 2856 Nam
208 2829 315 2864 primus
329 2827 373 2856 est
388 2828 599 2864 Mysteriartgm,
609 2827 749 2856 secundus
765 2828 903 2864 Evangelii
912 2849 919 2862 ,

127 2863 228 2903 ter-tius
241 2863 370 2903 [Ιιεςαιιγι
380 2884 388 2896 ,
406 2867 521 2903 quartus
533 2863 669 2903 Cupitum.
717 2886 722 2895 ,

164 2898 222 2932 με)
240 2898 390 2934 Περίτοὺς
406 2897 536 2934 κρόνους
551 2897 610 2926 τῶν
625 2898 819 2934 ,ἀποστόλωη
837 2897 920 2927 Com-

1006 2457 1100 2494 Itaque
1121 2465 1184 2485 cum
1195 2457 1323 2486 omnibus
1337 2465 1398 2493 qua:
1413 2457 1542 2490 habebat,
1561 2465 1629 2485 auro
1645 2449 1774 2490 scilicet.‘

971 2508 1094 2540 argento,
1105 2503 1266 2539 ceterisque
1274 2504 1371 2539 copiis,
1388 2504 1415 2532 in
1427 2504 1566 2532 Persidem
1580 2504 1695 2540 aufugit.
1710 2504 1759 2536 lbi,

972 2558 1007 2578 ne
1017 2550 1276 2586 deprehenderetur,
1293 2554 1399 2578 mutato
1414 2550 1536 2583 nomine,
1552 2558 1602 2586 pro
1611 2549 1763 2578 Terbintlio

972 2596 1094 2623 Buddam
1110 2603 1150 2628 se,
1172 2596 1212 2624 uti
1232 2596 1363 2629 diximus,
1387 2597 1515 2632 appellat.
1533 2597 1623 2631 Atque
1637 2596 1681 2623 hic
1699 2603 1764 2631 pes-

972 2644 1070 2672 simam
1089 2651 1186 2672 rursus
1200 2648 1319 2679 quatuor
1346 2643 1456 2671 iliorum
1475 2642 1616 2678 Scythiani
1632 2641 1764 2669 librorum

968 2722 1049 2750 mode
1074 2722 1146 2764 istud
1169 2721 1359 2764 accipiendum
1374 2726 1425 2762 est,
1447 2726 1476 2749 ut
1493 2720 1680 2764 apostolorum
1697 2724 1768 2764 tem-

1008 2765 1037 2784 ra
1055 2763 1144 2790 vocet,
1156 2765 1218 2793 quas
1231 2757 1285 2785 illis
1302 2757 1426 2792 proxima
1442 2762 1518 2790 sunt;
1537 2764 1599 2783 nam
1615 2759 1768 2793 utapostof

981 2800 1012 2821 os
1043 2793 1144 2821 viderit
1168 2790 1538 2829 'Scythianius,nequaquam
1570 2790 1703 2829 procedit,
1728 2791 1768 2819 uti

970 2832 1066 2892 postia
1081 2826 1231 2863 constabit,
1251 2835 1314 2856 cum
1327 2828 1360 2856 de
1373 2826 1516 2855 Mainichtei
1535 2830 1658 2862 tempore
1670 2827 1768 2863 dispu~

984 2871 999 2891 a
1021 2872 1028 2892 ι
1043 2871 1085 2892 ur.

972 2865 1085 2892 tabitur.
