1939 3036
169 123 205 152 35

170 188 203 208 ac
215 178 383 215 magicarum
403 182 502 206 artium
514 181 541 206 et
559 176 760 213 pnestigiarum
779 177 963 206 luereditatem
979 183 1000 210 Α

878 119 907 147 S.
930 118 1100 148 EPlPllAlill

1777 120 1816 146 τις

1014 178 1076 214 ἔσχε
1093 178 1182 214 κακὴν
1194 178 1320 214 διαδοχὴν
1334 179 1526 214 κληρονομίας,
1541 178 1574 205 τὰ
1586 178 1706 214 τέσσαρα
1720 178 1816 214 βιὸλία

169 226 250 254 adiit.
274 224 347 252 ldem
369 225 441 251 cnim
465 224 617 251 litterarum
640 224 763 258 apprime
783 223 882 251 studiis
901 228 961 251 erat

1021 225 1059 251 τοῦ
1079 225 1229 252 Σκυθιανοῦ
1254 226 1301 252 καὶ
1323 225 1358 251 τὰ
1377 225 1426 260 τῆς
1451 224 1814 260 μαγείαςέπιτηδεύματα.

169 271 308 299 eruditus.
329 270 382 298 Sed
409 278 471 297 eum
496 270 522 296 in
548 269 662 296 Perside
678 273 704 296 et
719 269 777 304 ipse
799 270 961 305 disputaret,

172 322 257 352 atque
270 316 341 352 apud
355 316 464 343 viduam
483 315 630 350 quamdam
652 315 792 346 habitans,
813 322 876 342 eum
895 315 962 342 wdi-

179 364 235 391 tuis
248 371 280 390 ac
306 362 496 390 sacerdotibus
521 361 636 391 Mithm.
660 361 687 388 in
706 361 856 395 primisque
875 359 963 387 Pareo

171 409 303 446 quodam,
325 417 358 437 ae
382 409 509 436 Labdaco
527 407 677 444 prophetis,
702 407 736 434 dc
755 407 835 442 621
855 407 964 434 duobus

172 454 316 491 principiis
330 453 519 485 contenderet,
540 460 628 488 neque
640 452 683 480 vel
708 452 871 479 idololatriae
892 452 964 479 auti-

173 501 286 528 stitibus
297 500 427 528 resistere
443 503 546 534 posset,
561 498 607 527 sed
620 498 655 526 ab
675 498 708 526 iis
725 498 883 533 turpissime
897 505 964 525 con-

174 548 264 575 victus
283 550 367 578 esset,
389 544 543 581 Scythiam,
570 553 651 580 quem
673 544 849 580 sequebatur,
871 552 965 572 exem-

173 593 218 627 plo
239 593 338 620 domus
355 591 494 627 fastigium
516 591 715 622 conscendens,
738 590 830 625 ibique
851 590 965 629 magicis

172 639 278 666 artibus
298 638 324 665 id
346 637 451 666 eﬂicere
473 637 599 669 studens,
621 644 655 664 ne
669 637 733 671 quis
762 636 814 663 sibi
837 636 965 670 deinceps

171 684 360 712 contradicere
377 684 499 716 auderet,
521 684 555 711 ab
584 683 681 719 angelo
705 682 830 717 dejeetus
853 682 964 714 cecidit,

173 735 256 766 atque
271 731 308 758 ob
324 737 356 759 ea
370 738 431 766 qure
445 729 609 757 moliebatur
625 729 758 756 maleficia
779 728 868 764 periit.
888 730 966 756 Anus

173 785 268 812 porro,
285 776 392 812 sepulto
407 776 482 804 illius
495 783 622 811 corpore,
640 775 784 810 pecuniam
796 782 904 802 omnem
917 775 966 802 ob-

174 822 268 849 tinuit.
297 821 364 854 Quae
389 820 500 856 quidem
523 828 587 847 cum
613 820 714 847 liberos
743 827 776 847 ac
798 820 967 855 propinquos

175 868 289 895 haberet
316 867 419 899 nullos,
456 866 502 893 diu
531 866 558 893 in
593 866 640 893 illo
670 869 743 894 statu
769 865 964 901 perseveravit.
984 861 1004 889 Β

174 912 295 940 Tandem
307 920 373 940 vero
387 912 547 945 Cubricum,
567 912 614 948 qui
637 916 665 940 et
683 911 777 939 Manes
798 911 888 940 dictus
910 916 963 944 est,

173 959 208 986 ad
225 958 357 994 obsequia
379 958 522 985 famularia
547 965 657 986 servum
687 957 811 985 eoemit:
836 957 880 984 cui
908 965 967 984 mo~

173 1005 248 1032 riens
261 1004 359 1031 malam
376 1004 449 1030 illam
463 1003 649 1031 haereditatem
668 1002 781 1038 perinde
795 1007 877 1038 atque
891 1003 966 1038 aspi-

173 1051 217 1079 dis
230 1051 315 1083 virus,
329 1050 477 1078 multorum
490 1049 524 1078 ad
540 1049 680 1078 interitum
699 1056 731 1076 ac
749 1049 898 1084 perniciem
919 1056 964 1077 re-

174 1097 265 1132 liquit.
356 1098 359 1101 ’

1013 269 1067 298 Ἷίν
1080 272 1135 307 γὰρ
1157 272 1204 298 καὶ
1217 268 1294 303 οὗτος
1316 272 1345 297 ἐν
1365 271 1528 306 γράμμασιν
1544 271 1745 306 ἐπιμελέστατα
1764 281 1816 298 πε-

1014 318 1203 353 παιδευμένος.
1228 318 1273 349 Ὧς
1288 317 1316 344 δέ
1334 317 1380 344 καὶ
1395 317 1478 349 αὐτὸς
1491 337 1497 349 ,
1514 317 1707 352 διαλεγόμενος
1725 319 1754 344 ἐν
1777 319 1814 353 τῇ

1015 363 1127 399 Περσῶν
1147 363 1239 399 χώρᾳ,
1258 363 1406 397 καταχθεὶς
1429 362 1497 398 πρὸς
1516 362 1605 398 γραῦν
1628 371 1688 389 τινα
1710 363 1814 397 χήραν,

1015 410 1061 436 καὶ
1084 410 1141 441 τοῖς
1162 409 1209 436 τοῦ
1242 409 1335 445 Μίθρα
1355 409 1502 444 νεωκόροις
1519 417 1547 435 τε
1573 409 1621 435 καὶ
1641 408 1743 444 ἱερεῦσι
1764 409 1816 435 τοῦ

1014 455 1136 489 εἰδώλου,
1157 455 1286 491 προφήτῃ
1305 455 1358 482 τινὶ
1381 455 1484 491 Πάρκῳ
1503 455 1550 482 καὶ
1572 455 1704 490 Λαϐδάκῳ
1732 455 1817 490 συξη-

1014 503 1100 537 τήσας
1117 502 1252 538 περὶτῶν
1275 501 1322 529 δύο
1342 502 1446 537 ἀρχῶν,
1471 502 1518 529 καὶ
1536 501 1574 537 μὴ
1592 501 1718 537 δυνηθεὶς
1743 496 1814 537 μήτε

1016 547 1067 574 κᾶν
1087 547 1156 583 πρὸς
1179 548 1244 579 τοὺς
1263 547 1313 583 τῆς
1335 547 1557 583 εἱδωλολατρείας
1582 547 1728 583 πρυτάνεις
1752 547 1816 574 δια-

1015 593 1143 628 λεχθῆναι
1156 612 1164 624 ,
1191 593 1248 620 ἀλλ’
1274 593 1379 628 ἐλέγχῳ
1396 593 1538 625 καταστὰς
1553 593 1619 629 παρ’
1641 593 1742 624 αὐτῶν,
1764 593 1817 620 καί¹

1015 635 1110 673 αἶσχος
1134 638 1375 674 ἀπενεγκάμενος,
1398 638 1530 670 ὡσαύτως
1554 637 1593 674 τῷ
1622 638 1817 674 προειρημένῳ

1017 684 1158 720 Σκυθιανῷ
1171 684 1206 711 τά
1222 685 1303 720 ὅμοια
1321 685 1470 720 φρονήσας,
1483 684 1528 711 ἐπὶ
1543 684 1573 711 τὸ
1586 684 1722 720 δωμάτιον
1738 685 1818 711 ἀνελ-

1017 730 1083 762 θὼν,
1099 730 1229 765 μαγεύειν
1243 740 1269 757 τι
1282 730 1362 766 δῆθεν
1383 730 1451 766 πρὸς
1468 730 1499 757 τὸ
1518 731 1555 766 μή
1572 739 1631 757 τινα
1648 730 1723 766 αὐτῷ
1738 731 1816 757 ἀντι-

1016 776 1106 811 λέγειν
1127 777 1324 812 ἐπιτηδεύσας,
1349 777 1402 804 ὑπὸ
1433 777 1550 811 ἀγγέλου
1580 777 1726 813 καταχθεὶς
1746 786 1815 805 κατ-

1018 822 1112 854 έπεσε,
1129 823 1177 850 καὶ
1194 823 1281 855 οὕτως
1296 823 1412 859 τέθνηκε
1426 823 1460 850 δι’
1477 824 1510 859 ἢν
1525 823 1656 858 ὴόούλετο
1670 824 1814 860 ἐπιχειρῆ-

1020 876 1064 895 σαι
1082 869 1215 904 μαντικὴν
1230 870 1382 906 ἐνέργειαν.
1406 870 1439 897 Ἠ
1458 869 1487 897 δὲ
1504 870 1602 906 γραῦς,
1618 871 1815 906 περιστείλασα

1018 913 1112 941 τούτου
1129 914 1159 941 τὸ
1180 915 1270 950 σῶμα,
1290 915 1344 942 τῶν
1368 905 1622 951 χρημάτωνναύτοῦ
1650 905 1678 942 ἐν
1701 915 1814 949 καθέξει

1015 960 1177 996 γεγένηται·
1206 962 1254 988 καὶ
1275 961 1312 997 μὴ
1338 961 1439 997 ἔχουσα
1460 962 1560 996 παῖδα,
1585 961 1653 997 μηδέ
1677 970 1739 988 τινα
1757 961 1815 988 τῶν

1014 1005 1207 1042 διαφερόντων,
1224 1006 1315 1042 ἔμεινε
1330 1008 1421 1044 πολλῷ
1442 1007 1482 1043 τῷ
1499 1008 1587 1044 χρόνῳ
1604 1007 1700 1040 οὔτως.
1715 1007 1817 1034 ’Υστε-

1015 1059 1061 1086 ρον
1084 1050 1113 1077 δὲ
1134 1051 1318 1087 προσελάϐετο
1341 1052 1482 1089 πριαμένη
1513 1052 1559 1079 τὸν
1578 1052 1743 1089 Κούόρικον,
1767 1052 1815 1079 τὸν

1013 1097 1060 1123 καὶ
1074 1097 1180 1133 Μάνην,
1204 1098 1287 1134 ἑαυτῇ
1304 1099 1372 1134 πρὸς
1391 1099 1543 1135 ὑπηρεσίαν
1555 1108 1561 1115 ·
1585 1099 1634 1126 καὶ
1657 1099 1815 1126 τελευτῶσα

173 1143 318 1170 κατέλιπεν
326 1141 399 1177 αὺτῷ
407 1141 441 1169 τὰ
451 1141 502 1177 τῆς
511 1142 599 1178 κακῆς
608 1141 799 1178 κληρονομίας,
807 1142 845 1173 ὡς
861 1141 899 1167 ίὸν
907 1141 961 1168 ἀπὸ
971 1143 1084 1175 ἀσπίδος
1097 1144 1314 1179 καταλειφθέντα
1321 1146 1361 1176 εἰς
1371 1145 1476 1172 πολλῶν
1486 1145 1589 1182 φθορὰν
1605 1146 1651 1173 καὶ
1665 1145 1814 1174 ἀπώλειαν.

208 1188 253 1217 ιγ.
284 1190 378 1224 Itaque
402 1189 550 1222 Cubricus,
580 1189 627 1224 qui
654 1197 684 1216 se
713 1188 820 1216 Manum
846 1189 965 1222 vocavit,

174 1235 247 1262 inter
269 1233 379 1267 Persas,
403 1234 475 1269 apud
495 1241 566 1270 quos
580 1233 709 1268 degebat,
729 1233 872 1269 disputare
888 1233 968 1261 insti-

175 1281 238 1308 tuit.
262 1279 362 1308 Verum
388 1287 452 1308 cum
480 1279 583 1307 nemini
609 1279 741 1315 dog'mata
760 1287 810 1307 sua
825 1279 966 1314 probaret,

180 1326 228 1355 sed
245 1326 402 1362 quicunque
419 1326 572 1353 doctrinam
590 1325 664 1354 illius
679 1325 837 1357 audiebant,
852 1326 967 1354 moleste

135 1374 138 1378 ”
176 1372 289 1404 ferrent,
311 1379 344 1399 ac
366 1372 488 1400 novitate
509 1372 568 1407 ipsa
589 1371 787 1407 horrendisque
810 1372 865 1400 illis
888 1375 915 1400 et
933 1372 967 1400 ad

175 1417 368 1452 decipiendum
389 1416 550 1452 compositis
570 1416 671 1444 fabulis
692 1423 725 1444 ac
750 1417 865 1444 vocibus
884 1416 966 1444 vehe-

176 1468 284 1491 menter
307 1463 551 1498 ohstupescercnt,
577 1470 695 1498 cumque
712 1470 810 1491 omnes
822 1463 879 1496 ille,
897 1470 967 1498 quos
981 1464 1002 1494 c

175 1511 210 1537 de
226 1509 310 1544 impio
321 1512 479 1536 commento
496 1516 641 1536 sermones
656 1508 784 1542 habebat,
796 1508 882 1536 refelli
892 1516 970 1536 ever-

176 1555 253 1590 tique
275 1559 419 1589 cerneret;
440 1554 615 1583 occasionem
630 1554 777 1590 quamdam
793 1554 967 1590 excogitavit,

176 1609 225 1637 per
236 1608 320 1636 quam
336 1601 506 1629 inanissimis
519 1601 572 1629 illis
598 1604 625 1628 et
638 1600 671 1627 ad
686 1604 825 1636 stuporem
837 1600 964 1628 conﬁctis

177 1647 278 1675 fabulis
292 1647 486 1676 auctoritatem
507 1646 667 1675 ascisceret.
685 1646 753 1674 Cum
768 1645 841 1674 enim
859 1653 970 1681 percre-

175 1693 292 1726 buisset,
314 1693 462 1721 Persarum
486 1693 557 1729 regis
575 1692 660 1720 lilium
674 1692 792 1728 quadam
807 1692 970 1728 aegritudine

174 1744 332 1776 eorreptmn
362 1740 390 1767 in
419 1740 492 1775 regia
527 1739 673 1767 Persarum
705 1739 773 1767 urbe
805 1739 970 1767 decumbere

177 1789 280 1822 (neque
293 1787 366 1814 enim
389 1785 482 1813 Manes
503 1786 559 1813 illic
573 1785 699 1821 degebat,
716 1786 763 1813 sed
778 1785 833 1813 alio
850 1785 969 1820 quodam

177 1832 204 1859 iu
216 1832 278 1859 loco
294 1831 329 1858 ab
344 1831 416 1866 regis
434 1830 496 1857 aula
513 1830 632 1866 dissita),
646 1833 801 1858 exeaecante
822 1830 898 1857 illum
916 1830 969 1857 im—

177 1877 313 1912 probitate
334 1884 395 1909 sua,
424 1880 501 1904 ratus
525 1884 553 1904 in
578 1877 637 1904 beri
663 1877 706 1904 sui
732 1876 888 1909 Terbinthi,
910 1875 969 1903 sive

177 1921 289 1954 Belidae,
305 1921 353 1957 qui
367 1925 395 1949 et
413 1920 556 1957 Scythiani
571 1921 659 1949 haeres
674 1922 774 1953 fuerat,
793 1921 871 1950 libris
888 1928 970 1956 posse

177 1976 208 1996 se
236 1968 270 1995 ad
295 1968 448 1995 sanandum
474 1968 548 2004 regis
575 1967 661 1995 lilium
691 1968 813 1995 remedia
843 1967 969 2003 quaedam

178 2014 313 2047 invenire,
328 2021 362 2042 ex
376 2014 443 2042 urbe
465 2021 515 2042 sua
536 2013 677 2049 digressus
691 2013 726 2041 ad
738 2014 839 2049 regiam
853 2018 970 2042 conten-

177 2060 237 2093 dit,
255 2068 288 2088 ae
304 2067 436 2096 quorsum
447 2061 568 2089 venisset
583 2061 720 2097 aperiens,
735 2064 839 2089 certam
857 2061 912 2088 lilio
927 2067 969 2088 re-

179 2107 221 2141 gis
235 2114 313 2142 opem
340 2106 486 2141 promittit.
509 2104 563 2134 Sed
581 2113 644 2141 spes
668 2105 846 2141 impostorem
862 2104 968 2134 fefellit.

136 2174 138 2176 μ
178 2151 246 2180 Nam
266 2160 329 2180 eum
342 2150 417 2188 agro
433 2152 632 2180 medicamenta
649 2152 773 2188 quaedam
785 2151 968 2184 adhibuisset,
986 2146 1007 2174 Ι)

177 2199 386 2234 exspectatione
412 2206 463 2226 sua
489 2197 640 2227 frustratus
666 2203 731 2226 est:
747 2198 815 2226 adeo
841 2202 871 2226 ut
897 2198 969 2226 inler

179 2245 253 2273 illius
267 2253 366 2274 manus
380 2245 541 2274 adolescens
558 2249 698 2281 postremo
713 2245 748 2274 sit
763 2249 899 2279 mortuus,
914 2252 970 2280 quo

179 2298 249 2318 vana
267 2291 353 2326 ipsius
368 2298 400 2318 ac
414 2291 555 2325 mendacia
569 2291 704 2330 promissa
728 2291 968 2318 convincerentur.

179 2336 243 2365 Haec
271 2344 334 2364 cum
362 2337 400 2364 ita
426 2337 620 2372 contigissent,
639 2337 721 2373 622
735 2337 816 2372 jussu
844 2337 916 2373 regis
940 2337 968 2364 iu

178 2384 288 2412 vincula
303 2374 462 2418 conjicitur.
478 2383 571 2418 Neque
585 2384 658 2411 enim
677 2383 822 2411 Persarum
841 2390 920 2417 reges
941 2382 969 2409 in

179 2429 314 2464 gravioris
329 2429 422 2456 delicti
437 2435 499 2456 reos
517 2428 635 2457 subinde
651 2427 786 2464 supplicia
801 2428 969 2460 decernunt;

179 2475 226 2503 sed
248 2474 422 2511 exquisitiori
444 2474 563 2510 quodam
580 2474 677 2502 mortis
691 2475 846 2510 excogitato
858 2481 969 2509 genere.

180 2520 325 2547 tormentis
350 2519 426 2555 prius
449 2520 510 2549 illos
527 2528 560 2549 ac
578 2520 725 2557 quaestioni
741 2520 902 2556 subjiciunt.
918 2518 970 2550 llic

180 2567 262 2603 igitur
277 2567 385 2601 illorum
399 2574 459 2595 mos
472 2571 525 2595 est.

214 2653 248 2682 γ.
266 2655 301 2682 At
328 2654 430 2687 Manes,
443 2655 501 2683 sive
518 2653 664 2686 Cubrieus,
688 2653 798 2681 interim
812 2654 840 2680 in
856 2661 969 2682 carcere

179 2700 364 2734 detinebatur,
389 2701 435 2729 ubi
453 2701 528 2729 illum
542 2700 669 2735 discipuli
684 2699 745 2735 ejus
760 2699 908 2727 identidem
926 2700 969 2727 in-

179 2745 313 2774 visebant.
338 2746 398 2774 Jam
425 2747 497 2774 enim
523 2753 612 2778 suam,
639 2749 669 2772 ut
687 2745 724 2772 ita
738 2744 839 2778 dicam,
856 2753 965 2773 manum

216 2824 225 2840 ¹
240 2822 303 2851 For.
319 2824 440 2852 δύναται.
480 2825 491 2840 ¹
510 2822 573 2850 For.
591 2821 638 2850 καὶ
651 2823 733 2851 ἀτοπ.

1056 1192 1093 1217 Δ’.
1107 1190 1192 1218 Πάλιν
1222 1188 1268 1218 οὖν
1287 1191 1459 1227 Κούὸρικος,
1488 1193 1502 1219 ὸ
1524 1189 1620 1219 ἐαυτὸν
1641 1192 1817 1228 ἐπονομάσας

1021 1235 1130 1272 Μάνην,
1148 1237 1177 1263 ἐν
1188 1237 1279 1269 αὐτοῖς
1299 1237 1386 1273 διῆγε,
1399 1237 1446 1265 καὶ
1461 1238 1490 1264 ἐν
1500 1237 1591 1270 αὐτοῖς
1603 1237 1744 1272 διελέγετο.
1759 1238 1816 1265 Καὶ

1021 1282 1060 1314 ὼς
1076 1283 1162 1315 οὐδεὶς
1175 1283 1250 1318 αὐτῷ
1265 1283 1399 1317 ἐπείθετο,
1418 1283 1487 1310 ἀλλὰ
1504 1283 1648 1316 ἀκούοντες
1661 1283 1816 1319 Μανιχαίου

1024 1329 1216 1363 διδασκαλίαν,
1247 1330 1412 1366 ἐδυσφόρουν
1439 1331 1502 1366 μὲν,
1529 1331 1576 1358 καὶ
1596 1330 1817 1363 ἐξενολεκτοῦντο

1021 1377 1122 1408 πάντες
1137 1377 1184 1403 ἐπὶ
1202 1377 1236 1413 τῇ
1261 1376 1421 1412 καινοτομίᾳ
1438 1377 1485 1404 καὶ
1503 1377 1576 1412 δεινῇ
1591 1376 1747 1412 μυθοποιίᾳ,
1768 1377 1816 1404 καὶ

1021 1423 1086 1458 κενῇ
1115 1422 1218 1458 ἀπάτῃ,
1247 1423 1261 1449 ὁ
1281 1422 1309 1449 δὲ
1329 1415 1405 1458 ’ὀρῶν
1420 1421 1456 1449 τὰ
1475 1422 1528 1449 ἴδια
1543 1422 1593 1457 τῆς
1607 1422 1816 1458 κακομηχανίας

1019 1469 1227 1504 άνατρεπόμενα
1252 1468 1307 1495 τῶν
1324 1468 1411 1502 λόγων
1427 1468 1588 1504 συνθήματα
1601 1476 1607 1484 ’
1622 1468 1672 1503 τὴν
1691 1468 1816 1495 διάνοιαν

1022 1513 1178 1549 κεπφωθεὶς
1203 1513 1310 1541 ἐπενόει
1336 1513 1424 1549 ἐαυτῷ
1446 1513 1582 1549 πρόφασίν
1599 1522 1669 1546 τινα,
1687 1514 1720 1541 δι’
1735 1512 1769 1550 ἧς
1787 1514 1816 1541 τὸ

1023 1559 1089 1587 ῐδιον
1105 1559 1298 1595 πλασματικῆς
1313 1559 1523 1595 δεινοποιήσεως
1541 1558 1644 1595 ταύτης
1660 1560 1814 1594 συστήσειε.

1022 1605 1078 1632 Καὶ
1093 1606 1188 1641 φήμης
1206 1605 1386 1641 διαδοθείσης,
1409 1605 1448 1637 ὡς
1466 1606 1481 1632 ό
1500 1604 1560 1637 υίὸς
1573 1605 1619 1632 τοῦ
1634 1604 1688 1632 τῶν
1703 1605 1816 1641 Περσῶν

1024 1652 1156 1688 βασιλέως
1167 1651 1307 1688 ἀλγήματι
1320 1660 1371 1678 τινι
1393 1650 1600 1687 περιπέπτωκε,
1614 1651 1661 1678 καὶ
1673 1650 1816 1677 κατέκειτο

1023 1699 1052 1725 ἐν
1067 1699 1098 1734 τῇ
1117 1698 1295 1735 βασιλευούσῃ
1311 1697 1440 1732 Περσίδος
1459 1697 1535 1724 πόλει
1556 1696 1597 1733 (οὐ
1623 1696 1678 1733 γὰρ
1698 1698 1788 1723 ἐκεῖσε
1802 1697 1815 1723 ὁ

1023 1743 1121 1779 Μάνης
1137 1743 1283 1779 διέτριϐεν,
1299 1742 1368 1769 ἀλλὰ
1387 1742 1454 1776 άλλη
1477 1750 1527 1768 που
1541 1740 1596 1768 ἀπὸ
1608 1740 1749 1776 πόρρωθεν
1767 1739 1815 1774 τῆς

1022 1787 1070 1815 τοῦ
1101 1786 1257 1822 βασιλέως)·
1284 1787 1337 1813 ὑπὸ
1357 1787 1406 1822 τῆς
1426 1786 1494 1818 ιδίας
1519 1785 1619 1818 κακίας
1639 1784 1813 1819 τυφλώττων,

1023 1833 1069 1860 καὶ
1081 1833 1197 1868 νομίσας
1219 1833 1256 1868 μή
1278 1841 1322 1859 πω
1336 1833 1382 1867 ἀφ’
1398 1829 1436 1859 ὦν
1456 1829 1518 1868 ε’ὗρε
1535 1831 1644 1868 βιϐλίον
1656 1830 1704 1858 τοῦ
1718 1830 1814 1858 ἐαυτοῦ

1021 1879 1152 1906 δεσπότου
1166 1879 1324 1915 Τερϐίνθου,
1342 1878 1389 1906 τοῦ
1404 1879 1453 1906 καὶ
1466 1879 1577 1911 Βουδδᾶ,
1594 1878 1715 1914 διαδόχου
1729 1878 1757 1904 δὲ
1768 1877 1813 1904 τοῦ

1024 1923 1192 1957 Σκυθιανοῦ,
1219 1924 1349 1951 δύνασθαί
1370 1925 1377 1940 ¹
1404 1933 1463 1951 τινα
1484 1924 1586 1960 ἰάματα
1605 1924 1753 1960 ἐνεργῆσαι
1776 1923 1813 1954 είς

1022 1971 1068 1998 τὸν
1081 1971 1129 1998 τοῦ
1149 1970 1281 2007 βασιλέως
1299 1970 1367 2003 υἱὸν,
1385 1969 1498 2005 ἀπαίρει
1520 1969 1552 1996 ἐκ
1572 1968 1620 1996 τοῦ
1639 1968 1705 1996 ἰδίου
1719 1968 1811 2000 τόπου,

1024 2017 1070 2044 καὶ
1081 2017 1163 2052 ὁρμᾷ,
1178 2017 1225 2044 καὶ
1233 2016 1373 2052 τολμήσας
1389 2015 1486 2051 μηνύει
1499 2015 1534 2042 τὰ
1550 2015 1614 2051 περὶ
1627 2014 1812 2049 ἐαυτοῦ,,ὠφε-

1023 2063 1079 2089 λεῖν
1097 2062 1341 2098 ἐπαγγελλόμενος.
1367 2061 1474 2088 Ἀλλ⁹οὐ
1491 2060 1669 2097 προεχώρησε
1685 2060 1725 2095 τῷ
1738 2061 1812 2096 γόητι

1024 2109 1040 2144 ή
1071 2109 1120 2145 τῆς
1145 2109 1253 2141 ἐλπίδος
1277 2108 1424 2144 φαντασία.
1455 2107 1596 2144 Ἤμὸροτε
1623 2107 1678 2143 γὰρ
1698 2107 1752 2134 ἀπὸ
1765 2108 1813 2142 τῆς

1022 2155 1188 2191 καραδοκίας
1205 2155 1267 2182 τινὰ
1283 2155 1341 2190 εῐδη
1355 2154 1583 2190 φαρμακευτικῆς
1598 2153 1767 2189 προενέγκας
1777 2153 1814 2188 τῷ

1023 2199 1229 2236 νοσηλευομένῳ
1258 2199 1334 2226 παιδὶ
1356 2198 1404 2225 τοῦ
1431 2196 1573 2232 βασιλέως.
1590 2196 1672 2228 Τέλος
1693 2195 1759 2230 γοῦν
1777 2196 1814 2228 είς

1023 2244 1072 2276 τὰς
1083 2246 1177 2281 χεῖρας
1189 2244 1272 2271 αὐτοῦ
1288 2244 1402 2279 θνήσκει
1414 2243 1444 2270 τὸ
1454 2243 1608 2278 μειράκιον,
1626 2242 1670 2269 ἵνα
1679 2242 1768 2268 πάντα
1781 2240 1812 2268 τὰ

1024 2290 1094 2327 μετὰ
1114 2290 1161 2317 τοῦ
1177 2289 1290 2324 ψεύδους
1301 2288 1473 2325 διελέγχηται
1490 2288 1591 2323 μάταια
1607 2286 1811 2322 ἐπαγγέλματα.

1029 2338 1074 2369 Ὧς
1089 2337 1117 2364 δὲ
1131 2335 1210 2363 τοῦτο
1234 2334 1320 2366 οὓτως
1346 2334 1447 2370 ἀπέϐη,
1469 2333 1662 2370 προστάγματι
1684 2332 1813 2368 βασιλικιῖι

1022 2382 1186 2419 ἐμϐάλλεται
1201 2382 1241 2414 είς
1253 2380 1284 2408 τὸ
1297 2381 1495 2416 δεσμωτήριον.
1510 2380 1548 2407 Οὐ
1559 2379 1614 2415 γὰρ
1630 2379 1711 2411 εὐθὺς
1724 2379 1749 2406 οἱ
1762 2378 1812 2405 τῶν

1022 2428 1135 2465 Περσῶν
1150 2427 1270 2463 βασιλεῖς
1282 2426 1332 2458 τὰς
1341 2426 1477 2462 τιμωρίας
1492 2426 1563 2453 κατὰ
1575 2425 1629 2452 τῶν
1641 2425 1691 2457 τὰς
1706 2424 1812 2460 μείζους

1021 2475 1122 2507 αἰτίας,
1133 2474 1188 2501 τῶν
1201 2474 1365 2509 ἀτοπήματα
1384 2473 1394 2489 ⁸
1409 2472 1535 2509 δρώντων
1542 2472 1718 2507 ἐπιφέρουσιν
1728 2481 1735 2488 ·
1748 2471 1813 2498 ἀλλὰ

1022 2521 1218 2556 περιττοτέραν
1239 2519 1301 2546 τινὰ
1314 2518 1452 2546 ἐπινοοῦσι
1471 2518 1620 2554 θανατικὴν
1636 2517 1726 2552 ψῆφον
1747 2517 1812 2553 μετὰ

1023 2566 1147 2601 βασάνων
1178 2566 1242 2597 τοὺς
1269 2564 1518 2600 ἐπαπειλουμένους
1556 2563 1734 2591 διατίθεσθαι.
1761 2564 1812 2591 Καὶ

1022 2610 1109 2638 ταῦτα
1125 2610 1174 2646 μὲν
1187 2609 1284 2642 οὕτως.

1058 2656 1096 2683 Ε¹.
1115 2655 1248 2690 Ἐπέμενέ
1276 2663 1304 2681 τε
1322 2655 1355 2690 τῇ
1376 2655 1471 2689 εἱρκτῇ
1490 2653 1620 2680 διατελῶν
1642 2653 1656 2679 ὸ
1679 2653 1811 2688 Μάνης.ὀ

1022 2702 1068 2728 καί
1082 2701 1246 2738 Κούϐρικος,
1271 2701 1317 2728 καὶ
1330 2701 1382 2728 ὑπὸ
1400 2700 1455 2727 τῶν
1472 2700 1544 2728 ίδίων
1562 2700 1691 2736 μαθητῶν
1704 2700 1811 2726 ἐπισκε-

1020 2746 1165 2782 πτόμενος.
1195 2745 1264 2782 Ἤδη
1286 2746 1340 2782 γὰρ
1359 2746 1509 2782 ὁάγὺρτης
1538 2745 1705 2781 συναγήοχεν
1726 2744 1811 2780 ἐαυτῷ
