1939 3036
126 165 160 194 37
450 163 637 194 ADVERSUS
656 163 826 192 lleRESES
845 163 907 192 LIB.
928 165 959 192 ll.

129 235 259 272 οτρατὺν,
285 235 323 267 ὠς
351 235 450 267 είτέεῖν,
475 234 522 267 οὓς
551 234 583 270 δὴ
605 234 729 270 μαθητὰς
757 234 860 266 ἐκάλει,
879 233 925 261 τὸν
943 227 961 254 Α

128 281 247 318 ἀριθμὸν
274 281 324 317 ήδη
356 281 421 317 περὶ
449 281 497 308 δύο
523 281 571 308 καὶ
592 281 703 308 είκοσιν.
732 280 776 314 Ἐξ
796 277 834 307 ὧν
849 289 926 311 τινας

128 328 206 363 ’τρεῖς
233 327 424 363 ἐκλεξάμενος,
449 327 550 362 Θωμᾶν
572 335 632 354 τινα
650 325 722 353 οὕτω
746 325 924 362 καλούμενον,

130 373 180 400 καὶ
200 373 343 409 Ἑρμείαν,
369 373 416 400 καὶ
435 372 551 405 Ι’Λδδαν,
573 372 698 408 διενοήθη
717 372 844 408 ἀκηκοὼς
862 372 926 408 περὶ

129 418 187 446 τῶν
198 419 269 446 κατὰ
285 419 334 453 τὴν
355 418 484 445 Ἰουδαίαν
504 418 552 445 καὶ
573 418 602 445 ὲν
616 417 669 454 ὅλῳ
683 417 723 453 τῷ
737 418 831 453 κόσμῳ
846 417 926 452 ιερῶν

131 464 246 499 βιϐλίων
258 485 266 498 ,
283 465 356 501 φημὶ
377 464 406 491 δὲ
425 464 637 500 Χριστιανικῶν,
657 463 740 499 νόμου
754 472 784 490 τε
800 464 847 490 καὶ
860 471 926 498 προ-

130 509 237 545 φητῶν,
259 508 446 543 Εὑαγγελίων,
473 509 521 536 καὶ
551 509 719 536 ἀποστόλων.
745 508 812 540 Δοὺς
835 508 926 534 τοίνυν

130 556 246 592 χρυσίον
258 557 315 587 τοῖς
328 556 549 591 προειρημένοις,
569 555 616 582 ἐπὶ
631 555 665 582 τὰ
683 555 754 591 μέρη
771 555 826 581 τῶν
845 555 926 590 Ἱερο-

132 601 259 637 σολύμων
270 601 423 629 ἀπέστειλε.
435 602 522 629 Τοῦτο
536 602 564 628 δὲ
582 601 693 638 ἐποίησε
711 602 794 637 πρινὴ
815 601 926 637 καθειρ-

132 647 233 683 χθῆναι
261 647 290 674 ὲν
314 649 347 683 τῇ
369 648 487 683 φυλακῇ,
502 648 546 674 ὅτε
566 648 757 683 διαλεγόμενος
769 647 877 679 πολλοῖς
895 647 926 674 τὸ

132 692 200 719 [διον
213 692 301 728 δόγμα
313 693 364 719 οὐκ
379 694 474 729 ἴσχυσε
495 694 638 729 συστῆσαι.
662 693 801 729 Ἀκηκοὼς
820 694 848 720 δὲ
863 693 927 728 περὶ

129 738 264 773 ὀνόματος
283 738 401 773 Χριστοῦ
416 739 462 765 καὶ
474 738 528 766 τῶν
541 738 623 765 αὑτοῦ
634 738 744 771 δούλων,
756 738 926 774 Χριστιανῶν

128 783 162 810 τέ
179 791 262 818 φημι,
283 783 425 818 διεγνώκει
447 784 492 811 διὰ
501 783 549 812 τοῦ
562 784 692 820 ὀνόματος
706 784 754 819 τῆς
772 783 927 816 ὑποθέσεως

130 830 252 866 Χριστοῦ
267 830 406 866 ἀπατῆσαι
424 831 487 862 τοὺς
506 830 739 866 πεπλανημένους.
755 831 786 857 Ol
800 830 828 857 δὲ
847 830 928 857 ἀπελ-

131 874 226 908 θόντες
236 875 378 912 ὠνήσαντο
389 883 396 890 ·
411 875 442 901 οὐ
463 874 518 910 γὰρ
533 866 720 902 ἀνεϐάλλοντο.
736 874 924 910 Παλινδρομήι

132 930 231 953 σαντες
255 922 295 954 δὲ,
312 921 350 954 ὡς
369 921 400 947 οὐ
420 920 677 956 καταλαμὸάνουσιν
694 919 774 947 αὐτὸν
788 919 881 947 οὐκέτι
897 921 926 947 ὲν

131 967 269 1004 ἐλευθέρῳ
292 967 364 1004 ἀέρι,
393 966 461 994 ἀλλά
489 966 518 992 ὲν
541 965 581 1001 τῷ
603 965 793 1002 δεσμωτηρίῳ,
816 965 927 992 κάκεῖσε

131 1013 312 1047 εἰσελθόντες,
343 1013 516 1040 ἐπεδείκνυον
538 1011 614 1047 αὑτῷ
633 1012 683 1044 τὰς
699 1011 818 1047 βίϐλους.
842 1012 871 1038 '0
886 1011 927 1044 δὲ,

131 1059 224 1087 λαϐὼν
239 1060 286 1087 καὶ
301 1059 496 1096 ἀνερευνὴσας,
511 1057 738 1094 ἐρῤᾳδιούργησε,
757 1056 928 1093 προσπλέξας

131 1107 167 1145 τῇ
182 1105 297 1142 ἀληθεία
313 1105 343 1133 τὸ
358 1105 423 1132 ἴδιον
439 1104 546 1140 ψεῦδος,
557 1103 620 1130 ἔνθα
633 1112 685 1130 που
702 1100 765 1140 εὗρε
781 1103 928 1147 πρόσωπον

133 1152 215 1186 λόγου
239 1152 256 1187 ἢ
289 1151 386 1187 κλῆσιν
404 1150 558 1187 δυναμένην
579 1150 720 1177 ἀποτελεῖν
734 1150 861 1186 ὁμοίωμα
880 1149 927 1176 τοῦ

133 1197 218 1224 αὑτοῦ
227 1198 412 1234 φρονήματος.
425 1197 481 1224 Καὶ
496 1195 622 1223 ἐντεῦθεν
636 1195 729 1223 λοιπὸν
747 1195 879 1232 ἐκράτυνε
897 1195 928 1222 τὸ

133 1243 301 1270 ἐπίπλαστον
325 1242 374 1270 τοῦ
405 1241 488 1269 αὑτοῦ
519 1241 698 1277 κοσμήματος
721 1243 740 1269 ⁸.
778 1241 859 1269 Ἀλλὰ
881 1242 929 1268 καὶ

134 1288 239 1324 μεταξὺ
254 1289 384 1325 ἄργυρον,
396 1287 623 1324 προσλιπαρήσας
638 1287 683 1314 τὸν
703 1287 750 1315 ἐπὶ
760 1287 808 1315 τοῦ
823 1288 929 1323 δεσμω-

131 1335 241 1372 τηρίου,
267 1335 358 1362 δίδωσι
382 1333 477 1366 πολὺν,
508 1334 556 1360 καὶ
591 1333 682 1368 φυγὰς
711 1334 927 1366 ἀπαλλάττεται,

133 1381 304 1417 καταλείψας
318 1381 368 1417 τὴν
381 1381 436 1408 τῶν
449 1380 564 1417 Περσῶν
581 1379 684 1417 χώραν,
703 1380 748 1407 καὶ
763 1381 796 1416 τῇ
818 1379 928 1416 Ῥωμα-

133 1426 180 1467 νίᾳ
205 1426 368 1462 προσέϐαλε.
390 1426 480 1454 Μέσον
499 1426 528 1454 δὲ
544 1427 594 1463 ἤδη
615 1426 757 1462 τυγχάνων
768 1426 818 1462 τῆς
834 1426 929 1462 Μέσης

131 1473 189 1500 τῶν
210 1472 341 1509 ποταμῶν
361 1472 408 1500 καὶ
429 1473 480 1508 τῆς
501 1473 641 1509 Περσίδος,
656 1473 721 1508 περὶ
737 1471 787 1504 τὰς
811 1472 928 1508 ἐρημίας

134 1518 176 1546 ιτι
191 1519 333 1555 ὑπάρχων,
355 1519 456 1554 ἢκουσε
475 1519 540 1555 περὶ
561 1519 680 1554 μεγάλου
696 1518 768 1550 τινὸς
787 1518 883 1554 ἀνδρὸς
900 1519 929 1545 ὲν

133 1565 278 1601 θεωεὸείᾳ
295 1564 434 1600 ἀκροτάτῃ
458 1564 667 1600 διαπρέποντας,
690 1563 851 1599 Μαρκέλλου
869 1561 930 1589 1:05-
944 1573 966 1603 α

133 1620 216 1647 νομα,
237 1609 429 1642 κατοικοῦντος
452 1610 480 1637 ὲν
500 1609 634 1646 Κασχάρῃ
649 1609 725 1636 πόλει
743 1609 793 1645 τῆς
806 1609 929 1636 Μεσοπο-

133 1656 248 1692 ταμίας,
276 1655 306 1688 ὃς
326 1653 362 1692 ἦν
392 1655 462 1691 ἀνὴρ
478 1655 550 1682 κατά
572 1655 661 1682 πάντα
683 1654 856 1690 Χριστιανὸς,
881 1653 928 1680 καὶ

133 1700 228 1737 ἔργοις
260 1699 434 1735 δικαιοσύνης
464 1698 692 1735 θαυμασιώτατος
707 1718 715 1731 ,
747 1699 846 1734 χήραις
878 1698 928 1733 μὲν

135 1745 266 1783 ἐπαρκῶν
275 1746 323 1773 καὶ
333 1745 459 1781 πένησιν,
479 1745 607 1781 ὀρφανοῖς
620 1745 648 1771 δὲ
664 1745 712 1772 καὶ
730 1746 788 1776 τοῖς
804 1744 928 1780 ἐνδεομέ-

134 1800 205 1824 νοις·
226 1791 372 1819 διανοεῖται
397 1790 566 1827 προσπλέξαι
597 1790 665 1826 πρὸς
693 1789 738 1816 τον
767 1789 862 1825 ἄνδρα,
884 1789 927 1822 ἵν’,

135 1838 294 1874 ὑποχείριον
313 1837 408 1864 τοῦτον
434 1837 617 1872 κτησάμενος,
640 1835 769 1872 δυνηθείη
791 1836 825 1863 δι’
845 1835 928 1862 αὑτοῦ

135 1883 270 1920 κατάρξαι
280 1883 311 1911 οὐ
324 1883 406 1919 μόνον
421 1883 471 1919 τῆς
493 1882 716 1917 Μεσοποταμίας.
728 1881 798 1909 ἀλλὰ
817 1882 864 1909 καὶ
881 1881 928 1908 τοῦ

135 1928 268 1964 κλίματος
280 1927 381 1959 παντὸς
393 1926 440 1954 τοῦ
457 1926 525 1963 πρὸς
537 1926 587 1963 τὴν
596 1926 696 1962 Συρίαν
703 1935 734 1953 τε
750 1927 798 1953 καὶ
819 1926 928 1962 Ῥωμα-

135 1973 206 2000 νίαν.
222 1971 326 2008 Γράφει
345 1972 373 1999 δὲ
391 1971 466 2007 αὺτῷ
480 1971 627 2007 ἐπιστολὴν
638 1971 711 1998 οὕτω
728 1970 774 1998 διὰ
785 1970 929 2007 Τύρὸωνός

134 2027 209 2051 τινος
239 2018 294 2045 τῶν
317 2017 400 2045 αὑτοῦ
430 2017 561 2053 μαθητῶν
580 2017 634 2044 ἀπὸ
659 2017 707 2045 τοῦ
734 2017 852 2054 πέρατος
880 2017 929 2044 τοῦ

136 2064 266 2100 Στράγγα
282 2063 417 2099 ποταμοῦ,
435 2062 490 2090 ἀπὸ
505 2062 653 2090 καστέλλου
672 2063 837 2099 Ἀραϐίωνος
857 2062 930 2090 οὕτω

135 2110 306 2146 καλουμένου
320 2118 328 2126 '
353 2110 415 2146 ἥτις
436 2110 454 2145 ἡ
474 2108 603 2145 επιστολῆ
627 2110 749 2145 περιεῖχε
776 2109 850 2137 τάδε.
875 2109 929 2136 Καί

137 2165 183 2193 μοι
199 2155 290 2184 λαϐὼν
312 2155 449 2190 ἀνάγνωθι
468 2155 500 2182 τδ
524 2155 696 2192 ὶπιτήδευμα
715 2155 767 2190 τῆς
792 2155 839 2182 τοῦ
859 2155 930 2182 ἀπα-

134 2203 235 2236 τεῶνος
251 2202 413 2239 μοχθηρίας.

222 2292 389 2327 Μανιχαίου
403 2291 478 2326 πρὸς
495 2290 675 2326 Μάρκελλον
688 2289 847 2324 ἐπιστολή.

173 2349 220 2382 ς’.
235 2348 384 2384 Μανιχαῖος
404 2347 553 2380 ἀπόστολος
577 2346 664 2383 Ἰησοῦ
690 2346 819 2384 Χριστοῦ,
840 2347 887 2373 καὶ
906 2347 930 2373 οἱ

137 2395 188 2422 σὺν
212 2394 275 2430 ἐμοὶ
307 2394 408 2426 πάντες
434 2393 508 2428 ἅγιοι
533 2393 581 2420 καὶ
608 2392 748 2429 παρθένοι,
777 2392 931 2429 Μαρκέλλῳ

136 2440 227 2476 τέκνῳ
247 2439 383 2476 ἀγαπητῷ
397 2439 485 2475 χάρις,
507 2439 592 2471 ἔλεος,
610 2439 705 2475 εἰρήνη
719 2438 774 2466 ἀπὸ
788 2437 856 2465 Θεοῦ
873 2439 930 2465 Πα-

137 2485 202 2522 τρδς
217 2485 264 2512 καὶ
282 2485 385 2520 Κυρίου
400 2484 478 2520 ἡμῶν
498 2484 586 2519 Ἰησοῦ
604 2484 742 2520 Χριστοῦο
764 2483 812 2510 καὶ
827 2484 844 2520 ἡ
857 2483 931 2517 δεξιά

137 2532 185 2559 τοῦ
197 2531 287 2564 Φωτδς
307 2531 468 2567 διατηρήσοι
491 2539 521 2557 σε
537 2530 592 2557 ἀπὸ
609 2530 657 2556 τοῦ
670 2529 818 2562 ἐνεστῶτος
836 2529 934 2562 αἰῶνος

138 2578 270 2615 πονηροῦ,
289 2578 336 2605 καὶ
358 2577 413 2605 τῶν
428 2576 640 2613 συμπτωμάτων
651 2576 744 2610 αὑτοῦ,
755 2576 803 2604 καὶ
813 2576 934 2611 παγίδων

137 2623 185 2650 τοῦ
200 2622 328 2659 πονηροῦ.
350 2623 447 2658 Ἀμήν.

173 2669 230 2705 Τὴν
246 2669 295 2705 μὲν
319 2669 385 2705 περὶ
404 2669 434 2695 σὲ
453 2668 563 2704 ἀγάπην
577 2666 709 2704 μεγίστην
733 2664 818 2694 οὖσαν
831 2666 929 2703 αίσθη-

138 2713 196 2746 θεὶς
207 2714 268 2741 λίαν
281 2714 382 2750 ἐχάρην
393 2722 400 2731 ι
423 2714 474 2749 τὴν
488 2713 517 2741 δὲ
531 2713 622 2741 πίστιν
633 2713 683 2739 οὐκ
700 2711 783 2739 οὖσαν
798 2713 869 2739 κατὰ
883 2711 929 2739 τὸν

138 2760 217 2796 ιρθον
243 2761 322 2796 λόγον
341 2760 490 2797 ἠχθέσθην.
506 2759 590 2788 ’Ὅθεν
603 2758 671 2794 πρὸς
683 2758 868 2794 ἐπανόρθωσιν
881 2758 928 2784 τοῦ

137 2807 192 2835 τῶν
201 2806 352 2842 ἀνθρώπιον
365 2807 460 2842 γένους
468 2805 642 2838 ἀποσταλεὶς,
658 2804 815 2840 φειδόμενος
827 2811 857 2830 τε
874 2803 928 2830 τῶν

176 2888 185 2903 ι
201 2894 246 2920 τρ-
262 2885 444 2922 βοσκήματος-

980 163 1064 192 TOM.
1090 163 1122 191 ll.
1141 179 1170 185 —
1192 163 1328 192 lleRES.
1351 163 1442 192 LXVI.
1732 163 1769 192 38

977 223 1128 250 circulator
1144 223 1194 250 iste
1210 223 1369 257 collegerat,
1389 229 1459 256 quos
1478 219 1629 255 discipulos
1645 221 1769 248 nomina-

977 268 1033 301 bat,
1051 268 1121 295 duos
1136 275 1168 295 ac
1186 269 1291 304 viginti.
1308 268 1430 301 Quorum
1446 277 1461 296 e
1476 275 1592 295 numero
1605 271 1662 295 tres
1676 267 1769 303 elegit,

977 313 1121 347 Thomam,
1152 314 1295 342 llermeam
1321 318 1349 342 et
1376 315 1491 342 Addam.
1520 315 1560 342 Ae
1589 323 1651 342 cum
1678 316 1774 343 animo

977 363 1114 394 repeteret
1136 368 1198 395 qua:
1221 360 1256 387 de
1278 361 1366 388 sacris
1388 360 1610 388 Christianorum
1627 361 1705 389 libris
1721 369 1771 388 au-

975 405 1075 437 dierat,
1099 406 1145 440 qui
1175 405 1203 432 in
1226 403 1319 432 Jndzea
1344 410 1457 441 totoque
1480 410 1614 433 terrarum
1635 407 1702 434 orbe
1717 408 1772 433 cir-

976 451 1212 482 cumferebantur,
1227 451 1280 479 hoc
1293 455 1336 479 est
1351 452 1419 487 lege,
1440 452 1590 487 prophetis,
1616 452 1772 489 Evangeliis

976 497 1224 532 apostolorumque
1249 497 1374 532 scriptis,
1396 501 1538 524 nutuerata
1562 498 1684 533 pecunia
1708 498 1772 526 Ilie-

978 541 1145 577 rosolymam
1175 542 1239 570 illos
1269 542 1379 576 allegat.
1410 541 1464 569 Sed
1490 542 1542 569 hoc
1569 547 1632 570 ante
1659 543 1772 576 fecerat,

977 594 1060 622 quam
1093 587 1122 614 in
1152 594 1292 615 carcerem
1324 588 1528 623 conjiceretur,
1559 590 1669 623 quando
1699 590 1770 624 apud

978 633 1079 660 multos
1100 633 1182 660 verba
1210 633 1315 660 faciens
1339 633 1438 668 dogma
1463 641 1543 660 suum
1570 634 1686 668 probare
1715 643 1769 661 non

977 683 1093 714 poterat.
1129 679 1314 712 Quamobrem
1342 679 1435 707 audito
1455 679 1555 707 (.bristi
1579 680 1692 715 ejusque
1714 688 1772 708 ser-

978 733 1086 757 vorum,
1115 725 1167 753 hoc
1188 730 1231 753 est
1255 724 1486 758 Christianorum,
1505 726 1632 758 nomine,
1649 726 1698 753 hac
1714 727 1772 762 ip~a

979 770 1161 806 professionis
1186 771 1268 806 hujus
1294 771 1476 806 appellatione
1499 771 1533 798 ard
1552 772 1705 800 ilhnlendos
1722 773 1768 800 ho-

978 818 1066 845 mines
1083 817 1159 844 abuti
1185 818 1290 845 statuit.
1307 817 1425 845 Profecti
1441 818 1533 852 itaque
1548 818 1674 853 discipuli
1687 818 1774 846 libros

980 863 1042 892 illos
1070 864 1146 891 nulla
1172 864 1333 899 interposita
1351 871 1428 891 mora
1442 867 1580 891 coemunt.
1609 863 1713 892 Deinde
1739 865 1773 892 ad

980 910 1141 945 magistrum
1168 910 1270 938 reversi
1299 910 1355 945 jam
1390 917 1452 937 eum
1480 910 1605 938 libertate
1634 911 1772 946 privatum

978 959 1060 991 atque
1085 956 1111 984 in
1134 963 1273 984 carcerem
1297 960 1471 991 compactum
1490 957 1639 992 reperiunt.
1657 957 1718 990 Quo
1734 957 1769 984 ad

979 1002 1054 1029 illum
1082 1001 1199 1037 ingressi
1214 1002 1299 1030 libros
1315 1001 1443 1030 oll‘e'runt.
1470 1001 1576 1035 Quibus
1598 1003 1718 1039 acceptis
1733 1011 1765 1032 ac

978 1048 1124 1084 diligenter
1144 1048 1272 1081 evolutis,
1295 1048 1367 1075 mala
1385 1047 1437 1075 fide
1452 1048 1581 1084 pleraque
1596 1043 1768 1083 depravavit,

978 1093 1086 1121 veritati
1114 1093 1286 1121 mendacium
1309 1101 1389 1120 suum
1417 1093 1592 1128 admiscuit,
1616 1095 1776 1130 ubicunque

978 1139 1099 1174 speciem
1124 1139 1243 1174 aliquam
1277 1139 1412 1166 orationis
1435 1140 1701 1176 appellationemque
1727 1149 1776 1168 na-

978 1189 1041 1212 ctus
1061 1189 1104 1212 est
1118 1205 1125 1217 ,
1147 1192 1208 1220 qua:
1233 1185 1357 1212 nonnihil
1379 1185 1519 1220 opinionis
1533 1187 1596 1220 sua:
1614 1186 1705 1214 simile
1718 1195 1776 1222 pne

979 1237 1009 1258 se
1027 1230 1120 1257 ferret.
1139 1229 1217 1258 Unde
1232 1233 1260 1258 et
1274 1230 1420 1258 confictam
1434 1231 1564 1266 deinceps
1578 1239 1593 1259 a
1609 1240 1638 1260 se
1655 1232 1775 1260 fabulam

984 1276 1120 1304 aﬂirmare
1140 1281 1256 1305 conatus
1271 1281 1323 1305 est.
1342 1277 1453 1305 Interim
1474 1277 1575 1313 ingenti
1596 1279 1776 1314 pecuniarum

980 1323 1006 1351 vi
1038 1323 1214 1358 assiduisque
1240 1324 1368 1359 precibus
1398 1329 1512 1352 exorato
1533 1325 1775 1353 commcntariensi

980 1369 1074 1405 fugam
1094 1369 1202 1405 arripit,
1220 1378 1252 1398 ac
1267 1370 1360 1398 relicta
1378 1370 1491 1398 Perside
1507 1369 1692 1399 Romanorum
1708 1371 1778 1399 fines

980 1413 1148 1450 ingreditur.
1180 1415 1305 1450 Cumque
1321 1415 1377 1450 jam
1402 1415 1436 1442 ad
1458 1415 1662 1451 Mesopotamia:
1685 1416 1777 1444 Persi-

980 1457 1212 1495 disqne‘conlinia
1230 1467 1263 1487 ac
1282 1460 1469 1493 solitudinem,
1487 1468 1549 1496 quae
1566 1461 1623 1488 illic
1649 1465 1702 1499 est,
1719 1469 1777 1496 per-

980 1505 1110 1538 venisset,
1126 1506 1336 1534 nuntiatumest
1351 1507 1609 1541 praestantissimum
1622 1508 1769 1542 queiudam

983 1558 1045 1579 esse
1069 1551 1177 1584 virum,
1206 1556 1289 1587 atque
1317 1552 1462 1580 excellenti
1493 1553 1594 1588 pietate
1618 1553 1775 1588 praditum,

983 1597 1141 1625 Marcellum
1159 1598 1281 1628 nomine,
1298 1598 1344 1634 qui
1360 1598 1515 1631 Caseharae,
1531 1599 1603 1634 quod
1620 1599 1776 1635 Mesopota-

983 1642 1044 1669 mia:
1060 1641 1192 1677 oppidum
1220 1646 1272 1675 est,
1301 1643 1449 1676 habitaret,
1478 1644 1567 1671 viruut
1593 1644 1777 1680 undequaque

981 1687 1190 1721 Christianum,
1225 1692 1308 1724 atque
1331 1688 1359 1716 iu
1384 1689 1513 1717 erunibus
1537 1689 1651 1724 justitia!
1679 1690 1776 1718 olliciis

981 1733 1063 1768 plane
1091 1733 1333 1769 mirabilemzqui
1357 1738 1385 1761 et
1413 1734 1514 1763 viduis.
1543 1739 1571 1762 ct
1598 1736 1775 1771 pauperibus,

983 1786 1090 1806 necnon
1118 1783 1145 1807 et
1161 1779 1305 1815 orpltanis,
1321 1788 1353 1807 ac
1367 1779 1487 1815 denique
1512 1780 1699 1816 indigentibus
1721 1781 1777 1808 lar-

983 1826 1097 1860 giretur.
1123 1825 1164 1853 Ad
1181 1826 1255 1853 hunc
1274 1825 1359 1862 igitur
1379 1822 1516 1862 applicare
1532 1835 1562 1854 se
1574 1826 1656 1862 623
1673 1827 1777 1854 consti-

982 1867 1047 1902 tuit,
1075 1872 1105 1896 ut
1126 1876 1188 1896 cum
1212 1868 1363 1896 obnoxium
1388 1869 1440 1896 sibi
1463 1869 1603 1897 hominem
1621 1869 1775 1902 habuisset,

983 1923 1038 1943 non
1062 1915 1090 1943 in
1113 1915 1310 1951 Mesopotamia
1326 1915 1418 1948 modo,
1440 1915 1489 1943 sed
1508 1919 1536 1942 et
1551 1920 1609 1942 toto
1625 1915 1672 1943 illo
1690 1915 1777 1951 Syria:

982 1961 1154 1997 Romanique
1173 1961 1279 1997 imperii
1299 1965 1390 1989 tractu
1406 1961 1542 1989 dominari
1565 1966 1669 1996 posset.
1697 1961 1773 1994 Quo-

982 2008 1057 2035 circa
1071 2006 1207 2042 ejusmodi
1223 2006 1257 2034 ad
1274 2006 1350 2034 illum
1365 2007 1509 2042 epistolam
1522 2007 1630 2040 scribit,
1644 2015 1693 2043 per
1703 2007 1776 2035 Tur-

983 2053 1082 2082 bonem
1107 2053 1265 2089 quemdam,
1281 2061 1365 2080 unum
1380 2060 1412 2080 ex
1428 2053 1574 2088 discipulis
1591 2053 1661 2086 suis,
1680 2061 1714 2081 ex
1730 2061 1777 2081 ca-

983 2100 1064 2128 stello
1087 2099 1235 2131 Arabione,
1261 2099 1335 2135 quod
1352 2099 1385 2127 ad
1401 2099 1547 2134 Strangam
1566 2098 1678 2127 ﬂuvium
1693 2100 1778 2127 situm

982 2150 1026 2174 est
1041 2155 1048 2174 :
1066 2146 1182 2181 epistola
1205 2153 1288 2181 porro
1314 2147 1352 2174 ita
1368 2153 1429 2174 sese
1449 2146 1578 2174 habebat.
1601 2145 1688 2178 Quam
1704 2150 1732 2172 tu
1750 2147 1777 2173 in

982 2199 1082 2220 manus
1097 2192 1236 2227 accipiens
1249 2192 1410 2227 intpostoris
1431 2191 1505 2220 illius
1516 2192 1643 2219 callidum
1658 2199 1690 2218 ac
1704 2195 1775 2219 vete-

986 2239 1116 2267 ratoriam
1135 2242 1222 2265 artem
1240 2238 1354 2273 legendo
1369 2238 1540 2273 cognoscito.

1128 2295 1274 2323 Hanicha'i
1288 2296 1322 2323 ad
1337 2295 1496 2323 Marcellum
1509 2295 1634 2331 epistola.

1019 2352 1063 2380 Vl.
1092 2351 1260 2380 Manichacus
1281 2351 1423 2387 apostolus
1446 2351 1514 2381 Jcsu
1538 2353 1658 2386 Christi,
1682 2357 1709 2381 et
1728 2353 1777 2389 qui

983 2405 1090 2425 mecum
1112 2401 1178 2424 sunt
1197 2397 1288 2424 sancti
1321 2404 1417 2425 omnes
1436 2401 1465 2425 et
1486 2397 1623 2433 virgines,
1649 2397 1780 2426 Marcello

983 2444 1039 2471 tilio
1053 2443 1229 2477 eharissimo,
1246 2443 1347 2479 gratia,
1374 2444 1577 2478 misericordia,
1603 2452 1655 2480 pax
1681 2453 1696 2472 a
1721 2444 1779 2473 Deo

983 2489 1064 2517 Patre
1087 2494 1115 2518 et
1137 2489 1254 2517 Domino
1276 2495 1372 2518 nostro
1383 2489 1450 2518 Iesu
1463 2490 1589 2525 Christo;
1606 2498 1639 2518 ac
1651 2495 1679 2519 te
1695 2491 1778 2519 Lnris

983 2534 1097 2562 dextera
1114 2534 1253 2562 custodiat
1269 2542 1284 2562 a
1299 2536 1427 2571 praesenti
1439 2537 1540 2565 saeculo
1553 2545 1682 2572 nequam,
1701 2537 1775 2573 ejus-

983 2588 1038 2617 que
1052 2581 1176 2615 casibus,
1187 2586 1212 2610 et
1234 2581 1340 2618 laqueis
1357 2583 1479 2619 maligni.
1495 2583 1591 2612 Amen.

1019 2666 1098 2700 Quod
1114 2671 1142 2695 te
1153 2675 1261 2696 summa
1272 2669 1408 2698 charitate
1421 2669 1565 2705 praeditum
1576 2677 1637 2698 esse
1647 2671 1775 2706 cognovi,

983 2713 1162 2742 vehementer
1193 2723 1255 2743 sum
1282 2716 1404 2752 gavisus.
1437 2716 1514 2749 Quod
1541 2724 1607 2744 vero
1625 2724 1677 2744 non
1694 2723 1778 2745 rectae

982 2757 1084 2784 rationi
1111 2765 1327 2788 eonsentaneam
1357 2760 1436 2788 [idem
1467 2760 1614 2796 profiteris,
1646 2761 1776 2797 equidem

982 2803 1069 2832 dolui.
1098 2804 1284 2839 Quamobrem
1318 2814 1382 2834 cum
1411 2805 1445 2833 ad
1472 2806 1664 2842 corrigendum
1689 2815 1775 2844 genus
