1939 3036
173 148 208 177 59

871 147 900 175 S.
922 147 1092 175 EPIPII.\N|I

1778 151 1817 180 40

173 211 323 238 humanum
356 208 460 236 missus
488 207 599 241 fuerim,
616 207 786 243 'eorumque,
815 208 862 244 qui
888 216 918 236 se
942 208 960 235 ir

1022 207 1116 243 ἀπάτῃ
1142 208 1189 234 καὶ
1207 207 1294 243 πλάνῃ
1319 208 1430 238 ἑαυτοὺς
1454 207 1651 240 ἐκδεδωκότων,
1671 208 1760 236 ταῦτα
1779 210 1818 237 τὰ

173 254 296 282 fraudem
320 261 498 289 erroremque
517 253 717 286 commiserint,
753 253 888 281 rationem
916 254 965 281 ha-

171 303 262 334 beam,
287 301 475 329 necessarium
498 300 591 335 putavi
616 300 666 328 has
684 300 718 328 ad
735 306 761 328 te
777 300 882 328 litteras
896 308 965 328 δεη-

173 348 259 375 bere:
282 347 384 383 quibus
409 347 435 374 in
454 347 551 381 primis
575 346 674 374 animae
692 350 755 379 tuae,
778 350 835 373 tum
855 349 963 374 tuorum

173 393 256 421 saluti
273 393 458 424 consulerem,
485 397 514 420 ut
535 400 568 420 ne
590 391 735 420 confusum
750 392 880 427 quiddam
901 400 964 428 per-

173 440 369 474 turbatumque
381 439 511 471 sentires,
526 446 576 473 pro
589 446 622 466 eo
635 445 668 466 ac
682 438 824 466 rudiorum
841 438 964 472 magistri
978 447 983 452 ’

172 487 281 519 docent,
309 487 355 522 qui
373 486 482 521 quidem
498 486 534 512 ita
551 484 720 519 prredicant:
739 483 842 511 Bonum
864 490 895 511 ac
908 491 966 511 ma-

173 532 229 559 lum
247 532 281 560 ab
295 532 390 560 eodem
409 531 545 567 proﬁcisci
560 540 568 565 ;
589 537 730 565 unumque
741 529 875 557 duntaxat
889 529 965 564 prin-

173 579 275 614 cipium
299 582 443 608 statuunt;
467 585 557 613 neque
575 577 664 604 lucem
680 584 696 604 a
713 575 845 607 tenebris,
861 575 964 602 bonum

172 632 187 651 a
202 625 283 656 malo,
300 626 463 652 exteriorem
485 623 623 651 hominem
645 623 679 650 ab
708 622 842 655 interiori,
859 625 888 649 ut
902 625 965 649 ante

171 670 239 703 dixi,
265 670 427 698 discernunt
460 677 493 697 ac
535 673 664 704 separant
688 677 696 696 :
718 669 772 696 imo
803 675 870 695 vero
895 668 964 695 alte-

172 717 230 745 rius
246 724 310 744 cum
331 716 418 743 altero
444 714 628 743 confundendi
655 713 844 749 miscendique
860 713 964 741 nullum

172 763 252 791 ﬁnem
269 763 385 790 faciunt.
403 761 445 790 Tu
460 769 537 795 vero,
559 761 609 795 ﬁli,
631 768 665 789 ne
688 764 718 788 ut
737 761 862 796 plerique
879 759 965 788 homi-

171 818 237 838 num
259 816 360 837 temere
375 817 408 837 ac
422 809 482 836 sine
496 809 604 836 ratione
618 808 699 835 ambo
717 807 769 835 ista
782 807 944 842 conjungito
955 827 963 840 ,

173 864 262 890 neque
277 855 407 882 bonitatis
422 854 527 881 auctori
543 853 598 881 Deo
610 853 732 880 tribuite.
752 851 820 879 Nam
837 853 874 880 illi
889 846 965 887 prin-

1018 254 1170 289 γράμματα
1186 252 1256 288 πρὸς
1272 253 1302 279 σὲ
1313 254 1460 287 ἀναγκαῖον
1480 253 1627 288 ἡγησάμην
1643 254 1815 281 ἀποστεῖλαι·

1016 298 1125 334 πρῶτον
1151 299 1201 334 μὲν
1229 299 1298 334 πρὸς
1322 298 1460 334 σωτηρίαν
1486 298 1536 333 τῆς
1566 298 1680 326 σεαυτοῦ
1705 299 1815 336 ψυχῆς,

1016 344 1112 371 ἔπειτα
1130 344 1158 371 δὲ
1175 345 1222 371 καὶ
1249 344 1303 371 τῶν
1330 345 1388 386 ἅμα
1415 352 1456 371 σοι
1476 345 1676 379 τυγχανόντων,
1699 345 1767 381 πρὸς
1783 346 1816 373 τὸ

1015 391 1172 427 ἀδιάκριτὸν
1185 391 1195 407 ⁸
1209 400 1239 418 σε
1249 391 1322 426 ἔχειν
1330 391 1375 418 τὸν
1391 390 1530 427 λογισμὸν,
1545 391 1583 422 ὡς
1597 391 1622 417 οἱ
1635 391 1690 418 τῶν
1711 391 1816 418 ἁπλου-

1017 437 1120 472 στέρων
1134 438 1321 474 καθηγεμόνες
1341 439 1508 471 διδάσκουσι,
1518 439 1644 473 λέγοντες
1659 439 1690 466 τὸ
1709 439 1814 474 ἀγαθὸν

1016 483 1063 510 καὶ
1074 483 1105 510 τὺ
1113 484 1196 510 κακὸν
1205 485 1259 510 άπὸ
1270 483 1317 511 τοῦ
1329 484 1412 511 αὑτοῦ
1425 485 1567 520 φέρεσθαι,
1580 486 1627 512 καὶ
1643 485 1707 520 μίαν
1722 486 1813 522 ἀρχὴν

1015 529 1216 566 εἰσηγούμενοι,
1233 530 1264 557 οὐ
1279 529 1473 565 διακρίνοντες,
1497 531 1557 557 οὐδὲ
1573 531 1742 567 διαιροῦντες
1756 531 1813 559 ἀπὸ

1015 575 1063 601 τοῦ
1078 575 1167 609 φωτὸς
1182 575 1212 602 τὺ
1235 576 1341 608 σκότος,
1360 577 1408 604 καὶ
1428 577 1459 603 τὸ
1476 577 1578 611 ἀγαθὸν
1591 578 1646 605 ἀπὸ
1660 578 1708 605 τοῦ
1724 577 1812 605 κακοῦ

1016 622 1065 648 καὶ
1084 621 1197 655 φαύλου,
1209 622 1256 648 καὶ
1272 622 1317 648 τὸν
1329 622 1428 655 ἔξωθεν
1439 622 1584 658 ἄνθρωπον
1596 623 1651 651 άπὸ
1662 622 1709 650 τοῦ
1725 623 1811 656 ἔνδον,

1015 666 1053 698 ὡς
1086 666 1269 702 προείπομεν’
1298 667 1368 694 ἀλλὰ
1409 667 1557 702 κιρνῶντες
1584 667 1631 694 καὶ
1657 669 1810 702 ἐγκαταμι-

1016 710 1127 745 γνύντες
1141 711 1254 748 Θάτερον
1265 711 1371 748 θατέρῳ
1379 713 1409 739 οὺ
1419 712 1562 740 παύονται.
1575 713 1610 740 Σὺ
1618 713 1657 746 δὲ,
1669 713 1692 740 ὦ
1703 714 1810 748 τέκνον,

1018 757 1054 792 μὴ
1072 756 1117 784 ίσα
1133 758 1189 789 τοῖς
1216 757 1324 790 πολλοῖς
1347 758 1401 785 τῶν
1427 758 1580 794 ἀνθρώπων
1596 759 1748 794 ἀλογίστως
1762 761 1812 788 καὶ

1017 802 1110 835 άπλῶς
1125 803 1279 840 ἀμφότερα,
1294 804 1333 836 ὡς
1347 804 1380 832 ἂν
1395 804 1481 840 τύχοι,
1497 804 1611 842 ἑνώσῃς,
1628 806 1695 842 μηδὲ
1708 807 1746 842 τῷ
1759 806 1811 843 τῆς

1016 847 1187 884 ἀγαθοσύνης
1203 848 1264 884 Θεῷ
1291 849 1445 876 ἀνατίθεσο.
1470 850 1569 885 ’Δρχὴν
1584 851 1638 885 γὰρ
1663 851 1710 878 καὶ⁸
1731 851 1810 884 τέλος

171 899 286 933 cipium,
302 905 334 925 ac
347 897 439 930 ﬁnem,
454 901 482 925 et
495 897 594 924 horum
612 900 753 924 auctorem
779 897 912 924 malorum
928 896 960 924 ad

1015 894 1061 920 καὶ
1074 893 1120 921 τὸν
1131 894 1234 921 τούτων
1249 894 1355 930 πατέρα
1364 894 1419 921 τῶν
1431 894 1525 922 κακῶν
1541 895 1587 922 ἐπὶ
1604 895 1649 923 τὸν
1661 895 1728 923 Θεὸν
1741 896 1810 923 ἀναν

173 943 257 971 Deum
289 942 422 974 referunt,
446 949 559 977 quorum
579 941 642 976 ﬁnis
664 941 806 968 maledicto
826 942 964 976 proximus

173 993 211 1016 est
228 990 248 1015 ‘.
260 988 319 1016 Non
334 988 408 1016 enim
429 987 463 1016 iis
487 995 549 1023 quae
574 988 601 1014 in
624 986 780 1022 Evangeliis
795 995 809 1014 a
824 986 965 1015 Salvatore

171 1043 204 1063 ac
221 1034 337 1062 Domino
352 1038 447 1062 nostro
459 1033 525 1061 Jesu
541 1032 652 1061 Christo
668 1033 808 1073 dicuntur,
821 1033 901 1060 ﬁdem
915 1032 965 1060 ad-

172 1081 288 1109 hibent:
304 1079 367 1108 Non
389 1085 474 1115 potest
501 1079 583 1107 arbor
603 1079 671 1107 bona
688 1079 791 1114 [ructus
814 1079 900 1106 malos
921 1079 964 1114 fa-

169 1135 227 1154 cere
236 1147 243 1159 ,
259 1134 339 1161 neque
349 1122 430 1153 arbor
439 1126 511 1153 mala
531 1126 611 1153 bonas
624 1124 708 1161 624
726 1125 829 1160 fructus
846 1126 961 1160 facere’.

173 1172 411 1206 Quemadmodum
439 1179 505 1200 vero
531 1171 617 1199 Deum
641 1171 750 1199 Satanae
775 1172 964 1207 malorumque

169 1227 232 1255 quae
254 1219 288 1246 ab
305 1225 339 1246 eo
360 1222 495 1254 geruntur
518 1217 690 1246 conditorem
712 1225 744 1245 ac
758 1222 962 1254 procreatorem

170 1272 295 1292 asserere
308 1265 438 1297 audeant,
452 1271 616 1299 magnopere
638 1264 771 1292 demiror.
795 1264 885 1300 Atque
910 1265 964 1292 uti-

171 1315 233 1335 nam
256 1308 390 1336 hactenus
414 1308 564 1335 vanissima
588 1308 697 1336 illorum
716 1309 831 1338 consilia
853 1318 963 1347 progre-

170 1353 313 1386 derenlur,
341 1361 392 1381 nec
419 1353 590 1389 unigenitum
618 1353 667 1382 Dei
692 1354 792 1382 Filium
819 1355 962 1384 Christum

171 1397 328 1430 Dominum,
353 1398 399 1434 qui
423 1397 458 1426 de
483 1397 574 1426 Patris
598 1398 661 1426 sinu
680 1399 822 1428 descendit
834 1400 856 1433 ',
872 1400 964 1429 {latice

169 1444 314 1479 cujusdam
339 1444 507 1472 mulierculae
530 1444 616 1472 ﬁlium
639 1452 702 1473 esse
728 1446 864 1479 dicerent,
881 1452 964 1483 athe

169 1498 202 1518 ex
231 1491 368 1527 sanguine
394 1498 551 1527 carneque,
576 1497 633 1520 tum
651 1500 715 1521 vero
739 1493 845 1528 reliquo
865 1493 963 1522 mulle-

172 1544 232 1564 rnn
259 1536 348 1565 fetore
374 1537 521 1573 prodiisse.
541 1537 595 1566 Sed
609 1545 644 1566 ne
656 1538 806 1574 longiorem
819 1539 962 1574 epistolam

170 1581 298 1609 scribens
323 1581 426 1610 diutius
451 1583 607 1618 aequitatem
633 1576 708 1611 tuam
733 1575 883 1616 detineam,
897 1591 960 1611 cum

171 1627 322 1661 praesertim
347 1627 466 1656 naturali
493 1628 651 1663 eloquentia
680 1635 802 1660 caream,
832 1629 876 1657 his
899 1636 961 1664 qua:

169 1673 243 1700 dicta
266 1677 329 1701 sunt
354 1681 403 1701 ero
425 1677 583 1702 contentus.
599 1673 650 1701 Ubi
668 1681 734 1702 vero
756 1674 789 1701 ad
804 1679 830 1702 te
845 1682 958 1707 venero,

168 1718 277 1754 plenius
301 1719 395 1746 omnia
417 1726 580 1755 cognosces,
611 1719 635 1747 si
653 1719 764 1755 quidem
788 1720 885 1748 salutis
907 1725 960 1748 tua:

168 1773 264 1793 curam
282 1765 402 1801 aliquam
420 1766 550 1802 suscipis.
568 1765 663 1802 Neque
676 1766 750 1794 enim
765 1767 893 1802 cuiquam
919 1767 959 1794 la-

167 1820 267 1846 queum
294 1812 435 1847 injicimus
456 1812 484 1846 ‘,
518 1816 548 1840 ut
576 1812 734 1841 stolidiores
763 1813 888 1841 nonnulli
919 1813 960 1840 fa-

167 1858 254 1885 ciunt.
273 1857 394 1893 Intelligo
405 1866 466 1893 quae
476 1858 549 1892 dico,
561 1858 599 1885 ﬁli
609 1858 780 1886 charissima

204 1903 259 1930 VII.
281 1902 356 1931 llanc
371 1904 514 1938 epistolam
534 1912 598 1932 cum
614 1904 759 1933 Marcellus
770 1904 818 1932 Nll‘
832 1904 959 1940 egregius

167 1957 200 1977 ae
227 1949 465 1984 religiosissimus,
488 1954 516 1978 et
534 1950 562 1977 in
579 1950 678 1986 primis
706 1950 822 1978 illustris
835 1950 956 1985 legisset,

168 1993 268 2020 mirum
280 1993 306 2020 in
326 1992 437 2020 modum
454 1993 606 2029 obstupuit.
623 1994 663 2022 Ac
678 1998 734 2021 tum
747 1995 817 2022 forte
830 1995 957 2030 contigit,

168 2042 198 2065 ut
216 2037 312 2065 eodem
327 2037 382 2070 die,
397 2046 452 2073 quo
467 2039 540 2066 illam
556 2047 571 2066 a
586 2038 737 2067 Manichnao
752 2039 895 2075 epistolam
910 2039 957 2067 Dei

167 2089 265 2109 servus
294 2081 420 2117 accepit,
443 2082 596 2111 Archelaus
626 2083 704 2111 urbis
730 2083 878 2119 episcopus
903 2091 957 2112 una

166 2135 229 2154 cum
244 2127 290 2155 illo
306 2127 379 2155 domi
396 2132 479 2156 esset.
501 2128 552 2162 Qui
569 2136 599 2157 re
612 2129 687 2157 omni
703 2134 857 2165 perspecta,
873 2130 958 2158 denti-

167 2172 218 2200 hus
243 2171 374 2205 fremens,
401 2173 536 2209 rugientis
559 2173 647 2201 leonis
671 2173 779 2206 instar,
806 2181 839 2202 ac
863 2173 957 2201 divino

166 2217 284 2253 quodam
312 2218 411 2246 ardore
427 2219 561 2255 percitus,
588 2219 623 2247 ad
650 2219 831 2248 Manichaaum
863 2221 956 2255 potius

167 2264 306 2299 proﬁcisci
328 2265 467 2301 cupiebat,
484 2265 679 2301 hominemque
696 2273 711 2294 e
725 2265 864 2299 barbaris,
881 2266 954 2294 unde

166 2310 190 2337 is
212 2314 290 2336 ortus
315 2314 384 2343 erat,
410 2310 598 2338 advenientem
615 2314 642 2338 et
670 2310 705 2338 ad
720 2308 831 2338 humani
847 2311 956 2346 generis

166 2353 314 2388 perniciem
341 2354 527 2388 insurgentem
548 2361 658 2390 capere.
676 2354 730 2382 Sed
745 2355 867 2389 prudens
885 2355 956 2382 Mar-

166 2397 262 2429 cellus,
279 2398 403 2434 mitigato
416 2399 544 2433 precibus
558 2400 700 2435 episcopo,
716 2399 871 2435 Tyrbonem
889 2400 955 2427 hor—

164 2448 239 2471 tatus
263 2447 316 2476 est,
336 2447 367 2471 ut
392 2444 426 2472 ad
453 2444 559 2472 Manum
584 2446 612 2472 in
637 2445 784 2473 Arabionis
810 2446 954 2473 castellum

163 2489 276 2521 rediret,
295 2490 341 2517 ubi
358 2489 393 2517 a-b
414 2489 460 2517 illo
474 2491 697 2526 exspectabatur.
716 2490 773 2518 Hoc
788 2496 880 2519 autem
907 2499 954 2519 ra-

164 2534 273 2561 stellum
288 2538 330 2562 est
348 2534 420 2562 inter
443 2534 584 2562 Persidem
607 2543 639 2563 ac
661 2536 886 2571 Mesopotamiam
914 2538 953 2565 si-

163 2586 230 2608 tum.
251 2579 305 2608 Sed
320 2588 382 2608 cum
397 2579 489 2616 Tyrbo
502 2581 600 2609 reverti
616 2581 650 2609 ad
664 2581 844 2610 Manichreum
857 2584 952 2616 nollet,

162 2634 194 2654 eo
209 2627 316 2659 relicto,
341 2627 498 2662 expeditum
520 2627 665 2663 quemdam
686 2635 825 2656 cursorem
843 2636 858 2657 e
875 2629 955 2656 lann-

162 2672 197 2698 lia
218 2679 284 2706 sua,
308 2672 440 2706 destinat,
462 2680 509 2708 per
528 2681 610 2708 quem
630 2673 681 2701 has
703 2673 737 2702 ad
752 2673 829 2701 illum
845 2675 953 2704 litteras

161 2718 244 2744 dedit.

976 1567 997 1596 C

1016 938 1159 976 φέρουσιν,
1167 936 1214 966 ὧν
1221 939 1255 966 τὸ
1265 939 1353 972 τέλος
1366 938 1496 974 κατάρας
1510 939 1609 974 ἐγγύς.
1621 939 1690 968 οὔτε
1705 940 1760 976 γὰρ
1780 942 1810 968 ὲν

1015 986 1070 1016 τοῖς
1085 974 1241 1020 εἰρημένοις
1255 985 1431 1020 Εὐαγγελίοις
1446 986 1511 1021 παρ’
1526 985 1608 1012 αὐτοῦ
1624 985 1670 1013 τοῦ
1684 974 1810 1022 Σωτῆρος

1014 1030 1094 1066 ἡμῶν
1116 1031 1164 1057 καὶ
1196 1031 1300 1067 Κυρίου
1332 1031 1421 1068 Ἰησοῦ
1435 1031 1553 1067 Χριστοῦ
1571 1031 1755 1065 πιστεύουσιν,
1767 1033 1809 1060 ὅτι

1016 1077 1058 1104 οὐ
1084 1075 1209 1104 δύναται
1241 1077 1370 1113 δένδρον
1407 1078 1504 1105 καλὸν
1532 1078 1667 1112 καρποὺς
1694 1079 1809 1112 κακοὺς

1015 1121 1149 1157 ποιῆσαι,
1175 1122 1248 1150 οὐδὲ
1267 1124 1326 1159 μὲν
1344 1123 1471 1158 δένδρον
1491 1124 1587 1151 κακὸν
1602 1125 1716 1158 καλοὺς
1736 1133 1809 1159 καρ-

1015 1169 1092 1202 ποὺς
1107 1170 1241 1204 ποιῆσαι.
1259 1170 1316 1197 Καὶ
1339 1170 1398 1202 πῶς
1418 1170 1462 1197 τὸν
1476 1165 1543 1198 Θεὸν
1563 1170 1611 1198 τοῦ
1632 1171 1740 1198 Σατανᾶ
1761 1171 1809 1198 καὶ

1014 1215 1069 1242 τῶν
1085 1215 1179 1243 κακῶν
1193 1215 1275 1243 αὑτοῦ
1299 1216 1472 1252 πραγμάτων
1485 1216 1575 1251 λέγειν
1590 1216 1711 1253 τολμῶσι
1729 1226 1810 1252 ποιη-

1015 1260 1064 1296 τὴν
1079 1260 1127 1288 καὶ
1149 1261 1327 1297 δημιουργὸν,
1344 1262 1494 1298 θαυμάζειν
1512 1271 1557 1298 μοι
1577 1263 1736 1299 ἐπέρχεται.
1753 1264 1809 1290 Καὶ

1014 1306 1070 1333 εἴτε
1083 1307 1132 1342 μὲν
1147 1307 1213 1343 άχρι
1226 1307 1329 1335 τούτων
1342 1307 1459 1343 ἕιρθασεν
1483 1309 1572 1336 αὐτῶν
1586 1310 1603 1345 ἡ
1616 1309 1807 1345 ματαιοπονία,

1015 1352 1062 1379 καὶ
1079 1352 1117 1388 μὴ
1131 1351 1176 1379 τὸν
1193 1353 1333 1389 Μονογενῆ
1348 1353 1394 1381 τὸν
1413 1354 1446 1381 ὲκ
1459 1353 1514 1382 τῶν
1526 1354 1635 1381 κόλπων
1643 1354 1690 1381 τοῦ
1700 1355 1808 1390 Πατρὶς

1015 1398 1173 1426 καταϐάντα
1195 1399 1323 1435 Χριστὸν,
1348 1400 1457 1436 Μαρίας
1473 1401 1545 1433 τινὸς
1563 1401 1693 1437 γυναικὸς
1714 1402 1808 1437 ἔλεγον

1015 1443 1084 1472 εἶναι
1101 1445 1169 1479 υἱὸν,
1197 1445 1228 1478 ἐξ
1244 1446 1371 1482 αἵματος,
1390 1447 1438 1474 καὶ
1454 1448 1564 1484 σαρκὸς.
1587 1448 1635 1476 καὶ
1655 1448 1706 1484 τῆς
1724 1449 1807 1485 ἄλλης

1014 1491 1147 1523 δυσωδίας
1171 1491 1225 1519 τῶν
1240 1491 1379 1526 γυναικῶν
1397 1492 1574 1529 γεγενῆσθαι.
1593 1494 1649 1522 Καὶ
1664 1495 1706 1521 ἵνα
1721 1495 1758 1531 μὴ
1773 1495 1808 1529 τά

1016 1534 1101 1562 πολλὰ
1116 1534 1161 1562 διὰ
1176 1535 1257 1571 τῆσδε
1279 1536 1330 1572 τῆς
1357 1537 1503 1573 ἐπιστολῆς
1528 1538 1641 1574 γράφων
1659 1540 1700 1571 είς
1720 1540 1808 1576 μῆκος

1014 1581 1111 1617 χρόνου
1127 1581 1248 1617 διασύρω
1274 1590 1322 1609 σου
1339 1584 1389 1619 τὴν
1413 1584 1573 1619 ἐπιείκειαν,
1588 1585 1639 1613 οὐκ
1661 1586 1730 1622 ἔχων
1757 1587 1808 1619 τὰς

1014 1626 1132 1661 φυσικὰς
1154 1626 1280 1662 φράσεις,
1298 1628 1345 1656 ἐπὶ
1371 1628 1477 1662 τούτοις
1504 1630 1719 1667 ἀρκεσθήσομαι.
1734 1632 1771 1659 Τὸ
1784 1632 1807 1659 δ’

1013 1671 1073 1699 ὅλον
1084 1671 1178 1710 γνώσῃ
1196 1673 1328 1710 παρόντος
1339 1682 1390 1710 μου
1406 1676 1475 1710 πρὸς
1498 1676 1540 1709 σὲ,
1554 1676 1613 1711 εἴγε
1631 1677 1681 1712 τῆς
1693 1679 1807 1706 σεαυτοῦ

988 1723 993 1727 ·
1014 1717 1153 1753 σωτηρίας
1167 1717 1208 1745 ἔτι
1224 1719 1314 1755 φείδῃ.
1333 1720 1401 1748 Οὐδὲ
1413 1721 1467 1757 γάρ
1478 1721 1575 1758 βρόχον
1593 1722 1647 1749 τινὶ
1658 1723 1820 1757 emissam;

1013 1761 1052 1794 ὡς
1071 1763 1096 1790 ot
1115 1763 1171 1790 τῶν
1194 1764 1300 1792 πολλῶν
1326 1765 1520 1803 ἀφρονέστεροι
1546 1767 1679 1797 ποιοῦσιν.
1705 1768 1770 1796 Νόει
1788 1770 1807 1797 ἃ

1013 1807 1096 1843 λέγω,
1114 1809 1209 1838 τέκνον
1222 1811 1372 1847 τιμιώτατε
1378 1833 1387 1842 .

1048 1900 1085 1927 Ζ’.
1096 1900 1206 1936 Ταύτην
1218 1901 1352 1936 ἀναγνοὺς
1374 1902 1421 1938 τὴν
1436 1903 1581 1939 ἐπιστολὴν
1598 1904 1612 1930 ὁ
1626 1903 1808 1938 ἀξιολογώτα-

1012 1952 1058 1975 τος
1068 1944 1241 1980 Μάρκελλος,
1256 1946 1304 1972 καὶ
1321 1945 1530 1980 Θεοσεϐέστατος
1546 1948 1626 1984 ἀνὴρ,
1645 1949 1692 1976 καὶ
1709 1949 1807 1985 διαφα-

1012 1988 1072 2024 νὴς,
1096 1989 1235 2025 ἐθαύμαζε
1271 1991 1318 2018 καὶ
1346 1991 1536 2028 ἐξεπλήττετο.
1566 1993 1727 2029 Συμϐέὸηκε
1751 1994 1806 2030 γὰρ

1018 2034 1162 2071 Ἀρχέλαον
1186 2036 1232 2064 τὸν
1254 2037 1304 2072 τῆς
1327 2037 1431 2070 πόλεως
1456 2039 1604 2066 ἐπίσκοπον
1633 2040 1724 2067 οἴκαδε
1747 2041 1806 2076 ἅμα

1010 2081 1086 2117 αύτῷ
1111 2083 1230 2110 συνεῖναι
1255 2083 1316 2110 κατ’
1335 2084 1443 2120 ἐκείνην
1468 2085 1518 2121 τὴν
1541 2086 1657 2122 ἡμέραν,
1680 2087 1709 2113 ὲν
1755 2087 1805 2123 τὴν

1011 2127 1156 2163 ἐπιστολὴν
1171 2128 1218 2155 τοῦ
1230 2129 1381 2165 Μανιχαίου
1403 2131 1473 2166 μετὰ
1487 2132 1582 2167 χεῖρας
1598 2131 1709 2168 εἴληφεν
1725 2133 1739 2159 ό
1754 2132 1803 2160 τοῦ

1010 2173 1078 2200 Θεοῦ
1095 2174 1198 2208 δοῦλος.
1218 2176 1248 2202 '0
1263 2176 1292 2203 δὲ
1313 2177 1468 2213 Ἀρχέλαος,
1483 2178 1564 2212 γνοὺς
1577 2179 1628 2215 τὴν
1644 2179 1743 2212 αἰτίαν,
1757 2179 1804 2206 καὶ

1009 2219 1058 2256 τὴν
1071 2221 1215 2257 ἐπιστολὴν
1225 2222 1368 2257 ἀναγνοὺς,
1383 2223 1482 2259 ἑϐρυχε
1496 2225 1559 2256 τοὺς
1574 2224 1693 2258 ὀδόντας,
1709 2225 1804 2260 ὥσπερ

1009 2265 1077 2293 λέων
1087 2267 1253 2304 ὡρυόμενος,
1268 2269 1316 2296 καὶ
1330 2269 1410 2305 ζῆλον
1423 2269 1492 2297 Θεοῦ
1507 2270 1659 2304 άναλαὸὼν,
1673 2272 1804 2307 ἐπειρᾶτο

1008 2312 1128 2348 ὁρμῆσαι
1161 2313 1261 2349 μᾶλλον
1285 2315 1337 2347 ἓως
1361 2315 1455 2349 αὑτοῦ,
1484 2316 1530 2343 καὶ
1551 2316 1736 2353 χειρώσασθαι
1756 2316 1802 2344 τὸν

1007 2358 1137 2390 τοιοῦτον,
1160 2359 1199 2391 ὡς
1224 2359 1350 2387 ὲπίλυτον
1365 2361 1375 2377 ⁸
1389 2362 1422 2388 ὲκ
1438 2361 1594 2398 βαρϐάρων,
1607 2362 1667 2389 ὅθεν
1682 2363 1730 2389 καὶ
1744 2362 1801 2398 ὠρ-

1010 2404 1080 2438 μᾱτο
1094 2404 1163 2440 πρὸς
1182 2405 1337 2442 ἀφανισμὸν
1359 2407 1413 2434 τῶν
1427 2408 1492 2435 υἱῶν
1511 2408 1566 2435 τῶν
1587 2408 1739 2444 ἀνθρώπων
1756 2409 1802 2435 ὲπ-

1008 2451 1171 2478 αναστάντα.
1191 2451 1221 2478 '0
1236 2451 1265 2479 δὲ
1282 2454 1390 2486 συνετὸς
1400 2454 1560 2489 Μάρκελλος
1571 2455 1617 2482 τὸν
1630 2454 1679 2490 μὲν
1689 2454 1801 2481 ἐπίσκο-

1008 2504 1059 2522 πον
1070 2495 1190 2529 ἀξιώσας
1207 2498 1393 2534 κατεπράϋνε,
1409 2499 1534 2536 Τύρϐωνι
1549 2500 1577 2526 δὲ
1601 2501 1802 2537 παρεκελεύετο

1007 2542 1126 2570 διανύειν
1150 2543 1199 2579 τὴν
1225 2543 1380 2580 ὁδοιπορίαν
1401 2545 1470 2581 πρὸς
1490 2545 1536 2573 τὸν
1549 2546 1646 2581 Μάνην
1658 2547 1686 2573 ὲν
1698 2546 1738 2582 τῷ
1751 2555 1802 2573 κα-

1009 2587 1111 2623 στέλλῳ
1127 2588 1301 2624 Ἀραϐίωνος,
1311 2589 1375 2616 ἔνθα
1387 2599 1438 2617 που
1449 2591 1587 2626 ἐξεδέχετο
1599 2591 1644 2618 τὸν
1654 2591 1798 2627 Τύρϐωνα.

1009 2633 1087 2660 Ἐστι
1113 2633 1142 2660 δὲ
1157 2634 1235 2661 τοῦτο
1251 2635 1282 2662 τὸ
1298 2635 1428 2672 φρούριον
1447 2637 1501 2665 ἀνὰ
1515 2638 1596 2672 μέσον
1615 2636 1670 2663 τῶν
1686 2639 1799 2674 Περσῶν

1007 2679 1055 2705 καὶ
1073 2679 1210 2715 ἀναμέσον
1224 2681 1273 2717 τῆς
1291 2682 1515 2718 Μεσοποταμίας.
1537 2682 1567 2709 '0
1583 2686 1612 2713 δὲ
1625 2686 1802 2722 παρῃνήσατο

1007 2724 1056 2760 τὴν
1066 2725 1134 2761 πρὸς
1144 2726 1190 2752 τὸν
1201 2727 1351 2763 Μανιχαῖον
1361 2727 1452 2762 ἄφιξιν
1460 2736 1466 2743 ·
1480 2729 1527 2755 καὶ
1538 2728 1547 2743 ⁷
1563 2729 1600 2765 μὴ
1619 2732 1801 2766 καταναγκάοο

160 2771 209 2796 σας
223 2763 269 2790 τὸν
280 2764 424 2802 Τύρὸωνα,
441 2765 601 2792 ἀποστέλλει
623 2765 684 2793 τινὰ
696 2766 865 2803 ταχυδρόμον
880 2768 935 2795 τῶν
956 2769 1039 2802 ἰδίων,
1055 2771 1164 2806 γράψας
1179 2772 1252 2809 αὐτῷ
1267 2774 1412 2810 ἐπιστολὴν
1426 2775 1542 2803 τοιάνδε.

195 2821 203 2837 ί
220 2821 302 2848 Hebr.
319 2831 356 2855 νι,
370 2823 396 2850 8.
435 2824 445 2840 ¹

160 2849 168 2864 ⁷
183 2857 264 2885 Deest
277 2857 291 2884 ὁ
303 2849 474 2894 Μάξυὶελλοςζ

465 2823 559 2853 Matth.
573 2832 622 2859 vn,
637 2826 680 2854 l7.
721 2826 731 2842 ³
759 2825 838 2854 Joan.
857 2834 876 2860 ι,
894 2827 937 2854 18.

1013 2827 1096 2858 lCor.
1130 2839 1165 2859 vn
1190 2832 1236 2861 55.
1274 2832 1360 2862 “For.
1383 2834 1419 2869 μὴ
1435 2835 1478 2862 άδ.
1517 2835 1528 2851 ⁸
1550 2833 1611 2864 For.
1649 2837 1794 2868 ἐπήλυτον.
