1939 3036
88 165 115 195 ﬂ

165 236 327 270 Ἐπιστολὴ
342 236 522 271 Μαρκέλλου
539 238 613 272 πρὸς
632 237 807 272 Μίινιχαῖον.

122 303 281 338 Μάρκελλος
301 302 372 338 ἀνὴρ
391 303 527 339 ἐπίσημος
552 304 696 338 Μανιχαίῳ
710 303 748 338 τῷ
767 302 812 329 διὰ
830 302 881 336 τῆς

85 349 233 384 ἐπιστολῆς
250 349 408 385 δηλουμένῳ
423 349 539 385 χαίρειν.
552 350 606 385 Τὴν
619 349 669 385 μὲν
684 349 735 376 ὑπὸ
751 350 798 375 σοῦ
814 357 882 384 γρα-

86 396 183 428 φεῖσαν
192 393 337 428 ἐπιστολὴν
350 395 533 429 προσηκάμην
543 403 550 411 ·
562 395 608 421 τὸν
615 395 643 421 δὲ
655 394 692 420 Τύ
698 395 788 430 ρόωνα
799 402 883 429 προσ-

85 440 223 476 εδεξάμην
236 441 308 468 κατὰ
330 440 529 476 φιλοφροσύνην
547 442 625 476 ἐμήν.
642 441 702 467 Τῶν
714 441 743 467 δὲ
755 440 884 476 γραμμά-

87 496 142 514 των
164 487 209 513 τὸν
233 486 295 514 νοῦν
309 486 434 522 οὐδαμῶς
453 486 554 521 ἔγνων·
570 488 595 513 εί
612 487 650 523 μὴ
672 487 704 514 σὺ
728 486 884 522 παραγενό-

88 541 170 568 μενος
177 532 284 567 φράσῃς
299 533 366 567 ἡμῖν
381 532 568 568 καταλογάδην
577 533 703 564 ἕκαστον,
714 532 752 564 ὼς
764 532 884 566 ὑπέσχου

87 578 132 604 διὰ
143 578 191 612 τῆς
207 577 362 612 ἐπιστολῆς.
377 577 529 613 Ἔρρωσθε.

124 637 165 662 H’.
187 634 280 662 Ταῦτα
296 636 377 670 γνοὺς
392 636 407 662 ὁ
423 635 520 671 Μάνης
544 635 692 662 ἐσκέπτετο
714 635 764 662 οὐκ
780 635 885 671 ἀγαθὴν

89 680 159 708 εἶναι
169 682 220 717 τὴν
228 682 276 708 τοῦ
290 681 435 717 Τύρὸωνος
448 683 477 708 ὲν
489 681 599 713 καθέξει
618 682 767 717 γενομένην
784 691 886 718 παρου-

89 727 152 753 σίαν
169 726 311 761 (πολλάκις
331 726 360 752 δὲ
385 726 433 753 καὶ
451 726 531 752 αὐτὸν
546 726 649 762 ἠπάτα,
666 726 734 752 ἄλλα
755 726 831 762 παρὰ
852 726 888 752 τὰ

89 773 155 800 ὅντα
171 772 370 808 λογιζόμενος),
385 772 572 808 πληροφορίας
590 773 640 808 τῆς
653 772 750 799 ἑαυτοῦ
767 772 888 803 διανοίας

90 819 181 854 χάριν.
212 819 318 854 Ὅμως,
348 818 394 845 διὰ
419 820 469 854 τῆς
501 819 648 853 ἐπιστολῆς
676 819 824 854 λαϐόμενος
838 818 888 853 τὴν

91 865 243 901 πρόφασιν,
259 864 398 900 δρομαίως
413 862 464 900 ἧκε
479 865 546 900 πρὸς
563 865 609 891 τὸν
624 865 794 901 Μάρκελλον.
814 865 844 891 Ὀ
860 865 889 891 δὲ

408 166 593 195 ADVERSUS
611 165 781 195 [MERESES
802 163 865 193 LIB.
886 164 917 192 Il.
939 163 1019 192 ΤΟΜ.
1042 164 1074 192 ll.
1094 181 1128 186 —-
1149 163 1287 192 ll/ERES.
1309 163 1402 192 LXVI.

895 229 918 256 Α

1684 155 1719 184 ιι

1070 236 1193 263 Marcelli
1210 237 1244 264 ad
1263 236 1440 264 Manis/item"
1459 233 1584 269 epistola-

969 306 1114 333 Marcellus
1136 307 1178 332 vir
1200 306 1314 334 illustris
1330 304 1480 332 Manichaee
1505 311 1554 338 per
1577 303 1725 337 epistolam

934 353 1000 380 milii
1015 352 1127 388 cognito
1149 352 1275 379 salutem.
1303 351 1401 386 Accepi
1427 358 1497 385 quas
1515 350 1548 377 ad
1565 357 1609 377 me
1625 349 1724 377 dedisti

937 399 1053 427 litteras.
1073 398 1228 434 Tyrbonem
1241 397 1323 433 625
1337 404 1402 424 vero
1418 404 1466 431 pro
1483 403 1543 423 mea
1558 396 1727 431 benignitate

935 445 1054 480 suscepi.
1074 444 1145 477 Quid
1163 449 1255 471 autem
1271 444 1370 471 littera:
1395 447 1449 470 tua:
1473 443 1525 470 sibi
1548 443 1633 469 velint
1657 449 1728 469 non-

935 489 1000 516 dum
1027 489 1169 520 intellexi,
1197 488 1250 516 nisi
1277 492 1307 515 tu
1331 487 1366 515 ad
1389 495 1439 515 nos
1467 487 1581 514 veniens
1607 487 1726 521 singula.

935 535 975 562 uti
1003 543 1051 569 per
1077 535 1184 563 lilteras
1207 534 1347 570 recepisti,
1368 534 1401 561 ad
1421 533 1534 561 verbum
1554 532 1727 568 exposueris.

936 580 1041 608 Valete.

975 637 1043 664 Vlll.
1065 636 1127 664 Haec
1153 637 1200 663 ubi
1224 636 1318 664 Manes
1342 636 1458 671 accepit.
1482 636 1590 663 tametsi
1615 636 1682 663 nihil
1702 636 1729 663 in

939 691 972 711 ea
996 683 1134 719 Tyrbonis
1158 683 1310 710 retentione
1327 682 1390 709 boni
1411 689 1473 709 esse
1490 688 1583 709 secum
1605 682 1727 708 animad—

938 734 1057 758 verteret
1077 731 1086 764 (
1101 737 1220 764 persaepe
1239 736 1303 756 vero
1318 729 1373 755 falli
1387 729 1516 764 opinione
1531 729 1645 760 solebat.
1661 728 1731 755 alia-

938 784 992 811 que
1002 776 1104 808 omnia,
1119 782 1200 810 quam
1213 775 1261 806 ita,
1277 775 1314 801 uti
1329 782 1358 801 se
1373 782 1418 801 res
1431 774 1548 801 habebat
1565 773 1728 808 conjicere),

941 827 971 850 ut
987 823 1020 850 de
1037 826 1094 849 tota
1117 830 1146 849 re
1162 821 1263 848 certior
1278 821 1366 852 ﬁeret,
1385 821 1532 848 occasione
1557 828 1589 847 ex
1613 820 1733 847 Marcelli

942 869 1041 897 litteris
1073 874 1196 904 accepta,
1218 869 1360 895 celerrime
1384 868 1418 894 ad
1436 867 1521 894 illum
1541 867 1672 894 accurrit.
1700 865 1735 893 At

91 910 243 941 ἐπίσκοπος
267 909 413 944 Ἀρχέλαος
429 909 498 944 ἔχων
519 910 550 935 ἐν
571 909 660 944 ἑαυτῷ
688 909 758 944 μετὰ
779 909 825 935 τὸν
843 909 889 935 λό-

953 916 1095 943 lrchelaus
1109 902 1256 950 episcopus
1275 919 1373 949 praeter
1390 913 1548 941 doctrinam
1575 911 1636 940 ﬁdei
1658 913 1736 940 insu-

95 966 140 992 γον
156 958 164 973 ¹
181 957 230 983 καὶ
243 956 274 983 τὸ
289 955 439 992 ζηλωτικὺν
459 955 511 990 τῆς
531 955 659 987 πίστεως,
674 954 842 986 ἐϐουλεύετο,
864 955 890 981 εἰ

92 1001 125 1038 ἦν
142 1002 266 1034 δυνατὸν,
284 1002 314 1036 ἐξ
335 1001 422 1037 αὐτῆς
436 1001 482 1029 τὸν
496 1001 590 1037 ἄνδρα,
601 1001 697 1037 ὥσπερ
714 1001 857 1036 πάρδαλιν,
872 1001 890 1037 ἢ

90 1048 186 1080 λύκον,
201 1048 219 1083 ἡ
230 1056 257 1074 τι
268 1047 362 1083 ἕτερον
375 1047 431 1073 τῶν
442 1047 545 1082 θηρίων
559 1046 707 1082 ἀγρεύσας,
721 1046 829 1080 θανάτῳ
840 1055 892 1073 πα-

93 1094 234 1129 ραδοῦναι,
249 1093 293 1120 ἶνα
307 1093 345 1128 μὴ
360 1092 484 1128 λυμανοῇ
495 1092 530 1119 τὰ
540 1092 698 1128 θρέμματα,
711 1092 833 1120 τοιούτου
844 1093 893 1128 οη-

94 1141 152 1176 ρὸς,
170 1139 225 1175 [ἐφ’
239 1139 312 1175 ὀδοῦ]
328 1139 379 1174 τὴν
399 1139 411 1155 ³
431 1138 534 1165 εἴσοδον
550 1138 700 1165 κατανοῶν.
724 1138 754 1164 ’0
771 1138 799 1164 δὲ
813 1137 893 1173 Μάρ-

95 1185 192 1216 κελλος
207 1186 241 1220 τῇ
258 1184 435 1220 μακροθυμίᾳ
453 1183 554 1219 μᾶλλον
567 1183 644 1219 ὴξίου
665 1184 713 1210 ml.
725 1184 894 1218 ἀνεξικάκως

95 1231 143 1258 τον
168 1231 238 1267 πρὸς
260 1231 342 1257 αὐτὸν
358 1230 483 1264 διάλογον
501 1230 549 1257 ἀπ’
560 1230 644 1257 αὐτοῦ
663 1230 800 1265 γενέσθαι.
820 1231 849 1257 ὐ
865 1231 894 1257 δὲ

95 1278 150 1312 ἠδη
177 1276 348 1313 μεμαθηκὼς
373 1276 425 1312 τῆς
446 1276 494 1303 τοῦ
509 1276 590 1312 Μάνη
604 1276 717 1313 γνώμης
733 1276 784 1312 τὴν
805 1278 895 1304 πᾶσαν

97 1323 238 1350 ὑπόθεσιν·
259 1323 408 1358 διηγήσατο
428 1323 484 1358 γὰρ
503 1323 594 1355 αὐτοῖς
610 1323 624 1349 ὁ
638 1323 762 1358 Τύρῧων,
775 1323 850 1359 αὐτῷ
865 1332 896 1350 τε

97 1369 147 1396 καὶ
163 1369 327 1405 Μαρκέλλῳ.
339 1369 389 1405 τὴν
402 1369 453 1405 τῆς
468 1369 598 1405 αἱρέσεως
613 1370 703 1396 πᾶσαν
719 1370 895 1404 κενοφωνίαψ

98 1416 138 1447 ὡς
152 1417 167 1442 ὁ
183 1416 234 1450 μὲν
254 1416 352 1450 Μάνης
369 1415 416 1442 δύο
435 1416 522 1451 ἀρχὰς
534 1417 683 1451 εἰσηγεῖται
696 1416 832 1452 ἀνάρχους
854 1416 899 1443 ἀεὶ

99 1461 195 1493 οὖσας,
214 1462 261 1488 καὶ
276 1461 410 1497 μηδέποτε
427 1462 617 1494 διαλειπούσας
638 1462 667 1488 τὺ
684 1459 764 1493 εἶναι,
779 1462 899 1489 ἀντικει-

947 970 997 998 per
1022 962 1120 989 ardore
1145 961 1288 996 praeditus.
1308 964 1405 988 auctor
1423 964 1492 992 erat,
1510 964 1550 991 ut,
1566 960 1588 986 si
1603 960 1660 987 ﬁeri
1673 967 1737 994 pos-

945 1012 997 1040 set,
1016 1008 1098 1034 homo
1122 1007 1178 1037 ille.
1202 1006 1281 1041 pardi
1306 1006 1394 1032 instar
1409 1013 1440 1032 ac
1457 1005 1524 1040 lupi.
1547 1005 1588 1033 vel
1613 1005 1738 1040 cujusvis

944 1054 1058 1082 alterius
1084 1053 1194 1084 bestiie,
1218 1053 1386 1087 interceptus
1407 1052 1487 1079 morti
1512 1052 1676 1084 traderetur,
1703 1058 1739 1079 ne

951 1099 1088 1134 ejusmodi
1107 1098 1170 1125 fera:
1189 1098 1347 1125 incursione
1363 1105 1461 1132 pecora
1478 1097 1654 1129 la-dercntur,
1674 1105 1738 1124 cum

947 1146 1024 1173 illius
1041 1146 1195 1180 ingressum
1215 1148 1404 1179 cognosceret.
1424 1143 1567 1170 Marcellus
1582 1147 1678 1171 contra
1692 1151 1740 1178 pa-

951 1193 1051 1220 tienter
1067 1199 1100 1218 ac
1111 1191 1208 1217 leniter
1225 1191 1316 1225 potius
1334 1190 1410 1217 illum
1424 1189 1451 1216 in
1467 1189 1604 1225 colloquio
1616 1193 1739 1216 tractan—

951 1239 1015 1266 dum
1033 1238 1157 1273 putabat.
1187 1237 1234 1264 llle
1257 1245 1322 1263 vero
1341 1240 1480 1271 comperta
1501 1236 1556 1270 jam
1578 1233 1667 1263 Manis
1681 1235 1740 1271 opi-

946 1285 1029 1312 nione
1043 1291 1074 1311 ac
1089 1283 1214 1311 doctrina
1231 1293 1237 1310 :
1255 1283 1392 1318 siquidem
1408 1281 1499 1318 Tyrbo
1527 1283 1637 1318 utrique
1653 1286 1739 1311 lotam

947 1330 1022 1358 illius
1044 1334 1127 1358 secta:
1149 1328 1300 1356 vanitatem
1322 1329 1484 1364 explicarat,
1508 1328 1740 1363 quemadmodum

948 1376 1054 1404 scilicet
1071 1376 1126 1403 duo
1142 1375 1276 1410 principia
1302 1379 1448 1405 statueret.
1473 1382 1533 1409 qua:
1556 1378 1584 1402 et
1606 1374 1742 1410 principio

950 1425 1088 1452 carerent,
1105 1429 1155 1448 nec
1168 1428 1288 1455 unquam
1306 1420 1473 1451 desinerent,
1491 1419 1661 1455 invicemque
1680 1428 1743 1447 con-

950 1467 1036 1494 traria
1050 1467 1159 1497 forent;
1175 1473 1291 1501 quorum
1314 1473 1398 1492 unum
1423 1466 1510 1492 lucem
1527 1473 1559 1492 ac
1575 1466 1676 1493 bonum
1696 1473 1744 1501 ap-

102 1509 188 1543 μένας
203 1508 271 1543 πρὸς
288 1508 415 1543 ἀλλήλας·
431 1508 479 1534 καὶ
489 1509 520 1543 τῇ
539 1508 589 1543 μὲν
605 1508 654 1543 μιᾷ
666 1508 752 1544 ὄνομα
763 1508 853 1543 τίθησι
869 1508 898 1535 τὸ

953 1513 1084 1549 pellaret:
1118 1513 1235 1539 alterum
1265 1511 1393 1538 tenebras
1418 1518 1450 1537 ac
1475 1511 1588 1542 malum,
1614 1513 1643 1538 ut
1670 1511 1742 1538 idem

102 1555 163 1590 φῶς
181 1555 230 1581 καὶ
245 1554 359 1589 ἀγαθὸν.
373 1556 406 1589 τῇ
422 1554 451 1581 δὲ
465 1553 547 1589 ἑτέρᾳ
564 1553 660 1586 σκότος
674 1554 720 1580 καὶ
739 1554 848 1586 κακίαν,
861 1553 898 1585 ὡς

954 1560 1009 1586 sint
1021 1566 1053 1585 ac
1065 1558 1136 1585 Deus
1151 1562 1178 1585 et
1195 1557 1322 1585 diabolus
1335 1566 1342 1584 τ
1358 1564 1427 1591 quos
1440 1557 1549 1591 quidem
1565 1557 1660 1584 ambos
1675 1565 1745 1584 non—

102 1599 174 1628 εἶναι
189 1600 256 1627 Θεὸν
268 1601 315 1627 καὶ
328 1600 459 1627 διάϐολον·
472 1600 537 1626 ποτὲ
547 1600 575 1626 δὲ
589 1601 636 1626 καὶ
649 1600 727 1632 θεοὺς
740 1601 803 1631 τοὺς
813 1600 902 1635 ἀμφο-

103 1647 202 1683 τέρους
218 1647 307 1679 καλεῖ,
324 1647 390 1673 Θεὺν
404 1646 516 1681 ἀγαθὸν,
535 1647 582 1674 καὶ
599 1646 666 1672 Θεὸν
679 1646 808 1681 πονηρόν.
825 1644 902 1672 Εἶναι

103 1694 135 1720 δὲ
146 1695 182 1719 ἐκ
195 1692 252 1719 τῶν
269 1693 316 1719 δύο
331 1692 423 1728 ἀρχῶν
440 1692 475 1719 τὰ
488 1693 587 1725 πάντα,
601 1692 648 1719 καὶ
668 1693 840 1719 συνεστάναιο
857 1692 904 1719 καὶ

105 1739 155 1774 τὴν
176 1739 227 1774 μὲν
245 1739 311 1774 μίαν
330 1738 417 1774 ἀρχὴν
433 1738 468 1765 τὰ
489 1738 579 1772 ἀγαθὰ
593 1738 681 1764 πάντα
697 1739 795 1771 ποιεῖν,
811 1738 859 1774 τὴν
875 1737 904 1765 δὲ

104 1784 206 1814 ἑτέραν
221 1783 321 1818 ὁμοίως
338 1783 372 1810 τὰ
384 1783 483 1817 φαῦλα.
501 1784 593 1819 Ἔχειν
605 1783 634 1810 δὲ
649 1784 678 1810 ἐν
690 1783 730 1818 τῷ
741 1784 836 1819 κόσμῳ
849 1783 904 1810 τῶν

104 1832 155 1858 δύο
168 1830 272 1858 τούτων
285 1830 376 1866 ἀρχῶν
389 1831 438 1862 τὰς
449 1831 622 1862 ὑποστάσεις.
637 1831 693 1857 Καὶ
709 1831 759 1866 τὴν
776 1831 825 1866 μὲν
840 1830 905 1866 μίαν

105 1877 196 1913 ἀρχὴν
213 1877 391 1911 πεποιηκέναι
405 1876 435 1902 τὸ
451 1876 541 1910 σῶμα,
557 1876 606 1912 τὴν
623 1876 651 1903 δὲ
666 1875 755 1912 ψυχὴν
768 1874 839 1902 εἶναι
855 1876 906 1911 τῆς

106 1923 216 1957 ἑτέρας.
230 1922 321 1958 Αὐτὴν
336 1922 365 1948 δὲ
381 1920 514 1957 εἶναιτὴν
525 1922 615 1958 ψυχὴν
629 1923 679 1958 τὴν
695 1923 724 1949 ὲν
740 1922 905 1958 ἀνθρώποις,

107 1970 157 1997 καὶ
176 1970 206 1995 ὲν
220 1969 303 1996 παντὶ
325 1969 399 2004 ζώῳ,
425 1969 472 1996 καὶ
496 1968 623 2003 πετεινῷ,
644 1969 691 1995 καὶ
713 1969 831 2004 ἑρπετῷ,
859 1969 907 1995 καὶ

107 2016 250 2051 κνωδάλῳ·
264 2016 294 2042 οὺ
316 2015 395 2050 μόνον
419 2015 488 2042 ἀλλὰ
504 2015 552 2041 καὶ
568 2016 597 2041 ὲν
609 2017 666 2046 τοῖς
682 2016 775 2050 φυτοῖς
793 2015 843 2050 τὴν
856 2014 907 2049 τῆς

107 2061 186 2096 ζωῆς
201 2061 302 2096 ἰκμάδα
316 2061 424 2096 κίνησιν
437 2059 507 2088 εἶναι
523 2061 613 2096 ψυχῆς
628 2061 751 2096 φάσκων,
765 2062 797 2096 ἢν
812 2061 859 2088 καὶ¹
878 2061 907 2087 ὲν

107 2110 168 2140 τοῖς
183 2108 339 2144 ἀνθρώποις
352 2109 529 2144 ὑπάρχουσαν
540 2109 624 2143 λέγει.

145 2167 186 2194 Θ’.
209 2167 293 2194 Ἀλλα
308 2167 334 2193 δὲ
344 2167 396 2193 ὅσα
412 2166 578 2202 μυθοποιῶν,
590 2165 637 2193 καὶ
647 2166 781 2192 διδάσκων
796 2166 905 2200 φάσκει,

108 2214 157 2241 τὸν
177 2213 303 2240 ἐσθίοντα
323 2214 428 2249 σάρκας
441 2214 530 2249 ψυχήν
547 2222 629 2249 φησιν
639 2213 739 2239 ἐσθίειν
757 2212 802 2238 τὸν
821 2212 905 2239 τοιοῦ‹

954 1610 1093 1638 nunquam
1115 1602 1185 1630 Deos
1197 1603 1369 1633 ‘nominaret.
1385 1602 1469 1629 Deum
1485 1603 1612 1629 videlicet
1630 1603 1744 1635 bonum,

955 1658 987 1678 ac
1002 1650 1085 1678 Deum
1106 1650 1218 1676 malum.
1242 1649 1283 1675 Ab
1303 1649 1347 1676 his
1361 1648 1469 1675 duobus
1485 1649 1629 1683 principiis
1645 1653 1744 1676 exorta

955 1704 988 1723 ac
999 1696 1147 1723 constituta
1163 1702 1225 1722 esse
1238 1694 1345 1726 omnia;
1360 1701 1477 1729 quorum
1506 1695 1541 1721 ab
1560 1695 1646 1721 altero
1661 1695 1745 1727 bona,

955 1743 990 1769 ab
1001 1743 1087 1768 altero
1099 1741 1170 1767 mala
1180 1740 1273 1767 omnia
1287 1740 1513 1774 proficiscuntur,
1530 1747 1591 1774 qua:
1603 1740 1744 1768 amborum

956 1786 1152 1822 principiorum
1170 1785 1197 1812 in
1215 1785 1266 1812 hoc
1278 1785 1380 1812 mundo
1394 1785 1602 1813 subsistentiain
1617 1786 1744 1813 habeant.

955 1831 997 1858 Ad
1025 1831 1082 1859 haec
1108 1838 1209 1865 corpus
1233 1830 1267 1857 ab
1290 1837 1345 1857 uno
1368 1831 1479 1857 illorum
1504 1838 1566 1858 esse
1591 1831 1744 1863 conditum.

957 1877 1076 1904 animam
1092 1877 1127 1904 ab
1140 1877 1236 1904 altero.
1255 1876 1323 1909 Quae
1336 1876 1445 1917 quidem
1466 1876 1557 1903 anima
1576 1882 1630 1903 tam
1648 1877 1675 1903 in
1696 1878 1747 1904 ho-

958 1923 1100 1954 minibus,
1132 1931 1214 1957 quam
1250 1922 1277 1949 in
1307 1923 1415 1950 caeteris
1444 1923 1626 1950 animalibus.
1663 1924 1747 1951 adeo-

957 1977 1012 2004 que
1038 1969 1151 1999 avibus,
1183 1968 1357 2003 serpentibus
1393 1976 1425 1995 ac
1452 1969 1548 1996 bestiis
1576 1969 1641 1996 insit
1663 1978 1669 1996 :
1693 1969 1748 1996 imo

957 2016 1040 2043 etiam
1063 2015 1208 2049 stirpibus.
1232 2014 1260 2040 in
1281 2014 1382 2048 quibus
1403 2014 1512 2041 vitalem
1530 2015 1670 2041 humorem
1689 2022 1749 2041 mo-

959 2066 1017 2088 tum
1033 2061 1133 2088 animae
1147 2060 1242 2087 deﬁnit
1265 2068 1338 2093 esse,
1362 2059 1516 2095 cujusmodi
1542 2061 1568 2088 in
1591 2061 1749 2088 hominibus

959 2111 1093 2134 cernitur.

995 2163 1038 2191 IX.
1061 2164 1164 2191 Praeter
1176 2163 1235 2191 hinc
1248 2163 1317 2190 alias
1327 2165 1470 2198 plerasque
1485 2162 1592 2190 fabulas
1613 2161 1748 2196 adjungii,

959 2210 1032 2236 velut
1050 2209 1072 2236 si
1088 2209 1151 2243 quis
1165 2209 1296 2235 carnibus
1311 2214 1449 2237 vescatur.
1469 2209 1587 2234 animam
1605 2207 1748 2240 devorare,

109 2269 168 2292 τον,
187 2260 236 2286 καὶ
246 2257 316 2286 εἶναι
327 2259 407 2286 αὑτὸν
424 2259 516 2294 ἔνοχον
527 2258 574 2285 τοῦ
590 2258 638 2285 καὶ
653 2258 734 2285 αὑτὸν
748 2257 868 2284 τοιοῦτόν
880 2266 894 2283 τ

959 2262 1074 2289 eamque
1095 2254 1269 2281 committere
1289 2260 1408 2287 poenam.
1425 2258 1454 2279 ut
1472 2254 1498 2280 iii
1517 2253 1634 2287 idipsum
1660 2256 1750 2279 mute-

109 2307 251 2341 γενέσθαι.
272 2307 315 2337 Ὦς
330 2307 354 2333 εἰ
365 2305 449 2341 ἔφαγε
464 2307 565 2341 χοῖρον,
576 2306 666 2340 χοῖρον
677 2302 754 2336 αὖθις
768 2303 905 2337 γενέσθαι,

109 2355 128 2389 ἢ
147 2353 259 2388 ταῦρον,
278 2351 294 2386 ἢ
314 2352 416 2387 ὄρνεον,
436 2351 453 2385 ἧ
472 2360 497 2376 τι
512 2350 565 2375 τῶν
584 2349 721 2384 ἐδωδίμων
737 2347 904 2382 κτισμάτων.

110 2400 158 2426 Διὸ
174 2399 305 2434 ἐμψύχων
321 2398 351 2424 οὐ
369 2398 527 2432 μετέχουσιν
540 2392 622 2422 οὗτοι.
639 2395 694 2421 Καὶ
706 2395 763 2424 ἐὰν,
778 2394 854 2429 φησὶ,
866 2394 907 2424 τὶς

112 2446 237 2481 φυτεύσῃ
254 2444 270 2479 ἢ
291 2443 387 2479 συκῆν,
404 2443 420 2478 ἢ
436 2443 540 2474 ἐλαίαν,
556 2443 572 2477 ῆ
594 2442 726 2477 ἄμπελον,
749 2441 765 2476 ἢ
791 2449 908 2475 συκομο-

113 2493 186 2529 ρίαν,
203 2492 221 2526 ἢ
238 2491 366 2526 περσέαν,
383 2490 431 2516 καὶ
450 2489 530 2516 αὐτὸν
543 2489 751 2523 τελευτήσαντα,
769 2485 847 2518 αὖθις
863 2486 907 2512 δε-

113 2537 245 2574 σμεῖσθαι
259 2536 342 2563 αὑτοῦ
359 2535 408 2572 τὴν
423 2535 511 2571 ψυχὴν
532 2536 561 2561 ἐν
577 2536 633 2566 τοῖς
647 2533 763 2565 κλάδοις,
781 2530 821 2564 οἷς
842 2531 908 2566 ἐφύ-

111 2593 193 2611 τευσε
208 2583 338 2618 δένδρεσι,
352 2582 399 2608 καὶ
419 2582 456 2617 μὴ
473 2580 601 2607 δύνασθαι
616 2579 800 2615 ὑπερϐαίνειν.
814 2578 869 2604 Καὶ
883 2578 909 2604 εἴ

111 2638 167 2661 τις,
186 2629 263 2664 φησὶ,
283 2629 361 2663 γήμῃ
380 2629 506 2662 γυναῖκα,
527 2625 604 2658 αὖθις
620 2626 699 2652 αὑτὸν
719 2624 788 2660 μετὰ
804 2624 852 2659 τὴν
866 2625 910 2650 ὲν-

113 2675 212 2702 τεῦθεν
232 2673 391 2709 ἀπαλλαγὴν
414 2673 698 2708 μετενσιιιματοῦσθαι,
719 2672 766 2698 καὶ
788 2670 909 2704 γίνεσθαι

115 2721 199 2748 αὐτὸν
225 2721 351 2754 γυναῖκα,
382 2720 456 2750 ὅπως
483 2719 530 2745 καὶ
555 2717 797 2753 αὐτὺςγαμηθεὶη.
814 2717 868 2742 Καὶ
887 2716 912 2742 εἴ

115 2776 170 2799 τις,
185 2768 277 2803 φησὶν.
296 2767 439 2800 ἐφόνευσεν
461 2766 612 2800 ἄνθρωπον,
635 2765 702 2800 μετά
716 2764 764 2798 τὴν
788 2763 912 2798 σώματος

116 2813 280 2848 ἀπαλλαγὴν
297 2811 374 2844 αὖθις
401 2811 636 2847 καταστρέφεσθαι
656 2811 705 2847 τὴν
724 2810 806 2838 αὐτοῦ
824 2810 913 2845 ψυχὴν

156 2900 166 2916 ¹
180 2899 211 2928 F.
232 2901 302 2936 μετὰ
315 2900 369 2926 τῶν
383 2900 480 2934 λόγων.
537 2901 547 2916 ’
563 2900 591 2927 F.
606 2900 701 2935 ἐφόδῳ,
718 2899 778 2934 τήν.

289 2946 424 2976 ΡΑτιιοι.
442 2947 499 2975 Gn.
523 2946 548 2975 Χ
557 2946 606 2974 LIl

960 2305 1015 2328 tur.
1038 2301 1122 2335 626
1146 2299 1270 2333 Exempli
1295 2298 1394 2333 gratia,
1413 2299 1435 2324 si
1454 2306 1566 2333 porcum
1587 2299 1749 2331 comederit,

960 2355 1073 2382 porcum
1103 2347 1178 2373 illuni
1205 2345 1279 2376 fore,
1307 2346 1349 2372 vel
1377 2349 1497 2376 taurum,
1528 2345 1572 2372 vel
1598 2353 1687 2376 avem,
1707 2346 1749 2372 vel

960 2393 1098 2428 quidpiam
1119 2401 1173 2427 quo
1187 2393 1333 2419 vescimur.
1353 2391 1470 2427 Ideoque
1485 2392 1520 2420 ab
1535 2392 1664 2420 animatis
1681 2392 1744 2419 abs-

966 2443 1063 2466 tinent.
1091 2438 1168 2471 Quod
1191 2438 1214 2465 si
1244 2438 1321 2473 quis.
1340 2438 1438 2472 inquit.
1467 2438 1548 2464 ticum
1572 2438 1683 2470 severit,
1703 2445 1752 2468 ac:

963 2486 1064 2516 oleam,
1089 2489 1137 2511 aut
1159 2484 1252 2515 vitem.
1273 2488 1319 2511 aut
1336 2491 1521 2519 sycomorum,
1540 2487 1586 2510 aut
1604 2483 1754 2518 persicani,

963 2535 1024 2566 post
1046 2535 1162 2557 mortem
1188 2530 1259 2564 ejus,
1282 2538 1363 2565 quam
1386 2530 1528 2565 plantavit,
1544 2530 1652 2557 arboris
1667 2528 1754 2555 ramis

963 2577 1102 2612 alligatur,
1127 2581 1158 2603 ut
1181 2576 1244 2603 inde
1271 2576 1362 2611 egredi
1388 2584 1442 2603 non
1466 2576 1562 2611 possit.
1590 2575 1755 2609 Quicunque

964 2630 1029 2649 vero
1049 2629 1160 2648 uxorem
1186 2621 1304 2652 duxerit.
1321 2625 1382 2656 post
1396 2621 1499 2647 obitum
1516 2622 1541 2647 in
1563 2619 1634 2646 aliud
1653 2626 1754 2652 corpus

965 2669 1076 2698 transit,
1092 2668 1173 2703 fitque
1193 2669 1300 2700 mulier,
1316 2672 1381 2695 utet
1396 2668 1516 2695 vicissim
1534 2666 1620 2701 possit
1641 2665 1752 2692 nubere.

966 2716 1016 2748 Qui
1039 2715 1175 2742 hominem
1197 2715 1339 2747 occiderit,
1362 2714 1408 2741 ubi
1424 2722 1455 2741 ex
1473 2714 1524 2740 hae
1544 2713 1599 2739 vita
1614 2711 1754 2742 discessit,

967 2762 993 2788 in
1018 2762 1122 2797 cclcplii
1147 2769 1248 2796 corpus
1275 2761 1418 2796 deinigrat,
1435 2765 1482 2786 aut
1500 2759 1597 2790 muris,
1626 2762 1673 2786 aut
1699 2766 1757 2786 scr-

968 2809 1067 2844 pciiiis,
1092 2813 1138 2835 aut
1159 2807 1233 2834 aliud
1260 2807 1378 2841 denique
1395 2805 1423 2832 lit
1449 2805 1593 2840 ejusmodi.
1624 2804 1704 2840 quale
1729 2803 1757 2831 :d
