1939 3036
193 141 227 170 1.3
893 140 922 169 S.
943 141 985 169 ΕΡ

1038 142 1114 171 ιΑΝτι
1786 144 1826 176 ιι

192 202 234 225 est
258 197 331 232 quod
350 197 527 226 interfecerit.
544 197 615 231 Quin
630 197 681 226 hoc
699 198 811 233 insuper
825 199 978 232 asserebat,

1038 201 1074 232 εἰς
1103 200 1233 235 κελέφου1
1248 200 1339 237 σῶμα,
1353 201 1369 236 ἦ
1383 201 1422 233 εἱς
1439 201 1502 236 μῦν,
1516 201 1533 236 ἢ
1550 201 1589 233 είς
1603 200 1675 234 ὅφιν,
1695 201 1712 235 ἦ
1727 209 1754 228 τι
1765 209 1823 228 τοι-

193 245 332 272 εωιεειειη
353 244 426 271 illam
447 244 510 272 boni
524 244 570 272 Dei
590 244 763 279 sapientiam.
780 252 842 271 cum
863 245 980 271 animam

192 297 240 324 per
270 290 360 317 omnia
387 290 546 325 dissipatam
575 290 704 326 colligere
732 290 810 317 vellet
845 290 980 325 (animam

192 343 264 362 enim
278 340 333 362 tam
357 335 412 368 ille,
425 343 507 370 quant
523 335 584 370 ejus
599 339 749 363 sectatores
765 335 916 365 Manichaei.
936 335 981 363 Dei

193 381 355 416 particulam
379 389 440 408 esse
464 386 570 416 putant,
586 382 622 409 ab
635 389 722 416 eoque
743 382 877 413 avulsam,
902 386 929 409 et
947 382 982 408 ab

192 427 301 454 adversi
323 427 430 461 imperii
452 427 608 462 radicisque
628 428 800 463 principibus
822 427 850 455 in
865 427 981 463 captivi-

192 477 276 500 tatem
300 471 436 499 redactam
452 473 481 500 in
501 480 616 508 corpora
630 481 693 501 esse
707 474 893 508 depressam).
915 472 982 500 Pro-

195 518 258 544 inde
276 517 349 552 quod
363 518 458 545 eadem
479 519 523 545 illa
537 519 615 547 cibus
630 527 725 547 eorum
742 525 814 547 esset
827 520 980 552 hominum.

193 563 240 598 qui
253 563 338 598 ipsam
358 568 516 598 rapuerant,
532 568 613 600 atque
631 565 658 592 in
678 566 842 600 corporibus
859 567 915 593 suis
925 566 983 593 dis-

196 609 359 640 tribuerant,
380 609 481 644 quibus
505 610 586 638 etiam
601 611 686 638 robur
697 612 824 646 viresque
854 611 982 646 suppedi-

192 658 232 682 tet
249 663 257 688 ;
288 658 431 689 propterea
459 655 608 690 Sapientia,
631 656 730 692 inquit,
750 657 796 684 illa
813 665 894 692 quant
913 657 983 684 dixi-

195 707 266 731 mus,
286 700 377 727 sidera
400 700 426 727 in
445 701 515 728 caelo
538 702 590 729 ista
613 702 758 730 collocavit
777 703 862 730 solem
887 711 919 730 ac
944 704 982 730 lu-

193 753 269 778 nam,
293 746 442 781 stellasque
465 752 591 778 caeteras.
613 752 641 775 et
662 749 735 776 illam
763 749 906 777 duodecim
927 751 983 778 ele-

192 791 304 822 mentis,
326 796 355 818 ut
380 791 483 820 Griecis
511 794 610 828 placet,
632 799 806 823 constantem
828 792 982 823 machinam

192 838 332 872 produxit.
351 838 458 871 Quibus
472 839 508 866 ab
523 840 665 868 clementis
674 841 791 868 aﬂlrmat
811 845 981 869 mortuorum

1034 246 1113 273 οὖτον
1127 245 1204 278 αὖθις
1219 247 1338 279 ἔσεσθαι,
1353 245 1461 279 ὁποίους
1473 248 1519 274 καὶ
1530 247 1683 281 ἐφόνευσεν.
1698 247 1824 281 Ἔφασκε

1033 291 1061 318 δὲ
1073 292 1164 325 πάλιν,
1178 293 1218 319 ὅτι
1234 293 1251 327 ἡ
1267 293 1346 327 σοφία
1363 293 1380 328 ἡ
1392 292 1495 320 ἀνωθεν
1509 292 1556 320 τοῦ
1566 292 1667 327 ἀγαθοῦ
1681 292 1749 319 Θεοῦ
1761 293 1824 328 βου-

1032 336 1164 371 λευομένη
1181 336 1231 372 τὴν
1241 337 1328 372 ψυχὴν
1345 337 1393 372 τὴν
1406 338 1434 364 ὲν
1448 337 1534 364 ἅπασι
1555 337 1727 372 διαχυθεῖσαν
1742 335 1824 372 (εἶναι

1033 381 1087 417 γάρ
1099 390 1166 416 φησι
1178 381 1268 414 αὐτὸς,
1281 383 1329 409 καὶ
1343 383 1367 409 οί
1385 383 1431 409 ἀπ’
1440 382 1521 409 αὐτοῦ
1534 382 1689 417 Μανιχαῖοι,
1707 383 1756 418 τὴν
1770 382 1824 417 ψυ-

1033 427 1084 462 χὴν
1104 427 1186 462 μέρος
1207 426 1288 458 Θεοῦ,
1308 427 1356 454 καὶ
1378 428 1425 454 ἀπ’
1444 427 1526 454 αὑτοῦ
1546 427 1778 459 ἀποσπασθεῖσαν,
1793 428 1825 454 ὲν

1033 473 1208 508 αἰχμαλωσίᾳ
1219 473 1358 509 ἀρχόντων
1369 473 1419 508 τῆς
1431 473 1620 509 ἀντικειμένης
1636 473 1724 509 ἀρχῆς
1732 481 1761 500 τε
1775 475 1825 500 καὶ

1034 517 1110 554 ῥίζης
1129 518 1348 553 καταὸεσλῆσθαι
1371 519 1400 546 ὲν
1424 520 1478 551 τοῖς
1491 518 1627 554 σῶμ-αα)-
1645 519 1715 546 κατὰ
1729 517 1826 547 τοῦτον

1032 564 1079 590 τὸν
1090 564 1200 600 τρόπον,
1216 565 1294 600 φησὶ,
1307 564 1351 591 διὰ
1363 565 1394 591 τὸ
1410 565 1497 600 αὐτὴν
1510 564 1608 600 βρῶμα
1621 565 1755 601 ὑπάρχειν
1769 565 1825 592 τῶν

1033 609 1117 645 αὐτὴν
1127 610 1307 645 ἁρπαξάντων
1318 609 1480 645 ἀνθρώπων,
1492 610 1539 637 καὶ
1552 609 1642 645 ἰσχύος
1652 610 1827 645 παρεκτικὴν

1033 657 1090 687 τοῖς
1105 657 1208 688 αὐτοῖς.
1225 656 1273 683 καὶ
1289 656 1319 682 ὲν
1334 656 1441 691 σώμασι
1459 656 1713 692 καταμερισάντωψ
1727 656 1826 683 τούτου

1033 701 1123 733 ἕνεκα,
1139 701 1232 736 φησὶν,
1251 703 1268 737 ἡ
1295 701 1480 737 προειρημένη
1499 701 1581 735 σοφία
1593 701 1656 733 τοὺς
1677 701 1826 736 φωστῆρας

1032 748 1144 780 τούτους
1168 747 1296 775 κατέθετο
1315 748 1344 774 ἐν
1363 747 1480 782 οὐρανῷ,
1496 747 1571 782 ἥλιόν
1588 755 1617 773 τε
1636 747 1682 774 καὶ
1710 746 1828 782 σελήνην

1033 793 1080 819 καὶ
1099 793 1196 829 ἄστρα,
1210 793 1333 828 μηχανὴν
1343 792 1444 828 ταύτην
1455 792 1629 828 ἐργασαμένη
1640 792 1685 819 διὰ
1700 792 1756 818 τῶν
1773 791 1827 819 δώ-

1033 839 1100 865 δεκα
1115 839 1264 873 στοιχείων,
1279 835 1315 865 ὧν
1330 839 1353 864 oi
1366 837 1496 873 Ἕλληνες
1510 838 1655 872 φάσκουσι.
1670 838 1724 865 Kal
1738 837 1825 865 ταῦτα

194 882 347 914 hominum,
371 884 586 918 animaliumque
604 889 764 918 ceterorum
785 887 891 915 animas
906 887 933 914 in
945 887 985 914 al-

1038 884 1069 911 τὰ
1092 885 1211 919 στοιχεῖα
1233 883 1429 920 διισχυρίζεται
1445 884 1593 919 ἀνιμᾶσθαι
1606 883 1655 915 τὰς
1668 883 1757 919 ψυχὰς
1771 883 1825 910 τῶν

195 933 250 954 tum
270 929 424 964 splendidas
447 938 479 957 ac
496 931 661 958 collucentes
680 931 768 963 evehi,
787 933 859 960 unde
880 933 906 960 in
924 941 985 960 sca-

195 973 279 1008 pham
308 973 441 1002 ferantur.
466 975 556 1003 Solem
577 976 678 1011 quippe
701 985 733 1004 ac
759 977 850 1004 lunam
876 979 983 1014 navigia

193 1027 257 1047 esse
277 1021 401 1055 quaedam
426 1021 586 1049 existimat:
601 1030 718 1057 quorum
740 1023 812 1058 qttod
838 1024 930 1051 minus
942 1028 985 1052 cst

194 1073 246 1100 pro
263 1066 335 1094 lume
348 1068 499 1095 crescentis
523 1068 612 1102 spatio
626 1077 660 1096 xv
676 1069 773 1096 dicbtls
789 1077 860 1097 onus
875 1070 983 1103 vehere,

194 1111 278 1146 idque
293 1113 414 1146 demum,
430 1113 557 1141 conl‘eeto
573 1118 634 1149 post
650 1122 682 1142 xv
697 1114 769 1142 diem
783 1123 876 1146 cursu,
896 1117 985 1150 maius

195 1157 223 1183 in
254 1157 412 1192 navigium,
439 1159 524 1186 solem
549 1158 687 1191 videlicet,
717 1167 863 1194 exponere.
894 1159 984 1187 Solem

196 1210 271 1235 vero,
306 1203 361 1230 sire
397 1203 528 1238 majorem
563 1204 636 1231 illam
663 1205 765 1237 navim,
802 1205 830 1232 in
855 1210 984 1232 aeternam

193 1248 288 1280 vitam,
315 1247 513 1283 beatorumqttc
539 1249 617 1276 sedes
651 1250 757 1277 animas
789 1250 983 1278 transmittere.

194 1293 234 1320 Ad
253 1301 315 1321 eum
328 1294 438 1321 modum
455 1303 502 1329 per
518 1295 603 1322 solem
621 1303 653 1322 ac
667 1296 759 1322 lunam
777 1296 883 1323 animas
899 1301 986 1324 trans-

195 1339 266 1366 vehi.
294 1339 372 1372 Quod
394 1339 504 1374 quidem
529 1341 562 1366 ad
579 1348 627 1368 eas
648 1341 788 1375 pertinere
811 1345 900 1376 putat,
925 1350 986 1377 quze

195 1385 337 1412 vanissimi
356 1385 397 1413 sui
413 1385 547 1420 dogmatis
566 1386 711 1413 scientiam
736 1387 918 1421 perceperint.
947 1387 985 1413 uti

196 1435 347 1466 repurgata:
374 1430 462 1458 ﬁctam
486 1431 559 1458 illam
577 1431 811 1459 transductionem
834 1432 984 1459 obtineant.

195 1476 272 1510 Quod
287 1477 339 1504 nisi
355 1477 520 1512 cognitionis
535 1477 607 1505 illius
624 1477 762 1513 particeps
774 1476 866 1511 fuerit,
890 1478 986 1505 anim-J2

196 1527 276 1558 negat
295 1531 371 1558 spem
385 1523 466 1550 ullam
484 1523 582 1550 salutis
597 1531 658 1551 esse
674 1524 852 1559 propositam.
870 1523 987 1550 Omnino

195 1568 315 1604 denique
330 1569 409 1604 longa
423 1573 465 1596 cst
478 1569 551 1597 illius
559 1569 705 1596 commenti
723 1569 867 1605 tragmdia.

230 1683 312 1719 827
332 1683 365 1710 Χ.
388 1682 450 1710 Haec
463 1682 547 1718 igitur
562 1689 623 1710 cmn
639 1682 676 1708 ita
695 1690 725 1709 se
736 1681 876 1714 haberent,
893 1686 921 1708 et
937 1681 988 1708 Ar-

194 1727 308 1754 chelaus
322 1727 431 1761 penitus
448 1727 539 1753 omnia
558 1730 720 1761 cognosset,
733 1732 764 1753 ut
781 1726 816 1753 dc
838 1728 989 1761 quastione

196 1773 242 1800 illa
256 1773 397 1808 disputare
413 1777 518 1807 posset,
528 1780 645 1807 cumque
660 1773 694 1799 ad
708 1772 733 1799 id
747 1777 821 1800 esset
832 1773 988 1800 instructis-

196 1821 294 1850 simus,
308 1820 407 1854 partim
429 1819 501 1854 quod
524 1826 538 1844 a
564 1818 705 1853 multiplici
723 1818 877 1846 divinarum
897 1827 988 1846 mrum

197 1865 314 1892 scientia
346 1865 536 1899 paratissimus
565 1869 634 1896 erat,
662 1864 759 1898 partim
786 1864 858 1900 quod
882 1870 897 1891 ιι
919 1864 988 1900 Tyr-

200 1911 269 1938 bunc
290 1910 437 1946 perdoctus
452 1915 515 1937 ante
532 1909 681 1941 fueratyet
703 1918 798 1938 omnes
819 1910 915 1938 nefarii
938 1910 989 1937 lto-

197 1956 281 1983 minis
298 1956 450 1991 prtcstigias
473 1960 602 1983 accurate
623 1954 766 1987 didicerat,
784 1962 848 1983 ecce
863 1955 912 1983 tibi
925 1962 987 1983 cum

199 2010 311 2029 suorum
339 2002 469 2029 comitatu
494 2000 588 2029 Manes
609 2001 737 2028 accessit.
760 2001 853 2034 Quare
872 2001 989 2028 subinde

199 2048 272 2075 nulla
295 2048 438 2082 inter-jecta
461 2055 537 2074 mora
562 2047 699 2082 publicam
719 2047 892 2074 collationem
908 2047 988 2074 insti-

199 2097 280 2120 tuunt
296 2094 322 2120 in
337 2093 437 2128 oppido
452 2093 511 2128 ipso
525 2092 678 2124 Caschara,
695 2097 724 2119 ut
738 2097 801 2120 ante
817 2093 909 2120 omnia
919 2100 989 2120 con-

200 2139 362 2166 troversiam
384 2138 458 2165 illam
483 2138 632 2174 agitarent.
656 2137 698 2166 Ad
715 2138 743 2166 id
761 2145 827 2166 vero
846 2143 990 2166 concerta-

199 2185 285 2213 tionis
310 2184 432 2212 arbitros
453 2184 587 2220 deligunt,
616 2183 764 2219 Marsipum
789 2184 946 2219 quemdam,
962 2189 989 2212 et

1034 930 1221 958 τελευτώντων
1251 930 1403 965 ἀνθρώπων
1423 939 1453 957 τε
1479 930 1526 957 καὶ
1547 930 1602 957 τῶν
1628 929 1716 958 ἄλλων
1733 929 1826 962 ζώων,

1035 976 1148 1011 φαεινὰς
1158 975 1250 1007 οὔσας·
1265 976 1398 1012 φέρεσθαι
1410 975 1438 1002 δὲ
1448 975 1494 1003 ἐπὶ
1505 976 1535 1002 τὸ
1549 976 1661 1010 σκάφος.
1674 975 1757 1002 Πλοὶα
1771 975 1829 1010 γὰρ

1036 1021 1108 1048 θέλει
1118 1021 1208 1055 λέγειν
1222 1022 1297 1057 ἥλιόν
1310 1030 1340 1048 τε
1353 1022 1399 1048 καὶ
1418 1021 1543 1057 σελήνην·
1561 1021 1608 1048 καὶ
1621 1021 1652 1048 τὸ
1664 1021 1712 1056 μὶν
1727 1021 1829 1055 μικρὸν

1036 1067 1128 1094 πλοῖον
1148 1067 1312 1103 φορτοῦσθαι
1333 1068 1386 1099 ἕως
1402 1067 1513 1103 ἡμερῶν
1532 1067 1692 1098 δεκαπέντε,
1710 1066 1759 1093 καὶ
1777 1066 1829 1101 τὴν

1036 1112 1175 1148 πλήρωσιν
1198 1112 1248 1147 τῆς
1276 1112 1400 1148 σελήνης,
1428 1112 1474 1140 καὶ
1496 1112 1570 1139 οὕτω
1590 1111 1705 1147 διαίρειν
1726 1119 1757 1138 τε
1781 1111 1830 1138 καὶ

1036 1157 1211 1184 ἀποτίθεσθαι
1243 1157 1297 1184 ἀπὸ
1325 1157 1573 1193 πεντεκαιδεκάτης
1611 1157 1651 1188 είς
1687 1156 1718 1183 τὸ
1756 1156 1830 1191 μέγα

1036 1204 1138 1236 πλοῖον,
1154 1203 1276 1230 τουτέστι
1292 1204 1338 1230 τὸν
1358 1203 1443 1239 ἥλιον.
1466 1204 1518 1230 Τὸν
1532 1203 1561 1230 δὲ
1581 1203 1657 1238 ἣλιον
1670 1202 1720 1238 τὴν
1739 1203 1829 1238 μεγά-

1036 1249 1084 1284 λην
1095 1248 1162 1276 ναῦν
1175 1248 1388 1285 διαπορθμεύειν
1401 1250 1443 1281 είς
1458 1249 1504 1277 τὸν
1518 1250 1567 1284 τῆς
1582 1248 1656 1284 ζωῆς
1673 1248 1770 1280 αίῶνα,
1782 1249 1831 1275 καὶ

1039 1295 1170 1330 μακάρων
1183 1295 1280 1330 χῶρον.
1299 1295 1355 1321 Καὶ
1369 1294 1454 1326 οὕτως
1468 1295 1517 1326 τὰς
1530 1294 1619 1330 ψυχὰς
1630 1294 1674 1320 διὰ
1691 1294 1741 1320 τοῦ
1751 1294 1831 1329 ﬁlim

1037 1341 1084 1367 καὶ
1099 1341 1149 1376 τῆς
1163 1341 1278 1376 σελήνης
1293 1340 1567 1377 διαπορθμευθείσας.
1584 1340 1645 1366 Ἐπὶ
1665 1339 1720 1375 γὰρ
1731 1339 1786 1366 div
1801 1340 1831 1366 ἰν

1037 1386 1151 1421 γνώσει¹
1164 1387 1238 1422 λέγει
1247 1387 1296 1422 τῆς
1310 1387 1400 1414 αὐτῶν
1414 1386 1599 1422 χυδαιολογίας
1609 1386 1710 1418 ταύτας
1724 1385 1830 1422 καθαρ-

1038 1433 1129 1465 θείσας
1157 1433 1350 1466 καταξιοῦσοαι
1373 1434 1423 1469 τῆς
1444 1432 1696 1468 διαπορθμεύσεως.
1727 1431 1830 1467 ταύτης

1037 1478 1086 1513 τῆς
1107 1479 1171 1514 παρ’
1188 1478 1264 1514 αὐτῷ
1287 1478 1458 1514 μυθοποιίας.
1477 1477 1562 1504 Πάλιν
1577 1477 1606 1504 δὲ
1627 1476 1717 1512 ψυχὴν
1737 1475 1831 1502 οὐκέτι

1039 1523 1185 1556 σώζεσθαι,
1202 1525 1226 1550 εί
1241 1524 1278 1559 μή
1291 1533 1317 1550 τι
1330 1523 1363 1550 ἂν
1380 1523 1429 1559 τῆς
1443 1523 1570 1558 γνώσεως
1582 1523 1632 1558 τῆς
1645 1521 1730 1557 αὐτῆς
1747 1521 1830 1557 μετά-

1041 1577 1109 1604 σχοι.
1127 1569 1182 1596 Kal
1196 1569 1280 1604 πολλή
1301 1568 1343 1600 τίς
1365 1569 1440 1595 ἐστιν
1459 1570 1477 1605 η
1496 1568 1547 1603 τῆς
1567 1567 1702 1603 ποιήσεως
1728 1565 1832 1602 ταύτης

1039 1623 1053 1640 τ
1059 1614 1188 1649 ραγῳδία.

1075 1670 1102 1696 ι’.
1123 1669 1167 1700 Ὠς
1182 1669 1211 1696 δὲ
1226 1669 1313 1696 ταῦτα
1330 1667 1366 1704 ἦν
1383 1669 1481 1701 οὕτως,
1501 1669 1550 1696 καὶ
1565 1670 1596 1696 ὲν
1611 1669 1764 1705 καταλήψει
1786 1678 1831 1704 γε-

1039 1715 1150 1750 γένηται
1166 1715 1218 1741 ὑπὸ
1231 1715 1277 1742 τοῦ
1295 1715 1441 1752 Ἀρχελάου
1456 1715 1496 1746 είς
1511 1715 1560 1751 τὴν
1574 1715 1716 1750 ἀπιὸολὴν
1728 1715 1776 1742 τοῦ
1787 1716 1832 1751 ζη-

1038 1761 1170 1796 τήματος,
1187 1760 1361 1796 ἑτοιμότατος
1383 1760 1525 1796 ὑπάρχων,
1545 1760 1590 1787 διὰ
1610 1761 1659 1796 τὴν
1682 1761 1751 1796 πρὸς
1765 1761 1832 1788 Θεὸν

1039 1806 1230 1834 πολυποίκιλον
1245 1806 1344 1840 γνῶσιν
1358 1806 1406 1833 τοῦ
1416 1806 1523 1842 ἀνδρὸς.
1541 1806 1589 1833 καὶ
1605 1805 1639 1832 δι’
1655 1806 1688 1841 ἢν
1701 1814 1830 1842 προεντε‹

1039 1851 1174 1879 θεί-κειτο³
1197 1852 1272 1887 παρὰ
1291 1851 1339 1878 τοῦ
1352 1851 1495 1888 Τύρόωνος
1518 1852 1641 1888 ἁκριὸἇς

1039 1897 1087 1932 τῆς
1109 1897 1174 1933 περὶ
1190 1897 1235 1924 τὸν
1252 1897 1336 1933 ἄνδρα
1352 1897 1478 1932 γοητείας
1497 1897 1531 1924 τὲ.
1549 1898 1650 1931 πάντα,
1671 1899 1726 1926 ἰδοὺ
1742 1900 1758 1926 ὸ
1769 1899 1831 1926 Μά-

1039 1950 1088 1976 νης
1114 1943 1280 1978 παρεγένετο
1302 1943 1361 1978 μεθ’
1382 1940 1421 1971 ὧν
1440 1941 1500 1979 εἶχε
1524 1943 1584 1980 μεθ’
1598 1945 1696 1971 ἑαυτοῦ
1711 1945 1831 1981 ἀνδρῶν.

1046 1988 1092 2020 Ἐξ
1105 1989 1188 2024 αὐτῆς
1200 1986 1247 2015 οὖν
1264 1989 1311 2014 καὶ
1326 1989 1408 2021 εὐθὺς
1424 1989 1610 2025 παρέρχονται
1620 1990 1661 2021 είς
1683 1989 1833 2026 συζήτησιυ

1039 2034 1166 2070 δημοσίᾳ,
1187 2035 1215 2061 ὲν
1226 2034 1294 2070 αὐτῇ
1306 2036 1340 2070 τῇ
1354 2035 1499 2073 Κασχὰρῃ,
1517 2036 1650 2072 πρότερον
1666 2037 1706 2068 εἰς
1782 2038 1831 2064 αὺ-

1039 2079 1093 2105 τῶν
1108 2079 1250 2115 ὰντιόολὴν
1267 2080 1314 2106 τοῦ
1330 2079 1486 2116 ζητήματος
1500 2081 1680 2117 αίρησάμενοι
1692 2082 1761 2118 ὁμοῦ
1775 2091 1833 2118 apte

1039 2125 1099 2156 τὰς,
1119 2125 1265 2160 Μάρσιπόν
1283 2134 1343 2152 τινα
1361 2126 1482 2162 ὀνόματι,
1498 2128 1546 2154 καὶ
1565 2128 1706 2161 Κλαύδιον,
1722 2129 1771 2156 καὶ
1786 2130 1833 2156 Δί-

1041 2169 1148 2204 γιαλέα,
1163 2170 1210 2197 καὶ
1222 2170 1399 2203 Κλεόϐουλον,
1411 2171 1457 2198 τὸν
1471 2172 1521 2207 μὲν
1532 2172 1585 2199 τῶν
1597 2173 1676 2204 ἐκτὸς
1691 2173 1779 2207 λόγων
1793 2183 1835 2208 φι-

199 2230 357 2263 Claudium,
376 2235 404 2258 et
424 2214 590 2265 Egishaum,
616 2234 644 2257 et
668 2214 828 2258 Cleobulu-m
845 2239 852 2257 :
871 2214 985 2265 quorum

1041 2216 1164 2251 λόσοφον,
1179 2217 1224 2243 τὸν
1240 2216 1268 2243 δὲ
1293 2217 1512 2253 ίατροσοφιστὴν,
1525 2217 1571 2244 τὸν
1592 2218 1621 2245 δὲ
1635 2219 1716 2253 φύσει
1741 2228 1834 2254 γραμ-

199 2275 305 2310 primus
320 2275 431 2310 gentilis
442 2274 591 2309 sapientiae,
611 2273 751 2302 secundus
770 2274 913 2302 medicina
926 2282 989 2309 pro-

201 2321 300 2352 lessor,
324 2319 424 2347 tertius
444 2319 656 2354 grammaticus;
682 2322 839 2354 postremus
859 2323 918 2346 erat
946 2326 988 2345 so-

201 2365 302 2400 phista.
328 2364 412 2391 Multa
435 2365 462 2391 in
484 2372 516 2392 ea
544 2365 731 2399 disputatione
759 2366 831 2392 ultro
864 2365 990 2399 citroque

199 2411 300 2446 jactata
317 2416 391 2443 stmt,
405 2418 467 2438 cum
484 2411 547 2438 hinc
564 2411 657 2439 Manes
675 2410 781 2438 fabulas
804 2418 870 2438 suas
892 2418 992 2446 propo-

201 2460 289 2488 neret,
309 2456 371 2483 inde
385 2456 536 2484 Archelaus
556 2457 630 2483 velut
643 2456 768 2491 egregius
792 2455 870 2482 miles
893 2455 991 2482 adver-

202 2503 267 2530 sarii
280 2503 332 2530 tela
354 2503 378 2529 vi
400 2511 450 2530 sua
475 2510 506 2530 ac
530 2503 632 2530 virtute
661 2502 821 2529 discuteret.
847 2500 991 2528 Postremo

203 2548 291 2575 victus
308 2553 350 2576 est
371 2548 475 2579 Manes,
492 2555 523 2575 ac
543 2548 576 2575 de
588 2548 711 2582 iudicum
732 2547 867 2574 sententia
882 2547 992 2574 veritati

202 2595 315 2622 victoria
330 2594 423 2622 cessit.
433 2594 511 2628 Quod
525 2594 620 2628 utique
637 2593 734 2620 mirum
751 2593 853 2620 nemini
867 2600 929 2620 esse
943 2594 991 2620 de-

149 2659 157 2667 .
203 2638 258 2665 bet.
283 2636 389 2665 Veritas
408 2639 480 2665 enim
497 2645 545 2673 per
561 2645 591 2664 se
605 2638 663 2672 ipsa
680 2636 821 2668 consistit,
841 2644 891 2664 nec
908 2636 990 2672 dejici

204 2688 303 2717 potest,
318 2684 493 2719 quantumvis
507 2683 665 2718 improbitas
677 2682 791 2709 audacia
806 2681 873 2710 freta
892 2682 991 2710 tinnis-

204 2729 284 2762 sima,
308 2729 409 2765 quibus
424 2733 465 2757 est
482 2729 527 2755 illa
541 2728 702 2761 constricta,
718 2728 827 2755 vincula
839 2728 991 2756 dissolvere

1045 2264 1170 2299 ματικὸν,
1184 2263 1231 2290 καὶ
1246 2263 1292 2290 τὸν
1305 2262 1383 2291 ἄλλον
1398 2265 1538 2300 σοφιστήν.
1555 2265 1609 2292 Καὶ
1623 2265 1728 2292 πολλῶν
1743 2267 1835 2302 ῥημά-

1043 2319 1096 2337 των
1107 2309 1259 2346 εἰρημένων
1270 2309 1299 2343 ἐξ
1309 2309 1446 2346 ἑκατέρων
1461 2310 1515 2337 τῶν
1529 2310 1631 2346 μερῶν,
1646 2311 1694 2338 τοῦ
1706 2320 1736 2338 τε
1754 2313 1834 2347 Μάνη

1043 2357 1077 2383 τὰ
1090 2357 1140 2392 τῆς
1154 2355 1291 2391 μυθώδους
1303 2356 1476 2388 διδασκαλίας
1489 2356 1717 2392 προϐαλλομένου,
1731 2359 1778 2384 καὶ
1789 2358 1835 2385 τοῦ

1051 2401 1196 2438 Ἀρχελάου
1211 2401 1306 2438 ὥσπερ
1322 2402 1509 2437 ἀριπεύοντος
1526 2403 1648 2435 ὁπλίτου,
1665 2403 1713 2430 καὶ
1729 2403 1762 2439 τῇ
1782 2403 1835 2436 tota.

1046 2447 1127 2474 αὑτοῦ
1152 2447 1265 2483 δυνάμει
1291 2447 1485 2483 καθαιροῦντος
1508 2447 1542 2474 τὰ
1568 2447 1632 2484 βέλη
1652 2446 1708 2474 τῶν
1730 2448 1835 2474 διεναν-

1045 2495 1115 2527 τίας,
1134 2494 1164 2521 τὸ
1188 2495 1274 2530 πέρας
1290 2494 1321 2521 τὺ
1338 2491 1418 2530 ἦττον
1440 2495 1664 2529 ἀπενεγκαμένου
1682 2494 1731 2521 τοῦ
1742 2494 1835 2529 Μάνη,

1046 2541 1093 2568 καὶ
1105 2541 1255 2576 κρινάντων
1267 2540 1322 2567 τῶν
1334 2540 1435 2575 κριτῶν
1450 2540 1479 2567 τὸ
1491 2541 1616 2576 βραὸεῖον
1635 2538 1704 2567 εἶναι
1721 2541 1754 2575 τῇ
1771 2540 1837 2574 ἀλη-

1046 2587 1115 2623 θείᾳ,
1128 2588 1196 2622 ὅπερ
1215 2587 1264 2614 οὐκ
1283 2585 1317 2623 ἦν
1334 2586 1436 2621 θαῦμα,
1461 2586 1664 2622 αὑτοσυστάτης
1687 2586 1771 2622 οὔσης
1787 2585 1835 2620 τῆς

1045 2633 1183 2669 ἀληθείας,
1214 2633 1260 2659 καὶ
1284 2632 1322 2668 μὴ
1344 2632 1497 2668 δυναμένης
1517 2632 1717 2668 καθαιρεῖσθαι,
1733 2633 1783 2660 κᾶν
1805 2640 1834 2659 τε

1044 2679 1221 2715 ἀντι-πράττοι
1242 2679 1258 2714 ἡ
1274 2679 1373 2714 ἀνομία
1391 2679 1567 2714 ἀναισχυντίᾳ
1580 2679 1716 2714 φερομένη
1735 2678 1775 2714 τῷ
1787 2678 1834 2713 τῆς

1045 2725 1173 2762 ἀληθείας
1187 2724 1288 2760 δεσμῷ,
1301 2724 1348 2751 τοῦ
1362 2722 1478 2757 ψεύδους
1495 2725 1532 2761 μὴ
1546 2725 1653 2760 ἔχοντος
1675 2725 1835 2755 ὑπόστασιν,

245 2830 253 2844 ¹
275 2829 329 2855 Vox
344 2829 395 2855 ista
410 2828 525 2863 κελέφου
540 2827 605 2854 mihi
627 2828 747 2856 nondum
759 2828 927 2863 cognita.Ab
942 2828 985 2855 hat

1038 2827 1132 2861 λεφίας
1141 2825 1259 2863 forsitan
1270 2825 1421 2859 derivatur,
1433 2826 1507 2861 quod
1525 2831 1567 2854 est
1584 2826 1696 2854 breresis
1706 2832 1752 2857 ιν,
1767 2832 1794 2852 n.
1805 2826 1832 2854 0.

205 2862 218 2880 ²
233 2863 298 2897 Leg.
311 2862 571 2898 διαπορθμευθείσας
583 2863 628 2889 ἐπὶ
640 2863 693 2890 τῶν
709 2865 737 2890 ὲν
754 2861 863 2897 γνώσει,
882 2867 935 2890 etc.
976 2863 985 2878 ³
1004 2862 1032 2888 F.
1049 2861 1228 2899 προενήχητο.
