  <div class='ocr_page' id='page_1' title='image "/cluster/home/n/w/nwhite01/storage/ocr_20150623/42/njp.32101077772588/031.png"; bbox 0 0 1939 3036; ppageno 0'>
   <div class='ocr_carea' id='block_1_1' title="bbox 197 161 982 192">
    <p class='ocr_par' dir='ltr' id='par_1_1' title="bbox 197 161 982 192">
     <span class='ocr_line' id='line_1_1' title="bbox 197 161 982 192; baseline -0.005 0"><span class='ocrx_word' id='word_1_1' title='bbox 197 164 231 192; x_wconf 78' lang='grc' dir='ltr'>ιῖ</span> <span class='ocrx_word' id='word_1_2' title='bbox 911 161 940 188; x_wconf 83' lang='lat' dir='ltr'><strong>S.</strong></span> <span class='ocrx_word' id='word_1_3' title='bbox 962 162 982 189; x_wconf 84' lang='grc' dir='ltr'>Ε</span> 
     </span>
    </p>
   </div>
   <div class='ocr_carea' id='block_1_2' title="bbox 1036 161 1834 192">
    <p class='ocr_par' dir='ltr' id='par_1_2' title="bbox 1036 161 1834 191">
     <span class='ocr_line' id='line_1_2' title="bbox 1036 161 1834 191; baseline 0.004 -3"><span class='ocrx_word' id='word_1_4' title='bbox 1036 161 1134 189; x_wconf 80' lang='lat' dir='ltr'><strong>&#39;IIANII</strong></span> <span class='ocrx_word' id='word_1_5' title='bbox 1797 162 1834 191; x_wconf 68' lang='grc'><strong>48</strong></span> 
     </span>
    </p>
   </div>
   <div class='ocr_carea' id='block_1_3' title="bbox 231 220 982 258">
    <p class='ocr_par' dir='ltr' id='par_1_3' title="bbox 231 220 979 258">
     <span class='ocr_line' id='line_1_3' title="bbox 231 220 979 258; baseline -0.001 -9"><span class='ocrx_word' id='word_1_6' title='bbox 231 220 288 249; x_wconf 78' lang='lat' dir='ltr'><strong>XII.</strong></span> <span class='ocrx_word' id='word_1_7' title='bbox 310 221 361 250; x_wconf 86' lang='lat' dir='ltr'><strong>Sed</strong></span> <span class='ocrx_word' id='word_1_8' title='bbox 372 221 516 251; x_wconf 84' lang='lat' dir='ltr'><strong>Persarqu</strong></span> <span class='ocrx_word' id='word_1_9' title='bbox 529 232 586 256; x_wconf 74' lang='lat' dir='ltr'><strong>rex,</strong></span> <span class='ocrx_word' id='word_1_10' title='bbox 601 227 741 258; x_wconf 79' lang='lat' dir='ltr'><strong>comperta</strong></span> <span class='ocrx_word' id='word_1_11' title='bbox 751 222 892 250; x_wconf 70' lang='lat' dir='ltr'><strong>Manichzci</strong></span> <span class='ocrx_word' id='word_1_12' title='bbox 906 222 979 258; x_wconf 80' lang='lat' dir='ltr'><strong>iuga,</strong></span> 
     </span>
    </p>
   </div>
   <div class='ocr_carea' id='block_1_4' title="bbox 1036 220 1830 258">
    <p class='ocr_par' dir='ltr' id='par_1_4' title="bbox 1070 221 1830 258">
     <span class='ocr_line' id='line_1_4' title="bbox 1070 221 1830 258; baseline 0.004 -10"><span class='ocrx_word' id='word_1_13' title='bbox 1070 222 1120 250; x_wconf 84' lang='lat' dir='ltr'><strong>IB’.</strong></span> <span class='ocrx_word' id='word_1_14' title='bbox 1148 221 1267 249; x_wconf 81' lang='grc' dir='ltr'>Ἐκεῖθεν</span> <span class='ocrx_word' id='word_1_15' title='bbox 1281 222 1309 249; x_wconf 74' lang='grc' dir='ltr'>δὲ</span> <span class='ocrx_word' id='word_1_16' title='bbox 1321 222 1335 248; x_wconf 78' lang='grc' dir='ltr'><strong>ὁ</strong></span> <span class='ocrx_word' id='word_1_17' title='bbox 1349 222 1403 249; x_wconf 85' lang='grc' dir='ltr'>τῶν</span> <span class='ocrx_word' id='word_1_18' title='bbox 1414 221 1528 258; x_wconf 85' lang='grc' dir='ltr'>Περσῶν</span> <span class='ocrx_word' id='word_1_19' title='bbox 1541 221 1676 257; x_wconf 77' lang='grc' dir='ltr'>βασιλεὺς,</span> <span class='ocrx_word' id='word_1_20' title='bbox 1688 222 1769 256; x_wconf 76' lang='grc' dir='ltr'>γνοὺς</span> <span class='ocrx_word' id='word_1_21' title='bbox 1779 224 1830 258; x_wconf 68' lang='grc' dir='ltr'>τὴν</span> 
     </span>
    </p>
   </div>
   <div class='ocr_carea' id='block_1_5' title="bbox 197 269 983 303">
    <p class='ocr_par' dir='ltr' id='par_1_5' title="bbox 197 269 983 303">
     <span class='ocr_line' id='line_1_5' title="bbox 197 269 983 303; baseline 0.003 -9"><span class='ocrx_word' id='word_1_22' title='bbox 197 269 290 296; x_wconf 81' lang='lat' dir='ltr'><strong>missis</strong></span> <span class='ocrx_word' id='word_1_23' title='bbox 310 269 473 297; x_wconf 87' lang='lat' dir='ltr'><strong>satellitibus</strong></span> <span class='ocrx_word' id='word_1_24' title='bbox 494 270 520 296; x_wconf 91' lang='lat' dir='ltr'><strong>in</strong></span> <span class='ocrx_word' id='word_1_25' title='bbox 543 270 637 297; x_wconf 85' lang='lat' dir='ltr'><strong>eodem</strong></span> <span class='ocrx_word' id='word_1_26' title='bbox 661 270 707 296; x_wconf 92' lang='lat' dir='ltr'><strong>illo</strong></span> <span class='ocrx_word' id='word_1_27' title='bbox 723 269 838 297; x_wconf 87' lang='lat' dir='ltr'><strong>castello</strong></span> <span class='ocrx_word' id='word_1_28' title='bbox 857 276 983 303; x_wconf 78' lang='lat' dir='ltr'><strong>compre-</strong></span> 
     </span>
    </p>
   </div>
   <div class='ocr_carea' id='block_1_6' title="bbox 197 314 986 350">
    <p class='ocr_par' dir='ltr' id='par_1_6' title="bbox 197 314 986 350">
     <span class='ocr_line' id='line_1_6' title="bbox 197 314 986 350; baseline 0 -10"><span class='ocrx_word' id='word_1_29' title='bbox 197 314 311 341; x_wconf 89' lang='lat' dir='ltr'><strong>hensum</strong></span> <span class='ocrx_word' id='word_1_30' title='bbox 334 314 470 343; x_wconf 81' lang='lat' dir='ltr'><strong>hominem</strong></span> <span class='ocrx_word' id='word_1_31' title='bbox 491 315 671 350; x_wconf 77' lang='lat' dir='ltr'><strong>ignominiose</strong></span> <span class='ocrx_word' id='word_1_32' title='bbox 695 315 722 342; x_wconf 94' lang='lat' dir='ltr'><strong>in</strong></span> <span class='ocrx_word' id='word_1_33' title='bbox 745 314 886 342; x_wconf 82' lang='lat' dir='ltr'><strong>Persidem</strong></span> <span class='ocrx_word' id='word_1_34' title='bbox 902 314 986 342; x_wconf 87' lang='lat' dir='ltr'><strong>abdu-</strong></span> 
     </span>
    </p>
   </div>
   <div class='ocr_carea' id='block_1_7' title="bbox 197 358 983 394">
    <p class='ocr_par' dir='ltr' id='par_1_7' title="bbox 197 358 983 394">
     <span class='ocr_line' id='line_1_7' title="bbox 197 358 983 394; baseline 0.003 -10"><span class='ocrx_word' id='word_1_35' title='bbox 197 359 257 385; x_wconf 80' lang='lat' dir='ltr'><strong>xit:</strong></span> <span class='ocrx_word' id='word_1_36' title='bbox 274 359 318 385; x_wconf 90' lang='lat' dir='ltr'><strong>ubi</strong></span> <span class='ocrx_word' id='word_1_37' title='bbox 339 359 446 386; x_wconf 81' lang='lat' dir='ltr'><strong>calamo</strong></span> <span class='ocrx_word' id='word_1_38' title='bbox 469 364 532 387; x_wconf 85' lang='lat' dir='ltr'><strong>cute</strong></span> <span class='ocrx_word' id='word_1_39' title='bbox 555 360 690 390; x_wconf 90' lang='lat' dir='ltr'><strong>detracta,</strong></span> <span class='ocrx_word' id='word_1_40' title='bbox 706 360 832 387; x_wconf 91' lang='lat' dir='ltr'><strong>ultimum</strong></span> <span class='ocrx_word' id='word_1_41' title='bbox 850 359 934 394; x_wconf 75' lang='lat'><strong>629</strong></span> <span class='ocrx_word' id='word_1_42' title='bbox 949 358 983 386; x_wconf 87' lang='lat' dir='ltr'><strong>de</strong></span> 
     </span>
    </p>
   </div>
   <div class='ocr_carea' id='block_1_8' title="bbox 195 404 984 440">
    <p class='ocr_par' dir='ltr' id='par_1_8' title="bbox 195 404 984 440">
     <span class='ocr_line' id='line_1_8' title="bbox 195 404 984 440; baseline 0.003 -11"><span class='ocrx_word' id='word_1_43' title='bbox 195 409 229 430; x_wconf 88' lang='lat' dir='ltr'><strong>eo</strong></span> <span class='ocrx_word' id='word_1_44' title='bbox 245 404 407 438; x_wconf 88' lang='lat' dir='ltr'><strong>supplicium</strong></span> <span class='ocrx_word' id='word_1_45' title='bbox 425 405 553 439; x_wconf 92' lang='lat' dir='ltr'><strong>sumpsit.</strong></span> <span class='ocrx_word' id='word_1_46' title='bbox 577 404 664 438; x_wconf 84' lang='lat' dir='ltr'><strong>Quam</strong></span> <span class='ocrx_word' id='word_1_47' title='bbox 677 405 788 440; x_wconf 88' lang='lat' dir='ltr'><strong>quidem</strong></span> <span class='ocrx_word' id='word_1_48' title='bbox 806 409 896 432; x_wconf 74' lang='lat' dir='ltr'><strong>cutem</strong></span> <span class='ocrx_word' id='word_1_49' title='bbox 914 405 984 432; x_wconf 90' lang='lat' dir='ltr'><strong>utris</strong></span> 
     </span>
    </p>
   </div>
   <div class='ocr_carea' id='block_1_9' title="bbox 196 447 984 484">
    <p class='ocr_par' dir='ltr' id='par_1_9' title="bbox 196 447 984 484">
     <span class='ocr_line' id='line_1_9' title="bbox 196 447 984 484; baseline 0.004 -9"><span class='ocrx_word' id='word_1_50' title='bbox 196 447 223 475; x_wconf 90' lang='lat' dir='ltr'><strong>in</strong></span> <span class='ocrx_word' id='word_1_51' title='bbox 241 449 363 479; x_wconf 86' lang='lat' dir='ltr'><strong>modum.</strong></span> <span class='ocrx_word' id='word_1_52' title='bbox 388 449 496 477; x_wconf 80' lang='lat' dir='ltr'><strong>inl‘artis</strong></span> <span class='ocrx_word' id='word_1_53' title='bbox 518 451 615 484; x_wconf 88' lang='lat' dir='ltr'><strong>paleis,</strong></span> <span class='ocrx_word' id='word_1_54' title='bbox 634 451 668 478; x_wconf 88' lang='lat' dir='ltr'><strong>ad</strong></span> <span class='ocrx_word' id='word_1_55' title='bbox 685 450 848 478; x_wconf 87' lang='lat' dir='ltr'><strong>hodiernum</strong></span> <span class='ocrx_word' id='word_1_56' title='bbox 862 450 934 478; x_wconf 87' lang='lat' dir='ltr'><strong>diem</strong></span> <span class='ocrx_word' id='word_1_57' title='bbox 956 451 984 478; x_wconf 93' lang='lat' dir='ltr'><strong>in</strong></span> 
     </span>
    </p>
   </div>
   <div class='ocr_carea' id='block_1_10' title="bbox 196 492 984 530">
    <p class='ocr_par' dir='ltr' id='par_1_10' title="bbox 196 492 984 530">
     <span class='ocr_line' id='line_1_10' title="bbox 196 492 984 530; baseline 0.004 -10"><span class='ocrx_word' id='word_1_58' title='bbox 196 492 307 521; x_wconf 83' lang='lat' dir='ltr'><strong>Perside</strong></span> <span class='ocrx_word' id='word_1_59' title='bbox 323 500 444 522; x_wconf 83' lang='lat' dir='ltr'><strong>servant.</strong></span> <span class='ocrx_word' id='word_1_60' title='bbox 469 494 547 522; x_wconf 77' lang='lat' dir='ltr'><strong>Iluuc</strong></span> <span class='ocrx_word' id='word_1_61' title='bbox 563 496 646 530; x_wconf 83' lang='lat' dir='ltr'><strong>igitur</strong></span> <span class='ocrx_word' id='word_1_62' title='bbox 664 496 709 523; x_wconf 87' lang='lat' dir='ltr'><strong>ille</strong></span> <span class='ocrx_word' id='word_1_63' title='bbox 724 496 827 523; x_wconf 82' lang='lat' dir='ltr'><strong>exitum</strong></span> <span class='ocrx_word' id='word_1_64' title='bbox 840 497 902 523; x_wconf 67' lang='lat' dir='ltr'><strong>vitte</strong></span> <span class='ocrx_word' id='word_1_65' title='bbox 915 503 984 523; x_wconf 88' lang='lat' dir='ltr'><strong>con-</strong></span> 
     </span>
    </p>
   </div>
   <div class='ocr_carea' id='block_1_11' title="bbox 195 538 983 569">
    <p class='ocr_par' dir='ltr' id='par_1_11' title="bbox 195 538 983 569">
     <span class='ocr_line' id='line_1_11' title="bbox 195 538 983 569; baseline 0.003 -4"><span class='ocrx_word' id='word_1_66' title='bbox 195 543 306 566; x_wconf 80' lang='lat' dir='ltr'><strong>secutus</strong></span> <span class='ocrx_word' id='word_1_67' title='bbox 316 543 367 566; x_wconf 88' lang='lat' dir='ltr'><strong>est.</strong></span> <span class='ocrx_word' id='word_1_68' title='bbox 381 538 422 567; x_wconf 92' lang='lat' dir='ltr'><strong>0b</strong></span> <span class='ocrx_word' id='word_1_69' title='bbox 438 539 463 567; x_wconf 89' lang='lat' dir='ltr'><strong>id</strong></span> <span class='ocrx_word' id='word_1_70' title='bbox 474 539 614 568; x_wconf 67' lang='lat' dir='ltr'><strong>Manichaei</strong></span> <span class='ocrx_word' id='word_1_71' title='bbox 629 541 737 569; x_wconf 86' lang='lat' dir='ltr'><strong>lectulis</strong></span> <span class='ocrx_word' id='word_1_72' title='bbox 750 541 808 569; x_wconf 84' lang='lat' dir='ltr'><strong>suis</strong></span> <span class='ocrx_word' id='word_1_73' title='bbox 823 541 983 568; x_wconf 80' lang='lat' dir='ltr'><strong>arundinem</strong></span> 
     </span>
    </p>
   </div>
   <div class='ocr_carea' id='block_1_12' title="bbox 195 584 982 622">
    <p class='ocr_par' dir='ltr' id='par_1_12' title="bbox 195 584 982 622">
     <span class='ocr_line' id='line_1_12' title="bbox 195 584 982 622; baseline 0.005 -12"><span class='ocrx_word' id='word_1_74' title='bbox 195 584 385 614; x_wconf 88' lang='lat' dir='ltr'><strong>substernunt.</strong></span> <span class='ocrx_word' id='word_1_75' title='bbox 406 584 477 620; x_wconf 82' lang='lat' dir='ltr'><strong>Ergo</strong></span> <span class='ocrx_word' id='word_1_76' title='bbox 493 586 537 613; x_wconf 89' lang='lat' dir='ltr'><strong>ille</strong></span> <span class='ocrx_word' id='word_1_77' title='bbox 552 586 592 613; x_wconf 86' lang='lat' dir='ltr'><strong>sic</strong></span> <span class='ocrx_word' id='word_1_78' title='bbox 609 591 736 614; x_wconf 86' lang='lat' dir='ltr'><strong>mortuus</strong></span> <span class='ocrx_word' id='word_1_79' title='bbox 750 595 809 619; x_wconf 81' lang='lat' dir='ltr'><strong>eos.</strong></span> <span class='ocrx_word' id='word_1_80' title='bbox 827 595 898 622; x_wconf 86' lang='lat' dir='ltr'><strong>quos</strong></span> <span class='ocrx_word' id='word_1_81' title='bbox 916 587 982 619; x_wconf 75' lang='lat' dir='ltr'><strong>uixi,</strong></span> 
     </span>
    </p>
   </div>
   <div class='ocr_carea' id='block_1_13' title="bbox 193 630 982 666">
    <p class='ocr_par' dir='ltr' id='par_1_13' title="bbox 193 630 982 666">
     <span class='ocr_line' id='line_1_13' title="bbox 193 630 982 666; baseline 0.003 -9"><span class='ocrx_word' id='word_1_82' title='bbox 193 630 345 664; x_wconf 83' lang='lat' dir='ltr'><strong>discipulos</strong></span> <span class='ocrx_word' id='word_1_83' title='bbox 362 631 482 665; x_wconf 87' lang='lat' dir='ltr'><strong>reliquit.</strong></span> <span class='ocrx_word' id='word_1_84' title='bbox 497 631 614 664; x_wconf 74' lang='lat' dir='ltr'><strong>Addam,</strong></span> <span class='ocrx_word' id='word_1_85' title='bbox 630 631 775 664; x_wconf 79' lang='lat' dir='ltr'><strong>Thomam,</strong></span> <span class='ocrx_word' id='word_1_86' title='bbox 789 637 816 660; x_wconf 87' lang='lat' dir='ltr'><strong>ct</strong></span> <span class='ocrx_word' id='word_1_87' title='bbox 829 633 982 666; x_wconf 85' lang='lat' dir='ltr'><strong>llermcam,</strong></span> 
     </span>
    </p>
   </div>
   <div class='ocr_carea' id='block_1_14' title="bbox 193 677 982 713">
    <p class='ocr_par' dir='ltr' id='par_1_14' title="bbox 193 677 982 713">
     <span class='ocr_line' id='line_1_14' title="bbox 193 677 982 713; baseline 0.005 -11"><span class='ocrx_word' id='word_1_88' title='bbox 193 683 276 710; x_wconf 83' lang='lat' dir='ltr'><strong>quos,</strong></span> <span class='ocrx_word' id='word_1_89' title='bbox 301 680 447 711; x_wconf 83' lang='lat' dir='ltr'><strong>antequam</strong></span> <span class='ocrx_word' id='word_1_90' title='bbox 465 677 512 704; x_wconf 89' lang='lat' dir='ltr'><strong>illo</strong></span> <span class='ocrx_word' id='word_1_91' title='bbox 536 678 632 705; x_wconf 90' lang='lat' dir='ltr'><strong>mortis</strong></span> <span class='ocrx_word' id='word_1_92' title='bbox 649 685 748 713; x_wconf 77' lang='lat' dir='ltr'><strong>genere</strong></span> <span class='ocrx_word' id='word_1_93' title='bbox 769 686 864 713; x_wconf 74' lang='lat' dir='ltr'><strong>pteuas</strong></span> <span class='ocrx_word' id='word_1_94' title='bbox 886 679 982 711; x_wconf 79' lang='lat' dir='ltr'><strong>lueret.</strong></span> 
     </span>
    </p>
   </div>
   <div class='ocr_carea' id='block_1_15' title="bbox 192 721 985 759">
    <p class='ocr_par' dir='ltr' id='par_1_15' title="bbox 192 721 985 759">
     <span class='ocr_line' id='line_1_15' title="bbox 192 721 985 759; baseline 0.003 -11"><span class='ocrx_word' id='word_1_95' title='bbox 192 722 269 748; x_wconf 81' lang='lat' dir='ltr'><strong>varia</strong></span> <span class='ocrx_word' id='word_1_96' title='bbox 287 721 315 748; x_wconf 93' lang='lat' dir='ltr'><strong>iu</strong></span> <span class='ocrx_word' id='word_1_97' title='bbox 337 721 395 749; x_wconf 88' lang='lat' dir='ltr'><strong>loca</strong></span> <span class='ocrx_word' id='word_1_98' title='bbox 421 721 572 750; x_wconf 86' lang='lat' dir='ltr'><strong>dimiserat.</strong></span> <span class='ocrx_word' id='word_1_99' title='bbox 597 722 729 750; x_wconf 83' lang='lat' dir='ltr'><strong>Hermeas</strong></span> <span class='ocrx_word' id='word_1_100' title='bbox 752 724 825 751; x_wconf 88' lang='lat' dir='ltr'><strong>enim</strong></span> <span class='ocrx_word' id='word_1_101' title='bbox 851 724 877 750; x_wconf 94' lang='lat' dir='ltr'><strong>in</strong></span> <span class='ocrx_word' id='word_1_102' title='bbox 900 723 985 759; x_wconf 63' lang='lat' dir='ltr'><strong>Egy-</strong></span> 
     </span>
    </p>
   </div>
   <div class='ocr_carea' id='block_1_16' title="bbox 193 766 983 804">
    <p class='ocr_par' dir='ltr' id='par_1_16' title="bbox 193 766 983 804">
     <span class='ocr_line' id='line_1_16' title="bbox 193 766 983 804; baseline 0.003 -11"><span class='ocrx_word' id='word_1_103' title='bbox 193 770 269 801; x_wconf 90' lang='lat' dir='ltr'><strong>ptum</strong></span> <span class='ocrx_word' id='word_1_104' title='bbox 288 766 426 801; x_wconf 78' lang='lat' dir='ltr'><strong>profectus</strong></span> <span class='ocrx_word' id='word_1_105' title='bbox 443 770 496 800; x_wconf 71' lang='lat' dir='ltr'><strong>est,</strong></span> <span class='ocrx_word' id='word_1_106' title='bbox 510 775 628 802; x_wconf 89' lang='lat' dir='ltr'><strong>quocum</strong></span> <span class='ocrx_word' id='word_1_107' title='bbox 653 768 775 804; x_wconf 87' lang='lat' dir='ltr'><strong>plerique</strong></span> <span class='ocrx_word' id='word_1_108' title='bbox 793 769 891 796; x_wconf 77' lang='lat' dir='ltr'><strong>versati</strong></span> <span class='ocrx_word' id='word_1_109' title='bbox 909 773 983 796; x_wconf 91' lang='lat' dir='ltr'><strong>sunt.</strong></span> 
     </span>
    </p>
   </div>
   <div class='ocr_carea' id='block_1_17' title="bbox 194 812 983 848">
    <p class='ocr_par' dir='ltr' id='par_1_17' title="bbox 194 812 983 848">
     <span class='ocr_line' id='line_1_17' title="bbox 194 812 983 848; baseline 0.003 -8"><span class='ocrx_word' id='word_1_110' title='bbox 194 812 287 848; x_wconf 80' lang='lat' dir='ltr'><strong>Neque</strong></span> <span class='ocrx_word' id='word_1_111' title='bbox 312 813 383 840; x_wconf 91' lang='lat' dir='ltr'><strong>enim</strong></span> <span class='ocrx_word' id='word_1_112' title='bbox 411 813 524 848; x_wconf 86' lang='lat' dir='ltr'><strong>antiqua</strong></span> <span class='ocrx_word' id='word_1_113' title='bbox 538 819 581 840; x_wconf 85' lang='lat' dir='ltr'><strong>est</strong></span> <span class='ocrx_word' id='word_1_114' title='bbox 597 813 745 841; x_wconf 80' lang='lat' dir='ltr'><strong>admodum</strong></span> <span class='ocrx_word' id='word_1_115' title='bbox 773 814 830 842; x_wconf 74' lang='lat' dir='ltr'><strong>ltzec</strong></span> <span class='ocrx_word' id='word_1_116' title='bbox 859 815 983 846; x_wconf 66' lang='lat' dir='ltr'><strong>haeresis,</strong></span> 
     </span>
    </p>
   </div>
   <div class='ocr_carea' id='block_1_18' title="bbox 193 858 983 894">
    <p class='ocr_par' dir='ltr' id='par_1_18' title="bbox 193 858 983 894">
     <span class='ocr_line' id='line_1_18' title="bbox 193 858 983 894; baseline 0.003 -9"><span class='ocrx_word' id='word_1_117' title='bbox 193 858 260 886; x_wconf 83' lang='lat' dir='ltr'><strong>adeo</strong></span> <span class='ocrx_word' id='word_1_118' title='bbox 275 863 306 885; x_wconf 91' lang='lat' dir='ltr'><strong>ut</strong></span> <span class='ocrx_word' id='word_1_119' title='bbox 318 859 365 892; x_wconf 88' lang='lat' dir='ltr'><strong>qui</strong></span> <span class='ocrx_word' id='word_1_120' title='bbox 381 866 443 885; x_wconf 87' lang='lat' dir='ltr'><strong>cum</strong></span> <span class='ocrx_word' id='word_1_121' title='bbox 459 859 575 886; x_wconf 86' lang='lat' dir='ltr'><strong>Hermea</strong></span> <span class='ocrx_word' id='word_1_122' title='bbox 600 858 687 887; x_wconf 82' lang='lat' dir='ltr'><strong>Manis</strong></span> <span class='ocrx_word' id='word_1_123' title='bbox 702 859 838 894; x_wconf 84' lang='lat' dir='ltr'><strong>discipulo</strong></span> <span class='ocrx_word' id='word_1_124' title='bbox 854 860 983 887; x_wconf 85' lang='lat' dir='ltr'><strong>collocuti</strong></span> 
     </span>
    </p>
   </div>
   <div class='ocr_carea' id='block_1_19' title="bbox 193 893 1021 940">
    <p class='ocr_par' dir='ltr' id='par_1_19' title="bbox 193 893 1021 940">
     <span class='ocr_line' id='line_1_19' title="bbox 193 893 1021 940; baseline 0.002 -8"><span class='ocrx_word' id='word_1_125' title='bbox 193 910 268 937; x_wconf 82' lang='lat' dir='ltr'><strong>sunt.</strong></span> <span class='ocrx_word' id='word_1_126' title='bbox 289 905 370 933; x_wconf 91' lang='lat' dir='ltr'><strong>nobis</strong></span> <span class='ocrx_word' id='word_1_127' title='bbox 385 912 446 940; x_wconf 69' lang='lat' dir='ltr'><strong>qua:</strong></span> <span class='ocrx_word' id='word_1_128' title='bbox 462 905 496 932; x_wconf 85' lang='lat' dir='ltr'><strong>ad</strong></span> <span class='ocrx_word' id='word_1_129' title='bbox 513 905 589 933; x_wconf 93' lang='lat' dir='ltr'><strong>illum</strong></span> <span class='ocrx_word' id='word_1_130' title='bbox 609 893 781 940; x_wconf 81' lang='lat' dir='ltr'><strong>pertinebant</strong></span> <span class='ocrx_word' id='word_1_131' title='bbox 798 908 981 934; x_wconf 77' lang='lat' dir='ltr'><strong>narraverint.</strong></span> <span class='ocrx_word' id='word_1_132' title='bbox 999 893 1021 923; x_wconf 71' lang='grc' dir='ltr'><strong><em>Β</em></strong></span> 
     </span>
    </p>
   </div>
   <div class='ocr_carea' id='block_1_20' title="bbox 193 951 981 988">
    <p class='ocr_par' dir='ltr' id='par_1_20' title="bbox 193 951 981 988">
     <span class='ocr_line' id='line_1_20' title="bbox 193 951 981 988; baseline 0.003 -10"><span class='ocrx_word' id='word_1_133' title='bbox 193 951 285 979; x_wconf 82' lang='lat' dir='ltr'><strong>Addas</strong></span> <span class='ocrx_word' id='word_1_134' title='bbox 313 951 341 979; x_wconf 89' lang='lat' dir='ltr'><strong>in</strong></span> <span class='ocrx_word' id='word_1_135' title='bbox 367 952 538 986; x_wconf 79' lang='lat' dir='ltr'><strong>superiorem</strong></span> <span class='ocrx_word' id='word_1_136' title='bbox 565 952 705 988; x_wconf 75' lang='lat' dir='ltr'><strong>regionem</strong></span> <span class='ocrx_word' id='word_1_137' title='bbox 721 952 801 984; x_wconf 79' lang='lat' dir='ltr'><strong>abiit.</strong></span> <span class='ocrx_word' id='word_1_138' title='bbox 815 952 935 980; x_wconf 87' lang='lat' dir='ltr'><strong>Thomas</strong></span> <span class='ocrx_word' id='word_1_139' title='bbox 954 953 981 980; x_wconf 91' lang='lat' dir='ltr'><strong>in</strong></span> 
     </span>
    </p>
   </div>
   <div class='ocr_carea' id='block_1_21' title="bbox 192 997 981 1032">
    <p class='ocr_par' dir='ltr' id='par_1_21' title="bbox 192 997 981 1032">
     <span class='ocr_line' id='line_1_21' title="bbox 192 997 981 1032; baseline -0.001 -7"><span class='ocrx_word' id='word_1_140' title='bbox 192 997 325 1025; x_wconf 69' lang='lat' dir='ltr'><strong>Judaaam.</strong></span> <span class='ocrx_word' id='word_1_141' title='bbox 351 997 440 1032; x_wconf 82' lang='lat' dir='ltr'><strong>Atque</strong></span> <span class='ocrx_word' id='word_1_142' title='bbox 463 997 498 1024; x_wconf 87' lang='lat' dir='ltr'><strong>ah</strong></span> <span class='ocrx_word' id='word_1_143' title='bbox 526 997 560 1025; x_wconf 90' lang='lat' dir='ltr'><strong>iis</strong></span> <span class='ocrx_word' id='word_1_144' title='bbox 591 1003 665 1025; x_wconf 82' lang='lat' dir='ltr'><strong>secta</strong></span> <span class='ocrx_word' id='word_1_145' title='bbox 693 998 739 1025; x_wconf 85' lang='lat' dir='ltr'><strong>illa</strong></span> <span class='ocrx_word' id='word_1_146' title='bbox 764 998 796 1025; x_wconf 90' lang='lat' dir='ltr'><strong>ad</strong></span> <span class='ocrx_word' id='word_1_147' title='bbox 820 998 981 1025; x_wconf 90' lang='lat' dir='ltr'><strong>hodiernum</strong></span> 
     </span>
    </p>
   </div>
   <div class='ocr_carea' id='block_1_22' title="bbox 193 1043 981 1079">
    <p class='ocr_par' dir='ltr' id='par_1_22' title="bbox 193 1043 981 1079">
     <span class='ocr_line' id='line_1_22' title="bbox 193 1043 981 1079; baseline 0.001 -8"><span class='ocrx_word' id='word_1_148' title='bbox 193 1051 280 1079; x_wconf 88' lang='lat' dir='ltr'><strong>usque</strong></span> <span class='ocrx_word' id='word_1_149' title='bbox 297 1043 369 1071; x_wconf 87' lang='lat' dir='ltr'><strong>diem</strong></span> <span class='ocrx_word' id='word_1_150' title='bbox 390 1044 462 1071; x_wconf 81' lang='lat' dir='ltr'><strong>vires</strong></span> <span class='ocrx_word' id='word_1_151' title='bbox 479 1048 562 1079; x_wconf 88' lang='lat' dir='ltr'><strong>atque</strong></span> <span class='ocrx_word' id='word_1_152' title='bbox 579 1043 778 1072; x_wconf 86' lang='lat' dir='ltr'><strong>incrementum</strong></span> <span class='ocrx_word' id='word_1_153' title='bbox 797 1044 902 1072; x_wconf 86' lang='lat' dir='ltr'><strong>habuit.</strong></span> <span class='ocrx_word' id='word_1_154' title='bbox 921 1044 981 1072; x_wconf 68' lang='lat' dir='ltr'><strong>Cte—</strong></span> 
     </span>
    </p>
   </div>
   <div class='ocr_carea' id='block_1_23' title="bbox 192 1087 984 1123">
    <p class='ocr_par' dir='ltr' id='par_1_23' title="bbox 192 1087 984 1123">
     <span class='ocr_line' id='line_1_23' title="bbox 192 1087 984 1123; baseline -0.001 -7"><span class='ocrx_word' id='word_1_155' title='bbox 192 1093 281 1116; x_wconf 84' lang='lat' dir='ltr'><strong>terum</strong></span> <span class='ocrx_word' id='word_1_156' title='bbox 298 1087 392 1115; x_wconf 73' lang='lat' dir='ltr'><strong>Manes</strong></span> <span class='ocrx_word' id='word_1_157' title='bbox 410 1087 543 1122; x_wconf 85' lang='lat' dir='ltr'><strong>Spiritum</strong></span> <span class='ocrx_word' id='word_1_158' title='bbox 559 1095 588 1115; x_wconf 89' lang='lat' dir='ltr'><strong>se</strong></span> <span class='ocrx_word' id='word_1_159' title='bbox 601 1095 663 1116; x_wconf 86' lang='lat' dir='ltr'><strong>esse</strong></span> <span class='ocrx_word' id='word_1_160' title='bbox 686 1088 854 1123; x_wconf 85' lang='lat' dir='ltr'><strong>paracletum</strong></span> <span class='ocrx_word' id='word_1_161' title='bbox 875 1095 984 1115; x_wconf 84' lang='lat' dir='ltr'><strong>assere-</strong></span> 
     </span>
    </p>
   </div>
   <div class='ocr_carea' id='block_1_24' title="bbox 192 1133 981 1169">
    <p class='ocr_par' dir='ltr' id='par_1_24' title="bbox 192 1133 981 1169">
     <span class='ocr_line' id='line_1_24' title="bbox 192 1133 981 1169; baseline -0.003 -7"><span class='ocrx_word' id='word_1_162' title='bbox 192 1134 259 1165; x_wconf 83' lang='lat' dir='ltr'><strong>bat,</strong></span> <span class='ocrx_word' id='word_1_163' title='bbox 285 1141 318 1162; x_wconf 70' lang='lat' dir='ltr'><strong>ac</strong></span> <span class='ocrx_word' id='word_1_164' title='bbox 344 1141 542 1168; x_wconf 90' lang='lat' dir='ltr'><strong>nonnunquam</strong></span> <span class='ocrx_word' id='word_1_165' title='bbox 566 1133 720 1169; x_wconf 84' lang='lat' dir='ltr'><strong>apostolum</strong></span> <span class='ocrx_word' id='word_1_166' title='bbox 735 1141 765 1162; x_wconf 86' lang='lat' dir='ltr'><strong>sc</strong></span> <span class='ocrx_word' id='word_1_167' title='bbox 779 1141 842 1162; x_wconf 86' lang='lat' dir='ltr'><strong>esse</strong></span> <span class='ocrx_word' id='word_1_168' title='bbox 866 1133 981 1167; x_wconf 89' lang='lat' dir='ltr'><strong>Christi,</strong></span> 
     </span>
    </p>
   </div>
   <div class='ocr_carea' id='block_1_25' title="bbox 192 1178 983 1215">
    <p class='ocr_par' dir='ltr' id='par_1_25' title="bbox 192 1178 983 1215">
     <span class='ocr_line' id='line_1_25' title="bbox 192 1178 983 1215; baseline 0 -9"><span class='ocrx_word' id='word_1_169' title='bbox 192 1180 260 1207; x_wconf 87' lang='lat' dir='ltr'><strong>alias</strong></span> <span class='ocrx_word' id='word_1_170' title='bbox 279 1179 446 1214; x_wconf 83' lang='lat' dir='ltr'><strong>paracletum</strong></span> <span class='ocrx_word' id='word_1_171' title='bbox 469 1178 602 1214; x_wconf 88' lang='lat' dir='ltr'><strong>Spiritum</strong></span> <span class='ocrx_word' id='word_1_172' title='bbox 619 1179 760 1214; x_wconf 75' lang='lat' dir='ltr'><strong>praedicat.</strong></span> <span class='ocrx_word' id='word_1_173' title='bbox 787 1178 890 1214; x_wconf 87' lang='lat' dir='ltr'><strong>Estque</strong></span> <span class='ocrx_word' id='word_1_174' title='bbox 904 1187 983 1215; x_wconf 84' lang='lat' dir='ltr'><strong>pror—</strong></span> 
     </span>
    </p>
   </div>
   <div class='ocr_carea' id='block_1_26' title="bbox 192 1225 977 1261">
    <p class='ocr_par' dir='ltr' id='par_1_26' title="bbox 192 1225 977 1261">
     <span class='ocr_line' id='line_1_26' title="bbox 192 1225 977 1261; baseline -0.001 -8"><span class='ocrx_word' id='word_1_175' title='bbox 192 1234 240 1254; x_wconf 83' lang='lat' dir='ltr'><strong>sus</strong></span> <span class='ocrx_word' id='word_1_176' title='bbox 250 1225 372 1253; x_wconf 85' lang='lat' dir='ltr'><strong>insolens</strong></span> <span class='ocrx_word' id='word_1_177' title='bbox 386 1228 413 1253; x_wconf 91' lang='lat' dir='ltr'><strong>et</strong></span> <span class='ocrx_word' id='word_1_178' title='bbox 429 1225 550 1252; x_wconf 87' lang='lat' dir='ltr'><strong>absurda</strong></span> <span class='ocrx_word' id='word_1_179' title='bbox 565 1225 694 1253; x_wconf 58' lang='grc' dir='ltr'>σχοινοειιί</span> <span class='ocrx_word' id='word_1_180' title='bbox 712 1225 833 1253; x_wconf 87' lang='lat' dir='ltr'><strong>hominis</strong></span> <span class='ocrx_word' id='word_1_181' title='bbox 853 1225 899 1252; x_wconf 86' lang='lat' dir='ltr'><strong>illa</strong></span> <span class='ocrx_word' id='word_1_182' title='bbox 917 1233 977 1261; x_wconf 84' lang='lat' dir='ltr'><strong>pcr-</strong></span> 
     </span>
    </p>
   </div>
   <div class='ocr_carea' id='block_1_27' title="bbox 191 1270 295 1298">
    <p class='ocr_par' dir='ltr' id='par_1_27' title="bbox 191 1270 295 1298">
     <span class='ocr_line' id='line_1_27' title="bbox 191 1270 295 1298; baseline -0.01 0"><span class='ocrx_word' id='word_1_183' title='bbox 191 1270 295 1298; x_wconf 81' lang='lat' dir='ltr'><strong>suasio.</strong></span> 
     </span>
    </p>
   </div>
   <div class='ocr_carea' id='block_1_28' title="bbox 227 1315 982 1351">
    <p class='ocr_par' dir='ltr' id='par_1_28' title="bbox 227 1315 982 1351">
     <span class='ocr_line' id='line_1_28' title="bbox 227 1315 982 1351; baseline 0.003 -9"><span class='ocrx_word' id='word_1_184' title='bbox 227 1315 297 1343; x_wconf 80' lang='lat' dir='ltr'><strong>XIII.</strong></span> <span class='ocrx_word' id='word_1_185' title='bbox 316 1315 377 1343; x_wconf 76' lang='lat' dir='ltr'><strong>1am</strong></span> <span class='ocrx_word' id='word_1_186' title='bbox 390 1323 456 1344; x_wconf 77' lang='lat' dir='ltr'><strong>vero</strong></span> <span class='ocrx_word' id='word_1_187' title='bbox 471 1323 583 1343; x_wconf 85' lang='lat' dir='ltr'><strong>necesse</strong></span> <span class='ocrx_word' id='word_1_188' title='bbox 601 1320 643 1343; x_wconf 87' lang='lat' dir='ltr'><strong>est</strong></span> <span class='ocrx_word' id='word_1_189' title='bbox 660 1320 689 1343; x_wconf 93' lang='lat' dir='ltr'><strong>ut</strong></span> <span class='ocrx_word' id='word_1_190' title='bbox 703 1316 831 1351; x_wconf 80' lang='lat' dir='ltr'><strong>deinceps</strong></span> <span class='ocrx_word' id='word_1_191' title='bbox 847 1317 982 1345; x_wconf 82' lang='lat' dir='ltr'><strong>adversus</strong></span> 
     </span>
    </p>
   </div>
   <div class='ocr_carea' id='block_1_29' title="bbox 192 1363 984 1399">
    <p class='ocr_par' dir='ltr' id='par_1_29' title="bbox 192 1363 984 1399">
     <span class='ocr_line' id='line_1_29' title="bbox 192 1363 984 1399; baseline -0.001 -7"><span class='ocrx_word' id='word_1_192' title='bbox 192 1365 263 1392; x_wconf 85' lang='lat' dir='ltr'><strong>hanc</strong></span> <span class='ocrx_word' id='word_1_193' title='bbox 285 1365 410 1392; x_wconf 70' lang='lat' dir='ltr'><strong>hmresim</strong></span> <span class='ocrx_word' id='word_1_194' title='bbox 440 1364 594 1399; x_wconf 83' lang='lat' dir='ltr'><strong>stolidaque</strong></span> <span class='ocrx_word' id='word_1_195' title='bbox 625 1364 699 1391; x_wconf 87' lang='lat' dir='ltr'><strong>illius</strong></span> <span class='ocrx_word' id='word_1_196' title='bbox 724 1363 834 1390; x_wconf 82' lang='lat' dir='ltr'><strong>decreta</strong></span> <span class='ocrx_word' id='word_1_197' title='bbox 859 1363 984 1398; x_wconf 86' lang='lat' dir='ltr'><strong>dispute-</strong></span> 
     </span>
    </p>
   </div>
   <div class='ocr_carea' id='block_1_30' title="bbox 192 1409 984 1446">
    <p class='ocr_par' dir='ltr' id='par_1_30' title="bbox 192 1409 984 1446">
     <span class='ocr_line' id='line_1_30' title="bbox 192 1409 984 1446; baseline -0.003 -7"><span class='ocrx_word' id='word_1_198' title='bbox 192 1419 264 1439; x_wconf 85' lang='lat' dir='ltr'><strong>mus.</strong></span> <span class='ocrx_word' id='word_1_199' title='bbox 286 1410 354 1438; x_wconf 83' lang='lat' dir='ltr'><strong>Nam</strong></span> <span class='ocrx_word' id='word_1_200' title='bbox 379 1418 440 1446; x_wconf 65' lang='lat' dir='ltr'><strong>quae</strong></span> <span class='ocrx_word' id='word_1_201' title='bbox 464 1410 596 1438; x_wconf 86' lang='lat' dir='ltr'><strong>hactenus</strong></span> <span class='ocrx_word' id='word_1_202' title='bbox 615 1409 736 1437; x_wconf 78' lang='lat' dir='ltr'><strong>diximus</strong></span> <span class='ocrx_word' id='word_1_203' title='bbox 753 1409 855 1436; x_wconf 89' lang='lat' dir='ltr'><strong>nudam</strong></span> <span class='ocrx_word' id='word_1_204' title='bbox 879 1409 912 1436; x_wconf 89' lang='lat' dir='ltr'><strong>de</strong></span> <span class='ocrx_word' id='word_1_205' title='bbox 937 1410 984 1437; x_wconf 93' lang='lat' dir='ltr'><strong>illo</strong></span> 
     </span>
    </p>
   </div>
   <div class='ocr_carea' id='block_1_31' title="bbox 193 1454 982 1490">
    <p class='ocr_par' dir='ltr' id='par_1_31' title="bbox 193 1454 982 1490">
     <span class='ocr_line' id='line_1_31' title="bbox 193 1454 982 1490; baseline -0.004 -6"><span class='ocrx_word' id='word_1_206' title='bbox 193 1456 334 1484; x_wconf 89' lang='lat' dir='ltr'><strong>historiam</strong></span> <span class='ocrx_word' id='word_1_207' title='bbox 357 1455 510 1483; x_wconf 87' lang='lat' dir='ltr'><strong>continent.</strong></span> <span class='ocrx_word' id='word_1_208' title='bbox 535 1455 576 1481; x_wconf 79' lang='lat' dir='ltr'><strong>Ab</strong></span> <span class='ocrx_word' id='word_1_209' title='bbox 596 1462 629 1482; x_wconf 90' lang='lat' dir='ltr'><strong>eo</strong></span> <span class='ocrx_word' id='word_1_210' title='bbox 649 1455 731 1490; x_wconf 91' lang='lat' dir='ltr'><strong>igitur</strong></span> <span class='ocrx_word' id='word_1_211' title='bbox 752 1454 892 1482; x_wconf 85' lang='lat' dir='ltr'><strong>ordiemur</strong></span> <span class='ocrx_word' id='word_1_212' title='bbox 907 1454 982 1489; x_wconf 88' lang='lat' dir='ltr'><strong>quod</strong></span> 
     </span>
    </p>
   </div>
   <div class='ocr_carea' id='block_1_32' title="bbox 192 1499 981 1535">
    <p class='ocr_par' dir='ltr' id='par_1_32' title="bbox 192 1499 981 1535">
     <span class='ocr_line' id='line_1_32' title="bbox 192 1499 981 1535; baseline -0.003 -6"><span class='ocrx_word' id='word_1_213' title='bbox 192 1501 308 1529; x_wconf 75' lang='lat' dir='ltr'><strong>docendi</strong></span> <span class='ocrx_word' id='word_1_214' title='bbox 325 1509 357 1529; x_wconf 84' lang='lat' dir='ltr'><strong>ac</strong></span> <span class='ocrx_word' id='word_1_215' title='bbox 380 1501 517 1529; x_wconf 83' lang='lat' dir='ltr'><strong>scribendi</strong></span> <span class='ocrx_word' id='word_1_216' title='bbox 541 1499 705 1535; x_wconf 83' lang='lat' dir='ltr'><strong>dicendique</strong></span> <span class='ocrx_word' id='word_1_217' title='bbox 729 1500 838 1528; x_wconf 91' lang='lat' dir='ltr'><strong>initium</strong></span> <span class='ocrx_word' id='word_1_218' title='bbox 864 1500 981 1535; x_wconf 85' lang='lat' dir='ltr'><strong>sumpsit</strong></span> 
     </span>
    </p>
   </div>
   <div class='ocr_carea' id='block_1_33' title="bbox 193 1544 983 1582">
    <p class='ocr_par' dir='ltr' id='par_1_33' title="bbox 193 1544 983 1582">
     <span class='ocr_line' id='line_1_33' title="bbox 193 1544 983 1582; baseline -0.003 -9"><span class='ocrx_word' id='word_1_219' title='bbox 193 1546 412 1582; x_wconf 79' lang='lat' dir='ltr'><strong>improbissimus</strong></span> <span class='ocrx_word' id='word_1_220' title='bbox 435 1545 528 1573; x_wconf 85' lang='lat' dir='ltr'><strong>Manes</strong></span> <span class='ocrx_word' id='word_1_221' title='bbox 552 1545 579 1572; x_wconf 93' lang='lat' dir='ltr'><strong>in</strong></span> <span class='ocrx_word' id='word_1_222' title='bbox 602 1553 635 1572; x_wconf 90' lang='lat' dir='ltr'><strong>eo</strong></span> <span class='ocrx_word' id='word_1_223' title='bbox 663 1545 743 1577; x_wconf 90' lang='lat' dir='ltr'><strong>libro,</strong></span> <span class='ocrx_word' id='word_1_224' title='bbox 768 1553 847 1580; x_wconf 85' lang='lat' dir='ltr'><strong>quem</strong></span> <span class='ocrx_word' id='word_1_225' title='bbox 871 1545 908 1572; x_wconf 81' lang='lat' dir='ltr'><strong>De</strong></span> <span class='ocrx_word' id='word_1_226' title='bbox 931 1544 983 1579; x_wconf 81' lang='lat' dir='ltr'><strong>ﬁde</strong></span> 
     </span>
    </p>
   </div>
   <div class='ocr_carea' id='block_1_34' title="bbox 1037 267 1831 304">
    <p class='ocr_par' dir='ltr' id='par_1_34' title="bbox 1037 267 1831 304">
     <span class='ocr_line' id='line_1_34' title="bbox 1037 267 1831 304; baseline 0 -10"><span class='ocrx_word' id='word_1_227' title='bbox 1037 267 1084 294; x_wconf 79' lang='grc' dir='ltr'>τοῦ</span> <span class='ocrx_word' id='word_1_228' title='bbox 1097 268 1175 304; x_wconf 85' lang='grc' dir='ltr'>Μάνη</span> <span class='ocrx_word' id='word_1_229' title='bbox 1190 269 1360 304; x_wconf 81' lang='grc' dir='ltr'>καταφυγὴν,</span> <span class='ocrx_word' id='word_1_230' title='bbox 1375 268 1549 300; x_wconf 77' lang='grc' dir='ltr'><strong>ἀποστείλας,</strong></span> <span class='ocrx_word' id='word_1_231' title='bbox 1565 269 1612 295; x_wconf 84' lang='grc' dir='ltr'>καὶ</span> <span class='ocrx_word' id='word_1_232' title='bbox 1624 269 1831 304; x_wconf 74' lang='grc' dir='ltr'><strong>χειρωσάμενος</strong></span> 
     </span>
    </p>
   </div>
   <div class='ocr_carea' id='block_1_35' title="bbox 1037 313 1831 349">
    <p class='ocr_par' dir='ltr' id='par_1_35' title="bbox 1037 313 1831 349">
     <span class='ocr_line' id='line_1_35' title="bbox 1037 313 1831 349; baseline 0.001 -11"><span class='ocrx_word' id='word_1_233' title='bbox 1037 313 1118 339; x_wconf 85' lang='grc' dir='ltr'>αὑτὸν</span> <span class='ocrx_word' id='word_1_234' title='bbox 1132 313 1161 340; x_wconf 86' lang='grc' dir='ltr'>ἐν</span> <span class='ocrx_word' id='word_1_235' title='bbox 1176 313 1214 348; x_wconf 85' lang='grc' dir='ltr'>τῷ</span> <span class='ocrx_word' id='word_1_236' title='bbox 1227 314 1421 349; x_wconf 70' lang='grc' dir='ltr'><strong>προειρημένῳ</strong></span> <span class='ocrx_word' id='word_1_237' title='bbox 1439 313 1589 349; x_wconf 78' lang='grc' dir='ltr'>καστέλλῳ,</span> <span class='ocrx_word' id='word_1_238' title='bbox 1606 314 1647 344; x_wconf 75' lang='grc' dir='ltr'>εἰς</span> <span class='ocrx_word' id='word_1_239' title='bbox 1661 313 1711 349; x_wconf 85' lang='grc' dir='ltr'>τὴν</span> <span class='ocrx_word' id='word_1_240' title='bbox 1727 314 1831 348; x_wconf 80' lang='grc' dir='ltr'>Περσί-</span> 
     </span>
    </p>
   </div>
   <div class='ocr_carea' id='block_1_36' title="bbox 1036 358 1830 395">
    <p class='ocr_par' dir='ltr' id='par_1_36' title="bbox 1036 358 1830 395">
     <span class='ocr_line' id='line_1_36' title="bbox 1036 358 1830 395; baseline 0.001 -11"><span class='ocrx_word' id='word_1_241' title='bbox 1036 358 1070 385; x_wconf 90' lang='grc' dir='ltr'><strong>δα</strong></span> <span class='ocrx_word' id='word_1_242' title='bbox 1089 359 1195 393; x_wconf 77' lang='grc' dir='ltr'>ἀτίμως</span> <span class='ocrx_word' id='word_1_243' title='bbox 1213 359 1385 386; x_wconf 84' lang='grc' dir='ltr'>καθείλκυσε·</span> <span class='ocrx_word' id='word_1_244' title='bbox 1403 360 1450 386; x_wconf 70' lang='grc' dir='ltr'>καὶ</span> <span class='ocrx_word' id='word_1_245' title='bbox 1463 359 1493 385; x_wconf 83' lang='grc' dir='ltr'>τὸ</span> <span class='ocrx_word' id='word_1_246' title='bbox 1509 359 1598 395; x_wconf 82' lang='grc' dir='ltr'>δέρμα</span> <span class='ocrx_word' id='word_1_247' title='bbox 1615 359 1698 385; x_wconf 80' lang='grc' dir='ltr'>αὐτοῦ</span> <span class='ocrx_word' id='word_1_248' title='bbox 1711 359 1830 394; x_wconf 80' lang='grc' dir='ltr'><strong>καλάμῳ</strong></span> 
     </span>
    </p>
   </div>
   <div class='ocr_carea' id='block_1_37' title="bbox 1037 404 1832 441">
    <p class='ocr_par' dir='ltr' id='par_1_37' title="bbox 1037 404 1832 441">
     <span class='ocr_line' id='line_1_37' title="bbox 1037 404 1832 441; baseline 0.003 -11"><span class='ocrx_word' id='word_1_249' title='bbox 1037 404 1168 437; x_wconf 83' lang='grc' dir='ltr'>κελεύσας</span> <span class='ocrx_word' id='word_1_250' title='bbox 1185 405 1345 440; x_wconf 75' lang='grc' dir='ltr'>ἐκδαρῆναι,</span> <span class='ocrx_word' id='word_1_251' title='bbox 1368 405 1439 432; x_wconf 81' lang='grc' dir='ltr'>οὕτω</span> <span class='ocrx_word' id='word_1_252' title='bbox 1457 405 1506 441; x_wconf 82' lang='grc' dir='ltr'>τὴν</span> <span class='ocrx_word' id='word_1_253' title='bbox 1521 406 1656 441; x_wconf 78' lang='grc' dir='ltr'><strong>τιμωρίαν</strong></span> <span class='ocrx_word' id='word_1_254' title='bbox 1680 405 1755 440; x_wconf 78' lang='grc' dir='ltr'><strong>αὐτῷ</strong></span> <span class='ocrx_word' id='word_1_255' title='bbox 1775 407 1832 432; x_wconf 80' lang='grc' dir='ltr'><strong>ἁπ-</strong></span> 
     </span>
    </p>
   </div>
   <div class='ocr_carea' id='block_1_38' title="bbox 1037 450 1829 487">
    <p class='ocr_par' dir='ltr' id='par_1_38' title="bbox 1037 450 1829 487">
     <span class='ocr_line' id='line_1_38' title="bbox 1037 450 1829 487; baseline 0.001 -10"><span class='ocrx_word' id='word_1_256' title='bbox 1037 450 1146 478; x_wconf 82' lang='grc' dir='ltr'>ἐδωκεν.</span> <span class='ocrx_word' id='word_1_257' title='bbox 1161 451 1242 478; x_wconf 81' lang='grc' dir='ltr'>Ὅθεν</span> <span class='ocrx_word' id='word_1_258' title='bbox 1253 452 1300 478; x_wconf 76' lang='grc' dir='ltr'>καὶ</span> <span class='ocrx_word' id='word_1_259' title='bbox 1312 451 1460 486; x_wconf 76' lang='grc' dir='ltr'><strong>ἐκδαρέντα</strong></span> <span class='ocrx_word' id='word_1_260' title='bbox 1478 451 1604 487; x_wconf 82' lang='grc' dir='ltr'><strong>καλάμῳ,</strong></span> <span class='ocrx_word' id='word_1_261' title='bbox 1617 452 1664 478; x_wconf 75' lang='grc' dir='ltr'><strong>καὶ</strong></span> <span class='ocrx_word' id='word_1_262' title='bbox 1685 451 1730 478; x_wconf 78' lang='grc' dir='ltr'>τὸν</span> <span class='ocrx_word' id='word_1_263' title='bbox 1744 452 1829 478; x_wconf 82' lang='grc' dir='ltr'>ἀσκὸν</span> 
     </span>
    </p>
   </div>
   <div class='ocr_carea' id='block_1_39' title="bbox 1036 497 1830 534">
    <p class='ocr_par' dir='ltr' id='par_1_39' title="bbox 1036 497 1830 534">
     <span class='ocr_line' id='line_1_39' title="bbox 1036 497 1830 534; baseline 0 -10"><span class='ocrx_word' id='word_1_264' title='bbox 1036 497 1118 524; x_wconf 78' lang='grc' dir='ltr'>αὐτοῦ</span> <span class='ocrx_word' id='word_1_265' title='bbox 1132 497 1323 534; x_wconf 78' lang='grc' dir='ltr'><strong>ἐμπλησθέντα</strong></span> <span class='ocrx_word' id='word_1_266' title='bbox 1339 497 1448 533; x_wconf 85' lang='grc' dir='ltr'>ἀχύρων</span> <span class='ocrx_word' id='word_1_267' title='bbox 1467 497 1506 524; x_wconf 77' lang='grc' dir='ltr'>ἔτι</span> <span class='ocrx_word' id='word_1_268' title='bbox 1517 498 1564 524; x_wconf 75' lang='grc' dir='ltr'>καὶ</span> <span class='ocrx_word' id='word_1_269' title='bbox 1577 497 1657 533; x_wconf 81' lang='grc' dir='ltr'>δεῦρο</span> <span class='ocrx_word' id='word_1_270' title='bbox 1672 498 1700 523; x_wconf 75' lang='grc' dir='ltr'>ἒν</span> <span class='ocrx_word' id='word_1_271' title='bbox 1716 498 1830 532; x_wconf 72' lang='grc' dir='ltr'>Περσίδι</span> 
     </span>
    </p>
   </div>
   <div class='ocr_carea' id='block_1_40' title="bbox 1036 543 1832 579">
    <p class='ocr_par' dir='ltr' id='par_1_40' title="bbox 1036 543 1832 579">
     <span class='ocr_line' id='line_1_40' title="bbox 1036 543 1832 579; baseline 0 -9"><span class='ocrx_word' id='word_1_272' title='bbox 1036 543 1136 579; x_wconf 77' lang='grc' dir='ltr'>ἔχουσι.</span> <span class='ocrx_word' id='word_1_273' title='bbox 1157 544 1212 570; x_wconf 71' lang='grc' dir='ltr'><strong>Καὶ</strong></span> <span class='ocrx_word' id='word_1_274' title='bbox 1225 543 1296 570; x_wconf 78' lang='grc' dir='ltr'>οὕτω</span> <span class='ocrx_word' id='word_1_275' title='bbox 1314 543 1360 570; x_wconf 83' lang='grc' dir='ltr'>τὸν</span> <span class='ocrx_word' id='word_1_276' title='bbox 1377 543 1434 578; x_wconf 85' lang='grc' dir='ltr'>βίον</span> <span class='ocrx_word' id='word_1_277' title='bbox 1448 543 1627 578; x_wconf 76' lang='grc' dir='ltr'>κατέστρεψε.</span> <span class='ocrx_word' id='word_1_278' title='bbox 1643 543 1689 570; x_wconf 83' lang='grc' dir='ltr'>Διὸ</span> <span class='ocrx_word' id='word_1_279' title='bbox 1705 544 1783 570; x_wconf 76' lang='grc' dir='ltr'>αὐτοὶ</span> <span class='ocrx_word' id='word_1_280' title='bbox 1803 544 1832 570; x_wconf 76' lang='grc' dir='ltr'>οἱ</span> 
     </span>
    </p>
   </div>
   <div class='ocr_carea' id='block_1_41' title="bbox 1035 589 1830 625">
    <p class='ocr_par' dir='ltr' id='par_1_41' title="bbox 1035 589 1830 625">
     <span class='ocr_line' id='line_1_41' title="bbox 1035 589 1830 625; baseline 0 -9"><span class='ocrx_word' id='word_1_281' title='bbox 1035 590 1180 625; x_wconf 83' lang='grc' dir='ltr'>Μανιχαίοι</span> <span class='ocrx_word' id='word_1_282' title='bbox 1206 590 1262 625; x_wconf 82' lang='lat' dir='ltr'><strong>(l7)</strong></span> <span class='ocrx_word' id='word_1_283' title='bbox 1286 590 1334 616; x_wconf 78' lang='grc' dir='ltr'><strong>ἐπὶ</strong></span> <span class='ocrx_word' id='word_1_284' title='bbox 1368 589 1502 624; x_wconf 76' lang='grc' dir='ltr'><strong>καλάμοις</strong></span> <span class='ocrx_word' id='word_1_285' title='bbox 1533 589 1582 620; x_wconf 82' lang='grc' dir='ltr'><strong>τὰς</strong></span> <span class='ocrx_word' id='word_1_286' title='bbox 1614 589 1706 621; x_wconf 78' lang='grc' dir='ltr'><strong>κοίτας</strong></span> <span class='ocrx_word' id='word_1_287' title='bbox 1737 590 1830 617; x_wconf 81' lang='grc' dir='ltr'>αὐτῶν</span> 
     </span>
    </p>
   </div>
   <div class='ocr_carea' id='block_1_42' title="bbox 1036 633 1831 665">
    <p class='ocr_par' dir='ltr' id='par_1_42' title="bbox 1036 633 1831 665">
     <span class='ocr_line' id='line_1_42' title="bbox 1036 633 1831 665; baseline 0.001 -5"><span class='ocrx_word' id='word_1_288' title='bbox 1036 634 1185 662; x_wconf 78' lang='grc' dir='ltr'>ποιοῦνται.</span> <span class='ocrx_word' id='word_1_289' title='bbox 1202 634 1280 661; x_wconf 82' lang='grc' dir='ltr'>υῦτω</span> <span class='ocrx_word' id='word_1_290' title='bbox 1289 634 1318 661; x_wconf 78' lang='grc' dir='ltr'>δὲ</span> <span class='ocrx_word' id='word_1_291' title='bbox 1330 634 1412 661; x_wconf 75' lang='grc' dir='ltr'>αὑτοῦ</span> <span class='ocrx_word' id='word_1_292' title='bbox 1429 633 1619 665; x_wconf 81' lang='grc' dir='ltr'>ἀποθανόντος,</span> <span class='ocrx_word' id='word_1_293' title='bbox 1638 634 1684 660; x_wconf 77' lang='grc' dir='ltr'>καὶ</span> <span class='ocrx_word' id='word_1_294' title='bbox 1701 634 1831 661; x_wconf 80' lang='grc' dir='ltr'>καταλεί-</span> 
     </span>
    </p>
   </div>
   <div class='ocr_carea' id='block_1_43' title="bbox 1035 680 1830 716">
    <p class='ocr_par' dir='ltr' id='par_1_43' title="bbox 1035 680 1830 716">
     <span class='ocr_line' id='line_1_43' title="bbox 1035 680 1830 716; baseline -0.003 -8"><span class='ocrx_word' id='word_1_295' title='bbox 1035 683 1134 716; x_wconf 75' lang='grc' dir='ltr'>ψαντος</span> <span class='ocrx_word' id='word_1_296' title='bbox 1157 682 1220 713; x_wconf 84' lang='grc' dir='ltr'>τοὺς</span> <span class='ocrx_word' id='word_1_297' title='bbox 1239 681 1336 708; x_wconf 76' lang='grc' dir='ltr'>ἑαυτοῦ</span> <span class='ocrx_word' id='word_1_298' title='bbox 1355 680 1490 716; x_wconf 84' lang='grc' dir='ltr'>μαθητὰς,</span> <span class='ocrx_word' id='word_1_299' title='bbox 1507 680 1554 712; x_wconf 71' lang='grc' dir='ltr'>οὓς</span> <span class='ocrx_word' id='word_1_300' title='bbox 1577 681 1699 715; x_wconf 73' lang='grc' dir='ltr'>εἴπομεν,</span> <span class='ocrx_word' id='word_1_301' title='bbox 1724 681 1830 714; x_wconf 74' lang='grc' dir='ltr'><strong>’Δδδὶν,</strong></span> 
     </span>
    </p>
   </div>
   <div class='ocr_carea' id='block_1_44' title="bbox 1035 726 1830 763">
    <p class='ocr_par' dir='ltr' id='par_1_44' title="bbox 1035 726 1830 763">
     <span class='ocr_line' id='line_1_44' title="bbox 1035 726 1830 763; baseline 0 -9"><span class='ocrx_word' id='word_1_302' title='bbox 1035 728 1081 754; x_wconf 80' lang='grc' dir='ltr'>καὶ</span> <span class='ocrx_word' id='word_1_303' title='bbox 1097 727 1209 763; x_wconf 78' lang='grc' dir='ltr'>Θωμᾶν,</span> <span class='ocrx_word' id='word_1_304' title='bbox 1233 728 1279 754; x_wconf 76' lang='grc' dir='ltr'>καὶ</span> <span class='ocrx_word' id='word_1_305' title='bbox 1301 727 1440 763; x_wconf 85' lang='grc' dir='ltr'>Ἑρμείαν,</span> <span class='ocrx_word' id='word_1_306' title='bbox 1462 727 1527 762; x_wconf 70' lang='grc' dir='ltr'>πρὶν</span> <span class='ocrx_word' id='word_1_307' title='bbox 1548 726 1563 761; x_wconf 85' lang='grc' dir='ltr'>ἢ</span> <span class='ocrx_word' id='word_1_308' title='bbox 1582 727 1662 753; x_wconf 75' lang='grc' dir='ltr'>αὑτὸν</span> <span class='ocrx_word' id='word_1_309' title='bbox 1679 726 1728 762; x_wconf 82' lang='grc' dir='ltr'>τὴν</span> <span class='ocrx_word' id='word_1_310' title='bbox 1749 727 1830 762; x_wconf 82' lang='grc' dir='ltr'>δίκην</span> 
     </span>
    </p>
   </div>
   <div class='ocr_carea' id='block_1_45' title="bbox 1035 767 1831 807">
    <p class='ocr_par' dir='ltr' id='par_1_45' title="bbox 1035 767 1831 807">
     <span class='ocr_line' id='line_1_45' title="bbox 1035 767 1831 807; baseline 0 -9"><span class='ocrx_word' id='word_1_311' title='bbox 1035 772 1182 799; x_wconf 72' lang='grc' dir='ltr'>ἀπολαϐεῖν</span> <span class='ocrx_word' id='word_1_312' title='bbox 1201 772 1271 799; x_wconf 86' lang='grc' dir='ltr'>κατά</span> <span class='ocrx_word' id='word_1_313' title='bbox 1286 772 1332 798; x_wconf 81' lang='grc' dir='ltr'>τὸν</span> <span class='ocrx_word' id='word_1_314' title='bbox 1348 771 1532 806; x_wconf 82' lang='grc' dir='ltr'><strong>δεδηλωμένον</strong></span> <span class='ocrx_word' id='word_1_315' title='bbox 1547 771 1656 805; x_wconf 80' lang='grc' dir='ltr'><strong>τρόπον,</strong></span> <span class='ocrx_word' id='word_1_316' title='bbox 1671 767 1741 807; x_wconf 70' lang='grc' dir='ltr'>ἦσαν</span> <span class='ocrx_word' id='word_1_317' title='bbox 1757 772 1831 798; x_wconf 85' lang='grc' dir='ltr'>ἀπο-</span> 
     </span>
    </p>
   </div>
   <div class='ocr_carea' id='block_1_46' title="bbox 1036 817 1830 853">
    <p class='ocr_par' dir='ltr' id='par_1_46' title="bbox 1036 817 1830 853">
     <span class='ocr_line' id='line_1_46' title="bbox 1036 817 1830 853; baseline -0.001 -8"><span class='ocrx_word' id='word_1_318' title='bbox 1036 818 1178 850; x_wconf 80' lang='grc' dir='ltr'><strong>σταλέντες</strong></span> <span class='ocrx_word' id='word_1_319' title='bbox 1201 818 1246 844; x_wconf 78' lang='grc' dir='ltr'><strong>ὑπ¹</strong></span> <span class='ocrx_word' id='word_1_320' title='bbox 1264 817 1356 850; x_wconf 80' lang='grc' dir='ltr'>αὑτοῦ,</span> <span class='ocrx_word' id='word_1_321' title='bbox 1374 819 1388 845; x_wconf 80' lang='grc' dir='ltr'><strong>ὁ</strong></span> <span class='ocrx_word' id='word_1_322' title='bbox 1403 818 1452 852; x_wconf 81' lang='grc' dir='ltr'>μὲν</span> <span class='ocrx_word' id='word_1_323' title='bbox 1476 817 1606 852; x_wconf 75' lang='grc' dir='ltr'>Ἑρμείας</span> <span class='ocrx_word' id='word_1_324' title='bbox 1620 819 1660 850; x_wconf 84' lang='grc' dir='ltr'><strong>εἰς</strong></span> <span class='ocrx_word' id='word_1_325' title='bbox 1674 817 1723 853; x_wconf 80' lang='grc' dir='ltr'>τὴν</span> <span class='ocrx_word' id='word_1_326' title='bbox 1744 818 1830 852; x_wconf 78' lang='grc' dir='ltr'>Αἴγυ-</span> 
     </span>
    </p>
   </div>
   <div class='ocr_carea' id='block_1_47' title="bbox 1036 861 1830 900">
    <p class='ocr_par' dir='ltr' id='par_1_47' title="bbox 1036 861 1830 900">
     <span class='ocr_line' id='line_1_47' title="bbox 1036 861 1830 900; baseline -0.001 -9"><span class='ocrx_word' id='word_1_327' title='bbox 1036 873 1112 897; x_wconf 86' lang='grc' dir='ltr'>πτον,</span> <span class='ocrx_word' id='word_1_328' title='bbox 1170 864 1216 891; x_wconf 77' lang='grc' dir='ltr'>καὶ</span> <span class='ocrx_word' id='word_1_329' title='bbox 1230 865 1373 899; x_wconf 82' lang='grc' dir='ltr'>συνέτυχον</span> <span class='ocrx_word' id='word_1_330' title='bbox 1391 865 1494 891; x_wconf 85' lang='grc' dir='ltr'>πολλοί·</span> <span class='ocrx_word' id='word_1_331' title='bbox 1515 865 1566 891; x_wconf 76' lang='grc' dir='ltr'>οὐκ</span> <span class='ocrx_word' id='word_1_332' title='bbox 1581 864 1639 890; x_wconf 80' lang='grc' dir='ltr'>ἔστι</span> <span class='ocrx_word' id='word_1_333' title='bbox 1654 865 1708 900; x_wconf 83' lang='grc' dir='ltr'><strong>γὰρ</strong></span> <span class='ocrx_word' id='word_1_334' title='bbox 1729 865 1830 900; x_wconf 79' lang='grc' dir='ltr'>ἀρχαῖ-</span> 
     </span>
    </p>
   </div>
   <div class='ocr_carea' id='block_1_48' title="bbox 1035 908 1830 945">
    <p class='ocr_par' dir='ltr' id='par_1_48' title="bbox 1035 908 1830 945">
     <span class='ocr_line' id='line_1_48' title="bbox 1035 908 1830 945; baseline -0.001 -9"><span class='ocrx_word' id='word_1_335' title='bbox 1035 909 1120 941; x_wconf 80' lang='grc' dir='ltr'>ζουσα</span> <span class='ocrx_word' id='word_1_336' title='bbox 1135 911 1152 945; x_wconf 78' lang='grc' dir='ltr'><strong>ἡ</strong></span> <span class='ocrx_word' id='word_1_337' title='bbox 1167 910 1283 945; x_wconf 81' lang='grc' dir='ltr'>αἵρεσις,</span> <span class='ocrx_word' id='word_1_338' title='bbox 1302 910 1350 936; x_wconf 77' lang='grc' dir='ltr'>καὶ</span> <span class='ocrx_word' id='word_1_339' title='bbox 1364 910 1389 935; x_wconf 90' lang='grc' dir='ltr'>οἱ</span> <span class='ocrx_word' id='word_1_340' title='bbox 1407 908 1636 944; x_wconf 85' lang='grc' dir='ltr'>συντετυχηκότες</span> <span class='ocrx_word' id='word_1_341' title='bbox 1647 909 1686 944; x_wconf 85' lang='grc' dir='ltr'><strong>τῷ</strong></span> <span class='ocrx_word' id='word_1_342' title='bbox 1698 917 1830 944; x_wconf 79' lang='grc' dir='ltr'>προειρη-</span> 
     </span>
    </p>
   </div>
   <div class='ocr_carea' id='block_1_49' title="bbox 1036 954 1829 991">
    <p class='ocr_par' dir='ltr' id='par_1_49' title="bbox 1036 954 1829 991">
     <span class='ocr_line' id='line_1_49' title="bbox 1036 954 1829 991; baseline 0 -10"><span class='ocrx_word' id='word_1_343' title='bbox 1036 955 1110 991; x_wconf 87' lang='grc' dir='ltr'>μένῳ</span> <span class='ocrx_word' id='word_1_344' title='bbox 1125 955 1250 991; x_wconf 80' lang='grc' dir='ltr'>Ἑρμείᾳ,</span> <span class='ocrx_word' id='word_1_345' title='bbox 1265 955 1373 990; x_wconf 84' lang='grc' dir='ltr'>μαθητῇ</span> <span class='ocrx_word' id='word_1_346' title='bbox 1393 955 1450 983; x_wconf 77' lang='grc' dir='ltr'>δντι</span> <span class='ocrx_word' id='word_1_347' title='bbox 1466 954 1514 982; x_wconf 80' lang='grc' dir='ltr'>τοῦ</span> <span class='ocrx_word' id='word_1_348' title='bbox 1532 955 1624 990; x_wconf 76' lang='grc' dir='ltr'>Μάνη.</span> <span class='ocrx_word' id='word_1_349' title='bbox 1638 955 1704 990; x_wconf 79' lang='grc' dir='ltr'>ἡμῖν</span> <span class='ocrx_word' id='word_1_350' title='bbox 1717 954 1752 981; x_wconf 84' lang='grc' dir='ltr'><strong>τὰ</strong></span> <span class='ocrx_word' id='word_1_351' title='bbox 1764 954 1829 981; x_wconf 78' lang='grc' dir='ltr'>κατ’</span> 
     </span>
    </p>
   </div>
   <div class='ocr_carea' id='block_1_50' title="bbox 1034 1001 1828 1037">
    <p class='ocr_par' dir='ltr' id='par_1_50' title="bbox 1034 1001 1828 1037">
     <span class='ocr_line' id='line_1_50' title="bbox 1034 1001 1828 1037; baseline -0.001 -9"><span class='ocrx_word' id='word_1_352' title='bbox 1034 1002 1115 1029; x_wconf 75' lang='grc' dir='ltr'>αὐτὸν</span> <span class='ocrx_word' id='word_1_353' title='bbox 1125 1001 1298 1037; x_wconf 80' lang='grc' dir='ltr'>διηγήσαντο-</span> <span class='ocrx_word' id='word_1_354' title='bbox 1315 1001 1407 1033; x_wconf 70' lang='grc' dir='ltr'>Ἀδδίς</span> <span class='ocrx_word' id='word_1_355' title='bbox 1422 1001 1450 1028; x_wconf 80' lang='grc' dir='ltr'>δὲ</span> <span class='ocrx_word' id='word_1_356' title='bbox 1462 1001 1510 1028; x_wconf 71' lang='grc' dir='ltr'><strong>ἐπὶ</strong></span> <span class='ocrx_word' id='word_1_357' title='bbox 1521 1001 1555 1028; x_wconf 84' lang='grc' dir='ltr'><strong>τὰ</strong></span> <span class='ocrx_word' id='word_1_358' title='bbox 1569 1001 1722 1036; x_wconf 78' lang='grc' dir='ltr'>ἀνωτερικὰ</span> <span class='ocrx_word' id='word_1_359' title='bbox 1734 1001 1807 1036; x_wconf 78' lang='grc' dir='ltr'>μέρη</span> <span class='ocrx_word' id='word_1_360' title='bbox 1820 1008 1828 1016; x_wconf 88' lang='grc'>⁶</span> 
     </span>
    </p>
   </div>
   <div class='ocr_carea' id='block_1_51' title="bbox 1034 1044 1831 1084">
    <p class='ocr_par' dir='ltr' id='par_1_51' title="bbox 1034 1044 1831 1084">
     <span class='ocr_line' id='line_1_51' title="bbox 1034 1044 1831 1084; baseline -0.003 -9"><span class='ocrx_word' id='word_1_361' title='bbox 1034 1049 1135 1084; x_wconf 78' lang='grc' dir='ltr'>Θωμᾶς</span> <span class='ocrx_word' id='word_1_362' title='bbox 1145 1048 1173 1075; x_wconf 81' lang='grc' dir='ltr'>δὲ</span> <span class='ocrx_word' id='word_1_363' title='bbox 1190 1048 1236 1074; x_wconf 75' lang='grc' dir='ltr'><strong>ὲπὶ</strong></span> <span class='ocrx_word' id='word_1_364' title='bbox 1247 1048 1296 1084; x_wconf 88' lang='grc' dir='ltr'><strong>τὴν</strong></span> <span class='ocrx_word' id='word_1_365' title='bbox 1315 1048 1443 1075; x_wconf 80' lang='grc' dir='ltr'>Ἰουδαίαν</span> <span class='ocrx_word' id='word_1_366' title='bbox 1454 1047 1520 1082; x_wconf 89' lang='lat' dir='ltr'><strong>(I8).</strong></span> <span class='ocrx_word' id='word_1_367' title='bbox 1529 1048 1572 1081; x_wconf 81' lang='grc' dir='ltr'><strong>Ἐξ</strong></span> <span class='ocrx_word' id='word_1_368' title='bbox 1583 1044 1620 1074; x_wconf 83' lang='grc' dir='ltr'>ὧν</span> <span class='ocrx_word' id='word_1_369' title='bbox 1633 1045 1787 1083; x_wconf 75' lang='grc' dir='ltr'>ἐκρατύνθη</span> <span class='ocrx_word' id='word_1_370' title='bbox 1797 1046 1831 1073; x_wconf 71' lang='grc' dir='ltr'><strong>τὸ</strong></span> 
     </span>
    </p>
   </div>
   <div class='ocr_carea' id='block_1_52' title="bbox 1034 1094 1829 1130">
    <p class='ocr_par' dir='ltr' id='par_1_52' title="bbox 1034 1094 1829 1130">
     <span class='ocr_line' id='line_1_52' title="bbox 1034 1094 1829 1130; baseline 0.001 -8"><span class='ocrx_word' id='word_1_371' title='bbox 1034 1095 1122 1130; x_wconf 85' lang='grc' dir='ltr'>δόγμα</span> <span class='ocrx_word' id='word_1_372' title='bbox 1147 1095 1231 1122; x_wconf 78' lang='grc' dir='ltr'>εῑσέτι</span> <span class='ocrx_word' id='word_1_373' title='bbox 1253 1095 1342 1130; x_wconf 82' lang='grc' dir='ltr'>δεῦρο.</span> <span class='ocrx_word' id='word_1_374' title='bbox 1356 1095 1451 1128; x_wconf 82' lang='grc' dir='ltr'>Ἔλεγε</span> <span class='ocrx_word' id='word_1_375' title='bbox 1470 1094 1499 1120; x_wconf 77' lang='grc' dir='ltr'>δὲ</span> <span class='ocrx_word' id='word_1_376' title='bbox 1518 1094 1613 1121; x_wconf 78' lang='grc' dir='ltr'>ἑαυτὸν</span> <span class='ocrx_word' id='word_1_377' title='bbox 1631 1101 1646 1121; x_wconf 84' lang='grc' dir='ltr'><strong>ο</strong></span> <span class='ocrx_word' id='word_1_378' title='bbox 1660 1095 1756 1128; x_wconf 84' lang='grc' dir='ltr'>Μάνης</span> <span class='ocrx_word' id='word_1_379' title='bbox 1771 1095 1829 1128; x_wconf 81' lang='lat' dir='ltr'><strong>(I9)</strong></span> 
     </span>
    </p>
   </div>
   <div class='ocr_carea' id='block_1_53' title="bbox 1034 1138 1830 1176">
    <p class='ocr_par' dir='ltr' id='par_1_53' title="bbox 1034 1138 1830 1176">
     <span class='ocr_line' id='line_1_53' title="bbox 1034 1138 1830 1176; baseline 0 -8"><span class='ocrx_word' id='word_1_380' title='bbox 1034 1138 1103 1168; x_wconf 72' lang='grc' dir='ltr'>εἶναι</span> <span class='ocrx_word' id='word_1_381' title='bbox 1120 1141 1150 1168; x_wconf 81' lang='grc' dir='ltr'>τὸ</span> <span class='ocrx_word' id='word_1_382' title='bbox 1166 1141 1278 1176; x_wconf 80' lang='grc' dir='ltr'>Πνεῦμα</span> <span class='ocrx_word' id='word_1_383' title='bbox 1292 1140 1322 1166; x_wconf 80' lang='grc' dir='ltr'>τὸ</span> <span class='ocrx_word' id='word_1_384' title='bbox 1339 1140 1522 1176; x_wconf 64' lang='grc' dir='ltr'>παράκλητον</span> <span class='ocrx_word' id='word_1_385' title='bbox 1545 1140 1592 1166; x_wconf 81' lang='grc' dir='ltr'>καὶ</span> <span class='ocrx_word' id='word_1_386' title='bbox 1611 1140 1676 1166; x_wconf 86' lang='grc' dir='ltr'>ποτὲ</span> <span class='ocrx_word' id='word_1_387' title='bbox 1695 1140 1746 1175; x_wconf 84' lang='grc' dir='ltr'>μὲν</span> <span class='ocrx_word' id='word_1_388' title='bbox 1759 1141 1830 1168; x_wconf 77' lang='grc' dir='ltr'>ἀπό-</span> 
     </span>
    </p>
   </div>
   <div class='ocr_carea' id='block_1_54' title="bbox 1035 1185 1828 1222">
    <p class='ocr_par' dir='ltr' id='par_1_54' title="bbox 1035 1185 1828 1222">
     <span class='ocr_line' id='line_1_54' title="bbox 1035 1185 1828 1222; baseline -0.003 -8"><span class='ocrx_word' id='word_1_389' title='bbox 1035 1187 1127 1214; x_wconf 85' lang='grc' dir='ltr'>στολον</span> <span class='ocrx_word' id='word_1_390' title='bbox 1151 1187 1250 1221; x_wconf 82' lang='grc' dir='ltr'>φάσκει</span> <span class='ocrx_word' id='word_1_391' title='bbox 1264 1186 1359 1213; x_wconf 77' lang='grc' dir='ltr'>ἑαυτὸν</span> <span class='ocrx_word' id='word_1_392' title='bbox 1375 1185 1505 1222; x_wconf 77' lang='grc' dir='ltr'>Χριστοῦ,</span> <span class='ocrx_word' id='word_1_393' title='bbox 1521 1186 1585 1212; x_wconf 78' lang='grc' dir='ltr'>ποτὲ</span> <span class='ocrx_word' id='word_1_394' title='bbox 1603 1185 1630 1212; x_wconf 80' lang='grc' dir='ltr'>δὲ</span> <span class='ocrx_word' id='word_1_395' title='bbox 1644 1185 1756 1220; x_wconf 82' lang='grc' dir='ltr'>Πνεῦμα</span> <span class='ocrx_word' id='word_1_396' title='bbox 1772 1195 1828 1212; x_wconf 88' lang='grc' dir='ltr'>πα-</span> 
     </span>
    </p>
   </div>
   <div class='ocr_carea' id='block_1_55' title="bbox 1035 1230 1830 1269">
    <p class='ocr_par' dir='ltr' id='par_1_55' title="bbox 1035 1230 1830 1269">
     <span class='ocr_line' id='line_1_55' title="bbox 1035 1230 1830 1269; baseline -0.003 -9"><span class='ocrx_word' id='word_1_397' title='bbox 1035 1233 1178 1269; x_wconf 74' lang='grc' dir='ltr'>ράκλητον.</span> <span class='ocrx_word' id='word_1_398' title='bbox 1191 1232 1246 1259; x_wconf 78' lang='grc' dir='ltr'><strong>Καὶ</strong></span> <span class='ocrx_word' id='word_1_399' title='bbox 1260 1231 1343 1267; x_wconf 85' lang='grc' dir='ltr'>πολλὴ</span> <span class='ocrx_word' id='word_1_400' title='bbox 1361 1231 1411 1266; x_wconf 80' lang='grc' dir='ltr'>τῆς</span> <span class='ocrx_word' id='word_1_401' title='bbox 1425 1231 1587 1266; x_wconf 75' lang='grc' dir='ltr'>τυφλώσεως</span> <span class='ocrx_word' id='word_1_402' title='bbox 1603 1230 1697 1257; x_wconf 81' lang='grc' dir='ltr'>τούτου</span> <span class='ocrx_word' id='word_1_403' title='bbox 1714 1231 1830 1258; x_wconf 78' lang='grc' dir='ltr'>κακόδο-</span> 
     </span>
    </p>
   </div>
   <div class='ocr_carea' id='block_1_56' title="bbox 1034 1277 1291 1312">
    <p class='ocr_par' dir='ltr' id='par_1_56' title="bbox 1034 1277 1291 1312">
     <span class='ocr_line' id='line_1_56' title="bbox 1034 1277 1291 1312; baseline -0.004 -9"><span class='ocrx_word' id='word_1_404' title='bbox 1034 1277 1078 1310; x_wconf 78' lang='grc' dir='ltr'>ξος</span> <span class='ocrx_word' id='word_1_405' title='bbox 1093 1277 1291 1312; x_wconf 80' lang='grc' dir='ltr'>ἀλλοιοτροπία.</span> 
     </span>
    </p>
   </div>
   <div class='ocr_carea' id='block_1_57' title="bbox 1071 1322 1830 1357">
    <p class='ocr_par' dir='ltr' id='par_1_57' title="bbox 1071 1322 1830 1357">
     <span class='ocr_line' id='line_1_57' title="bbox 1071 1322 1830 1357; baseline -0.003 -7"><span class='ocrx_word' id='word_1_406' title='bbox 1071 1323 1117 1350; x_wconf 85' lang='lat' dir='ltr'><strong>II&quot;.</strong></span> <span class='ocrx_word' id='word_1_407' title='bbox 1132 1323 1271 1350; x_wconf 79' lang='grc' dir='ltr'>Ἐντεῦθεν</span> <span class='ocrx_word' id='word_1_408' title='bbox 1279 1322 1383 1353; x_wconf 62' lang='grc' dir='ltr'>λοιπὸν,</span> <span class='ocrx_word' id='word_1_409' title='bbox 1396 1322 1543 1356; x_wconf 79' lang='grc' dir='ltr'>ἀγαπητοὶ,</span> <span class='ocrx_word' id='word_1_410' title='bbox 1554 1322 1634 1357; x_wconf 87' lang='grc' dir='ltr'>χρεία</span> <span class='ocrx_word' id='word_1_411' title='bbox 1643 1323 1709 1357; x_wconf 79' lang='grc' dir='ltr'>ἡμῖν</span> <span class='ocrx_word' id='word_1_412' title='bbox 1721 1322 1830 1356; x_wconf 85' lang='grc' dir='ltr'>γίνεται</span> 
     </span>
    </p>
   </div>
   <div class='ocr_carea' id='block_1_58' title="bbox 1033 1367 1828 1405">
    <p class='ocr_par' dir='ltr' id='par_1_58' title="bbox 1033 1367 1828 1405">
     <span class='ocr_line' id='line_1_58' title="bbox 1033 1367 1828 1405; baseline -0.001 -9"><span class='ocrx_word' id='word_1_413' title='bbox 1033 1371 1074 1402; x_wconf 84' lang='grc' dir='ltr'><strong>είς</strong></span> <span class='ocrx_word' id='word_1_414' title='bbox 1086 1370 1134 1405; x_wconf 80' lang='grc' dir='ltr'>τὴν</span> <span class='ocrx_word' id='word_1_415' title='bbox 1148 1370 1254 1405; x_wconf 75' lang='grc' dir='ltr'>αἵρεσιν</span> <span class='ocrx_word' id='word_1_416' title='bbox 1266 1370 1362 1399; x_wconf 75' lang='grc' dir='ltr'>εἰπεῖν,</span> <span class='ocrx_word' id='word_1_417' title='bbox 1378 1369 1424 1395; x_wconf 79' lang='grc' dir='ltr'><strong>καὶ</strong></span> <span class='ocrx_word' id='word_1_418' title='bbox 1440 1369 1479 1400; x_wconf 84' lang='grc' dir='ltr'><strong>είς</strong></span> <span class='ocrx_word' id='word_1_419' title='bbox 1494 1367 1544 1403; x_wconf 85' lang='grc' dir='ltr'>τὴν</span> <span class='ocrx_word' id='word_1_420' title='bbox 1558 1368 1644 1403; x_wconf 81' lang='grc' dir='ltr'>αὐτῆς</span> <span class='ocrx_word' id='word_1_421' title='bbox 1657 1377 1828 1403; x_wconf 78' lang='grc' dir='ltr'>ματαιοφρο-</span> 
     </span>
    </p>
   </div>
   <div class='ocr_carea' id='block_1_59' title="bbox 1034 1413 1829 1451">
    <p class='ocr_par' dir='ltr' id='par_1_59' title="bbox 1034 1413 1829 1451">
     <span class='ocr_line' id='line_1_59' title="bbox 1034 1413 1829 1451; baseline -0.001 -9"><span class='ocrx_word' id='word_1_422' title='bbox 1034 1415 1117 1451; x_wconf 86' lang='grc' dir='ltr'>σύνην</span> <span class='ocrx_word' id='word_1_423' title='bbox 1127 1423 1134 1429; x_wconf 70' lang='grc'>³</span> <span class='ocrx_word' id='word_1_424' title='bbox 1152 1414 1186 1441; x_wconf 81' lang='grc' dir='ltr'><strong>τὰ</strong></span> <span class='ocrx_word' id='word_1_425' title='bbox 1209 1415 1261 1449; x_wconf 81' lang='grc' dir='ltr'>γὰρ</span> <span class='ocrx_word' id='word_1_426' title='bbox 1274 1413 1444 1449; x_wconf 81' lang='grc' dir='ltr'>παρελθόντα</span> <span class='ocrx_word' id='word_1_427' title='bbox 1455 1413 1543 1440; x_wconf 81' lang='grc' dir='ltr'>πάντα</span> <span class='ocrx_word' id='word_1_428' title='bbox 1555 1413 1626 1440; x_wconf 76' lang='grc' dir='ltr'>κατὰ</span> <span class='ocrx_word' id='word_1_429' title='bbox 1640 1414 1760 1449; x_wconf 76' lang='grc' dir='ltr'>ἱστορίαν</span> <span class='ocrx_word' id='word_1_430' title='bbox 1775 1414 1829 1448; x_wconf 78' lang='grc' dir='ltr'><strong>ὑφ-</strong></span> 
     </span>
    </p>
   </div>
   <div class='ocr_carea' id='block_1_60' title="bbox 1032 1459 1830 1497">
    <p class='ocr_par' dir='ltr' id='par_1_60' title="bbox 1032 1459 1830 1497">
     <span class='ocr_line' id='line_1_60' title="bbox 1032 1459 1830 1497; baseline -0.001 -9"><span class='ocrx_word' id='word_1_431' title='bbox 1032 1461 1181 1497; x_wconf 73' lang='grc' dir='ltr'>ηγησάμην</span> <span class='ocrx_word' id='word_1_432' title='bbox 1191 1468 1197 1475; x_wconf 91' lang='grc'>·</span> <span class='ocrx_word' id='word_1_433' title='bbox 1210 1460 1270 1487; x_wconf 76' lang='grc' dir='ltr'>ὅθεν</span> <span class='ocrx_word' id='word_1_434' title='bbox 1284 1460 1316 1495; x_wconf 86' lang='grc' dir='ltr'>δὴ</span> <span class='ocrx_word' id='word_1_435' title='bbox 1330 1460 1443 1495; x_wconf 77' lang='grc' dir='ltr'>ἄρχεται</span> <span class='ocrx_word' id='word_1_436' title='bbox 1455 1459 1588 1486; x_wconf 77' lang='grc' dir='ltr'>διδάσκειν</span> <span class='ocrx_word' id='word_1_437' title='bbox 1604 1468 1634 1486; x_wconf 84' lang='grc' dir='ltr'><strong>τε</strong></span> <span class='ocrx_word' id='word_1_438' title='bbox 1648 1459 1695 1486; x_wconf 71' lang='grc' dir='ltr'>καὶ</span> <span class='ocrx_word' id='word_1_439' title='bbox 1709 1460 1830 1495; x_wconf 77' lang='grc' dir='ltr'>γράφειν</span> 
     </span>
    </p>
   </div>
   <div class='ocr_carea' id='block_1_61' title="bbox 1034 1505 1828 1541">
    <p class='ocr_par' dir='ltr' id='par_1_61' title="bbox 1034 1505 1828 1541">
     <span class='ocr_line' id='line_1_61' title="bbox 1034 1505 1828 1541; baseline 0 -8"><span class='ocrx_word' id='word_1_440' title='bbox 1034 1508 1080 1534; x_wconf 79' lang='grc' dir='ltr'><strong>καὶ</strong></span> <span class='ocrx_word' id='word_1_441' title='bbox 1095 1507 1184 1541; x_wconf 82' lang='grc' dir='ltr'>λέγειν</span> <span class='ocrx_word' id='word_1_442' title='bbox 1198 1507 1212 1533; x_wconf 82' lang='grc' dir='ltr'><strong><em>ὁ</em></strong></span> <span class='ocrx_word' id='word_1_443' title='bbox 1226 1505 1418 1541; x_wconf 85' lang='grc' dir='ltr'>χαλεπώτατος</span> <span class='ocrx_word' id='word_1_444' title='bbox 1426 1505 1521 1539; x_wconf 78' lang='grc' dir='ltr'>Μάνης</span> <span class='ocrx_word' id='word_1_445' title='bbox 1529 1507 1557 1532; x_wconf 81' lang='grc' dir='ltr'>ὲν</span> <span class='ocrx_word' id='word_1_446' title='bbox 1565 1505 1604 1541; x_wconf 89' lang='grc' dir='ltr'>τῷ</span> <span class='ocrx_word' id='word_1_447' title='bbox 1612 1505 1682 1539; x_wconf 79' lang='grc' dir='ltr'>Περὶ</span> <span class='ocrx_word' id='word_1_448' title='bbox 1695 1506 1828 1539; x_wconf 80' lang='grc' dir='ltr'>πίστεως</span> 
     </span>
    </p>
   </div>
   <div class='ocr_carea' id='block_1_62' title="bbox 996 1548 1825 1603">
    <p class='ocr_par' dir='ltr' id='par_1_62' title="bbox 996 1548 1825 1603">
     <span class='ocr_line' id='line_1_62' title="bbox 996 1548 1825 1603; baseline -0.001 -24"><span class='ocrx_word' id='word_1_449' title='bbox 996 1571 1021 1603; x_wconf 74' lang='lat' dir='ltr'>c</span> <span class='ocrx_word' id='word_1_450' title='bbox 1035 1552 1116 1580; x_wconf 81' lang='grc' dir='ltr'>αὑτοῦ</span> <span class='ocrx_word' id='word_1_451' title='bbox 1132 1552 1213 1588; x_wconf 88' lang='grc' dir='ltr'>λόγῳ.</span> <span class='ocrx_word' id='word_1_452' title='bbox 1239 1551 1350 1583; x_wconf 73' lang='grc' dir='ltr'>Βίϐλους</span> <span class='ocrx_word' id='word_1_453' title='bbox 1373 1551 1427 1586; x_wconf 81' lang='grc' dir='ltr'><strong>γὰρ</strong></span> <span class='ocrx_word' id='word_1_454' title='bbox 1447 1548 1525 1582; x_wconf 71' lang='grc' dir='ltr'>οὗτος</span> <span class='ocrx_word' id='word_1_455' title='bbox 1540 1551 1683 1586; x_wconf 76' lang='grc' dir='ltr'>διαφόρους</span> <span class='ocrx_word' id='word_1_456' title='bbox 1699 1551 1807 1584; x_wconf 77' lang='grc' dir='ltr'>ἐξέθετο</span> <span class='ocrx_word' id='word_1_457' title='bbox 1818 1561 1825 1566; x_wconf 92' lang='grc'><strong>·</strong></span> 
     </span>
    </p>
   </div>
   <div class='ocr_carea' id='block_1_63' title="bbox 193 1591 982 1634">
    <p class='ocr_par' dir='ltr' id='par_1_63' title="bbox 193 1591 982 1629">
     <span class='ocr_line' id='line_1_63' title="bbox 193 1591 982 1629; baseline 0 -10"><span class='ocrx_word' id='word_1_458' title='bbox 193 1593 322 1629; x_wconf 70' lang='lat' dir='ltr'><strong>srripsit;</strong></span> <span class='ocrx_word' id='word_1_459' title='bbox 347 1593 432 1620; x_wconf 90' lang='lat' dir='ltr'><strong>libros</strong></span> <span class='ocrx_word' id='word_1_460' title='bbox 452 1593 523 1620; x_wconf 80' lang='lat' dir='ltr'><strong>enim</strong></span> <span class='ocrx_word' id='word_1_461' title='bbox 542 1591 632 1619; x_wconf 81' lang='lat' dir='ltr'><strong>varios</strong></span> <span class='ocrx_word' id='word_1_462' title='bbox 653 1591 747 1624; x_wconf 83' lang='lat' dir='ltr'><strong>edidit,</strong></span> <span class='ocrx_word' id='word_1_463' title='bbox 770 1599 886 1626; x_wconf 87' lang='lat' dir='ltr'><strong>quorum</strong></span> <span class='ocrx_word' id='word_1_464' title='bbox 912 1599 982 1619; x_wconf 89' lang='lat' dir='ltr'><strong>unus</strong></span> 
     </span>
    </p>
   </div>
   <div class='ocr_carea' id='block_1_64' title="bbox 1036 1591 1828 1634">
    <p class='ocr_par' dir='ltr' id='par_1_64' title="bbox 1037 1597 1828 1634">
     <span class='ocr_line' id='line_1_64' title="bbox 1037 1597 1828 1634; baseline 0 -10"><span class='ocrx_word' id='word_1_465' title='bbox 1037 1599 1102 1634; x_wconf 85' lang='grc' dir='ltr'>μίαν</span> <span class='ocrx_word' id='word_1_466' title='bbox 1125 1598 1175 1633; x_wconf 77' lang='grc' dir='ltr'>μὲν</span> <span class='ocrx_word' id='word_1_467' title='bbox 1203 1597 1344 1633; x_wconf 78' lang='grc' dir='ltr'>ἰσάριθμον</span> <span class='ocrx_word' id='word_1_468' title='bbox 1368 1597 1502 1624; x_wconf 68' lang='grc' dir='ltr'>εἰκοσιδύο</span> <span class='ocrx_word' id='word_1_469' title='bbox 1519 1597 1658 1631; x_wconf 79' lang='grc' dir='ltr'>στοιχείων</span> <span class='ocrx_word' id='word_1_470' title='bbox 1681 1598 1735 1624; x_wconf 84' lang='grc' dir='ltr'><strong>τῶν</strong></span> <span class='ocrx_word' id='word_1_471' title='bbox 1755 1598 1828 1624; x_wconf 75' lang='grc' dir='ltr'>κατὰ</span> 
     </span>
    </p>
   </div>
   <div class='ocr_carea' id='block_1_65' title="bbox 194 1637 985 1676">
    <p class='ocr_par' dir='ltr' id='par_1_65' title="bbox 194 1637 985 1676">
     <span class='ocr_line' id='line_1_65' title="bbox 194 1637 985 1676; baseline -0.004 -9"><span class='ocrx_word' id='word_1_472' title='bbox 194 1639 377 1676; x_wconf 67' lang='lat' dir='ltr'><strong>vigintiduas</strong></span> <span class='ocrx_word' id='word_1_473' title='bbox 392 1639 419 1666; x_wconf 91' lang='lat' dir='ltr'><strong>in</strong></span> <span class='ocrx_word' id='word_1_474' title='bbox 441 1642 533 1674; x_wconf 78' lang='lat' dir='ltr'><strong>partes</strong></span> <span class='ocrx_word' id='word_1_475' title='bbox 551 1637 717 1666; x_wconf 88' lang='lat' dir='ltr'><strong>distributus</strong></span> <span class='ocrx_word' id='word_1_476' title='bbox 737 1642 792 1670; x_wconf 81' lang='lat' dir='ltr'><strong>est,</strong></span> <span class='ocrx_word' id='word_1_477' title='bbox 812 1637 985 1672; x_wconf 81' lang='lat' dir='ltr'><strong>alphabetico</strong></span> 
     </span>
    </p>
   </div>
   <div class='ocr_carea' id='block_1_66' title="bbox 193 1683 985 1720">
    <p class='ocr_par' dir='ltr' id='par_1_66' title="bbox 193 1683 985 1720">
     <span class='ocr_line' id='line_1_66' title="bbox 193 1683 985 1720; baseline -0.003 -8"><span class='ocrx_word' id='word_1_478' title='bbox 193 1686 289 1713; x_wconf 88' lang='lat' dir='ltr'><strong>ordine</strong></span> <span class='ocrx_word' id='word_1_479' title='bbox 316 1693 366 1720; x_wconf 91' lang='lat' dir='ltr'><strong>pro</strong></span> <span class='ocrx_word' id='word_1_480' title='bbox 393 1685 545 1713; x_wconf 87' lang='lat' dir='ltr'><strong>litterarqu</strong></span> <span class='ocrx_word' id='word_1_481' title='bbox 575 1685 676 1720; x_wconf 89' lang='lat' dir='ltr'><strong>quibus</strong></span> <span class='ocrx_word' id='word_1_482' title='bbox 706 1683 766 1719; x_wconf 84' lang='lat' dir='ltr'><strong>Syri</strong></span> <span class='ocrx_word' id='word_1_483' title='bbox 795 1688 908 1711; x_wconf 85' lang='lat' dir='ltr'><strong>utuntur</strong></span> <span class='ocrx_word' id='word_1_484' title='bbox 934 1692 985 1711; x_wconf 90' lang='lat' dir='ltr'><strong>nu-</strong></span> 
     </span>
    </p>
   </div>
   <div class='ocr_carea' id='block_1_67' title="bbox 193 1731 981 1768">
    <p class='ocr_par' dir='ltr' id='par_1_67' title="bbox 193 1731 981 1768">
     <span class='ocr_line' id='line_1_67' title="bbox 193 1731 981 1768; baseline -0.003 -10"><span class='ocrx_word' id='word_1_485' title='bbox 193 1739 288 1766; x_wconf 84' lang='lat' dir='ltr'><strong>mero;</strong></span> <span class='ocrx_word' id='word_1_486' title='bbox 315 1739 377 1759; x_wconf 86' lang='lat' dir='ltr'><strong>nam</strong></span> <span class='ocrx_word' id='word_1_487' title='bbox 402 1732 526 1768; x_wconf 89' lang='lat' dir='ltr'><strong>plerique</strong></span> <span class='ocrx_word' id='word_1_488' title='bbox 549 1731 695 1758; x_wconf 82' lang='lat' dir='ltr'><strong>Persarum</strong></span> <span class='ocrx_word' id='word_1_489' title='bbox 722 1735 820 1765; x_wconf 74' lang='lat' dir='ltr'><strong>praeter</strong></span> <span class='ocrx_word' id='word_1_490' title='bbox 848 1731 981 1758; x_wconf 77' lang='lat' dir='ltr'><strong>elementa</strong></span> 
     </span>
    </p>
   </div>
   <div class='ocr_carea' id='block_1_68' title="bbox 192 1775 984 1812">
    <p class='ocr_par' dir='ltr' id='par_1_68' title="bbox 192 1775 984 1812">
     <span class='ocr_line' id='line_1_68' title="bbox 192 1775 984 1812; baseline -0.004 -8"><span class='ocrx_word' id='word_1_491' title='bbox 192 1777 300 1805; x_wconf 85' lang='lat' dir='ltr'><strong>Persica</strong></span> <span class='ocrx_word' id='word_1_492' title='bbox 317 1777 449 1812; x_wconf 87' lang='lat' dir='ltr'><strong>Syrorum</strong></span> <span class='ocrx_word' id='word_1_493' title='bbox 463 1784 574 1812; x_wconf 87' lang='lat' dir='ltr'><strong>quoque</strong></span> <span class='ocrx_word' id='word_1_494' title='bbox 592 1776 689 1804; x_wconf 86' lang='lat' dir='ltr'><strong>litteris</strong></span> <span class='ocrx_word' id='word_1_495' title='bbox 709 1780 834 1807; x_wconf 87' lang='lat' dir='ltr'><strong>utuntur,</strong></span> <span class='ocrx_word' id='word_1_496' title='bbox 853 1775 984 1810; x_wconf 88' lang='lat' dir='ltr'><strong>quemad-</strong></span> 
     </span>
    </p>
   </div>
   <div class='ocr_carea' id='block_1_69' title="bbox 192 1820 984 1859">
    <p class='ocr_par' dir='ltr' id='par_1_69' title="bbox 192 1820 984 1859">
     <span class='ocr_line' id='line_1_69' title="bbox 192 1820 984 1859; baseline -0.003 -9"><span class='ocrx_word' id='word_1_497' title='bbox 192 1823 302 1851; x_wconf 85' lang='lat' dir='ltr'><strong>modum</strong></span> <span class='ocrx_word' id='word_1_498' title='bbox 323 1823 395 1859; x_wconf 91' lang='lat' dir='ltr'><strong>apud</strong></span> <span class='ocrx_word' id='word_1_499' title='bbox 421 1831 472 1850; x_wconf 90' lang='lat' dir='ltr'><strong>nos</strong></span> <span class='ocrx_word' id='word_1_500' title='bbox 494 1823 644 1850; x_wconf 78' lang='lat' dir='ltr'><strong>innumene</strong></span> <span class='ocrx_word' id='word_1_501' title='bbox 663 1825 758 1856; x_wconf 67' lang='lat' dir='ltr'><strong>gentes</strong></span> <span class='ocrx_word' id='word_1_502' title='bbox 777 1820 885 1848; x_wconf 71' lang='lat' dir='ltr'><strong>Graecas</strong></span> <span class='ocrx_word' id='word_1_503' title='bbox 906 1821 984 1848; x_wconf 88' lang='lat' dir='ltr'><strong>adhi-</strong></span> 
     </span>
    </p>
   </div>
   <div class='ocr_carea' id='block_1_70' title="bbox 194 1868 982 1905">
    <p class='ocr_par' dir='ltr' id='par_1_70' title="bbox 194 1868 982 1905">
     <span class='ocr_line' id='line_1_70' title="bbox 194 1868 982 1905; baseline -0.005 -7"><span class='ocrx_word' id='word_1_504' title='bbox 194 1871 272 1902; x_wconf 87' lang='lat' dir='ltr'><strong>bent,</strong></span> <span class='ocrx_word' id='word_1_505' title='bbox 299 1870 408 1898; x_wconf 85' lang='lat' dir='ltr'><strong>tametsi</strong></span> <span class='ocrx_word' id='word_1_506' title='bbox 433 1869 548 1905; x_wconf 77' lang='lat' dir='ltr'><strong>singula:</strong></span> <span class='ocrx_word' id='word_1_507' title='bbox 573 1869 628 1896; x_wconf 81' lang='lat' dir='ltr'><strong>fere</strong></span> <span class='ocrx_word' id='word_1_508' title='bbox 650 1876 715 1896; x_wconf 88' lang='lat' dir='ltr'><strong>suas</strong></span> <span class='ocrx_word' id='word_1_509' title='bbox 737 1876 768 1895; x_wconf 87' lang='lat' dir='ltr'><strong>ac</strong></span> <span class='ocrx_word' id='word_1_510' title='bbox 789 1868 915 1902; x_wconf 87' lang='lat' dir='ltr'><strong>proprias</strong></span> <span class='ocrx_word' id='word_1_511' title='bbox 932 1868 982 1895; x_wconf 91' lang='lat' dir='ltr'><strong>ha-</strong></span> 
     </span>
    </p>
   </div>
   <div class='ocr_carea' id='block_1_71' title="bbox 191 1913 983 1949">
    <p class='ocr_par' dir='ltr' id='par_1_71' title="bbox 191 1913 983 1949">
     <span class='ocr_line' id='line_1_71' title="bbox 191 1913 983 1949; baseline -0.004 -6"><span class='ocrx_word' id='word_1_512' title='bbox 191 1917 282 1944; x_wconf 84' lang='lat' dir='ltr'><strong>beant.</strong></span> <span class='ocrx_word' id='word_1_513' title='bbox 310 1916 364 1943; x_wconf 84' lang='lat' dir='ltr'><strong>Alii</strong></span> <span class='ocrx_word' id='word_1_514' title='bbox 391 1923 455 1943; x_wconf 84' lang='lat' dir='ltr'><strong>vero</strong></span> <span class='ocrx_word' id='word_1_515' title='bbox 478 1914 701 1943; x_wconf 84' lang='lat' dir='ltr'><strong>recouditissima</strong></span> <span class='ocrx_word' id='word_1_516' title='bbox 734 1913 865 1949; x_wconf 76' lang='lat' dir='ltr'><strong>Syrorum</strong></span> <span class='ocrx_word' id='word_1_517' title='bbox 890 1914 983 1949; x_wconf 88' lang='lat' dir='ltr'><strong>lingua</strong></span> 
     </span>
    </p>
   </div>
   <div class='ocr_carea' id='block_1_72' title="bbox 192 1959 981 1995">
    <p class='ocr_par' dir='ltr' id='par_1_72' title="bbox 192 1959 981 1995">
     <span class='ocr_line' id='line_1_72' title="bbox 192 1959 981 1995; baseline -0.003 -8"><span class='ocrx_word' id='word_1_518' title='bbox 192 1969 253 1989; x_wconf 78' lang='lat' dir='ltr'><strong>scse</strong></span> <span class='ocrx_word' id='word_1_519' title='bbox 289 1960 442 1992; x_wconf 84' lang='lat' dir='ltr'><strong>venditant,</strong></span> <span class='ocrx_word' id='word_1_520' title='bbox 479 1959 636 1995; x_wconf 87' lang='lat' dir='ltr'><strong>cujusmodi</strong></span> <span class='ocrx_word' id='word_1_521' title='bbox 671 1964 714 1986; x_wconf 87' lang='lat' dir='ltr'><strong>cst</strong></span> <span class='ocrx_word' id='word_1_522' title='bbox 741 1959 981 1994; x_wconf 81' lang='lat' dir='ltr'><strong>PalmyrenorumI</strong></span> 
     </span>
    </p>
   </div>
   <div class='ocr_carea' id='block_1_73' title="bbox 191 2005 984 2041">
    <p class='ocr_par' dir='ltr' id='par_1_73' title="bbox 191 2005 984 2041">
     <span class='ocr_line' id='line_1_73' title="bbox 191 2005 984 2041; baseline 0 -9"><span class='ocrx_word' id='word_1_523' title='bbox 191 2014 273 2041; x_wconf 85' lang='lat' dir='ltr'><strong>quam</strong></span> <span class='ocrx_word' id='word_1_524' title='bbox 291 2014 343 2033; x_wconf 85' lang='lat' dir='ltr'><strong>una</strong></span> <span class='ocrx_word' id='word_1_525' title='bbox 355 2013 418 2033; x_wconf 89' lang='lat' dir='ltr'><strong>cum</strong></span> <span class='ocrx_word' id='word_1_526' title='bbox 435 2005 531 2040; x_wconf 85' lang='lat' dir='ltr'><strong>viginti</strong></span> <span class='ocrx_word' id='word_1_527' title='bbox 551 2005 657 2033; x_wconf 86' lang='lat' dir='ltr'><strong>duobus</strong></span> <span class='ocrx_word' id='word_1_528' title='bbox 672 2005 732 2039; x_wconf 84' lang='lat' dir='ltr'><strong>ejus</strong></span> <span class='ocrx_word' id='word_1_529' title='bbox 752 2005 894 2032; x_wconf 82' lang='lat' dir='ltr'><strong>elementis</strong></span> <span class='ocrx_word' id='word_1_530' title='bbox 908 2005 984 2032; x_wconf 82' lang='lat' dir='ltr'><strong>adhi-</strong></span> 
     </span>
    </p>
   </div>
   <div class='ocr_carea' id='block_1_74' title="bbox 191 2050 982 2086">
    <p class='ocr_par' dir='ltr' id='par_1_74' title="bbox 191 2050 982 2086">
     <span class='ocr_line' id='line_1_74' title="bbox 191 2050 982 2086; baseline -0.003 -7"><span class='ocrx_word' id='word_1_531' title='bbox 191 2052 266 2080; x_wconf 87' lang='lat' dir='ltr'><strong>bent.</strong></span> <span class='ocrx_word' id='word_1_532' title='bbox 283 2050 352 2078; x_wconf 80' lang='lat' dir='ltr'><strong>Iline</strong></span> <span class='ocrx_word' id='word_1_533' title='bbox 364 2055 408 2078; x_wconf 86' lang='lat' dir='ltr'><strong>est</strong></span> <span class='ocrx_word' id='word_1_534' title='bbox 427 2050 501 2086; x_wconf 89' lang='lat' dir='ltr'><strong>quod</strong></span> <span class='ocrx_word' id='word_1_535' title='bbox 517 2050 659 2078; x_wconf 64' lang='lat' dir='ltr'><strong>Mauichzi</strong></span> <span class='ocrx_word' id='word_1_536' title='bbox 675 2051 743 2078; x_wconf 88' lang='lat' dir='ltr'><strong>liber</strong></span> <span class='ocrx_word' id='word_1_537' title='bbox 761 2050 873 2078; x_wconf 83' lang='lat' dir='ltr'><strong>totidem</strong></span> <span class='ocrx_word' id='word_1_538' title='bbox 895 2051 922 2078; x_wconf 89' lang='lat' dir='ltr'><strong>in</strong></span> <span class='ocrx_word' id='word_1_539' title='bbox 937 2059 982 2078; x_wconf 75' lang='lat' dir='ltr'><strong>se—</strong></span> 
     </span>
    </p>
   </div>
   <div class='ocr_carea' id='block_1_75' title="bbox 191 2096 981 2132">
    <p class='ocr_par' dir='ltr' id='par_1_75' title="bbox 191 2096 981 2132">
     <span class='ocr_line' id='line_1_75' title="bbox 191 2096 981 2132; baseline -0.001 -7"><span class='ocrx_word' id='word_1_540' title='bbox 191 2098 297 2125; x_wconf 78' lang='lat' dir='ltr'><strong>ctiones</strong></span> <span class='ocrx_word' id='word_1_541' title='bbox 321 2096 452 2124; x_wconf 87' lang='lat' dir='ltr'><strong>dividitur</strong></span> <span class='ocrx_word' id='word_1_542' title='bbox 472 2105 480 2124; x_wconf 71' lang='grc' dir='ltr'><strong>ε</strong></span> <span class='ocrx_word' id='word_1_543' title='bbox 506 2097 588 2131; x_wconf 90' lang='lat' dir='ltr'><strong>hujus</strong></span> <span class='ocrx_word' id='word_1_544' title='bbox 608 2096 752 2132; x_wconf 89' lang='lat' dir='ltr'><strong>inscriptio</strong></span> <span class='ocrx_word' id='word_1_545' title='bbox 775 2100 818 2124; x_wconf 83' lang='lat' dir='ltr'><strong>est</strong></span> <span class='ocrx_word' id='word_1_546' title='bbox 838 2096 981 2124; x_wconf 65' lang='lat' dir='ltr'><strong>Manio/uni</strong></span> 
     </span>
    </p>
   </div>
   <div class='ocr_carea' id='block_1_76' title="bbox 192 2137 981 2179">
    <p class='ocr_par' dir='ltr' id='par_1_76' title="bbox 192 2137 981 2179">
     <span class='ocr_line' id='line_1_76' title="bbox 192 2137 981 2179; baseline -0.001 -9"><span class='ocrx_word' id='word_1_547' title='bbox 192 2143 327 2179; x_wconf 77' lang='lat' dir='ltr'><strong>mysteria.</strong></span> <span class='ocrx_word' id='word_1_548' title='bbox 344 2142 421 2169; x_wconf 86' lang='lat' dir='ltr'><strong>Alius</strong></span> <span class='ocrx_word' id='word_1_549' title='bbox 440 2146 481 2170; x_wconf 88' lang='lat' dir='ltr'><strong>est</strong></span> <span class='ocrx_word' id='word_1_550' title='bbox 500 2142 546 2169; x_wconf 88' lang='lat' dir='ltr'><strong>cui</strong></span> <span class='ocrx_word' id='word_1_551' title='bbox 562 2137 705 2169; x_wconf 71' lang='lat' dir='ltr'><strong>&#39;Tlicsuuro</strong></span> <span class='ocrx_word' id='word_1_552' title='bbox 727 2149 826 2169; x_wconf 89' lang='lat' dir='ltr'><strong>nomen</strong></span> <span class='ocrx_word' id='word_1_553' title='bbox 851 2142 981 2169; x_wconf 92' lang='lat' dir='ltr'><strong>inditum.</strong></span> 
     </span>
    </p>
   </div>
   <div class='ocr_carea' id='block_1_77' title="bbox 190 2187 982 2223">
    <p class='ocr_par' dir='ltr' id='par_1_77' title="bbox 190 2187 982 2223">
     <span class='ocr_line' id='line_1_77' title="bbox 190 2187 982 2223; baseline 0 -7"><span class='ocrx_word' id='word_1_554' title='bbox 190 2189 292 2217; x_wconf 71' lang='lat' dir='ltr'><strong>Praeter</strong></span> <span class='ocrx_word' id='word_1_555' title='bbox 307 2188 375 2220; x_wconf 81' lang='lat' dir='ltr'><strong>hos.</strong></span> <span class='ocrx_word' id='word_1_556' title='bbox 395 2188 463 2215; x_wconf 85' lang='lat' dir='ltr'><strong>alios</strong></span> <span class='ocrx_word' id='word_1_557' title='bbox 476 2187 609 2223; x_wconf 86' lang='lat' dir='ltr'><strong>quosdam</strong></span> <span class='ocrx_word' id='word_1_558' title='bbox 630 2187 664 2214; x_wconf 84' lang='lat' dir='ltr'><strong>ad</strong></span> <span class='ocrx_word' id='word_1_559' title='bbox 683 2187 837 2216; x_wconf 88' lang='lat' dir='ltr'><strong>illudendos</strong></span> <span class='ocrx_word' id='word_1_560' title='bbox 858 2188 982 2216; x_wconf 87' lang='lat' dir='ltr'><strong>homines</strong></span> 
     </span>
    </p>
   </div>
   <div class='ocr_carea' id='block_1_78' title="bbox 1034 1642 1827 1680">
    <p class='ocr_par' dir='ltr' id='par_1_78' title="bbox 1034 1642 1827 1680">
     <span class='ocr_line' id='line_1_78' title="bbox 1034 1642 1827 1680; baseline -0.004 -9"><span class='ocrx_word' id='word_1_561' title='bbox 1034 1645 1084 1680; x_wconf 84' lang='grc' dir='ltr'>τὴν</span> <span class='ocrx_word' id='word_1_562' title='bbox 1099 1645 1152 1671; x_wconf 85' lang='grc' dir='ltr'>τῶν</span> <span class='ocrx_word' id='word_1_563' title='bbox 1165 1644 1257 1679; x_wconf 78' lang='grc' dir='ltr'>Σύρων</span> <span class='ocrx_word' id='word_1_564' title='bbox 1271 1643 1438 1679; x_wconf 81' lang='grc' dir='ltr'>στοιχείωσιν</span> <span class='ocrx_word' id='word_1_565' title='bbox 1450 1643 1483 1669; x_wconf 80' lang='grc' dir='ltr'>δι’</span> <span class='ocrx_word' id='word_1_566' title='bbox 1495 1642 1660 1678; x_wconf 73' lang='grc' dir='ltr'>ἁλφαϐήτων</span> <span class='ocrx_word' id='word_1_567' title='bbox 1679 1644 1827 1678; x_wconf 82' lang='grc' dir='ltr'>συγκειμέ-</span> 
     </span>
    </p>
   </div>
   <div class='ocr_carea' id='block_1_79' title="bbox 1035 1688 1827 1726">
    <p class='ocr_par' dir='ltr' id='par_1_79' title="bbox 1035 1688 1827 1726">
     <span class='ocr_line' id='line_1_79' title="bbox 1035 1688 1827 1726; baseline -0.004 -9"><span class='ocrx_word' id='word_1_568' title='bbox 1035 1700 1084 1726; x_wconf 88' lang='grc' dir='ltr'>νην</span> <span class='ocrx_word' id='word_1_569' title='bbox 1096 1699 1102 1705; x_wconf 91' lang='grc'><strong>·</strong></span> <span class='ocrx_word' id='word_1_570' title='bbox 1118 1691 1236 1726; x_wconf 82' lang='grc' dir='ltr'>χρῶνται</span> <span class='ocrx_word' id='word_1_571' title='bbox 1249 1689 1304 1725; x_wconf 78' lang='grc' dir='ltr'><strong>γὰρ</strong></span> <span class='ocrx_word' id='word_1_572' title='bbox 1315 1690 1339 1715; x_wconf 86' lang='grc' dir='ltr'>οἱ</span> <span class='ocrx_word' id='word_1_573' title='bbox 1354 1689 1473 1716; x_wconf 82' lang='grc' dir='ltr'>πλεῖστοι</span> <span class='ocrx_word' id='word_1_574' title='bbox 1484 1688 1538 1715; x_wconf 85' lang='grc' dir='ltr'>τῶν</span> <span class='ocrx_word' id='word_1_575' title='bbox 1552 1688 1666 1724; x_wconf 87' lang='grc' dir='ltr'>Περσῶν</span> <span class='ocrx_word' id='word_1_576' title='bbox 1679 1688 1747 1723; x_wconf 85' lang='grc' dir='ltr'>μετὰ</span> <span class='ocrx_word' id='word_1_577' title='bbox 1758 1689 1827 1723; x_wconf 79' lang='grc' dir='ltr'>Περ-</span> 
     </span>
    </p>
   </div>
   <div class='ocr_carea' id='block_1_80' title="bbox 1036 1733 1825 1770">
    <p class='ocr_par' dir='ltr' id='par_1_80' title="bbox 1036 1733 1825 1770">
     <span class='ocr_line' id='line_1_80' title="bbox 1036 1733 1825 1770; baseline -0.004 -8"><span class='ocrx_word' id='word_1_578' title='bbox 1036 1736 1099 1762; x_wconf 80' lang='grc' dir='ltr'>σικὰ</span> <span class='ocrx_word' id='word_1_579' title='bbox 1115 1737 1233 1770; x_wconf 78' lang='grc' dir='ltr'>στοιχεῖα</span> <span class='ocrx_word' id='word_1_580' title='bbox 1256 1736 1302 1762; x_wconf 78' lang='grc' dir='ltr'><strong>κα¹ι¹</strong></span> <span class='ocrx_word' id='word_1_581' title='bbox 1318 1734 1357 1770; x_wconf 80' lang='grc' dir='ltr'>τῷ</span> <span class='ocrx_word' id='word_1_582' title='bbox 1377 1734 1455 1769; x_wconf 85' lang='grc' dir='ltr'>Σύρῳ</span> <span class='ocrx_word' id='word_1_583' title='bbox 1473 1734 1629 1770; x_wconf 76' lang='grc' dir='ltr'>γράμματι,</span> <span class='ocrx_word' id='word_1_584' title='bbox 1647 1733 1742 1769; x_wconf 83' lang='grc' dir='ltr'>ὥσπερ</span> <span class='ocrx_word' id='word_1_585' title='bbox 1758 1734 1825 1768; x_wconf 80' lang='grc' dir='ltr'>παρ’</span> 
     </span>
    </p>
   </div>
   <div class='ocr_carea' id='block_1_81' title="bbox 1033 1780 1826 1816">
    <p class='ocr_par' dir='ltr' id='par_1_81' title="bbox 1033 1780 1826 1816">
     <span class='ocr_line' id='line_1_81' title="bbox 1033 1780 1826 1816; baseline -0.004 -8"><span class='ocrx_word' id='word_1_586' title='bbox 1033 1783 1099 1816; x_wconf 82' lang='grc' dir='ltr'>ἡμῖν</span> <span class='ocrx_word' id='word_1_587' title='bbox 1118 1781 1202 1808; x_wconf 77' lang='grc' dir='ltr'>πολλὰ</span> <span class='ocrx_word' id='word_1_588' title='bbox 1222 1781 1286 1816; x_wconf 76' lang='grc' dir='ltr'>ἔθνη</span> <span class='ocrx_word' id='word_1_589' title='bbox 1303 1782 1359 1812; x_wconf 81' lang='grc' dir='ltr'>τοῖς</span> <span class='ocrx_word' id='word_1_590' title='bbox 1382 1781 1546 1816; x_wconf 84' lang='grc' dir='ltr'>Ἑλληνικοῖς</span> <span class='ocrx_word' id='word_1_591' title='bbox 1559 1780 1720 1816; x_wconf 80' lang='grc' dir='ltr'>κέχρηνται,</span> <span class='ocrx_word' id='word_1_592' title='bbox 1736 1780 1826 1806; x_wconf 82' lang='grc' dir='ltr'>καίτοι</span> 
     </span>
    </p>
   </div>
   <div class='ocr_carea' id='block_1_82' title="bbox 1034 1824 1826 1862">
    <p class='ocr_par' dir='ltr' id='par_1_82' title="bbox 1034 1824 1826 1862">
     <span class='ocr_line' id='line_1_82' title="bbox 1034 1824 1826 1862; baseline -0.005 -8"><span class='ocrx_word' id='word_1_593' title='bbox 1034 1836 1065 1861; x_wconf 89' lang='grc' dir='ltr'><strong>γε</strong></span> <span class='ocrx_word' id='word_1_594' title='bbox 1077 1828 1161 1853; x_wconf 77' lang='grc' dir='ltr'>ὄντων</span> <span class='ocrx_word' id='word_1_595' title='bbox 1175 1826 1266 1861; x_wconf 76' lang='grc' dir='ltr'>σχεδὸν</span> <span class='ocrx_word' id='word_1_596' title='bbox 1280 1826 1352 1853; x_wconf 80' lang='grc' dir='ltr'>κατὰ</span> <span class='ocrx_word' id='word_1_597' title='bbox 1364 1825 1440 1858; x_wconf 68' lang='grc' dir='ltr'>ἔθνος</span> <span class='ocrx_word' id='word_1_598' title='bbox 1453 1826 1525 1853; x_wconf 82' lang='grc' dir='ltr'>ἰδίων</span> <span class='ocrx_word' id='word_1_599' title='bbox 1535 1825 1718 1862; x_wconf 86' lang='grc' dir='ltr'>γραμμάτων.</span> <span class='ocrx_word' id='word_1_600' title='bbox 1733 1824 1826 1852; x_wconf 75' lang='grc' dir='ltr'>Ἀλλοι</span> 
     </span>
    </p>
   </div>
   <div class='ocr_carea' id='block_1_83' title="bbox 1033 1869 1826 1907">
    <p class='ocr_par' dir='ltr' id='par_1_83' title="bbox 1033 1869 1826 1907">
     <span class='ocr_line' id='line_1_83' title="bbox 1033 1869 1826 1907; baseline -0.005 -8"><span class='ocrx_word' id='word_1_601' title='bbox 1033 1872 1061 1899; x_wconf 83' lang='grc' dir='ltr'>δὲ</span> <span class='ocrx_word' id='word_1_602' title='bbox 1077 1871 1154 1907; x_wconf 85' lang='grc' dir='ltr'>δῆθεν</span> <span class='ocrx_word' id='word_1_603' title='bbox 1168 1872 1218 1906; x_wconf 87' lang='grc' dir='ltr'>τὴν</span> <span class='ocrx_word' id='word_1_604' title='bbox 1233 1870 1386 1906; x_wconf 81' lang='grc' dir='ltr'>βαθυτάτην</span> <span class='ocrx_word' id='word_1_605' title='bbox 1398 1871 1451 1897; x_wconf 83' lang='grc' dir='ltr'>τῶν</span> <span class='ocrx_word' id='word_1_606' title='bbox 1465 1870 1559 1906; x_wconf 74' lang='grc' dir='ltr'>Σύρων</span> <span class='ocrx_word' id='word_1_607' title='bbox 1573 1870 1711 1897; x_wconf 81' lang='grc' dir='ltr'>διάλεκτον</span> <span class='ocrx_word' id='word_1_608' title='bbox 1727 1869 1826 1904; x_wconf 74' lang='grc' dir='ltr'>σεμνύ-</span> 
     </span>
    </p>
   </div>
   <div class='ocr_carea' id='block_1_84' title="bbox 1034 1916 1826 1954">
    <p class='ocr_par' dir='ltr' id='par_1_84' title="bbox 1034 1916 1826 1954">
     <span class='ocr_line' id='line_1_84' title="bbox 1034 1916 1826 1954; baseline -0.004 -9"><span class='ocrx_word' id='word_1_609' title='bbox 1034 1927 1134 1951; x_wconf 91' lang='grc' dir='ltr'>νονται,</span> <span class='ocrx_word' id='word_1_610' title='bbox 1154 1918 1202 1953; x_wconf 85' lang='grc' dir='ltr'>τήν</span> <span class='ocrx_word' id='word_1_611' title='bbox 1215 1926 1245 1944; x_wconf 88' lang='grc' dir='ltr'><strong>τε</strong></span> <span class='ocrx_word' id='word_1_612' title='bbox 1261 1917 1332 1954; x_wconf 84' lang='grc' dir='ltr'>[τὴν]</span> <span class='ocrx_word' id='word_1_613' title='bbox 1354 1917 1424 1944; x_wconf 78' lang='grc' dir='ltr'>κατὰ</span> <span class='ocrx_word' id='word_1_614' title='bbox 1442 1917 1491 1951; x_wconf 75' lang='grc' dir='ltr'>τὴν</span> <span class='ocrx_word' id='word_1_615' title='bbox 1508 1917 1658 1952; x_wconf 84' lang='grc' dir='ltr'>Παλμὺραν</span> <span class='ocrx_word' id='word_1_616' title='bbox 1674 1916 1826 1948; x_wconf 79' lang='grc' dir='ltr'>διάλεκτον,</span> 
     </span>
    </p>
   </div>
   <div class='ocr_carea' id='block_1_85' title="bbox 1033 1961 1826 1998">
    <p class='ocr_par' dir='ltr' id='par_1_85' title="bbox 1033 1961 1826 1998">
     <span class='ocr_line' id='line_1_85' title="bbox 1033 1961 1826 1998; baseline -0.003 -8"><span class='ocrx_word' id='word_1_617' title='bbox 1033 1963 1118 1998; x_wconf 80' lang='grc' dir='ltr'>αὐτήν</span> <span class='ocrx_word' id='word_1_618' title='bbox 1133 1971 1162 1989; x_wconf 88' lang='grc' dir='ltr'><strong>τε</strong></span> <span class='ocrx_word' id='word_1_619' title='bbox 1179 1963 1224 1990; x_wconf 79' lang='grc' dir='ltr'>καὶ</span> <span class='ocrx_word' id='word_1_620' title='bbox 1240 1963 1274 1990; x_wconf 84' lang='grc' dir='ltr'><strong>τὰ</strong></span> <span class='ocrx_word' id='word_1_621' title='bbox 1287 1962 1376 1989; x_wconf 77' lang='grc' dir='ltr'>αὐτῶν</span> <span class='ocrx_word' id='word_1_622' title='bbox 1392 1964 1526 1997; x_wconf 83' lang='grc' dir='ltr'>στοιχεῖα·</span> <span class='ocrx_word' id='word_1_623' title='bbox 1546 1962 1679 1989; x_wconf 69' lang='grc' dir='ltr'>εἰκοσιδύο</span> <span class='ocrx_word' id='word_1_624' title='bbox 1695 1962 1722 1988; x_wconf 78' lang='grc' dir='ltr'>δὲ</span> <span class='ocrx_word' id='word_1_625' title='bbox 1736 1961 1826 1988; x_wconf 80' lang='grc' dir='ltr'>ταῦτα.</span> 
     </span>
    </p>
   </div>
   <div class='ocr_carea' id='block_1_86' title="bbox 1034 2008 1826 2046">
    <p class='ocr_par' dir='ltr' id='par_1_86' title="bbox 1034 2008 1826 2046">
     <span class='ocr_line' id='line_1_86' title="bbox 1034 2008 1826 2046; baseline -0.001 -11"><span class='ocrx_word' id='word_1_626' title='bbox 1034 2010 1162 2046; x_wconf 78' lang='grc' dir='ltr'>ὑπάρχει.</span> <span class='ocrx_word' id='word_1_627' title='bbox 1187 2009 1286 2045; x_wconf 76' lang='grc' dir='ltr'>Διόπερ</span> <span class='ocrx_word' id='word_1_628' title='bbox 1305 2010 1351 2036; x_wconf 81' lang='grc' dir='ltr'><strong>καὶ</strong></span> <span class='ocrx_word' id='word_1_629' title='bbox 1373 2010 1390 2044; x_wconf 83' lang='grc' dir='ltr'>ἡ</span> <span class='ocrx_word' id='word_1_630' title='bbox 1413 2009 1481 2044; x_wconf 82' lang='grc' dir='ltr'><strong>αὐτὴ</strong></span> <span class='ocrx_word' id='word_1_631' title='bbox 1500 2008 1590 2044; x_wconf 74' lang='grc' dir='ltr'>βίϐλος</span> <span class='ocrx_word' id='word_1_632' title='bbox 1606 2009 1740 2035; x_wconf 76' lang='grc' dir='ltr'>εἰκοσιδύο</span> <span class='ocrx_word' id='word_1_633' title='bbox 1753 2010 1826 2044; x_wconf 80' lang='grc' dir='ltr'>τμη-</span> 
     </span>
    </p>
   </div>
   <div class='ocr_carea' id='block_1_87' title="bbox 1024 2053 1826 2091">
    <p class='ocr_par' dir='ltr' id='par_1_87' title="bbox 1024 2053 1826 2091">
     <span class='ocr_line' id='line_1_87' title="bbox 1024 2053 1826 2091; baseline 0 -9"><span class='ocrx_word' id='word_1_634' title='bbox 1024 2064 1109 2090; x_wconf 88' lang='grc' dir='ltr'>-ματα</span> <span class='ocrx_word' id='word_1_635' title='bbox 1129 2055 1216 2089; x_wconf 81' lang='grc' dir='ltr'>λόγων</span> <span class='ocrx_word' id='word_1_636' title='bbox 1232 2055 1383 2090; x_wconf 83' lang='grc' dir='ltr'>τέτμηται·</span> <span class='ocrx_word' id='word_1_637' title='bbox 1409 2054 1495 2091; x_wconf 82' lang='grc' dir='ltr'>ταύτῃ</span> <span class='ocrx_word' id='word_1_638' title='bbox 1512 2054 1540 2080; x_wconf 85' lang='grc' dir='ltr'>δὲ</span> <span class='ocrx_word' id='word_1_639' title='bbox 1562 2054 1715 2090; x_wconf 82' lang='grc' dir='ltr'>ἐπιτίθησιν</span> <span class='ocrx_word' id='word_1_640' title='bbox 1737 2053 1826 2090; x_wconf 72' lang='grc' dir='ltr'>ὄνομα</span> 
     </span>
    </p>
   </div>
   <div class='ocr_carea' id='block_1_88' title="bbox 1033 2099 1826 2136">
    <p class='ocr_par' dir='ltr' id='par_1_88' title="bbox 1033 2099 1826 2136">
     <span class='ocr_line' id='line_1_88' title="bbox 1033 2099 1826 2136; baseline -0.003 -8"><span class='ocrx_word' id='word_1_641' title='bbox 1033 2101 1199 2136; x_wconf 82' lang='grc' dir='ltr'>Μανιχιιίου</span> <span class='ocrx_word' id='word_1_642' title='bbox 1220 2101 1386 2135; x_wconf 79' lang='grc' dir='ltr'>μυστήρια-</span> <span class='ocrx_word' id='word_1_643' title='bbox 1415 2100 1497 2136; x_wconf 79' lang='grc' dir='ltr'>ἑτέρᾳ</span> <span class='ocrx_word' id='word_1_644' title='bbox 1522 2099 1551 2126; x_wconf 82' lang='grc' dir='ltr'>δὲ</span> <span class='ocrx_word' id='word_1_645' title='bbox 1574 2100 1742 2134; x_wconf 87' lang='grc' dir='ltr'>Θησαυρός.</span> <span class='ocrx_word' id='word_1_646' title='bbox 1767 2100 1826 2126; x_wconf 72' lang='grc' dir='ltr'><strong>Καὶ</strong></span> 
     </span>
    </p>
   </div>
   <div class='ocr_carea' id='block_1_89' title="bbox 1033 2145 1828 2182">
    <p class='ocr_par' dir='ltr' id='par_1_89' title="bbox 1033 2145 1828 2182">
     <span class='ocr_line' id='line_1_89' title="bbox 1033 2145 1828 2182; baseline -0.003 -8"><span class='ocrx_word' id='word_1_647' title='bbox 1033 2147 1115 2179; x_wconf 82' lang='grc' dir='ltr'>ἄλλας</span> <span class='ocrx_word' id='word_1_648' title='bbox 1129 2147 1161 2182; x_wconf 87' lang='grc' dir='ltr'>δὴ</span> <span class='ocrx_word' id='word_1_649' title='bbox 1179 2147 1286 2181; x_wconf 76' lang='grc' dir='ltr'>βίϐλους</span> <span class='ocrx_word' id='word_1_650' title='bbox 1300 2146 1383 2173; x_wconf 84' lang='grc' dir='ltr'>καττύ</span> <span class='ocrx_word' id='word_1_651' title='bbox 1389 2154 1437 2176; x_wconf 79' lang='grc' dir='ltr'><strong>σας</strong></span> <span class='ocrx_word' id='word_1_652' title='bbox 1458 2145 1636 2180; x_wconf 80' lang='grc' dir='ltr'>φαντάζεται,</span> <span class='ocrx_word' id='word_1_653' title='bbox 1652 2145 1697 2172; x_wconf 83' lang='grc' dir='ltr'>τὸν</span> <span class='ocrx_word' id='word_1_654' title='bbox 1709 2146 1828 2179; x_wconf 67' lang='grc' dir='ltr'>Μικρύν</span> 
     </span>
    </p>
   </div>
   <div class='ocr_carea' id='block_1_90' title="bbox 1033 2191 1824 2230">
    <p class='ocr_par' dir='ltr' id='par_1_90' title="bbox 1033 2191 1824 2230">
     <span class='ocr_line' id='line_1_90' title="bbox 1033 2191 1824 2230; baseline -0.004 -9"><span class='ocrx_word' id='word_1_655' title='bbox 1033 2194 1065 2230; x_wconf 85' lang='grc' dir='ltr'>δὴ</span> <span class='ocrx_word' id='word_1_656' title='bbox 1079 2193 1235 2228; x_wconf 77' lang='grc' dir='ltr'>θησαυρὸν</span> <span class='ocrx_word' id='word_1_657' title='bbox 1254 2193 1325 2219; x_wconf 75' lang='grc' dir='ltr'>οὕτω</span> <span class='ocrx_word' id='word_1_658' title='bbox 1344 2191 1521 2227; x_wconf 80' lang='grc' dir='ltr'>καλούμενον,</span> <span class='ocrx_word' id='word_1_659' title='bbox 1543 2192 1627 2227; x_wconf 82' lang='grc' dir='ltr'>ἄλλην</span> <span class='ocrx_word' id='word_1_660' title='bbox 1642 2191 1671 2218; x_wconf 75' lang='grc' dir='ltr'>δὲ</span> <span class='ocrx_word' id='word_1_661' title='bbox 1687 2191 1736 2227; x_wconf 84' lang='grc' dir='ltr'>τὴν</span> <span class='ocrx_word' id='word_1_662' title='bbox 1752 2192 1824 2225; x_wconf 72' lang='grc' dir='ltr'>Περὶ</span> 
     </span>
    </p>
   </div>
   <div class='ocr_carea' id='block_1_91' title="bbox 190 2233 982 2274">
    <p class='ocr_par' dir='ltr' id='par_1_91' title="bbox 190 2233 982 2269">
     <span class='ocr_line' id='line_1_91' title="bbox 190 2233 982 2269; baseline -0.004 -5"><span class='ocrx_word' id='word_1_663' title='bbox 190 2236 342 2269; x_wconf 80' lang='lat' dir='ltr'><strong>contexuit,</strong></span> <span class='ocrx_word' id='word_1_664' title='bbox 355 2235 427 2262; x_wconf 88' lang='lat' dir='ltr'><strong>velut</strong></span> <span class='ocrx_word' id='word_1_665' title='bbox 441 2233 571 2261; x_wconf 80' lang='lat' dir='ltr'><strong>Minorem</strong></span> <span class='ocrx_word' id='word_1_666' title='bbox 582 2235 744 2261; x_wconf 80' lang='lat' dir='ltr'><strong>thesaurum.</strong></span> <span class='ocrx_word' id='word_1_667' title='bbox 759 2234 826 2262; x_wconf 86' lang='lat' dir='ltr'><strong>Item</strong></span> <span class='ocrx_word' id='word_1_668' title='bbox 843 2234 880 2261; x_wconf 89' lang='lat' dir='ltr'><strong>De</strong></span> <span class='ocrx_word' id='word_1_669' title='bbox 893 2239 982 2262; x_wconf 80' lang='lat' dir='ltr'><strong>astro-</strong></span> 
     </span>
    </p>
   </div>
   <div class='ocr_carea' id='block_1_92' title="bbox 1036 2233 1826 2274">
    <p class='ocr_par' dir='ltr' id='par_1_92' title="bbox 1036 2236 1826 2274">
     <span class='ocr_line' id='line_1_92' title="bbox 1036 2236 1826 2274; baseline -0.005 -7"><span class='ocrx_word' id='word_1_670' title='bbox 1036 2239 1241 2274; x_wconf 77' lang='grc' dir='ltr'>ἀστρολογίας.</span> <span class='ocrx_word' id='word_1_671' title='bbox 1263 2239 1300 2264; x_wconf 71' lang='lat' dir='ltr'><strong>UO</strong></span> <span class='ocrx_word' id='word_1_672' title='bbox 1312 2238 1366 2273; x_wconf 83' lang='grc' dir='ltr'>γὰρ</span> <span class='ocrx_word' id='word_1_673' title='bbox 1379 2237 1522 2264; x_wconf 75' lang='grc' dir='ltr'>ἀποδέουσι</span> <span class='ocrx_word' id='word_1_674' title='bbox 1536 2237 1585 2272; x_wconf 80' lang='grc' dir='ltr'>τῆς</span> <span class='ocrx_word' id='word_1_675' title='bbox 1602 2236 1730 2272; x_wconf 85' lang='grc' dir='ltr'>τοιαύτης</span> <span class='ocrx_word' id='word_1_676' title='bbox 1747 2245 1826 2272; x_wconf 77' lang='grc' dir='ltr'>περι-</span> 
     </span>
    </p>
   </div>
   <div class='ocr_carea' id='block_1_93' title="bbox 190 2281 976 2320">
    <p class='ocr_par' dir='ltr' id='par_1_93' title="bbox 190 2281 976 2320">
     <span class='ocr_line' id='line_1_93' title="bbox 190 2281 976 2320; baseline -0.004 -9"><span class='ocrx_word' id='word_1_677' title='bbox 190 2285 272 2320; x_wconf 81' lang='lat' dir='ltr'><strong>logia.</strong></span> <span class='ocrx_word' id='word_1_678' title='bbox 301 2283 394 2318; x_wconf 83' lang='lat' dir='ltr'><strong>Neque</strong></span> <span class='ocrx_word' id='word_1_679' title='bbox 412 2283 485 2310; x_wconf 80' lang='lat' dir='ltr'><strong>enim</strong></span> <span class='ocrx_word' id='word_1_680' title='bbox 503 2290 518 2308; x_wconf 86' lang='lat' dir='ltr'><strong>a</strong></span> <span class='ocrx_word' id='word_1_681' title='bbox 532 2282 649 2309; x_wconf 84' lang='lat' dir='ltr'><strong>curiosis</strong></span> <span class='ocrx_word' id='word_1_682' title='bbox 668 2281 721 2309; x_wconf 92' lang='lat' dir='ltr'><strong>illis</strong></span> <span class='ocrx_word' id='word_1_683' title='bbox 748 2281 853 2309; x_wconf 89' lang='lat' dir='ltr'><strong>artibus</strong></span> <span class='ocrx_word' id='word_1_684' title='bbox 874 2281 976 2310; x_wconf 85' lang='lat' dir='ltr'><strong>abhor-</strong></span> 
     </span>
    </p>
   </div>
   <div class='ocr_carea' id='block_1_94' title="bbox 191 2328 981 2364">
    <p class='ocr_par' dir='ltr' id='par_1_94' title="bbox 191 2328 981 2364">
     <span class='ocr_line' id='line_1_94' title="bbox 191 2328 981 2364; baseline -0.001 -7"><span class='ocrx_word' id='word_1_685' title='bbox 191 2335 275 2358; x_wconf 86' lang='lat' dir='ltr'><strong>rent:</strong></span> <span class='ocrx_word' id='word_1_686' title='bbox 302 2330 368 2364; x_wconf 89' lang='lat' dir='ltr'><strong>quin</strong></span> <span class='ocrx_word' id='word_1_687' title='bbox 395 2329 486 2363; x_wconf 86' lang='lat' dir='ltr'><strong>potius</strong></span> <span class='ocrx_word' id='word_1_688' title='bbox 511 2328 687 2356; x_wconf 72' lang='lat' dir='ltr'><strong>astronomia:</strong></span> <span class='ocrx_word' id='word_1_689' title='bbox 710 2328 854 2356; x_wconf 86' lang='lat' dir='ltr'><strong>scientiam</strong></span> <span class='ocrx_word' id='word_1_690' title='bbox 879 2336 934 2363; x_wconf 62' lang='lat' dir='ltr'><strong>prae</strong></span> <span class='ocrx_word' id='word_1_691' title='bbox 950 2336 981 2357; x_wconf 86' lang='lat' dir='ltr'><strong>se</strong></span> 
     </span>
    </p>
   </div>
   <div class='ocr_carea' id='block_1_95' title="bbox 191 2373 982 2408">
    <p class='ocr_par' dir='ltr' id='par_1_95' title="bbox 191 2373 982 2408">
     <span class='ocr_line' id='line_1_95' title="bbox 191 2373 982 2408; baseline -0.001 -5"><span class='ocrx_word' id='word_1_692' title='bbox 191 2375 292 2406; x_wconf 74' lang='lat' dir='ltr'><strong>ferunt,</strong></span> <span class='ocrx_word' id='word_1_693' title='bbox 313 2382 345 2401; x_wconf 86' lang='lat' dir='ltr'><strong>ac</strong></span> <span class='ocrx_word' id='word_1_694' title='bbox 367 2373 401 2401; x_wconf 88' lang='lat' dir='ltr'><strong>de</strong></span> <span class='ocrx_word' id='word_1_695' title='bbox 422 2381 454 2401; x_wconf 89' lang='lat' dir='ltr'><strong>ea</strong></span> <span class='ocrx_word' id='word_1_696' title='bbox 476 2373 632 2408; x_wconf 87' lang='lat' dir='ltr'><strong>gloriantur.</strong></span> <span class='ocrx_word' id='word_1_697' title='bbox 665 2373 718 2400; x_wconf 90' lang='lat' dir='ltr'><strong>Sed</strong></span> <span class='ocrx_word' id='word_1_698' title='bbox 746 2377 773 2401; x_wconf 90' lang='lat' dir='ltr'><strong>et</strong></span> <span class='ocrx_word' id='word_1_699' title='bbox 792 2374 910 2402; x_wconf 87' lang='lat' dir='ltr'><strong>amuleta</strong></span> <span class='ocrx_word' id='word_1_700' title='bbox 929 2375 982 2402; x_wconf 90' lang='lat' dir='ltr'><strong>hoc</strong></span> 
     </span>
    </p>
   </div>
   <div class='ocr_carea' id='block_1_96' title="bbox 190 2420 982 2457">
    <p class='ocr_par' dir='ltr' id='par_1_96' title="bbox 190 2420 982 2457">
     <span class='ocr_line' id='line_1_96' title="bbox 190 2420 982 2457; baseline -0.003 -7"><span class='ocrx_word' id='word_1_701' title='bbox 190 2427 232 2450; x_wconf 86' lang='lat' dir='ltr'><strong>est</strong></span> <span class='ocrx_word' id='word_1_702' title='bbox 252 2428 371 2457; x_wconf 84' lang='lat' dir='ltr'><strong>appensa</strong></span> <span class='ocrx_word' id='word_1_703' title='bbox 386 2420 511 2455; x_wconf 66' lang='lat' dir='ltr'><strong>quaedam</strong></span> <span class='ocrx_word' id='word_1_704' title='bbox 527 2428 542 2447; x_wconf 90' lang='lat' dir='ltr'><strong>e</strong></span> <span class='ocrx_word' id='word_1_705' title='bbox 559 2420 629 2446; x_wconf 86' lang='lat' dir='ltr'><strong>collo</strong></span> <span class='ocrx_word' id='word_1_706' title='bbox 642 2440 649 2451; x_wconf 83' lang='lat'><strong>.</strong></span> <span class='ocrx_word' id='word_1_707' title='bbox 672 2427 777 2447; x_wconf 87' lang='lat' dir='ltr'><strong>necnon</strong></span> <span class='ocrx_word' id='word_1_708' title='bbox 796 2425 822 2447; x_wconf 87' lang='lat' dir='ltr'><strong>et</strong></span> <span class='ocrx_word' id='word_1_709' title='bbox 840 2420 982 2448; x_wconf 83' lang='lat' dir='ltr'><strong>cautiones</strong></span> 
     </span>
    </p>
   </div>
   <div class='ocr_carea' id='block_1_97' title="bbox 189 2466 982 2506">
    <p class='ocr_par' dir='ltr' id='par_1_97' title="bbox 189 2466 982 2506">
     <span class='ocr_line' id='line_1_97' title="bbox 189 2466 982 2506; baseline 0.001 -12"><span class='ocrx_word' id='word_1_710' title='bbox 189 2468 271 2506; x_wconf 72' lang='lat' dir='ltr'><strong>63o</strong></span> <span class='ocrx_word' id='word_1_711' title='bbox 294 2467 416 2503; x_wconf 84' lang='lat' dir='ltr'><strong>magicas</strong></span> <span class='ocrx_word' id='word_1_712' title='bbox 438 2474 470 2494; x_wconf 86' lang='lat' dir='ltr'><strong>ac</strong></span> <span class='ocrx_word' id='word_1_713' title='bbox 496 2466 647 2501; x_wconf 73' lang='lat' dir='ltr'><strong>praestigias</strong></span> <span class='ocrx_word' id='word_1_714' title='bbox 665 2471 807 2501; x_wconf 83' lang='lat' dir='ltr'><strong>usurpant.</strong></span> <span class='ocrx_word' id='word_1_715' title='bbox 827 2466 927 2493; x_wconf 86' lang='lat' dir='ltr'><strong>Verum</strong></span> <span class='ocrx_word' id='word_1_716' title='bbox 942 2467 982 2495; x_wconf 89' lang='lat' dir='ltr'><strong>sic</strong></span> 
     </span>
    </p>
   </div>
   <div class='ocr_carea' id='block_1_98' title="bbox 190 2511 838 2549">
    <p class='ocr_par' dir='ltr' id='par_1_98' title="bbox 190 2511 838 2549">
     <span class='ocr_line' id='line_1_98' title="bbox 190 2511 838 2549; baseline -0.006 -7"><span class='ocrx_word' id='word_1_717' title='bbox 190 2516 266 2542; x_wconf 88' lang='lat' dir='ltr'><strong>illum</strong></span> <span class='ocrx_word' id='word_1_718' title='bbox 282 2521 362 2549; x_wconf 83' lang='lat' dir='ltr'><strong>quem</strong></span> <span class='ocrx_word' id='word_1_719' title='bbox 380 2512 436 2540; x_wconf 87' lang='lat' dir='ltr'><strong>dixi</strong></span> <span class='ocrx_word' id='word_1_720' title='bbox 450 2513 549 2539; x_wconf 90' lang='lat' dir='ltr'><strong>librum</strong></span> <span class='ocrx_word' id='word_1_721' title='bbox 567 2511 660 2539; x_wconf 84' lang='lat' dir='ltr'><strong>Manes</strong></span> <span class='ocrx_word' id='word_1_722' title='bbox 680 2512 838 2539; x_wconf 75' lang='lat' dir='ltr'><strong>exorditur:</strong></span> 
     </span>
    </p>
   </div>
   <div class='ocr_carea' id='block_1_99' title="bbox 224 2557 981 2590">
    <p class='ocr_par' dir='ltr' id='par_1_99' title="bbox 224 2557 981 2590">
     <span class='ocr_line' id='line_1_99' title="bbox 224 2557 981 2590; baseline -0.007 -2"><span class='ocrx_word' id='word_1_723' title='bbox 224 2560 294 2588; x_wconf 76' lang='lat' dir='ltr'><strong>XIV.</strong></span> <span class='ocrx_word' id='word_1_724' title='bbox 319 2560 384 2587; x_wconf 82' lang='lat' dir='ltr'><strong>Erat</strong></span> <span class='ocrx_word' id='word_1_725' title='bbox 403 2559 472 2586; x_wconf 83' lang='lat' dir='ltr'><strong>Deus</strong></span> <span class='ocrx_word' id='word_1_726' title='bbox 487 2564 511 2586; x_wconf 88' lang='lat' dir='ltr'><strong>et</strong></span> <span class='ocrx_word' id='word_1_727' title='bbox 530 2559 653 2590; x_wconf 83' lang='lat' dir='ltr'><strong>materia,</strong></span> <span class='ocrx_word' id='word_1_728' title='bbox 676 2559 722 2585; x_wconf 61' lang='lat' dir='ltr'><strong>lum</strong></span> <span class='ocrx_word' id='word_1_729' title='bbox 741 2563 764 2584; x_wconf 85' lang='lat' dir='ltr'><strong>et</strong></span> <span class='ocrx_word' id='word_1_730' title='bbox 783 2557 893 2584; x_wconf 79' lang='lat' dir='ltr'><strong>tenebrw</strong></span> <span class='ocrx_word' id='word_1_731' title='bbox 905 2577 912 2587; x_wconf 86' lang='lat'><em>.</em></span> <span class='ocrx_word' id='word_1_732' title='bbox 936 2558 981 2584; x_wconf 82' lang='lat' dir='ltr'><strong>bo-</strong></span> 
     </span>
    </p>
   </div>
   <div class='ocr_carea' id='block_1_100' title="bbox 190 2603 981 2639">
    <p class='ocr_par' dir='ltr' id='par_1_100' title="bbox 190 2603 981 2639">
     <span class='ocr_line' id='line_1_100' title="bbox 190 2603 981 2639; baseline -0.008 -5"><span class='ocrx_word' id='word_1_733' title='bbox 190 2615 252 2634; x_wconf 78' lang='lat' dir='ltr'><strong>num</strong></span> <span class='ocrx_word' id='word_1_734' title='bbox 266 2611 290 2634; x_wconf 79' lang='lat' dir='ltr'><strong>et</strong></span> <span class='ocrx_word' id='word_1_735' title='bbox 306 2606 416 2637; x_wconf 86' lang='lat' dir='ltr'><strong>malum,</strong></span> <span class='ocrx_word' id='word_1_736' title='bbox 432 2613 490 2639; x_wconf 68' lang='lat' dir='ltr'><strong>qua’</strong></span> <span class='ocrx_word' id='word_1_737' title='bbox 511 2609 565 2631; x_wconf 79' lang='lat' dir='ltr'><strong>tant</strong></span> <span class='ocrx_word' id='word_1_738' title='bbox 586 2604 688 2637; x_wconf 76' lang='lat' dir='ltr'><strong>penitus</strong></span> <span class='ocrx_word' id='word_1_739' title='bbox 704 2603 753 2630; x_wconf 65' lang='lat' dir='ltr'><strong>sibi</strong></span> <span class='ocrx_word' id='word_1_740' title='bbox 775 2603 883 2629; x_wconf 77' lang='lat' dir='ltr'><strong>invicem</strong></span> <span class='ocrx_word' id='word_1_741' title='bbox 905 2607 981 2629; x_wconf 70' lang='lat' dir='ltr'><strong>erant</strong></span> 
     </span>
    </p>
   </div>
   <div class='ocr_carea' id='block_1_101' title="bbox 225 2712 978 2753">
    <p class='ocr_par' dir='ltr' id='par_1_101' title="bbox 225 2712 978 2753">
     <span class='ocr_line' id='line_1_101' title="bbox 225 2712 978 2753; baseline -0.004 -9"><span class='ocrx_word' id='word_1_742' title='bbox 225 2719 281 2753; x_wconf 87' lang='lat' dir='ltr'><strong>(l7)</strong></span> <span class='ocrx_word' id='word_1_743' title='bbox 299 2718 347 2744; x_wconf 76' lang='grc' dir='ltr'><strong>Διὸ</strong></span> <span class='ocrx_word' id='word_1_744' title='bbox 366 2717 451 2744; x_wconf 80' lang='grc' dir='ltr'>αὐτοὶ</span> <span class='ocrx_word' id='word_1_745' title='bbox 480 2717 508 2742; x_wconf 72' lang='grc' dir='ltr'>οἱ</span> <span class='ocrx_word' id='word_1_746' title='bbox 530 2713 700 2753; x_wconf 61' lang='grc' dir='ltr'>Μᾳγιχαῖοι.</span> <span class='ocrx_word' id='word_1_747' title='bbox 721 2712 793 2753; x_wconf 47' lang='grc' dir='ltr'>νοιξῑ</span> <span class='ocrx_word' id='word_1_748' title='bbox 811 2718 899 2753; x_wconf 64' lang='lat' dir='ltr'><strong>potest</strong></span> <span class='ocrx_word' id='word_1_749' title='bbox 917 2724 922 2741; x_wconf 87' lang='lat'>:</span> <span class='ocrx_word' id='word_1_750' title='bbox 939 2714 978 2753; x_wconf 62' lang='grc' dir='ltr'><strong>Οίξ</strong></span> 
     </span>
    </p>
   </div>
   <div class='ocr_carea' id='block_1_102' title="bbox 190 2747 980 2786">
    <p class='ocr_par' dir='ltr' id='par_1_102' title="bbox 190 2747 980 2786">
     <span class='ocr_line' id='line_1_102' title="bbox 190 2747 980 2786; baseline -0.006 -5"><span class='ocrx_word' id='word_1_751' title='bbox 190 2755 217 2781; x_wconf 66' lang='lat' dir='ltr'><strong>id</strong></span> <span class='ocrx_word' id='word_1_752' title='bbox 227 2747 375 2780; x_wconf 52' lang='lat' dir='ltr'><strong>&#39;Muuichmi</strong></span> <span class='ocrx_word' id='word_1_753' title='bbox 391 2760 469 2786; x_wconf 83' lang='lat' dir='ltr'><strong>super</strong></span> <span class='ocrx_word' id='word_1_754' title='bbox 487 2747 631 2786; x_wconf 62' lang='lat' dir='ltr'><strong>arundines</strong></span> <span class='ocrx_word' id='word_1_755' title='bbox 643 2748 752 2786; x_wconf 54' lang='lat' dir='ltr'><strong>cubent.</strong></span> <span class='ocrx_word' id='word_1_756' title='bbox 767 2747 834 2786; x_wconf 72' lang='lat' dir='ltr'><strong>Nam</strong></span> <span class='ocrx_word' id='word_1_757' title='bbox 856 2749 980 2776; x_wconf 82' lang='lat' dir='ltr'><strong>Mattarii</strong></span> 
     </span>
    </p>
   </div>
   <div class='ocr_carea' id='block_1_103' title="bbox 190 2783 979 2825">
    <p class='ocr_par' dir='ltr' id='par_1_103' title="bbox 190 2783 979 2825">
     <span class='ocr_line' id='line_1_103' title="bbox 190 2783 979 2825; baseline -0.005 -9"><span class='ocrx_word' id='word_1_758' title='bbox 190 2793 334 2825; x_wconf 59' lang='lat' dir='ltr'><strong>propterea</strong></span> <span class='ocrx_word' id='word_1_759' title='bbox 350 2783 427 2819; x_wconf 74' lang='lat' dir='ltr'><strong>dicti,</strong></span> <span class='ocrx_word' id='word_1_760' title='bbox 445 2785 518 2825; x_wconf 66' lang='lat' dir='ltr'><strong>quod</strong></span> <span class='ocrx_word' id='word_1_761' title='bbox 534 2786 560 2825; x_wconf 31' lang='lat' dir='ltr'><strong>inn</strong></span> <span class='ocrx_word' id='word_1_762' title='bbox 573 2784 666 2811; x_wconf 87' lang='lat' dir='ltr'><strong>mattis</strong></span> <span class='ocrx_word' id='word_1_763' title='bbox 686 2783 846 2812; x_wconf 79' lang='lat' dir='ltr'><strong>dormirent.</strong></span> <span class='ocrx_word' id='word_1_764' title='bbox 867 2786 936 2820; x_wconf 78' lang='lat' dir='ltr'><strong>Aug.</strong></span> <span class='ocrx_word' id='word_1_765' title='bbox 964 2794 979 2812; x_wconf 88' lang='lat' dir='ltr'><strong>v</strong></span> 
     </span>
    </p>
   </div>
   <div class='ocr_carea' id='block_1_104' title="bbox 190 2820 562 2852">
    <p class='ocr_par' dir='ltr' id='par_1_104' title="bbox 190 2820 562 2852">
     <span class='ocr_line' id='line_1_104' title="bbox 190 2820 562 2852; baseline -0.019 0"><span class='ocrx_word' id='word_1_766' title='bbox 190 2820 274 2852; x_wconf 70' lang='grc' dir='ltr'><strong>ἓυηὶν.</strong></span> <span class='ocrx_word' id='word_1_767' title='bbox 296 2822 426 2849; x_wconf 66' lang='lat' dir='ltr'><strong>Faustum</strong></span> <span class='ocrx_word' id='word_1_768' title='bbox 445 2820 562 2848; x_wconf 82' lang='lat' dir='ltr'><strong>Manich.</strong></span> 
     </span>
    </p>
   </div>
   <div class='ocr_carea' id='block_1_105' title="bbox 226 2853 979 2894">
    <p class='ocr_par' dir='ltr' id='par_1_105' title="bbox 226 2853 979 2894">
     <span class='ocr_line' id='line_1_105' title="bbox 226 2853 979 2894; baseline -0.001 -12"><span class='ocrx_word' id='word_1_769' title='bbox 226 2859 280 2893; x_wconf 72' lang='grc'><strong>(18)</strong></span> <span class='ocrx_word' id='word_1_770' title='bbox 302 2856 405 2894; x_wconf 73' lang='grc' dir='ltr'>Θωμᾶς</span> <span class='ocrx_word' id='word_1_771' title='bbox 417 2856 514 2894; x_wconf 51' lang='lat' dir='ltr'><strong>adeat</strong></span> <span class='ocrx_word' id='word_1_772' title='bbox 529 2853 761 2894; x_wconf 37' lang='lat' dir='ltr'><strong>zhrflngaatmf:</strong></span> <span class='ocrx_word' id='word_1_773' title='bbox 779 2855 979 2894; x_wconf 63' lang='lat' dir='ltr'><strong>gerrigendum</strong></span> 
     </span>
    </p>
   </div>
   <div class='ocr_carea' id='block_1_106' title="bbox 190 2890 982 2925">
    <p class='ocr_par' dir='ltr' id='par_1_106' title="bbox 190 2890 982 2925">
     <span class='ocr_line' id='line_1_106' title="bbox 190 2890 982 2925; baseline -0.005 -3"><span class='ocrx_word' id='word_1_774' title='bbox 190 2890 408 2922; x_wconf 54' lang='lat' dir='ltr'><strong>ex&#39;Tlieodoreto</strong></span> <span class='ocrx_word' id='word_1_775' title='bbox 421 2890 505 2918; x_wconf 86' lang='lat' dir='ltr'><strong>videri</strong></span> <span class='ocrx_word' id='word_1_776' title='bbox 523 2890 664 2925; x_wconf 67' lang='lat' dir='ltr'><strong>possitém</strong></span> <span class='ocrx_word' id='word_1_777' title='bbox 680 2890 729 2925; x_wconf 84' lang='grc' dir='ltr'><strong>τὴν</strong></span> <span class='ocrx_word' id='word_1_778' title='bbox 744 2890 850 2918; x_wconf 85' lang='grc' dir='ltr'>Ἰνδίαν.</span> <span class='ocrx_word' id='word_1_779' title='bbox 871 2891 939 2918; x_wconf 82' lang='lat' dir='ltr'><strong>Nam</strong></span> <span class='ocrx_word' id='word_1_780' title='bbox 951 2895 982 2918; x_wconf 90' lang='lat' dir='ltr'><strong>ut</strong></span> 
     </span>
    </p>
   </div>
   <div class='ocr_carea' id='block_1_107' title="bbox 1032 2282 1826 2320">
    <p class='ocr_par' dir='ltr' id='par_1_107' title="bbox 1032 2282 1826 2320">
     <span class='ocr_line' id='line_1_107' title="bbox 1032 2282 1826 2320; baseline -0.005 -9"><span class='ocrx_word' id='word_1_781' title='bbox 1032 2285 1127 2320; x_wconf 81' lang='grc' dir='ltr'>εργίας</span> <span class='ocrx_word' id='word_1_782' title='bbox 1138 2294 1145 2299; x_wconf 93' lang='grc'><strong>·</strong></span> <span class='ocrx_word' id='word_1_783' title='bbox 1170 2283 1237 2310; x_wconf 71' lang='grc' dir='ltr'>ἀλλὰ</span> <span class='ocrx_word' id='word_1_784' title='bbox 1253 2283 1353 2318; x_wconf 81' lang='grc' dir='ltr'>μᾶλλον</span> <span class='ocrx_word' id='word_1_785' title='bbox 1370 2282 1460 2314; x_wconf 85' lang='grc' dir='ltr'>αὐτοῖς</span> <span class='ocrx_word' id='word_1_786' title='bbox 1476 2283 1504 2308; x_wconf 81' lang='grc' dir='ltr'>ἐν</span> <span class='ocrx_word' id='word_1_787' title='bbox 1527 2282 1665 2317; x_wconf 86' lang='grc' dir='ltr'>προχείρῳ</span> <span class='ocrx_word' id='word_1_788' title='bbox 1677 2282 1826 2317; x_wconf 77' lang='grc' dir='ltr'>καυχήμαο</span> 
     </span>
    </p>
   </div>
   <div class='ocr_carea' id='block_1_108' title="bbox 1033 2327 1826 2365">
    <p class='ocr_par' dir='ltr' id='par_1_108' title="bbox 1033 2327 1826 2365">
     <span class='ocr_line' id='line_1_108' title="bbox 1033 2327 1826 2365; baseline -0.004 -8"><span class='ocrx_word' id='word_1_789' title='bbox 1033 2339 1079 2362; x_wconf 79' lang='grc' dir='ltr'><strong>τος</strong></span> <span class='ocrx_word' id='word_1_790' title='bbox 1092 2331 1233 2365; x_wconf 75' lang='grc' dir='ltr'>πρόκειται</span> <span class='ocrx_word' id='word_1_791' title='bbox 1247 2327 1414 2364; x_wconf 78' lang='grc' dir='ltr'>ἀστρονομία</span> <span class='ocrx_word' id='word_1_792' title='bbox 1426 2336 1432 2342; x_wconf 90' lang='grc'>·</span> <span class='ocrx_word' id='word_1_793' title='bbox 1449 2328 1496 2354; x_wconf 70' lang='grc' dir='ltr'>καὶ</span> <span class='ocrx_word' id='word_1_794' title='bbox 1511 2327 1695 2363; x_wconf 82' lang='grc' dir='ltr'>φυλακτήρια,</span> <span class='ocrx_word' id='word_1_795' title='bbox 1713 2328 1785 2363; x_wconf 79' lang='grc' dir='ltr'>φημὶ</span> <span class='ocrx_word' id='word_1_796' title='bbox 1795 2327 1826 2354; x_wconf 76' lang='grc' dir='ltr'>δὲ</span> 
     </span>
    </p>
   </div>
   <div class='ocr_carea' id='block_1_109' title="bbox 1033 2374 1826 2411">
    <p class='ocr_par' dir='ltr' id='par_1_109' title="bbox 1033 2374 1826 2411">
     <span class='ocr_line' id='line_1_109' title="bbox 1033 2374 1826 2411; baseline -0.004 -8"><span class='ocrx_word' id='word_1_797' title='bbox 1033 2377 1067 2403; x_wconf 70' lang='grc' dir='ltr'>τὰ</span> <span class='ocrx_word' id='word_1_798' title='bbox 1087 2377 1236 2411; x_wconf 75' lang='grc' dir='ltr'>περίαπτα,</span> <span class='ocrx_word' id='word_1_799' title='bbox 1262 2375 1310 2401; x_wconf 77' lang='grc' dir='ltr'>καὶ</span> <span class='ocrx_word' id='word_1_800' title='bbox 1329 2374 1408 2401; x_wconf 81' lang='grc' dir='ltr'>ἄλλαι</span> <span class='ocrx_word' id='word_1_801' title='bbox 1428 2374 1497 2405; x_wconf 83' lang='grc' dir='ltr'>τινὲς</span> <span class='ocrx_word' id='word_1_802' title='bbox 1519 2374 1622 2409; x_wconf 76' lang='grc' dir='ltr'>ἐπῳδαὶ</span> <span class='ocrx_word' id='word_1_803' title='bbox 1646 2374 1693 2400; x_wconf 73' lang='grc' dir='ltr'>καὶ</span> <span class='ocrx_word' id='word_1_804' title='bbox 1714 2382 1826 2408; x_wconf 79' lang='grc' dir='ltr'>μαγγα-</span> 
     </span>
    </p>
   </div>
   <div class='ocr_carea' id='block_1_110' title="bbox 1033 2419 1826 2456">
    <p class='ocr_par' dir='ltr' id='par_1_110' title="bbox 1033 2419 1826 2456">
     <span class='ocr_line' id='line_1_110' title="bbox 1033 2419 1826 2456; baseline -0.004 -8"><span class='ocrx_word' id='word_1_805' title='bbox 1033 2423 1113 2448; x_wconf 86' lang='grc' dir='ltr'>νεῖαι.</span> <span class='ocrx_word' id='word_1_806' title='bbox 1135 2422 1266 2456; x_wconf 77' lang='grc' dir='ltr'>’Λρχεται</span> <span class='ocrx_word' id='word_1_807' title='bbox 1290 2419 1353 2454; x_wconf 79' lang='grc' dir='ltr'>γοῦν</span> <span class='ocrx_word' id='word_1_808' title='bbox 1381 2421 1409 2445; x_wconf 79' lang='grc' dir='ltr'>ὲν</span> <span class='ocrx_word' id='word_1_809' title='bbox 1435 2420 1470 2454; x_wconf 80' lang='grc' dir='ltr'>τῇ</span> <span class='ocrx_word' id='word_1_810' title='bbox 1487 2419 1569 2446; x_wconf 70' lang='grc' dir='ltr'>αὐτοῦ</span> <span class='ocrx_word' id='word_1_811' title='bbox 1599 2419 1682 2454; x_wconf 82' lang='grc' dir='ltr'>βίὸλῳ</span> <span class='ocrx_word' id='word_1_812' title='bbox 1697 2419 1788 2453; x_wconf 82' lang='grc' dir='ltr'>λέγειν</span> <span class='ocrx_word' id='word_1_813' title='bbox 1811 2421 1826 2446; x_wconf 80' lang='grc' dir='ltr'>ὁ</span> 
     </span>
    </p>
   </div>
   <div class='ocr_carea' id='block_1_111' title="bbox 1034 2467 1243 2502">
    <p class='ocr_par' dir='ltr' id='par_1_111' title="bbox 1034 2467 1243 2502">
     <span class='ocr_line' id='line_1_111' title="bbox 1034 2467 1243 2502; baseline -0.005 -8"><span class='ocrx_word' id='word_1_814' title='bbox 1034 2468 1114 2498; x_wconf 80' lang='grc' dir='ltr'>αὐτὸς</span> <span class='ocrx_word' id='word_1_815' title='bbox 1131 2467 1226 2502; x_wconf 85' lang='grc' dir='ltr'>Μάνης</span> <span class='ocrx_word' id='word_1_816' title='bbox 1237 2476 1243 2481; x_wconf 92' lang='grc'>·</span> 
     </span>
    </p>
   </div>
   <div class='ocr_carea' id='block_1_112' title="bbox 1068 2556 1827 2593">
    <p class='ocr_par' dir='ltr' id='par_1_112' title="bbox 1068 2556 1827 2593">
     <span class='ocr_line' id='line_1_112' title="bbox 1068 2556 1827 2593; baseline -0.003 -8"><span class='ocrx_word' id='word_1_817' title='bbox 1068 2560 1115 2586; x_wconf 80' lang='grc' dir='ltr'><strong>1Δ¹.</strong></span> <span class='ocrx_word' id='word_1_818' title='bbox 1124 2556 1177 2585; x_wconf 81' lang='grc' dir='ltr'><strong>Ἦν</strong></span> <span class='ocrx_word' id='word_1_819' title='bbox 1187 2558 1258 2591; x_wconf 75' lang='grc' dir='ltr'>Θεὸς</span> <span class='ocrx_word' id='word_1_820' title='bbox 1266 2559 1313 2585; x_wconf 76' lang='grc' dir='ltr'>καὶ</span> <span class='ocrx_word' id='word_1_821' title='bbox 1325 2559 1393 2591; x_wconf 70' lang='grc' dir='ltr'>ὕλη,</span> <span class='ocrx_word' id='word_1_822' title='bbox 1403 2559 1465 2593; x_wconf 72' lang='grc' dir='ltr'><strong>φῶς</strong></span> <span class='ocrx_word' id='word_1_823' title='bbox 1471 2559 1519 2585; x_wconf 77' lang='grc' dir='ltr'>καὶ</span> <span class='ocrx_word' id='word_1_824' title='bbox 1529 2559 1649 2591; x_wconf 74' lang='grc' dir='ltr'>σκότος,</span> <span class='ocrx_word' id='word_1_825' title='bbox 1656 2558 1768 2592; x_wconf 72' lang='grc' dir='ltr'>ἀγαθὸν</span> <span class='ocrx_word' id='word_1_826' title='bbox 1777 2558 1827 2585; x_wconf 75' lang='grc' dir='ltr'>καὶ</span> 
     </span>
    </p>
   </div>
   <div class='ocr_carea' id='block_1_113' title="bbox 1036 2603 1828 2638">
    <p class='ocr_par' dir='ltr' id='par_1_113' title="bbox 1036 2603 1828 2638">
     <span class='ocr_line' id='line_1_113' title="bbox 1036 2603 1828 2638; baseline -0.003 -6"><span class='ocrx_word' id='word_1_827' title='bbox 1036 2604 1139 2636; x_wconf 70' lang='grc' dir='ltr'>κακὸν,</span> <span class='ocrx_word' id='word_1_828' title='bbox 1152 2604 1210 2636; x_wconf 79' lang='grc' dir='ltr'>τοῖς</span> <span class='ocrx_word' id='word_1_829' title='bbox 1227 2603 1320 2631; x_wconf 75' lang='grc' dir='ltr'>πᾶσιν</span> <span class='ocrx_word' id='word_1_830' title='bbox 1331 2604 1427 2638; x_wconf 72' lang='grc' dir='ltr'>ἄκρως</span> <span class='ocrx_word' id='word_1_831' title='bbox 1439 2605 1570 2636; x_wconf 72' lang='grc' dir='ltr'>ἐναντία,</span> <span class='ocrx_word' id='word_1_832' title='bbox 1587 2605 1627 2637; x_wconf 84' lang='grc' dir='ltr'>ὡς</span> <span class='ocrx_word' id='word_1_833' title='bbox 1642 2603 1716 2631; x_wconf 71' lang='grc' dir='ltr'>κατὰ</span> <span class='ocrx_word' id='word_1_834' title='bbox 1729 2603 1828 2638; x_wconf 75' lang='grc' dir='ltr'>μηδὲν</span> 
     </span>
    </p>
   </div>
   <div class='ocr_carea' id='block_1_114' title="bbox 1030 2715 1827 2751">
    <p class='ocr_par' dir='ltr' id='par_1_114' title="bbox 1030 2715 1827 2751">
     <span class='ocr_line' id='line_1_114' title="bbox 1030 2715 1827 2751; baseline 0.003 -11"><span class='ocrx_word' id='word_1_835' title='bbox 1030 2715 1171 2743; x_wconf 81' lang='lat' dir='ltr'><strong>Christum</strong></span> <span class='ocrx_word' id='word_1_836' title='bbox 1195 2715 1360 2747; x_wconf 82' lang='lat' dir='ltr'><strong>imitaretur,</strong></span> <span class='ocrx_word' id='word_1_837' title='bbox 1385 2716 1576 2751; x_wconf 74' lang='lat' dir='ltr'><strong>cognominem</strong></span> <span class='ocrx_word' id='word_1_838' title='bbox 1598 2717 1672 2744; x_wconf 88' lang='lat' dir='ltr'><strong>illius</strong></span> <span class='ocrx_word' id='word_1_839' title='bbox 1697 2718 1827 2751; x_wconf 79' lang='lat' dir='ltr'><strong>apostolo</strong></span> 
     </span>
    </p>
   </div>
   <div class='ocr_carea' id='block_1_115' title="bbox 1029 2750 1826 2786">
    <p class='ocr_par' dir='ltr' id='par_1_115' title="bbox 1029 2750 1826 2786">
     <span class='ocr_line' id='line_1_115' title="bbox 1029 2750 1826 2786; baseline 0.003 -9"><span class='ocrx_word' id='word_1_840' title='bbox 1029 2750 1196 2785; x_wconf 83' lang='lat' dir='ltr'><strong>discipulum</strong></span> <span class='ocrx_word' id='word_1_841' title='bbox 1214 2751 1241 2778; x_wconf 87' lang='lat' dir='ltr'><strong>in</strong></span> <span class='ocrx_word' id='word_1_842' title='bbox 1259 2751 1362 2777; x_wconf 89' lang='lat' dir='ltr'><strong>Indiam</strong></span> <span class='ocrx_word' id='word_1_843' title='bbox 1378 2751 1514 2786; x_wconf 76' lang='lat' dir='ltr'><strong>allegavit.</strong></span> <span class='ocrx_word' id='word_1_844' title='bbox 1532 2750 1633 2778; x_wconf 70' lang='lat' dir='ltr'><strong>Verum</strong></span> <span class='ocrx_word' id='word_1_845' title='bbox 1650 2750 1732 2779; x_wconf 83' lang='lat' dir='ltr'><strong>etiam</strong></span> <span class='ocrx_word' id='word_1_846' title='bbox 1753 2752 1826 2779; x_wconf 81' lang='lat' dir='ltr'><strong>iul&#39;ra</strong></span> 
     </span>
    </p>
   </div>
   <div class='ocr_carea' id='block_1_116' title="bbox 1031 2785 1826 2822">
    <p class='ocr_par' dir='ltr' id='par_1_116' title="bbox 1031 2785 1826 2822">
     <span class='ocr_line' id='line_1_116' title="bbox 1031 2785 1826 2822; baseline 0.004 -10"><span class='ocrx_word' id='word_1_847' title='bbox 1031 2794 1058 2822; x_wconf 90' lang='lat' dir='ltr'><strong>n.</strong></span> <span class='ocrx_word' id='word_1_848' title='bbox 1081 2786 1111 2813; x_wconf 78' lang='grc'><strong>51</strong></span> <span class='ocrx_word' id='word_1_849' title='bbox 1133 2785 1366 2822; x_wconf 26' lang='grc' dir='ltr'>Τιιοηιςιιηηὶδιιιιιι</span> <span class='ocrx_word' id='word_1_850' title='bbox 1392 2785 1638 2821; x_wconf 79' lang='lat' dir='ltr'><strong>pscudapostolum</strong></span> <span class='ocrx_word' id='word_1_851' title='bbox 1666 2787 1694 2814; x_wconf 92' lang='lat' dir='ltr'><strong>in</strong></span> <span class='ocrx_word' id='word_1_852' title='bbox 1717 2786 1826 2822; x_wconf 84' lang='lat' dir='ltr'><strong>Syriam</strong></span> 
     </span>
    </p>
   </div>
   <div class='ocr_carea' id='block_1_117' title="bbox 1031 2820 1323 2849">
    <p class='ocr_par' dir='ltr' id='par_1_117' title="bbox 1031 2820 1323 2849">
     <span class='ocr_line' id='line_1_117' title="bbox 1031 2820 1323 2849; baseline -0.003 -1"><span class='ocrx_word' id='word_1_853' title='bbox 1031 2821 1200 2848; x_wconf 87' lang='lat' dir='ltr'><strong>destinatum</strong></span> <span class='ocrx_word' id='word_1_854' title='bbox 1217 2820 1323 2849; x_wconf 87' lang='lat' dir='ltr'><strong>scribit.</strong></span> 
     </span>
    </p>
   </div>
   <div class='ocr_carea' id='block_1_118' title="bbox 1067 2854 1826 2891">
    <p class='ocr_par' dir='ltr' id='par_1_118' title="bbox 1067 2854 1826 2891">
     <span class='ocr_line' id='line_1_118' title="bbox 1067 2854 1826 2891; baseline 0.004 -9"><span class='ocrx_word' id='word_1_855' title='bbox 1067 2855 1124 2891; x_wconf 86' lang='lat' dir='ltr'><strong>(I9)</strong></span> <span class='ocrx_word' id='word_1_856' title='bbox 1142 2855 1250 2891; x_wconf 70' lang='grc' dir='ltr'>Ἔλεγε</span> <span class='ocrx_word' id='word_1_857' title='bbox 1264 2854 1298 2881; x_wconf 70' lang='grc' dir='ltr'>δὲ</span> <span class='ocrx_word' id='word_1_858' title='bbox 1307 2856 1439 2883; x_wconf 70' lang='grc' dir='ltr'><strong>ἐαυτὸνό</strong></span> <span class='ocrx_word' id='word_1_859' title='bbox 1447 2855 1563 2890; x_wconf 80' lang='grc' dir='ltr'><strong>Μάνης.</strong></span> <span class='ocrx_word' id='word_1_860' title='bbox 1576 2856 1632 2884; x_wconf 92' lang='lat' dir='ltr'><strong>lmo</strong></span> <span class='ocrx_word' id='word_1_861' title='bbox 1645 2861 1672 2885; x_wconf 88' lang='lat' dir='ltr'><strong>ct</strong></span> <span class='ocrx_word' id='word_1_862' title='bbox 1682 2857 1826 2885; x_wconf 89' lang='lat' dir='ltr'><strong>Christutn</strong></span> 
     </span>
    </p>
   </div>
   <div class='ocr_carea' id='block_1_119' title="bbox 1032 2891 1485 2924">
    <p class='ocr_par' dir='ltr' id='par_1_119' title="bbox 1032 2891 1485 2924">
     <span class='ocr_line' id='line_1_119' title="bbox 1032 2891 1485 2924; baseline 0 -6"><span class='ocrx_word' id='word_1_863' title='bbox 1032 2891 1123 2924; x_wconf 83' lang='lat' dir='ltr'><strong>scipsu</strong></span> <span class='ocrx_word' id='word_1_864' title='bbox 1129 2898 1153 2917; x_wconf 91' lang='lat' dir='ltr'><strong>m</strong></span> <span class='ocrx_word' id='word_1_865' title='bbox 1163 2898 1223 2918; x_wconf 78' lang='lat' dir='ltr'><strong>csse</strong></span> <span class='ocrx_word' id='word_1_866' title='bbox 1247 2892 1334 2921; x_wconf 79' lang='lat' dir='ltr'><strong>dixit:</strong></span> <span class='ocrx_word' id='word_1_867' title='bbox 1349 2891 1485 2920; x_wconf 83' lang='lat' dir='ltr'><strong>Tlteodot‘.</strong></span> 
     </span>
    </p>
   </div>
  </div>
