1939 3036
103 156 138 184 ιο
413 156 599 186 ADVERSUS
627 158 802 188 [Iasenses
820 153 884 188 ΠΒ.
905 161 938 189 u.
961 155 1043 191 Ton.
1067 163 1097 190 u.
1119 180 1151 184 —
1172 164 1307 193 tlAERES.
1334 165 1425 193 val.
1700 169 1736 197 το

99 213 310 240 ἐπικοινωνεῖν
318 215 443 248 θάτερον
456 215 577 251 θατέρῳ.
596 217 652 243 Καὶ
666 214 743 250 οὗτος
759 218 809 254 μέν
822 219 895 248 ἐστιν

954 222 1094 252 :ontraria,
1121 222 1196 249 nulla
1221 228 1249 249 ut
1277 223 1390 250 alterunt
1417 231 1475 250 cum
1507 223 1590 250 altera
1617 232 1734 252 contum-

99 260 117 286 ὁ
130 259 266 295 πρόλογος
282 259 328 286 τοῦ
344 260 475 296 ἀγύρτου.
498 262 639 289 Ἐντεῦθεν
652 263 765 299 ἄρχεται
781 265 832 299 τῆς
845 265 896 291 αὺ-

101 305 150 331 τοῦ
164 305 381 340 κακομηχανὶας.
397 307 476 342 Καὶὴ
490 307 539 343 μὲν
551 308 640 343 βίϐλος
651 310 680 336 ἐν
692 310 787 337 πλάτει
796 312 895 344 κεῖται,

101 351 218 378 τοιαῦτά
233 360 294 378 τινα
308 351 399 386 φαῦλα
412 352 480 380 ἄττα
497 355 671 390 περιέχουσα,
687 353 724 383 ὧν
737 356 785 392 τὴν
800 357 897 384 δυσκο-

101 395 175 429 λίαν,
195 397 243 424 καὶ
256 397 307 433 τὴν
321 399 496 434 ἐναντιότητα
512 400 566 427 τῶν
585 400 671 436 λόγων
686 403 732 429 καὶ
749 403 796 429 ἀπ’
811 403 897 438 αὐτῆς

101 442 155 477 τῆς
170 442 259 478 ἀρχῆς
271 444 318 470 τοῦ
338 445 440 472 σκοποῦ
458 445 498 472 ἔτι
524 447 714 483 περιληπτέον.
734 449 766 475 Et
781 449 834 484 γὰρ
850 449 898 476 καὶ

103 487 192 524 πολλὴ
212 489 230 523 ἡ
251 488 332 525 λοιπὴ
349 489 477 526 φλυαρία,
496 492 543 518 καὶ
566 491 692 528 μυθώδης
708 493 845 525 ὑπόθεσις,
865 494 899 521 ὲκ

102 533 155 568 τῆς
169 535 329 570 εἰσαγωγῆς
347 535 378 562 τὸ
396 537 450 563 πᾶν
463 536 634 573 δειχθήσεται
649 538 700 573 τῆς
718 538 801 565 αὐτοῦ
814 547 898 574 πονη-

105 579 179 615 ρίας.
193 580 230 606 Τὸ
244 580 309 615 γὰρ,
321 578 382 608 Ἦν
397 582 469 615 Θεὸς
484 582 534 609 καὶ
550 582 620 616 ὕλη,
633 583 709 610 οὐδὲν
725 584 838 611 ἀποδέον
849 585 898 619 τῆς

103 624 160 650 τῶν
179 625 312 661 Ἐλλήνων
326 626 444 661 ματαίας
459 628 587 660 ὑπονοίας
601 629 772 664 ὑφηγήσατο.
790 629 899 656 Εὐάλω-

101 679 151 698 τον
166 671 206 702 δὲ,
221 672 269 698 καὶ
281 672 382 708 petam,
397 673 445 700 καὶ
458 674 640 701 εὐκατάλυτον
655 675 705 710 τῆς
715 676 898 710 συκοφαντίας

101 716 186 743 τοῦτο
208 717 239 743 τὺ
260 719 461 754 κενοφρόνημα.
491 720 544 746 Δύο
567 721 622 755 γὰρ
644 721 788 747 ὲπιτοαυτὸ
804 719 897 757 [εἶναι]

104 763 246 798 σύγχρονά
260 772 290 790 τε
304 764 351 790 καὶ
366 765 438 791 ἀΐδια
453 765 483 797 ἐξ
494 766 612 800 εὐλόγων
626 767 763 802 λογισμῶν
776 767 822 794 καὶ
834 776 898 795 συν-

101 809 168 844 ετῆς
186 809 292 841 εὐνοίας
306 810 436 837 ἀδύνατον
447 809 516 838 εἶναι
532 812 607 847 παρά
618 813 656 848 τῷ
665 813 768 848 κρίνειν
780 813 899 847 εὐλόγως

103 853 280 888 γινώσκοντι.
314 856 369 882 Καὶ
391 857 526 890 γνωστέον
550 858 630 884 τοῦτο
655 858 732 885 ἔσται
754 860 836 886 παντὶ
858 859 898 894 τῷ

103 899 216 927 σύνεσιν
233 901 405 937 κεκτημένῳ.
428 903 459 930 Εἰ
477 903 532 938 γὰρ
553 904 587 930 τὰ
605 904 652 931 δύο
668 904 817 940 σύγχρονα,
838 905 899 931 οὐδὲ

105 946 159 973 κᾶν
174 945 213 981 τῷ
228 946 340 982 ὀνόματι
360 948 529 983 διήλλακται.
556 950 614 976 Πᾶν
629 949 684 985 γὰρ
702 950 733 976 τὸ
751 950 900 986 σύγχρονον

104 992 154 1018 καὶ
166 993 312 1020 σνναῖδιον.
327 993 364 1020 Τὸ
376 995 404 1020 δὲ
416 995 550 1022 ωναῖδιον
562 996 608 1022 καὶ
616 996 660 1022 ἀεὶ
672 996 808 1032 ὑπάρχον,
820 995 900 1022 τοῦτο

103 1037 184 1070 Θεὸς,
203 1038 320 1073 μάλιστα
344 1039 398 1066 ἀπό
418 1049 489 1072 τινος
503 1041 589 1067 αἰτίου
604 1042 692 1077 ἀρχὴν
716 1042 753 1077 μὴ
777 1042 899 1077 εἰληφός.

104 1085 191 1112 Οὐδὲν
207 1085 261 1121 γὰρ
277 1086 360 1113 ἀΐδιον
377 1086 393 1122 ἢ
413 1088 492 1122 μόνον
510 1087 587 1119 Θεός.
613 1089 756 1124 Διαφόροις
773 1088 826 1124 γὰρ
841 1089 900 1116 ὀνό-

107 1139 176 1165 ρασι
186 1131 288 1162 ταύτας
298 1131 349 1162 τὰς
363 1132 450 1167 ἀρχὰς
460 1131 563 1164 ὲξέθου,
575 1130 598 1159 ὣ
613 1132 735 1169 βάρϐαρε
745 1134 794 1169 τὴν
804 1134 899 1169 φρένα,

104 1176 155 1202 καὶ
172 1176 286 1211 πολέμιε
302 1177 352 1212 τῆς
364 1177 540 1213 ἀνθρωπείας
555 1179 673 1213 φύσεως.
699 1181 735 1206 Τὸ
750 1180 799 1215 μὲν
808 1180 901 1213 ὲξέϐου

105 1222 178 1257 φῶς,
191 1222 221 1249 τὸ
241 1223 269 1249 δὲ
288 1223 393 1254 σκότος,
412 1223 442 1249 τὸ
464 1223 486 1250 δ’
505 1221 538 1250 αὖ
554 1224 668 1258 ἀγαθὸν,
688 1225 736 1252 καὶ
754 1225 785 1252 τὺ
808 1226 902 1261 ἕτερον

105 1267 205 1294 κακόν.
221 1267 338 1299 Φάσκεις
353 1267 392 1299 δὲ,
409 1268 450 1294 ὅτι
465 1269 521 1300 τοῖς
539 1270 621 1296 πᾶσιν
634 1269 726 1305 ἄκρως
742 1270 800 1297 ἐστὶ
814 1271 902 1299 ταῦτα

106 1313 229 1345 ἐναντία,
240 1313 278 1345 ὡς
292 1313 361 1340 κατὰ
372 1314 456 1349 μηδὲν
462 1315 649 1341 ἐπικοινωνεῖν
659 1315 771 1350 θάτερον
785 1316 901 1352 θατέρῳ.

106 1358 214 1385 Οὐκοῦν
227 1359 355 1394 χωρίζεις
369 1359 455 1386 ταῦτα
470 1360 517 1387 ἀπ’
532 1360 666 1396 ἀλλήλων.
684 1361 769 1396 Δῆλον
784 1362 848 1398 γὰρ,
862 1363 903 1390 ὅτι

106 1404 278 1435 ὲναντία,ώς
295 1404 373 1440 ἔφης.
397 1406 429 1432 Et
449 1406 477 1432 δὲ
497 1406 611 1433 συνόντα
627 1407 748 1441 πέφυκε,
769 1407 834 1442 φίλα
855 1409 903 1435 καὶ

105 1449 256 1484 σύμφωνα,
273 1450 320 1476 καὶ
333 1450 457 1486 ἀλλήλοις
472 1451 586 1478 συνόντα
597 1452 784 1488 εὑρεθήσεται,
796 1454 904 1480 συνδια-

105 1495 241 1531 τρίῦοντά
254 1504 285 1522 τε
303 1496 351 1523 καὶ
371 1497 617 1531 συγκοινωνοῦντα,
634 1499 681 1526 καὶ
698 1499 758 1534 μηδ’
773 1500 841 1532 ὅλως
856 1501 903 1527 ἀπ’

105 1541 234 1577 ἀλλήλων
247 1541 472 1578 ἀπαλλαττόμενα
490 1543 524 1570 δι’
542 1544 694 1580 ὑπερϐολὴν
706 1545 808 1580 φιλίας.
831 1547 862 1573 Εἰ
876 1547 904 1573 δὲ

108 1588 193 1623 χωρὶς
203 1587 326 1623 ἀλλήλων
339 1589 407 1619 ἐστὶ,
421 1590 530 1621 πάντως
537 1590 652 1617 ἕκαστον
663 1591 766 1618 τούτων
777 1592 901 1628 πεπέρα-

109 1643 181 1660 σται.
200 1634 258 1660 Πᾶν
271 1635 300 1661 δὲ
313 1635 343 1661 τὸ
358 1636 578 1672 πεπερασμένον,
588 1638 618 1663 οὐ
629 1637 742 1666 τέλειον.
767 1639 902 1674 ὐρίξεται

107 1681 164 1715 γὰρ
185 1679 219 1706 δι’
235 1680 336 1706 αὑτοῦ¹
354 1682 537 1718 πεπεράσϐαι.
560 1683 664 1714 Ἀλλως
681 1683 708 1710 δὲ
723 1684 769 1710 καὶ
784 1685 903 1720 ζητηθή-

109 1736 188 1754 σεται
199 1727 272 1762 ὅριον
286 1728 325 1759 εἰς
337 1727 524 1763 διαπερασμὺν
539 1729 712 1764 ἀμφοτέρων,
725 1730 768 1757 ῖνα
782 1732 818 1766 μὴ
833 1732 903 1758 κατά

108 1773 144 1800 τὰ
156 1773 283 1808 τέρματα
306 1773 431 1809 ἀλλήλοις
448 1775 624 1810 ἐφαπτόμενα
640 1775 784 1813 ἀμφότερα
799 1778 833 1804 τὰ
851 1778 905 1804 ἴδια

107 1819 153 1846 διὰ
172 1820 227 1846 τῶν
241 1820 384 1856 τερμάτων
398 1820 523 1856 ἀλλήλοις
538 1821 716 1857 συνάτπηται,
735 1822 782 1849 καὶ
800 1823 905 1850 ἐπικοι-

107 1866 241 1900 νωνήσειε
256 1866 368 1901 θάτερον
388 1866 505 1903 ϐατέρῳ,
525 1867 572 1894 καὶ
593 1867 638 1895 τὸν
653 1868 702 1903 τῆς
719 1868 904 1904 ἐναντιότητος

107 1912 231 1949 ἀφανίσῃ
242 1913 310 1948 ὅρον.

948 267 1024 295 itione
1035 268 1203 303 jungerclur.
1228 268 1284 296 Hoc
1302 271 1384 297 modo
1401 270 1548 301 circulator
1571 271 1622 298 iste
1641 271 1738 306 praefa-

949 317 1004 340 tur.
1030 313 1098 340 Tum
1118 315 1267 349 pessimum
1292 315 1389 350 dogma
1409 315 1547 350 explicare
1570 316 1736 350 aggreditur.

948 359 997 386 Est
1011 365 1102 387 autem
1122 361 1191 387 liber
1210 361 1255 388 ille
1278 359 1417 388 fusissime
1436 361 1567 395 scriptus,
1589 368 1620 387 ac
1639 367 1739 388 caetera

948 404 1073 437 eiusdem
1102 405 1212 440 generis
1237 406 1309 432 mala
1338 410 1364 432 et
1398 406 1490 440 inepta
1517 405 1737 440 complectitur:

948 458 1065 485 quorum
1090 451 1248 486 perplexam
1273 451 1479 483 obscuritatem,
1499 450 1738 478 contrarietatem-

949 505 1002 532 que
1015 505 1172 524 sermonum
1186 497 1243 532 jam
1258 501 1315 525 lum
1331 497 1365 524 ab
1380 497 1440 531 ipso
1461 496 1615 531 argumenti
1637 496 1740 531 princi-

949 543 995 577 pio
1019 542 1236 570 animadvertere
1256 545 1373 578 oportet.
1396 541 1472 569 Licet
1495 541 1567 568 enim
1592 549 1697 577 magna:
1711 542 1740 569 in

949 588 1062 623 reliquis
1084 596 1163 624 nugae
1188 596 1220 615 ac
1240 588 1337 615 fabula:
1357 589 1429 620 sint,
1447 596 1479 615 ex
1495 588 1554 622 ipso
1576 592 1665 614 tamen
1684 587 1741 622 pri-

949 635 1055 661 mordio
1076 638 1133 661 tota
1148 635 1221 662 illius
1241 634 1402 669 improbitas
1428 634 1546 669 pateﬁat.
1569 633 1647 666 Quod
1666 633 1739 660 enim

949 680 1062 712 scribit,
1083 679 1149 707 Erat
1161 680 1232 708 Deus
1245 685 1269 707 et
1285 680 1410 713 materia,
1427 687 1488 707 cum
1504 681 1651 707 vanissima
1672 687 1740 713 gen-

949 726 1037 753 tilium
1062 726 1261 761 sttperstitione
1286 726 1424 762 congruit.
1447 725 1500 753 Sed
1521 729 1548 753 et
1569 725 1740 752 calumniosa

951 772 996 799 illa
1024 771 1169 807 inanisque
1204 772 1340 799 sententia
1372 771 1499 799 convinci
1527 771 1602 798 nullo
1631 770 1741 805 negotio

950 816 1142 851 conl'utarique
1165 820 1265 851 potest.
1291 815 1399 843 Etenim
1427 816 1482 843 duo
1506 815 1588 844 simul
1613 819 1642 842 ut
1668 815 1741 842 exsi-

950 867 1025 890 stant
1038 862 1152 897 aqualis
1168 862 1217 889 τενὶ
1237 869 1270 889 ac
1290 861 1470 896 sempiterna,
1493 860 1550 888 ﬁeri
1567 860 1642 888 nullo
1660 860 1742 887 modo

951 911 1057 943 potest;
1075 908 1115 935 uti
1128 915 1196 935 sana
1217 915 1249 935 ac
1267 906 1388 942 prudens
1403 908 1474 934 ratio
1490 907 1515 935 ei
1535 906 1615 934 facile
1626 913 1742 941 persua-

948 954 1026 986 serit,
1036 954 1162 989 quirecto
1166 953 1271 988 judicio
1285 953 1320 980 sit
1329 952 1471 988 praeditus.
1483 953 1572 988 Atque
1586 953 1639 980 hoc
1658 952 1741 979 intel-

950 999 1036 1034 ligens
1051 998 1168 1033 quisque
1187 1005 1355 1033 cognoscere
1377 998 1468 1025 debet.
1495 997 1563 1024 Nam
1586 996 1609 1024 si
1622 996 1741 1032 .mqualia

952 1049 1072 1079 tempore
1085 1044 1139 1071 duo
1151 1047 1227 1075 sunt,
1240 1051 1274 1070 ne
1282 1043 1461 1078 appellatione
1473 1041 1583 1077 quidem
1601 1041 1740 1070 diﬂ‘erunt.

952 1089 1093 1125 Quidquid
1108 1090 1181 1117 enim
1193 1089 1298 1124 aequale
1315 1093 1357 1117 est
1386 1088 1465 1116 alteri
1481 1092 1614 1123 tempore,
1633 1095 1696 1115 cum
1709 1095 1743 1115 eo

951 1143 1062 1172 quoque
1080 1136 1261 1163 aeternitatem
1286 1135 1367 1162 habet
1386 1135 1529 1169 aequalem.
1553 1134 1630 1167 Quod
1650 1139 1742 1161 autem

951 1183 1056 1218 aequale
1076 1186 1119 1210 est
1134 1182 1296 1213 aeternitate,
1318 1189 1350 1208 ac
1366 1188 1474 1216 semper
1488 1180 1607 1212 exsistit.
1624 1180 1742 1215 idipsum

953 1229 1025 1257 Deus
1046 1232 1099 1262 est,
1125 1235 1188 1255 cum
1214 1228 1365 1263 praesertim
1389 1227 1463 1254 nulla
1487 1226 1521 1254 ab
1535 1233 1619 1254 causa
1634 1226 1743 1253 initium

953 1274 1098 1309 acceperit.
1125 1272 1196 1300 Nihil
1217 1273 1290 1299 enim
1315 1275 1413 1307 praeter
1431 1270 1516 1299 Deum
1539 1274 1581 1298 est
1599 1274 1743 1298 aeternum.

953 1321 994 1348 Ad
1009 1321 1067 1348 haec
1084 1321 1136 1348 ista
1150 1319 1283 1355 principia
1300 1319 1415 1346 diversis
1435 1319 1592 1346 nominibus
1609 1317 1744 1351 extulisti,

953 1367 1035 1394 homo
1048 1366 1157 1401 ingenio
1177 1366 1304 1397 barbare,
1322 1369 1349 1392 et
1367 1365 1479 1392 humani
1500 1365 1607 1401 generis
1622 1364 1745 1393 inimice.

953 1414 1022 1442 Nam
1040 1413 1113 1441 aliud
1136 1413 1224 1440 lucum
1245 1412 1398 1448 appellasti,
1421 1411 1494 1438 aliud
1513 1411 1644 1444 tenebras,
1672 1408 1744 1437 aliud

954 1460 1067 1492 bonum,
1078 1459 1151 1486 aliud
1163 1459 1273 1485 malum.
1283 1457 1368 1485 Addis
1380 1465 1486 1485 summe
1497 1456 1554 1484 haec
1567 1455 1683 1483 invicem
1693 1454 1746 1482 sibi

955 1513 1017 1534 esse
1023 1504 1163 1532 contraria
1174 1513 1180 1535 ;
1191 1504 1258 1531 nihil
1271 1508 1299 1530 ut
1307 1503 1354 1531 uni
1365 1503 1401 1530 sit
1415 1510 1476 1529 cum
1489 1502 1574 1529 altero
1589 1507 1744 1528 commune.

917 1558 938 1587 ε
957 1551 1039 1587 Igitur
1053 1558 1068 1577 a
1086 1558 1115 1578 se
1140 1549 1185 1577 illa
1198 1553 1291 1575 mutua
1310 1555 1438 1583 separas;
1453 1554 1541 1582 neque
1558 1545 1672 1574 dubium
1690 1551 1744 1576 est.

957 1596 1187 1632 quandoquidem,
1204 1600 1232 1622 ut
1254 1595 1333 1627 dit-is,
1353 1594 1490 1622 contraria
1512 1597 1586 1620 sunt.
1613 1592 1696 1627 Atqui
1722 1592 1745 1619 si

955 1650 987 1669 ex
1004 1646 1101 1668 natura
1129 1647 1179 1668 sua
1208 1647 1262 1666 una
1289 1645 1443 1670 versentur.
1463 1645 1634 1672 consequens
1651 1640 1693 1663 cst
1716 1639 1747 1663 ut

956 1691 984 1715 et
1004 1687 1093 1714 amice
1117 1686 1235 1713 invicem
1254 1685 1438 1716 consentiant,
1463 1688 1610 1718 mutuaque
1631 1682 1746 1717 conjun-

957 1733 1050 1760 ctione
1079 1738 1112 1759 ac
1136 1730 1339 1758 consuetudine
1363 1729 1512 1759 socientur,
1541 1735 1629 1762 neque
1650 1734 1665 1754 a
1686 1733 1747 1754 sese

958 1785 1014 1814 prae
1029 1784 1122 1804 amore
1143 1783 1176 1803 ac
1199 1775 1347 1803 concordia
1374 1774 1548 1802 divellantur.
1565 1773 1644 1806 Quod
1658 1773 1682 1800 si
1705 1773 1748 1799 in-

959 1824 1045 1851 vicem
1071 1824 1197 1856 separata
1221 1824 1297 1852 sunt,
1321 1820 1419 1847 horum
1446 1819 1661 1854 unumquodque
1685 1818 1748 1845 lini-

957 1875 1015 1898 tum
1041 1868 1077 1897 sit
1097 1871 1213 1903 oportet.
1235 1866 1313 1899 Quod
1335 1869 1425 1893 autem
1449 1864 1554 1892 linitqu
1577 1869 1630 1898 est,
1658 1863 1748 1899 perfe-

958 1922 1032 1944 ctum
1055 1921 1110 1942 non
1127 1918 1181 1947 est;
1196 1917 1239 1940 est
1259 1912 1332 1940 enim
1353 1912 1405 1939 ﬁne
1431 1919 1480 1939 suo
1500 1911 1746 1946 circumscriptum.

106 1958 182 1992 Quin
195 1960 278 1986 etiam
294 1960 426 1988 terminus
441 1961 540 1996 aliquis
560 1961 739 1996 requirendus
759 1963 822 1995 erit,
841 1965 887 1999 qui
908 1969 1055 1999 utrumque
1072 1962 1198 1994 deﬁniat;
1216 1969 1261 1991 ne.
1278 1960 1301 1988 si
1316 1967 1346 1987 se
1360 1963 1456 1987 mutuo
1467 1958 1648 1993 contigerint,
1670 1965 1748 1984 com-

108 2005 242 2033 munione
254 2005 344 2041 aliqua
360 2007 490 2035 extremis
507 2007 560 2034 illis
572 2007 598 2034 in
616 2007 715 2036 ﬁnibus
734 2010 913 2045 copulentur;
926 2011 1005 2047 631
1020 2014 1101 2044 atque
1121 2007 1158 2034 ita
1174 2006 1323 2034 constituta
1336 2005 1381 2032 illa
1395 2005 1578 2032 contrarietas
1592 2003 1748 2032 intercidat.

145 2051 203 2078 Καὶ
217 2052 242 2077 εἰ
256 2051 328 2087 δῴης
340 2060 368 2078 τι
379 2052 498 2088 διεῖργον
511 2053 647 2088 ἀναμέσον
660 2054 714 2081 τῶν
729 2056 904 2092 ἀμφοτέρων,

107 2096 204 2123 οὐκέτι
226 2096 257 2123 rb
275 2097 392 2132 διεῖργον
411 2098 504 2133 ὅμοιον
532 2098 609 2125 ἔσται
629 2099 749 2132 τούτοις,
775 2101 832 2127 ἀλλ’
847 2101 906 2128 οῦθ’

107 2144 205 2179 ἓτερον
216 2143 292 2170 ἔσται
304 2145 361 2176 τοῖς
370 2145 545 2180 ἀμφοτέροις.
563 2145 656 2181 Εξγὰρ
664 2146 718 2172 ἀπὸ
732 2147 791 2177 ἑνὸς
805 2147 905 2183 μέρους

108 2189 350 2226 ἀφομοιωθήσεται
360 2191 391 2217 τδ
400 2191 517 2227 διεῖργον
530 2191 571 2217 ἑνὶ
581 2191 635 2219 τῶν
648 2192 695 2218 δύο
708 2192 761 2219 τῶν
769 2193 904 2229 πρότερον

108 2235 265 2271 εἰρημένων
286 2236 393 2268 ἀϊδίων,
421 2237 476 2264 ἀπὸ
497 2237 544 2264 τοῦ
571 2231 789 2274 ἀφομοιουμένου
811 2239 904 2266 οὐκέτι

108 2281 253 2317 ἀλλότριον
273 2282 316 2318 εἴη
340 2283 370 2309 τὸ
390 2283 521 2319 διεῖργον,
551 2284 620 2311 ἀλλὰ
641 2285 843 2320 συναπτόμενον
865 2285 904 2321 τῷ

107 2328 331 2363 ἀφομοιουμένῳ,
347 2329 394 2355 καὶ
405 2329 448 2355 διὰ
464 2329 511 2356 τοῦ
525 2328 698 2365 ὲξισουμένου
715 2330 814 2366 μέρους
829 2330 904 2357 ἔσται

107 2375 127 2409 ὴ
145 2373 290 2408 συνάφεια,
318 2375 365 2401 καὶ
378 2375 470 2402 οὐκέτι
487 2376 734 2411 τερματισθὴσεται
754 2377 782 2402 ὲν
799 2376 832 2412 τῇ
851 2376 906 2402 τῶν

107 2420 156 2447 δύο
169 2420 279 2454 φύσεων
294 2421 342 2447 ἀπ’
360 2421 483 2456 ἀλλήλων
501 2422 651 2450 διαστάσει.
680 2423 711 2448 Εἰ
724 2422 752 2448 δὲ
770 2422 817 2449 καὶ
831 2422 905 2449 ἔστιν

106 2464 172 2492 οὔτε
186 2466 279 2501 ὅμοιον
292 2466 347 2493 τῶν
358 2467 415 2498 δύο,
436 2467 497 2495 οὔτε
513 2468 626 2504 μέτοχον
645 2469 699 2495 ἀπὸ
712 2469 811 2504 μέρους
827 2469 906 2496 θατέ-

109 2521 168 2548 ρου,
195 2512 288 2539 οὐκέτι
302 2512 349 2539 δύο
375 2513 434 2540 ἐστὶ
448 2514 483 2541 τὰ
500 2514 583 2547 ἀίδια,
602 2515 649 2541 καὶ
671 2515 715 2541 ἀεὶ
731 2515 808 2542 ὄντα·
838 2516 906 2542 ἀλλά

107 2557 203 2584 λοιπὸν
219 2556 277 2584 ἔστι
294 2557 368 2593 τρία,
391 2559 437 2585 καὶ
454 2559 546 2586 οὐκέτι
568 2559 614 2587 δύο
629 2560 720 2596 ἀρχαὶ,
739 2561 784 2586 καὶ
798 2561 845 2587 δύο
858 2562 900 2588 ἀλ-

107 2602 202 2638 λήλοις
210 2603 320 2631 ἐναντία
330 2603 364 2630 τὰ
379 2603 485 2639 πρῶτα,
498 2605 567 2632 ἀλλά
578 2606 668 2641 τρίτον
682 2606 756 2637 ἄλλο,
768 2606 815 2634 καὶ
830 2608 907 2633 ἐναν-

107 2649 166 2676 τίον
183 2649 239 2676 τῶν
255 2650 429 2686 ἀμφοτέρων,
451 2651 498 2678 καὶ
513 2651 639 2687 ἀνόμοιον
655 2654 711 2684 τοῖς
729 2653 904 2688 ἀμφοτέροις,

109 2695 157 2722 καὶ
172 2695 291 2731 διεῖργον
305 2696 440 2731 ἀναμέσον
453 2698 508 2724 τοῖν
521 2697 604 2730 δυοῖν,
615 2698 664 2725 καὶ
678 2699 714 2734 μὴ
726 2699 831 2735 θατέρῳ
845 2699 906 2725 ὲπι-

110 2741 256 2767 κοινωνοῦν
270 2741 313 2768 διὰ
325 2742 354 2768 τὸ
368 2742 522 2775 ἀλλόκοτον,
535 2744 582 2769 καὶ
591 2743 652 2770 οὔτε
663 2744 826 2780 ἀμφοτέρων
839 2744 871 2770 λα
876 2753 906 2779 μ-

111 2786 191 2814 σάνον
212 2788 263 2822 τὴν
283 2787 422 2823 ὁμοίωσιν.
456 2788 510 2816 Καὶ
529 2789 621 2817 λοιπὴν
638 2790 713 2818 ἔσται
732 2790 824 2818 οὐκέτι
848 2789 904 2824 δύο,

148 2877 156 2892 ⁸
169 2877 232 2912 ch.
255 2877 336 2904 αὐτοῦ
351 2877 408 2905 τοῦ.

993 2056 1052 2084 Jam
1068 2062 1133 2083 vero
1148 2054 1171 2082 si
1187 2053 1338 2088 quidpiam,
1355 2052 1428 2088 quod
1451 2051 1496 2079 illa
1512 2051 1633 2083 dirimat,
1653 2050 1748 2077 ambu-

956 2108 1017 2128 rum
1034 2101 1061 2128 in
1082 2099 1172 2127 medio
1190 2097 1381 2129 collocaveris,
1399 2104 1452 2124 nou
1472 2100 1563 2131 potest
1582 2095 1610 2123 id
1625 2095 1696 2130 quod
1710 2095 1750 2122 di-

958 2147 1031 2174 rimit
1058 2146 1166 2173 illorum
1192 2151 1253 2171 esse
1281 2143 1381 2174 simile,
1404 2142 1451 2169 sed
1468 2142 1501 2168 ah
1520 2145 1635 2174 utraque
1659 2141 1750 2167 divcr-

956 2200 1028 2220 sum.
1046 2191 1151 2219 Etenim
1166 2190 1189 2217 si
1203 2190 1237 2216 ab
1255 2196 1308 2216 una
1320 2192 1397 2223 parte
1418 2187 1445 2214 id
1458 2186 1529 2222 quod
1543 2189 1653 2221 separat
1667 2185 1747 2212 alteri

956 2244 988 2264 ex
1011 2236 1122 2264 mternis
1144 2235 1198 2262 illis
1216 2233 1357 2269 principiis
1379 2233 1467 2260 simile
1490 2232 1581 2264 fuerit,
1602 2231 1636 2258 ab
1650 2237 1683 2257 co
1700 2237 1750 2257 cu-

953 2282 1000 2317 jus
1026 2280 1234 2309 similitudinem
1264 2279 1356 2309 habet,
1385 2286 1440 2304 non
1467 2276 1520 2304 erit
1543 2277 1673 2308 alienum,
1701 2275 1749 2303 sed

954 2334 1015 2354 cum
1033 2334 1066 2353 eo
1087 2325 1275 2359 conjunctum.
1296 2323 1402 2358 Quippe
1417 2330 1465 2358 per
1493 2323 1563 2349 hanc
1583 2322 1670 2357 ipsam
1691 2329 1751 2356 par-

955 2377 1021 2403 tem,
1042 2379 1096 2407 qua
1116 2371 1150 2398 ad
1188 2369 1254 2397 illud
1274 2369 1390 2402 accedit,
1414 2369 1538 2404 quaedam
1564 2368 1746 2396 contrahetur

959 2418 1097 2451 aliinitas;
1119 2418 1192 2446 unde
1209 2418 1301 2445 nullus
1315 2418 1370 2453 jam
1389 2418 1416 2444 in
1438 2417 1580 2444 ambarum
1598 2417 1752 2444 contraria-

959 2473 1019 2492 rum
1044 2465 1160 2492 invicem
1184 2469 1344 2491 naturarum
1369 2464 1488 2492 dirortio
1509 2463 1642 2491 terminus
1667 2463 1750 2490 relin-

958 2514 1066 2546 quetur.
1086 2511 1120 2537 At
1138 2511 1160 2537 si
1174 2518 1264 2545 neque
1286 2510 1429 2538 amborum
1450 2510 1539 2537 simile
1554 2513 1607 2543 est,
1627 2517 1677 2536 nec
1696 2509 1750 2535 ulla

958 2557 999 2584 sui
1015 2561 1092 2592 parte
1106 2564 1167 2584 cum
1183 2557 1270 2584 altero
1285 2557 1484 2588 couununirat,
1504 2556 1601 2583 falsum
1617 2559 1659 2583 est
1671 2559 1750 2582 reter-

959 2610 993 2630 na
1009 2611 1071 2630 esse
1095 2603 1164 2636 duo,
1191 2611 1252 2638 qua:
1281 2610 1389 2638 semper
1410 2602 1578 2635 exstiterint,
1608 2603 1670 2628 cuni
1696 2600 1748 2626 tria

959 2655 1135 2685 consurgant.
1157 2649 1251 2685 Itaque
1264 2657 1351 2685 neque
1371 2649 1426 2676 duo
1438 2649 1493 2682 jam
1506 2651 1586 2676 erunt
1602 2645 1748 2681 principia,

959 2704 1048 2731 nequc
1067 2696 1122 2724 duo
1143 2697 1230 2732 prima
1255 2697 1371 2724 invicem
1393 2695 1548 2727 contraria;
1568 2693 1615 2721 sed
1638 2692 1747 2719 tertium

958 2741 1096 2777 quoddam
1125 2743 1238 2774 orietur,
1266 2743 1376 2777 utrique
1405 2741 1585 2773 contrarium,
1609 2747 1642 2766 ac
1668 2738 1749 2765 dissi-

960 2788 1033 2823 mile,
1057 2797 1112 2825 quo
1126 2790 1220 2818 eadem
1237 2789 1282 2816 illa
1304 2791 1486 2824 separantur:
1503 2785 1578 2822 quod
1598 2785 1665 2813 nihil
1685 2792 1748 2813 cum
