  <div class='ocr_page' id='page_1' title='image "/cluster/home/n/w/nwhite01/storage/ocr_20150623/42/njp.32101077772588/033.png"; bbox 0 0 1939 3036; ppageno 0'>
   <div class='ocr_carea' id='block_1_1' title="bbox 214 143 1842 175">
    <p class='ocr_par' dir='ltr' id='par_1_1' title="bbox 214 143 1842 175">
     <span class='ocr_line' id='line_1_1' title="bbox 214 143 1842 175; baseline 0.003 -6"><span class='ocrx_word' id='word_1_1' title='bbox 214 147 246 175; x_wconf 65' lang='grc' dir='ltr'>εί</span> <span class='ocrx_word' id='word_1_2' title='bbox 923 144 952 171; x_wconf 91' lang='lat' dir='ltr'><strong>S.</strong></span> <span class='ocrx_word' id='word_1_3' title='bbox 973 143 1142 172; x_wconf 68' lang='lat' dir='ltr'><strong>EI‘IPIIANII</strong></span> <span class='ocrx_word' id='word_1_4' title='bbox 1811 147 1842 174; x_wconf 67' lang='lat' dir='ltr'><strong>ﬁ!</strong></span> 
     </span>
    </p>
   </div>
   <div class='ocr_carea' id='block_1_2' title="bbox 216 202 994 240">
    <p class='ocr_par' dir='ltr' id='par_1_2' title="bbox 216 202 994 240">
     <span class='ocr_line' id='line_1_2' title="bbox 216 202 994 240; baseline -0.001 -9"><span class='ocrx_word' id='word_1_5' title='bbox 216 205 348 240; x_wconf 70' lang='lat' dir='ltr'><strong>alterutro</strong></span> <span class='ocrx_word' id='word_1_6' title='bbox 372 211 517 231; x_wconf 79' lang='lat' dir='ltr'><strong>commune</strong></span> <span class='ocrx_word' id='word_1_7' title='bbox 539 207 649 238; x_wconf 75' lang='lat' dir='ltr'><strong>propter</strong></span> <span class='ocrx_word' id='word_1_8' title='bbox 675 202 863 230; x_wconf 69' lang='lat' dir='ltr'><strong>diversitatem</strong></span> <span class='ocrx_word' id='word_1_9' title='bbox 885 204 994 235; x_wconf 53' lang='lat' dir='ltr'><strong>habeat,</strong></span> 
     </span>
    </p>
   </div>
   <div class='ocr_carea' id='block_1_3' title="bbox 1045 202 1843 240">
    <p class='ocr_par' dir='ltr' id='par_1_3' title="bbox 1053 203 1843 240">
     <span class='ocr_line' id='line_1_3' title="bbox 1053 203 1843 240; baseline 0 -10"><span class='ocrx_word' id='word_1_10' title='bbox 1053 204 1121 230; x_wconf 78' lang='grc' dir='ltr'>ἀλλὰ</span> <span class='ocrx_word' id='word_1_11' title='bbox 1134 203 1198 239; x_wconf 77' lang='grc' dir='ltr'>τρεα</span> <span class='ocrx_word' id='word_1_12' title='bbox 1211 203 1307 230; x_wconf 81' lang='grc' dir='ltr'>ταῦτα.</span> <span class='ocrx_word' id='word_1_13' title='bbox 1334 203 1438 236; x_wconf 81' lang='grc' dir='ltr'>’Δλλως</span> <span class='ocrx_word' id='word_1_14' title='bbox 1453 204 1482 231; x_wconf 74' lang='grc' dir='ltr'><strong>δι</strong></span> <span class='ocrx_word' id='word_1_15' title='bbox 1499 204 1546 230; x_wconf 75' lang='grc' dir='ltr'>καὶ</span> <span class='ocrx_word' id='word_1_16' title='bbox 1566 203 1749 240; x_wconf 66' lang='grc' dir='ltr'><strong>ζητηθήσεται</strong></span> <span class='ocrx_word' id='word_1_17' title='bbox 1763 203 1843 236; x_wconf 67' lang='grc' dir='ltr'>ἄλλος</span> 
     </span>
    </p>
   </div>
   <div class='ocr_carea' id='block_1_4' title="bbox 214 247 1004 284">
    <p class='ocr_par' dir='ltr' id='par_1_4' title="bbox 214 247 1004 284">
     <span class='ocr_line' id='line_1_4' title="bbox 214 247 1004 284; baseline -0.001 -7"><span class='ocrx_word' id='word_1_18' title='bbox 214 257 266 277; x_wconf 76' lang='lat' dir='ltr'><strong>nec</strong></span> <span class='ocrx_word' id='word_1_19' title='bbox 280 250 421 277; x_wconf 81' lang='lat' dir='ltr'><strong>amborum</strong></span> <span class='ocrx_word' id='word_1_20' title='bbox 441 249 529 276; x_wconf 87' lang='lat' dir='ltr'><strong>simile</strong></span> <span class='ocrx_word' id='word_1_21' title='bbox 541 249 586 276; x_wconf 88' lang='lat' dir='ltr'><strong>sit.</strong></span> <span class='ocrx_word' id='word_1_22' title='bbox 603 247 642 275; x_wconf 84' lang='lat' dir='ltr'><strong>Ita</strong></span> <span class='ocrx_word' id='word_1_23' title='bbox 662 256 717 275; x_wconf 89' lang='lat' dir='ltr'><strong>non</strong></span> <span class='ocrx_word' id='word_1_24' title='bbox 732 248 788 284; x_wconf 85' lang='lat' dir='ltr'><strong>jam</strong></span> <span class='ocrx_word' id='word_1_25' title='bbox 801 248 867 282; x_wconf 88' lang='lat' dir='ltr'><strong>duo,</strong></span> <span class='ocrx_word' id='word_1_26' title='bbox 888 249 948 282; x_wconf 87' lang='lat' dir='ltr'><strong>sed,</strong></span> <span class='ocrx_word' id='word_1_27' title='bbox 964 251 1004 277; x_wconf 94' lang='lat' dir='ltr'><strong>uti</strong></span> 
     </span>
    </p>
   </div>
   <div class='ocr_carea' id='block_1_5' title="bbox 213 294 1001 330">
    <p class='ocr_par' dir='ltr' id='par_1_5' title="bbox 213 294 1001 330">
     <span class='ocr_line' id='line_1_5' title="bbox 213 294 1001 330; baseline 0 -8"><span class='ocrx_word' id='word_1_28' title='bbox 213 296 318 322; x_wconf 88' lang='lat' dir='ltr'><strong>dictum</strong></span> <span class='ocrx_word' id='word_1_29' title='bbox 332 299 383 326; x_wconf 87' lang='lat' dir='ltr'><strong>est,</strong></span> <span class='ocrx_word' id='word_1_30' title='bbox 402 295 452 321; x_wconf 91' lang='lat' dir='ltr'><strong>tria</strong></span> <span class='ocrx_word' id='word_1_31' title='bbox 469 294 638 321; x_wconf 87' lang='lat' dir='ltr'><strong>numeranda</strong></span> <span class='ocrx_word' id='word_1_32' title='bbox 653 298 728 325; x_wconf 87' lang='lat' dir='ltr'><strong>sunt.</strong></span> <span class='ocrx_word' id='word_1_33' title='bbox 749 295 798 322; x_wconf 86' lang='lat' dir='ltr'><strong>sed</strong></span> <span class='ocrx_word' id='word_1_34' title='bbox 812 299 840 322; x_wconf 94' lang='lat' dir='ltr'><strong>et</strong></span> <span class='ocrx_word' id='word_1_35' title='bbox 852 295 922 321; x_wconf 84' lang='lat' dir='ltr'><strong>alius</strong></span> <span class='ocrx_word' id='word_1_36' title='bbox 938 295 1001 330; x_wconf 89' lang='lat' dir='ltr'><strong>qui—</strong></span> 
     </span>
    </p>
   </div>
   <div class='ocr_carea' id='block_1_6' title="bbox 213 339 1002 375">
    <p class='ocr_par' dir='ltr' id='par_1_6' title="bbox 213 339 1002 375">
     <span class='ocr_line' id='line_1_6' title="bbox 213 339 1002 375; baseline 0.001 -8"><span class='ocrx_word' id='word_1_37' title='bbox 213 339 287 370; x_wconf 85' lang='lat' dir='ltr'><strong>dam,</strong></span> <span class='ocrx_word' id='word_1_38' title='bbox 299 341 346 375; x_wconf 87' lang='lat' dir='ltr'><strong>qui</strong></span> <span class='ocrx_word' id='word_1_39' title='bbox 367 340 473 367; x_wconf 87' lang='lat' dir='ltr'><strong>medius</strong></span> <span class='ocrx_word' id='word_1_40' title='bbox 494 340 667 371; x_wconf 82' lang='lat' dir='ltr'><strong>interveniat,</strong></span> <span class='ocrx_word' id='word_1_41' title='bbox 685 340 849 374; x_wconf 64' lang='lat' dir='ltr'><strong>quaerendus</strong></span> <span class='ocrx_word' id='word_1_42' title='bbox 862 344 924 373; x_wconf 86' lang='lat' dir='ltr'><strong>est;</strong></span> <span class='ocrx_word' id='word_1_43' title='bbox 945 341 1002 368; x_wconf 74' lang='lat' dir='ltr'><strong>sive</strong></span> 
     </span>
    </p>
   </div>
   <div class='ocr_carea' id='block_1_7' title="bbox 214 385 1001 421">
    <p class='ocr_par' dir='ltr' id='par_1_7' title="bbox 214 385 1001 421">
     <span class='ocr_line' id='line_1_7' title="bbox 214 385 1001 421; baseline 0.001 -9"><span class='ocrx_word' id='word_1_44' title='bbox 214 390 338 420; x_wconf 84' lang='lat' dir='ltr'><strong>quartus,</strong></span> <span class='ocrx_word' id='word_1_45' title='bbox 352 386 398 420; x_wconf 95' lang='lat' dir='ltr'><strong>qui</strong></span> <span class='ocrx_word' id='word_1_46' title='bbox 419 385 573 412; x_wconf 75' lang='lat' dir='ltr'><strong>istiUsmodi</strong></span> <span class='ocrx_word' id='word_1_47' title='bbox 590 385 735 412; x_wconf 88' lang='lat' dir='ltr'><strong>terminum</strong></span> <span class='ocrx_word' id='word_1_48' title='bbox 751 386 889 413; x_wconf 87' lang='lat' dir='ltr'><strong>immittat.</strong></span> <span class='ocrx_word' id='word_1_49' title='bbox 909 385 1001 421; x_wconf 82' lang='lat' dir='ltr'><strong>Neque</strong></span> 
     </span>
    </p>
   </div>
   <div class='ocr_carea' id='block_1_8' title="bbox 213 431 998 461">
    <p class='ocr_par' dir='ltr' id='par_1_8' title="bbox 213 431 998 461">
     <span class='ocr_line' id='line_1_8' title="bbox 213 431 998 461; baseline 0.003 -4"><span class='ocrx_word' id='word_1_50' title='bbox 213 431 284 458; x_wconf 82' lang='lat' dir='ltr'><strong>cuitu</strong></span> <span class='ocrx_word' id='word_1_51' title='bbox 304 431 358 457; x_wconf 91' lang='lat' dir='ltr'><strong>duo</strong></span> <span class='ocrx_word' id='word_1_52' title='bbox 380 431 430 458; x_wconf 86' lang='lat' dir='ltr'><strong>soli</strong></span> <span class='ocrx_word' id='word_1_53' title='bbox 453 431 601 458; x_wconf 80' lang='lat' dir='ltr'><strong>terminum</strong></span> <span class='ocrx_word' id='word_1_54' title='bbox 621 431 703 461; x_wconf 82' lang='lat' dir='ltr'><strong>hunc,</strong></span> <span class='ocrx_word' id='word_1_55' title='bbox 729 439 761 458; x_wconf 88' lang='lat' dir='ltr'><strong>ac</strong></span> <span class='ocrx_word' id='word_1_56' title='bbox 782 432 864 458; x_wconf 79' lang='lat' dir='ltr'><strong>veluti</strong></span> <span class='ocrx_word' id='word_1_57' title='bbox 891 439 998 459; x_wconf 88' lang='lat' dir='ltr'><strong>murum</strong></span> 
     </span>
    </p>
   </div>
   <div class='ocr_carea' id='block_1_9' title="bbox 212 478 995 513">
    <p class='ocr_par' dir='ltr' id='par_1_9' title="bbox 212 478 995 513">
     <span class='ocr_line' id='line_1_9' title="bbox 212 478 995 513; baseline 0 -9"><span class='ocrx_word' id='word_1_58' title='bbox 212 479 379 505; x_wconf 73' lang='lat' dir='ltr'><strong>constituere</strong></span> <span class='ocrx_word' id='word_1_59' title='bbox 391 482 516 512; x_wconf 82' lang='lat' dir='ltr'><strong>possunt,</strong></span> <span class='ocrx_word' id='word_1_60' title='bbox 533 478 586 506; x_wconf 93' lang='lat' dir='ltr'><strong>nisi</strong></span> <span class='ocrx_word' id='word_1_61' title='bbox 601 479 668 505; x_wconf 81' lang='lat' dir='ltr'><strong>alter</strong></span> <span class='ocrx_word' id='word_1_62' title='bbox 681 478 791 513; x_wconf 91' lang='lat' dir='ltr'><strong>quidam</strong></span> <span class='ocrx_word' id='word_1_63' title='bbox 809 478 901 505; x_wconf 85' lang='lat' dir='ltr'><strong>tinitor</strong></span> <span class='ocrx_word' id='word_1_64' title='bbox 920 486 995 505; x_wconf 76' lang='lat' dir='ltr'><strong>acue-</strong></span> 
     </span>
    </p>
   </div>
   <div class='ocr_carea' id='block_1_10' title="bbox 210 523 1000 559">
    <p class='ocr_par' dir='ltr' id='par_1_10' title="bbox 210 523 1000 559">
     <span class='ocr_line' id='line_1_10' title="bbox 210 523 1000 559; baseline 0.001 -9"><span class='ocrx_word' id='word_1_65' title='bbox 210 523 267 556; x_wconf 84' lang='lat' dir='ltr'><strong>dat,</strong></span> <span class='ocrx_word' id='word_1_66' title='bbox 282 524 329 558; x_wconf 90' lang='lat' dir='ltr'><strong>qui</strong></span> <span class='ocrx_word' id='word_1_67' title='bbox 349 524 420 550; x_wconf 91' lang='lat' dir='ltr'><strong>inter</strong></span> <span class='ocrx_word' id='word_1_68' title='bbox 434 524 480 550; x_wconf 86' lang='lat' dir='ltr'><strong>illa</strong></span> <span class='ocrx_word' id='word_1_69' title='bbox 499 524 554 550; x_wconf 90' lang='lat' dir='ltr'><strong>duo</strong></span> <span class='ocrx_word' id='word_1_70' title='bbox 569 524 708 558; x_wconf 85' lang='lat' dir='ltr'><strong>quidpiam</strong></span> <span class='ocrx_word' id='word_1_71' title='bbox 725 532 780 559; x_wconf 84' lang='lat' dir='ltr'><strong>quo</strong></span> <span class='ocrx_word' id='word_1_72' title='bbox 802 529 944 558; x_wconf 81' lang='lat' dir='ltr'><strong>separetur</strong></span> <span class='ocrx_word' id='word_1_73' title='bbox 958 525 1000 551; x_wconf 90' lang='lat' dir='ltr'><strong>in-</strong></span> 
     </span>
    </p>
   </div>
   <div class='ocr_carea' id='block_1_11' title="bbox 207 568 1000 603">
    <p class='ocr_par' dir='ltr' id='par_1_11' title="bbox 207 568 1000 603">
     <span class='ocr_line' id='line_1_11' title="bbox 207 568 1000 603; baseline 0.003 -8"><span class='ocrx_word' id='word_1_74' title='bbox 207 568 296 603; x_wconf 75' lang='lat' dir='ltr'><strong>jiciat.</strong></span> <span class='ocrx_word' id='word_1_75' title='bbox 310 569 476 602; x_wconf 79' lang='lat' dir='ltr'><strong>Quinetiam</strong></span> <span class='ocrx_word' id='word_1_76' title='bbox 501 574 529 596; x_wconf 87' lang='lat' dir='ltr'><strong>et</strong></span> <span class='ocrx_word' id='word_1_77' title='bbox 548 570 664 596; x_wconf 86' lang='lat' dir='ltr'><strong>scientia</strong></span> <span class='ocrx_word' id='word_1_78' title='bbox 688 569 840 597; x_wconf 83' lang='lat' dir='ltr'><strong>instructus</strong></span> <span class='ocrx_word' id='word_1_79' title='bbox 862 570 932 597; x_wconf 85' lang='lat' dir='ltr'><strong>idem</strong></span> <span class='ocrx_word' id='word_1_80' title='bbox 955 571 1000 598; x_wconf 84' lang='lat' dir='ltr'><strong>ille</strong></span> 
     </span>
    </p>
   </div>
   <div class='ocr_carea' id='block_1_12' title="bbox 210 613 999 648">
    <p class='ocr_par' dir='ltr' id='par_1_12' title="bbox 210 613 999 648">
     <span class='ocr_line' id='line_1_12' title="bbox 210 613 999 648; baseline 0.003 -9"><span class='ocrx_word' id='word_1_81' title='bbox 210 613 291 639; x_wconf 87' lang='lat' dir='ltr'><strong>debet</strong></span> <span class='ocrx_word' id='word_1_82' title='bbox 307 621 380 644; x_wconf 75' lang='lat' dir='ltr'><strong>esse,</strong></span> <span class='ocrx_word' id='word_1_83' title='bbox 400 618 427 640; x_wconf 87' lang='lat' dir='ltr'><strong>et</strong></span> <span class='ocrx_word' id='word_1_84' title='bbox 449 613 581 647; x_wconf 86' lang='lat' dir='ltr'><strong>prudens,</strong></span> <span class='ocrx_word' id='word_1_85' title='bbox 604 619 631 640; x_wconf 89' lang='lat' dir='ltr'><strong>et</strong></span> <span class='ocrx_word' id='word_1_86' title='bbox 653 614 783 648; x_wconf 68' lang='lat' dir='ltr'><strong>aequitate</strong></span> <span class='ocrx_word' id='word_1_87' title='bbox 805 614 953 648; x_wconf 69' lang='lat' dir='ltr'><strong>praeditus.</strong></span> <span class='ocrx_word' id='word_1_88' title='bbox 972 619 999 642; x_wconf 85' lang='lat' dir='ltr'><strong>et</strong></span> 
     </span>
    </p>
   </div>
   <div class='ocr_carea' id='block_1_13' title="bbox 209 657 999 694">
    <p class='ocr_par' dir='ltr' id='par_1_13' title="bbox 209 657 999 694">
     <span class='ocr_line' id='line_1_13' title="bbox 209 657 999 694; baseline 0.004 -11"><span class='ocrx_word' id='word_1_89' title='bbox 209 657 342 688; x_wconf 84' lang='lat' dir='ltr'><strong>illustris.</strong></span> <span class='ocrx_word' id='word_1_90' title='bbox 359 662 389 684; x_wconf 93' lang='lat' dir='ltr'><strong>ut</strong></span> <span class='ocrx_word' id='word_1_91' title='bbox 408 658 503 685; x_wconf 88' lang='lat' dir='ltr'><strong>ambos</strong></span> <span class='ocrx_word' id='word_1_92' title='bbox 523 658 584 685; x_wconf 84' lang='lat' dir='ltr'><strong>illos</strong></span> <span class='ocrx_word' id='word_1_93' title='bbox 601 659 634 685; x_wconf 83' lang='lat' dir='ltr'><strong>ad</strong></span> <span class='ocrx_word' id='word_1_94' title='bbox 655 666 748 693; x_wconf 87' lang='lat' dir='ltr'><strong>pacem</strong></span> <span class='ocrx_word' id='word_1_95' title='bbox 767 659 999 694; x_wconf 80' lang='lat' dir='ltr'><strong>concordiamque</strong></span> 
     </span>
    </p>
   </div>
   <div class='ocr_carea' id='block_1_14' title="bbox 209 703 996 738">
    <p class='ocr_par' dir='ltr' id='par_1_14' title="bbox 209 703 996 738">
     <span class='ocr_line' id='line_1_14' title="bbox 209 703 996 738; baseline 0.003 -8"><span class='ocrx_word' id='word_1_96' title='bbox 209 708 329 731; x_wconf 86' lang='lat' dir='ltr'><strong>revocet.</strong></span> <span class='ocrx_word' id='word_1_97' title='bbox 352 703 390 730; x_wconf 71' lang='lat' dir='ltr'><strong>Ex</strong></span> <span class='ocrx_word' id='word_1_98' title='bbox 410 704 509 738; x_wconf 85' lang='lat' dir='ltr'><strong>quibus</strong></span> <span class='ocrx_word' id='word_1_99' title='bbox 531 704 656 738; x_wconf 86' lang='lat' dir='ltr'><strong>sequitur</strong></span> <span class='ocrx_word' id='word_1_100' title='bbox 673 712 757 730; x_wconf 91' lang='lat' dir='ltr'><strong>unum</strong></span> <span class='ocrx_word' id='word_1_101' title='bbox 774 712 834 732; x_wconf 87' lang='lat' dir='ltr'><strong>esse</strong></span> <span class='ocrx_word' id='word_1_102' title='bbox 850 704 996 738; x_wconf 82' lang='lat' dir='ltr'><strong>tinitoretn,</strong></span> 
     </span>
    </p>
   </div>
   <div class='ocr_carea' id='block_1_15' title="bbox 209 751 997 785">
    <p class='ocr_par' dir='ltr' id='par_1_15' title="bbox 209 751 997 785">
     <span class='ocr_line' id='line_1_15' title="bbox 209 751 997 785; baseline 0.004 -9"><span class='ocrx_word' id='word_1_103' title='bbox 209 755 393 784; x_wconf 86' lang='lat' dir='ltr'><strong>scparatorem</strong></span> <span class='ocrx_word' id='word_1_104' title='bbox 415 751 543 781; x_wconf 83' lang='lat' dir='ltr'><strong>alterunt.</strong></span> <span class='ocrx_word' id='word_1_105' title='bbox 559 758 591 777; x_wconf 90' lang='lat' dir='ltr'><strong>ac</strong></span> <span class='ocrx_word' id='word_1_106' title='bbox 608 751 662 777; x_wconf 82' lang='lat' dir='ltr'><strong>duo</strong></span> <span class='ocrx_word' id='word_1_107' title='bbox 683 751 800 785; x_wconf 85' lang='lat' dir='ltr'><strong>denique</strong></span> <span class='ocrx_word' id='word_1_108' title='bbox 817 751 934 778; x_wconf 84' lang='lat' dir='ltr'><strong>termino</strong></span> <span class='ocrx_word' id='word_1_109' title='bbox 949 752 997 779; x_wconf 88' lang='lat' dir='ltr'><strong>illo</strong></span> 
     </span>
    </p>
   </div>
   <div class='ocr_carea' id='block_1_16' title="bbox 1058 249 1842 285">
    <p class='ocr_par' dir='ltr' id='par_1_16' title="bbox 1058 249 1842 285">
     <span class='ocr_line' id='line_1_16' title="bbox 1058 249 1842 285; baseline 0 -9"><span class='ocrx_word' id='word_1_110' title='bbox 1058 250 1073 275; x_wconf 79' lang='grc' dir='ltr'>ὁ</span> <span class='ocrx_word' id='word_1_111' title='bbox 1085 249 1256 285; x_wconf 80' lang='grc' dir='ltr'>μεσιτεύσας.</span> <span class='ocrx_word' id='word_1_112' title='bbox 1268 249 1315 276; x_wconf 72' lang='grc' dir='ltr'><strong>καὶ</strong></span> <span class='ocrx_word' id='word_1_113' title='bbox 1327 249 1373 276; x_wconf 84' lang='grc' dir='ltr'>τὸν</span> <span class='ocrx_word' id='word_1_114' title='bbox 1382 250 1444 284; x_wconf 72' lang='grc' dir='ltr'>ὅρον</span> <span class='ocrx_word' id='word_1_115' title='bbox 1453 250 1546 276; x_wconf 71' lang='grc' dir='ltr'>τοῦτον</span> <span class='ocrx_word' id='word_1_116' title='bbox 1562 249 1690 285; x_wconf 68' lang='grc' dir='ltr'>ἐμϐαλὼν</span> <span class='ocrx_word' id='word_1_117' title='bbox 1702 250 1842 284; x_wconf 67' lang='grc' dir='ltr'>τιτσρτος.</span> 
     </span>
    </p>
   </div>
   <div class='ocr_carea' id='block_1_17' title="bbox 1054 294 1841 330">
    <p class='ocr_par' dir='ltr' id='par_1_17' title="bbox 1054 294 1841 330">
     <span class='ocr_line' id='line_1_17' title="bbox 1054 294 1841 330; baseline 0 -10"><span class='ocrx_word' id='word_1_118' title='bbox 1054 295 1091 320; x_wconf 74' lang='grc' dir='ltr'><strong>Οὐ</strong></span> <span class='ocrx_word' id='word_1_119' title='bbox 1102 294 1156 330; x_wconf 76' lang='grc' dir='ltr'>γὰρ</span> <span class='ocrx_word' id='word_1_120' title='bbox 1168 294 1301 329; x_wconf 55' lang='grc' dir='ltr'><strong>¹ιζδιὶικιντο</strong></span> <span class='ocrx_word' id='word_1_121' title='bbox 1309 295 1334 321; x_wconf 80' lang='lat' dir='ltr'><strong>oi</strong></span> <span class='ocrx_word' id='word_1_122' title='bbox 1343 294 1389 321; x_wconf 75' lang='grc' dir='ltr'>δύο</span> <span class='ocrx_word' id='word_1_123' title='bbox 1400 294 1528 322; x_wconf 68' lang='grc' dir='ltr'>ἐκθέσθαι</span> <span class='ocrx_word' id='word_1_124' title='bbox 1536 295 1582 322; x_wconf 80' lang='grc' dir='ltr'>τὸν</span> <span class='ocrx_word' id='word_1_125' title='bbox 1596 295 1658 330; x_wconf 78' lang='grc' dir='ltr'>ὅρον</span> <span class='ocrx_word' id='word_1_126' title='bbox 1670 294 1689 330; x_wconf 74' lang='grc' dir='ltr'>ἢ</span> <span class='ocrx_word' id='word_1_127' title='bbox 1697 294 1730 321; x_wconf 59' lang='lat' dir='ltr'><strong>te</strong></span> <span class='ocrx_word' id='word_1_128' title='bbox 1740 295 1841 329; x_wconf 71' lang='grc' dir='ltr'>τεῖχος,</span> 
     </span>
    </p>
   </div>
   <div class='ocr_carea' id='block_1_18' title="bbox 1052 340 1843 377">
    <p class='ocr_par' dir='ltr' id='par_1_18' title="bbox 1052 340 1843 377">
     <span class='ocr_line' id='line_1_18' title="bbox 1052 340 1843 377; baseline 0 -11"><span class='ocrx_word' id='word_1_129' title='bbox 1052 341 1076 366; x_wconf 76' lang='grc' dir='ltr'><strong>ει</strong></span> <span class='ocrx_word' id='word_1_130' title='bbox 1089 341 1127 375; x_wconf 82' lang='grc' dir='ltr'>μὴ</span> <span class='ocrx_word' id='word_1_131' title='bbox 1142 341 1233 375; x_wconf 71' lang='grc' dir='ltr'>ἕτερος</span> <span class='ocrx_word' id='word_1_132' title='bbox 1255 340 1300 376; x_wconf 78' lang='grc' dir='ltr'><strong>εἵη</strong></span> <span class='ocrx_word' id='word_1_133' title='bbox 1313 342 1328 367; x_wconf 84' lang='grc' dir='ltr'><strong><em>ὸ</em></strong></span> <span class='ocrx_word' id='word_1_134' title='bbox 1344 341 1484 377; x_wconf 70' lang='grc' dir='ltr'>ὁροθέτης,</span> <span class='ocrx_word' id='word_1_135' title='bbox 1500 341 1514 367; x_wconf 84' lang='grc' dir='ltr'><strong>ὀ</strong></span> <span class='ocrx_word' id='word_1_136' title='bbox 1528 341 1558 367; x_wconf 79' lang='grc' dir='ltr'>τὸ</span> <span class='ocrx_word' id='word_1_137' title='bbox 1571 341 1690 377; x_wconf 74' lang='grc' dir='ltr'>διεῖργον</span> <span class='ocrx_word' id='word_1_138' title='bbox 1703 340 1843 375; x_wconf 73' lang='grc' dir='ltr'>ἀναμίσον</span> 
     </span>
    </p>
   </div>
   <div class='ocr_carea' id='block_1_19' title="bbox 1051 385 1842 423">
    <p class='ocr_par' dir='ltr' id='par_1_19' title="bbox 1051 385 1842 423">
     <span class='ocr_line' id='line_1_19' title="bbox 1051 385 1842 423; baseline -0.001 -10"><span class='ocrx_word' id='word_1_139' title='bbox 1051 387 1105 413; x_wconf 79' lang='grc' dir='ltr'>τῶν</span> <span class='ocrx_word' id='word_1_140' title='bbox 1127 387 1288 423; x_wconf 68' lang='grc' dir='ltr'>ἀμφοτέρων</span> <span class='ocrx_word' id='word_1_141' title='bbox 1311 386 1447 422; x_wconf 74' lang='grc' dir='ltr'>ἐμϐαλών.</span> <span class='ocrx_word' id='word_1_142' title='bbox 1479 387 1560 413; x_wconf 76' lang='grc' dir='ltr'>Ἀλλὰ</span> <span class='ocrx_word' id='word_1_143' title='bbox 1583 387 1631 413; x_wconf 72' lang='grc' dir='ltr'>καὶ</span> <span class='ocrx_word' id='word_1_144' title='bbox 1650 386 1770 421; x_wconf 64' lang='grc' dir='ltr'>αἰδήμων</span> <span class='ocrx_word' id='word_1_145' title='bbox 1790 385 1842 421; x_wconf 72' lang='grc' dir='ltr'>τὴν</span> 
     </span>
    </p>
   </div>
   <div class='ocr_carea' id='block_1_20' title="bbox 1051 432 1840 469">
    <p class='ocr_par' dir='ltr' id='par_1_20' title="bbox 1051 432 1840 469">
     <span class='ocr_line' id='line_1_20' title="bbox 1051 432 1840 469; baseline -0.003 -10"><span class='ocrx_word' id='word_1_146' title='bbox 1051 434 1222 469; x_wconf 72' lang='grc' dir='ltr'><strong>ἐπιστήμην,</strong></span> <span class='ocrx_word' id='word_1_147' title='bbox 1248 434 1294 460; x_wconf 75' lang='grc' dir='ltr'>καὶ</span> <span class='ocrx_word' id='word_1_148' title='bbox 1313 434 1423 465; x_wconf 75' lang='grc' dir='ltr'>συνετὸς</span> <span class='ocrx_word' id='word_1_149' title='bbox 1438 433 1484 460; x_wconf 77' lang='grc' dir='ltr'>τὸν</span> <span class='ocrx_word' id='word_1_150' title='bbox 1501 432 1623 468; x_wconf 53' lang='lat' dir='ltr'><strong>cpe-nov&quot;</strong></span> <span class='ocrx_word' id='word_1_151' title='bbox 1641 432 1689 459; x_wconf 74' lang='grc' dir='ltr'><strong>καὶ</strong></span> <span class='ocrx_word' id='word_1_152' title='bbox 1704 432 1840 466; x_wconf 74' lang='grc' dir='ltr'>ἑπιιικῆς,</span> 
     </span>
    </p>
   </div>
   <div class='ocr_carea' id='block_1_21' title="bbox 1051 478 1842 515">
    <p class='ocr_par' dir='ltr' id='par_1_21' title="bbox 1051 478 1842 515">
     <span class='ocr_line' id='line_1_21' title="bbox 1051 478 1842 515; baseline -0.003 -9"><span class='ocrx_word' id='word_1_153' title='bbox 1051 481 1098 507; x_wconf 75' lang='grc' dir='ltr'>καὶ</span> <span class='ocrx_word' id='word_1_154' title='bbox 1115 480 1297 515; x_wconf 64' lang='grc' dir='ltr'>ἐνδοξότερος·</span> <span class='ocrx_word' id='word_1_155' title='bbox 1322 481 1392 507; x_wconf 80' lang='grc' dir='ltr'>ὥστε</span> <span class='ocrx_word' id='word_1_156' title='bbox 1410 480 1540 507; x_wconf 81' lang='grc' dir='ltr'>δύνασθαι</span> <span class='ocrx_word' id='word_1_157' title='bbox 1558 481 1651 506; x_wconf 79' lang='grc' dir='ltr'>πεῖσαι</span> <span class='ocrx_word' id='word_1_158' title='bbox 1666 478 1842 514; x_wconf 72' lang='grc' dir='ltr'><strong>ἀμφοτέρους</strong></span> 
     </span>
    </p>
   </div>
   <div class='ocr_carea' id='block_1_22' title="bbox 1050 522 1841 562">
    <p class='ocr_par' dir='ltr' id='par_1_22' title="bbox 1050 522 1841 562">
     <span class='ocr_line' id='line_1_22' title="bbox 1050 522 1841 562; baseline -0.003 -10"><span class='ocrx_word' id='word_1_159' title='bbox 1050 526 1092 557; x_wconf 72' lang='lat' dir='ltr'><strong>et;</strong></span> <span class='ocrx_word' id='word_1_160' title='bbox 1107 526 1295 561; x_wconf 74' lang='grc' dir='ltr'>συμϐιϐασμὸν</span> <span class='ocrx_word' id='word_1_161' title='bbox 1309 527 1430 562; x_wconf 79' lang='grc' dir='ltr'>εἰρήνης.</span> <span class='ocrx_word' id='word_1_162' title='bbox 1451 526 1547 552; x_wconf 81' lang='grc' dir='ltr'><strong>Ἔσται</strong></span> <span class='ocrx_word' id='word_1_163' title='bbox 1561 523 1609 552; x_wconf 85' lang='grc' dir='ltr'>οὖν</span> <span class='ocrx_word' id='word_1_164' title='bbox 1619 522 1659 556; x_wconf 75' lang='grc' dir='ltr'>εἷς</span> <span class='ocrx_word' id='word_1_165' title='bbox 1668 525 1682 551; x_wconf 85' lang='grc' dir='ltr'>ὁ</span> <span class='ocrx_word' id='word_1_166' title='bbox 1693 523 1841 559; x_wconf 77' lang='grc' dir='ltr'>ὀροθῑτῶν,</span> 
     </span>
    </p>
   </div>
   <div class='ocr_carea' id='block_1_23' title="bbox 1050 571 1840 610">
    <p class='ocr_par' dir='ltr' id='par_1_23' title="bbox 1050 571 1840 610">
     <span class='ocr_line' id='line_1_23' title="bbox 1050 571 1840 610; baseline -0.003 -11"><span class='ocrx_word' id='word_1_167' title='bbox 1050 573 1097 599; x_wconf 74' lang='grc' dir='ltr'>καὶ</span> <span class='ocrx_word' id='word_1_168' title='bbox 1104 572 1135 599; x_wconf 80' lang='grc' dir='ltr'>ἓν</span> <span class='ocrx_word' id='word_1_169' title='bbox 1143 573 1174 599; x_wconf 73' lang='grc' dir='ltr'>τὸ</span> <span class='ocrx_word' id='word_1_170' title='bbox 1182 573 1308 610; x_wconf 76' lang='grc' dir='ltr'>διεῖργον,</span> <span class='ocrx_word' id='word_1_171' title='bbox 1322 573 1422 600; x_wconf 73' lang='grc' dir='ltr'>καὶδύο</span> <span class='ocrx_word' id='word_1_172' title='bbox 1433 574 1468 600; x_wconf 78' lang='grc' dir='ltr'>τὰ</span> <span class='ocrx_word' id='word_1_173' title='bbox 1478 572 1706 608; x_wconf 81' lang='grc' dir='ltr'>τερματιζόμενα,</span> <span class='ocrx_word' id='word_1_174' title='bbox 1714 572 1763 598; x_wconf 76' lang='grc' dir='ltr'>καὶ</span> <span class='ocrx_word' id='word_1_175' title='bbox 1772 571 1840 598; x_wconf 76' lang='grc' dir='ltr'>οὑκ-</span> 
     </span>
    </p>
   </div>
   <div class='ocr_carea' id='block_1_24' title="bbox 1050 617 1840 654">
    <p class='ocr_par' dir='ltr' id='par_1_24' title="bbox 1050 617 1840 654">
     <span class='ocr_line' id='line_1_24' title="bbox 1050 617 1840 654; baseline -0.003 -10"><span class='ocrx_word' id='word_1_176' title='bbox 1050 618 1090 644; x_wconf 80' lang='grc' dir='ltr'>έτι</span> <span class='ocrx_word' id='word_1_177' title='bbox 1108 618 1155 644; x_wconf 86' lang='grc' dir='ltr'>δύο</span> <span class='ocrx_word' id='word_1_178' title='bbox 1178 619 1261 654; x_wconf 73' lang='grc' dir='ltr'>ἀρχαὶ</span> <span class='ocrx_word' id='word_1_179' title='bbox 1276 619 1367 654; x_wconf 85' lang='grc' dir='ltr'>μόνον,</span> <span class='ocrx_word' id='word_1_180' title='bbox 1385 619 1453 646; x_wconf 77' lang='grc' dir='ltr'>ἀλλὰ</span> <span class='ocrx_word' id='word_1_181' title='bbox 1476 619 1524 645; x_wconf 78' lang='grc' dir='ltr'>καὶ</span> <span class='ocrx_word' id='word_1_182' title='bbox 1539 619 1622 654; x_wconf 81' lang='grc' dir='ltr'>τρεῖς,</span> <span class='ocrx_word' id='word_1_183' title='bbox 1637 617 1684 645; x_wconf 77' lang='grc' dir='ltr'>καὶ</span> <span class='ocrx_word' id='word_1_184' title='bbox 1696 617 1840 652; x_wconf 67' lang='grc' dir='ltr'>τέσσαρες.</span> 
     </span>
    </p>
   </div>
   <div class='ocr_carea' id='block_1_25' title="bbox 1050 661 1840 700">
    <p class='ocr_par' dir='ltr' id='par_1_25' title="bbox 1050 661 1840 700">
     <span class='ocr_line' id='line_1_25' title="bbox 1050 661 1840 700; baseline 0 -11"><span class='ocrx_word' id='word_1_185' title='bbox 1050 663 1105 689; x_wconf 76' lang='grc' dir='ltr'><strong>Καὶ</strong></span> <span class='ocrx_word' id='word_1_186' title='bbox 1120 664 1190 690; x_wconf 80' lang='grc' dir='ltr'>κατὰ</span> <span class='ocrx_word' id='word_1_187' title='bbox 1210 664 1307 691; x_wconf 78' lang='grc' dir='ltr'>τοῦτον</span> <span class='ocrx_word' id='word_1_188' title='bbox 1325 665 1371 692; x_wconf 76' lang='grc' dir='ltr'>τὸν</span> <span class='ocrx_word' id='word_1_189' title='bbox 1384 665 1484 700; x_wconf 80' lang='grc' dir='ltr'><strong>τρόπον</strong></span> <span class='ocrx_word' id='word_1_190' title='bbox 1509 664 1556 691; x_wconf 74' lang='grc' dir='ltr'><strong>ἐπὶ</strong></span> <span class='ocrx_word' id='word_1_191' title='bbox 1575 664 1675 695; x_wconf 77' lang='grc' dir='ltr'>πολλὰς</span> <span class='ocrx_word' id='word_1_192' title='bbox 1687 662 1775 698; x_wconf 77' lang='grc' dir='ltr'>ἀρχὰς</span> <span class='ocrx_word' id='word_1_193' title='bbox 1789 661 1840 697; x_wconf 76' lang='grc' dir='ltr'>τὴν</span> 
     </span>
    </p>
   </div>
   <div class='ocr_carea' id='block_1_26' title="bbox 1049 708 1840 746">
    <p class='ocr_par' dir='ltr' id='par_1_26' title="bbox 1049 708 1840 746">
     <span class='ocr_line' id='line_1_26' title="bbox 1049 708 1840 746; baseline -0.001 -11"><span class='ocrx_word' id='word_1_194' title='bbox 1049 708 1168 736; x_wconf 84' lang='grc' dir='ltr'>διάνοιαν</span> <span class='ocrx_word' id='word_1_195' title='bbox 1178 710 1289 745; x_wconf 74' lang='grc' dir='ltr'>τρέπειν</span> <span class='ocrx_word' id='word_1_196' title='bbox 1303 710 1403 742; x_wconf 73' lang='grc' dir='ltr'>ἔνεστι,</span> <span class='ocrx_word' id='word_1_197' title='bbox 1414 711 1462 737; x_wconf 65' lang='grc' dir='ltr'><strong>καὶ</strong></span> <span class='ocrx_word' id='word_1_198' title='bbox 1473 711 1521 746; x_wconf 79' lang='grc' dir='ltr'>ὲᾷν</span> <span class='ocrx_word' id='word_1_199' title='bbox 1533 710 1568 736; x_wconf 74' lang='grc' dir='ltr'><strong>τὰ</strong></span> <span class='ocrx_word' id='word_1_200' title='bbox 1582 709 1657 742; x_wconf 65' lang='grc' dir='ltr'>ὅντα,</span> <span class='ocrx_word' id='word_1_201' title='bbox 1671 709 1718 736; x_wconf 78' lang='grc' dir='ltr'>καὶ</span> <span class='ocrx_word' id='word_1_202' title='bbox 1734 708 1840 743; x_wconf 78' lang='grc' dir='ltr'>φαντά-</span> 
     </span>
    </p>
   </div>
   <div class='ocr_carea' id='block_1_27' title="bbox 1049 753 1328 792">
    <p class='ocr_par' dir='ltr' id='par_1_27' title="bbox 1049 753 1328 792">
     <span class='ocr_line' id='line_1_27' title="bbox 1049 753 1328 792; baseline 0.007 -12"><span class='ocrx_word' id='word_1_203' title='bbox 1049 753 1144 786; x_wconf 78' lang='grc' dir='ltr'>ζεσθαι</span> <span class='ocrx_word' id='word_1_204' title='bbox 1156 755 1191 782; x_wconf 86' lang='grc' dir='ltr'>τὰ</span> <span class='ocrx_word' id='word_1_205' title='bbox 1203 756 1240 792; x_wconf 80' lang='grc' dir='ltr'>μὴ</span> <span class='ocrx_word' id='word_1_206' title='bbox 1254 755 1328 783; x_wconf 75' lang='grc' dir='ltr'>ὅντα.</span> 
     </span>
    </p>
   </div>
   <div class='ocr_carea' id='block_1_28' title="bbox 207 795 1840 837">
    <p class='ocr_par' dir='ltr' id='par_1_28' title="bbox 207 795 1840 837">
     <span class='ocr_line' id='line_1_28' title="bbox 207 795 1840 837; baseline 0.004 -16"><span class='ocrx_word' id='word_1_207' title='bbox 207 795 434 830; x_wconf 82' lang='lat' dir='ltr'><strong>circumscripta;</strong></span> <span class='ocrx_word' id='word_1_208' title='bbox 455 804 542 830; x_wconf 86' lang='lat' dir='ltr'><strong>neque</strong></span> <span class='ocrx_word' id='word_1_209' title='bbox 572 795 627 823; x_wconf 90' lang='lat' dir='ltr'><strong>duo</strong></span> <span class='ocrx_word' id='word_1_210' title='bbox 646 796 702 831; x_wconf 82' lang='lat' dir='ltr'><strong>jam</strong></span> <span class='ocrx_word' id='word_1_211' title='bbox 736 804 808 829; x_wconf 87' lang='lat' dir='ltr'><strong>esse,</strong></span> <span class='ocrx_word' id='word_1_212' title='bbox 831 797 879 824; x_wconf 87' lang='lat' dir='ltr'><strong>sed</strong></span> <span class='ocrx_word' id='word_1_213' title='bbox 912 798 965 824; x_wconf 83' lang='lat' dir='ltr'><strong>tria</strong></span> <span class='ocrx_word' id='word_1_214' title='bbox 983 803 1154 835; x_wconf 79' lang='lat' dir='ltr'><strong>quatuorque</strong></span> <span class='ocrx_word' id='word_1_215' title='bbox 1171 801 1314 837; x_wconf 76' lang='lat' dir='ltr'><strong>principia.</strong></span> <span class='ocrx_word' id='word_1_216' title='bbox 1341 802 1400 835; x_wconf 80' lang='lat' dir='ltr'><strong>Qua</strong></span> <span class='ocrx_word' id='word_1_217' title='bbox 1421 801 1528 829; x_wconf 84' lang='lat' dir='ltr'><strong>ratione</strong></span> <span class='ocrx_word' id='word_1_218' title='bbox 1551 801 1629 837; x_wconf 81' lang='lat' dir='ltr'><strong>plura</strong></span> <span class='ocrx_word' id='word_1_219' title='bbox 1655 801 1682 828; x_wconf 91' lang='lat' dir='ltr'><strong>in</strong></span> <span class='ocrx_word' id='word_1_220' title='bbox 1704 800 1840 836; x_wconf 76' lang='lat' dir='ltr'><strong>principia</strong></span> 
     </span>
    </p>
   </div>
   <div class='ocr_carea' id='block_1_29' title="bbox 208 841 1695 882">
    <p class='ocr_par' dir='ltr' id='par_1_29' title="bbox 208 841 1695 882">
     <span class='ocr_line' id='line_1_29' title="bbox 208 841 1695 882; baseline 0.003 -14"><span class='ocrx_word' id='word_1_221' title='bbox 208 842 409 868; x_wconf 75' lang='lat' dir='ltr'><strong>convertendus</strong></span> <span class='ocrx_word' id='word_1_222' title='bbox 423 845 465 868; x_wconf 88' lang='lat' dir='ltr'><strong>est</strong></span> <span class='ocrx_word' id='word_1_223' title='bbox 482 842 600 872; x_wconf 87' lang='lat' dir='ltr'><strong>animus,</strong></span> <span class='ocrx_word' id='word_1_224' title='bbox 617 846 643 868; x_wconf 85' lang='lat' dir='ltr'><strong>et</strong></span> <span class='ocrx_word' id='word_1_225' title='bbox 660 841 702 869; x_wconf 84' lang='lat' dir='ltr'><strong>bis</strong></span> <span class='ocrx_word' id='word_1_226' title='bbox 721 849 782 876; x_wconf 68' lang='lat' dir='ltr'><strong>qua:</strong></span> <span class='ocrx_word' id='word_1_227' title='bbox 795 843 882 877; x_wconf 84' lang='lat' dir='ltr'><strong>reipsa</strong></span> <span class='ocrx_word' id='word_1_228' title='bbox 905 849 970 871; x_wconf 83' lang='lat' dir='ltr'><strong>sunt</strong></span> <span class='ocrx_word' id='word_1_229' title='bbox 986 845 1099 877; x_wconf 88' lang='lat' dir='ltr'><strong>relictis,</strong></span> <span class='ocrx_word' id='word_1_230' title='bbox 1129 854 1190 880; x_wconf 70' lang='lat' dir='ltr'><strong>qua:</strong></span> <span class='ocrx_word' id='word_1_231' title='bbox 1222 854 1276 874; x_wconf 77' lang='lat' dir='ltr'><strong>non</strong></span> <span class='ocrx_word' id='word_1_232' title='bbox 1305 851 1368 874; x_wconf 76' lang='lat' dir='ltr'><strong>sunt</strong></span> <span class='ocrx_word' id='word_1_233' title='bbox 1383 847 1548 882; x_wconf 72' lang='lat' dir='ltr'><strong>cogitatione</strong></span> <span class='ocrx_word' id='word_1_234' title='bbox 1561 847 1695 881; x_wconf 70' lang='lat' dir='ltr'><strong>tingendo.</strong></span> 
     </span>
    </p>
   </div>
   <div class='ocr_carea' id='block_1_30' title="bbox 245 884 994 928">
    <p class='ocr_par' dir='ltr' id='par_1_30' title="bbox 245 884 994 922">
     <span class='ocr_line' id='line_1_30' title="bbox 245 884 994 922; baseline 0.005 -10"><span class='ocrx_word' id='word_1_235' title='bbox 245 884 301 913; x_wconf 80' lang='lat' dir='ltr'><strong>XV.</strong></span> <span class='ocrx_word' id='word_1_236' title='bbox 328 887 405 920; x_wconf 82' lang='lat' dir='ltr'><strong>Quod</strong></span> <span class='ocrx_word' id='word_1_237' title='bbox 419 891 509 914; x_wconf 86' lang='lat' dir='ltr'><strong>autem</strong></span> <span class='ocrx_word' id='word_1_238' title='bbox 526 886 648 914; x_wconf 81' lang='lat' dir='ltr'><strong>nefarius</strong></span> <span class='ocrx_word' id='word_1_239' title='bbox 663 887 707 914; x_wconf 91' lang='lat' dir='ltr'><strong>ille</strong></span> <span class='ocrx_word' id='word_1_240' title='bbox 723 888 830 922; x_wconf 68' lang='lat' dir='ltr'><strong>quaerit.</strong></span> <span class='ocrx_word' id='word_1_241' title='bbox 848 892 876 914; x_wconf 91' lang='lat' dir='ltr'><strong>ut</strong></span> <span class='ocrx_word' id='word_1_242' title='bbox 893 896 927 916; x_wconf 88' lang='lat' dir='ltr'><strong>ne</strong></span> <span class='ocrx_word' id='word_1_243' title='bbox 940 888 994 917; x_wconf 87' lang='lat' dir='ltr'><strong>Deo</strong></span> 
     </span>
    </p>
   </div>
   <div class='ocr_carea' id='block_1_31' title="bbox 1045 884 1840 928">
    <p class='ocr_par' dir='ltr' id='par_1_31' title="bbox 1082 891 1840 928">
     <span class='ocr_line' id='line_1_31' title="bbox 1082 891 1840 928; baseline 0.001 -10"><span class='ocrx_word' id='word_1_244' title='bbox 1082 891 1133 918; x_wconf 84' lang='lat' dir='ltr'><strong>lE&#39;.</strong></span> <span class='ocrx_word' id='word_1_245' title='bbox 1157 892 1201 918; x_wconf 82' lang='grc' dir='ltr'>Ἐν</span> <span class='ocrx_word' id='word_1_246' title='bbox 1213 892 1241 918; x_wconf 70' lang='grc' dir='ltr'>δὲ</span> <span class='ocrx_word' id='word_1_247' title='bbox 1261 891 1300 927; x_wconf 82' lang='grc' dir='ltr'>τῷ</span> <span class='ocrx_word' id='word_1_248' title='bbox 1317 892 1408 927; x_wconf 76' lang='grc' dir='ltr'>ζητεῖν</span> <span class='ocrx_word' id='word_1_249' title='bbox 1421 892 1467 918; x_wconf 77' lang='grc' dir='ltr'>τὸν</span> <span class='ocrx_word' id='word_1_250' title='bbox 1488 892 1626 928; x_wconf 62' lang='grc' dir='ltr'>ἀλιτήριον</span> <span class='ocrx_word' id='word_1_251' title='bbox 1643 892 1742 919; x_wconf 74' lang='grc' dir='ltr'>κακίαν</span> <span class='ocrx_word' id='word_1_252' title='bbox 1757 892 1840 928; x_wconf 73' lang='grc' dir='ltr'>δῆθεν</span> 
     </span>
    </p>
   </div>
   <div class='ocr_carea' id='block_1_32' title="bbox 208 932 998 967">
    <p class='ocr_par' dir='ltr' id='par_1_32' title="bbox 208 932 998 967">
     <span class='ocr_line' id='line_1_32' title="bbox 208 932 998 967; baseline 0.005 -9"><span class='ocrx_word' id='word_1_253' title='bbox 208 933 340 959; x_wconf 80' lang='lat' dir='ltr'><strong>malitiam</strong></span> <span class='ocrx_word' id='word_1_254' title='bbox 356 932 482 967; x_wconf 73' lang='lat' dir='ltr'><strong>aliingat;</strong></span> <span class='ocrx_word' id='word_1_255' title='bbox 494 937 536 960; x_wconf 79' lang='lat' dir='ltr'><strong>est</strong></span> <span class='ocrx_word' id='word_1_256' title='bbox 553 932 580 959; x_wconf 91' lang='lat' dir='ltr'><strong>id</strong></span> <span class='ocrx_word' id='word_1_257' title='bbox 595 932 716 967; x_wconf 88' lang='lat' dir='ltr'><strong>quidem,</strong></span> <span class='ocrx_word' id='word_1_258' title='bbox 732 933 998 967; x_wconf 80' lang='lat' dir='ltr'><strong>fateor,absurdum,</strong></span> 
     </span>
    </p>
   </div>
   <div class='ocr_carea' id='block_1_33' title="bbox 208 974 993 1012">
    <p class='ocr_par' dir='ltr' id='par_1_33' title="bbox 208 974 993 1012">
     <span class='ocr_line' id='line_1_33' title="bbox 208 974 993 1012; baseline 0.005 -8"><span class='ocrx_word' id='word_1_259' title='bbox 208 977 280 1005; x_wconf 82' lang='lat' dir='ltr'><strong>istud</strong></span> <span class='ocrx_word' id='word_1_260' title='bbox 295 978 382 1012; x_wconf 73' lang='lat' dir='ltr'><strong>ipsum</strong></span> <span class='ocrx_word' id='word_1_261' title='bbox 394 978 514 1005; x_wconf 83' lang='lat' dir='ltr'><strong>tribuere</strong></span> <span class='ocrx_word' id='word_1_262' title='bbox 524 977 589 1006; x_wconf 85' lang='lat' dir='ltr'><strong>Deo.</strong></span> <span class='ocrx_word' id='word_1_263' title='bbox 597 974 672 1006; x_wconf 86' lang='lat' dir='ltr'><strong>Unde</strong></span> <span class='ocrx_word' id='word_1_264' title='bbox 685 979 879 1007; x_wconf 48' lang='lat' dir='ltr'><strong>ecclesiastica).</strong></span> <span class='ocrx_word' id='word_1_265' title='bbox 889 980 993 1008; x_wconf 87' lang='lat' dir='ltr'><strong>doctri-</strong></span> 
     </span>
    </p>
   </div>
   <div class='ocr_carea' id='block_1_34' title="bbox 208 1023 994 1059">
    <p class='ocr_par' dir='ltr' id='par_1_34' title="bbox 208 1023 994 1059">
     <span class='ocr_line' id='line_1_34' title="bbox 208 1023 994 1059; baseline 0.004 -10"><span class='ocrx_word' id='word_1_266' title='bbox 208 1031 250 1050; x_wconf 68' lang='lat' dir='ltr'><strong>na:</strong></span> <span class='ocrx_word' id='word_1_267' title='bbox 265 1023 350 1049; x_wconf 77' lang='lat' dir='ltr'><strong>forma</strong></span> <span class='ocrx_word' id='word_1_268' title='bbox 364 1024 515 1058; x_wconf 77' lang='lat' dir='ltr'><strong>proﬁtetur,</strong></span> <span class='ocrx_word' id='word_1_269' title='bbox 526 1023 646 1050; x_wconf 86' lang='lat' dir='ltr'><strong>divimun</strong></span> <span class='ocrx_word' id='word_1_270' title='bbox 659 1023 764 1051; x_wconf 85' lang='lat' dir='ltr'><strong>Numen</strong></span> <span class='ocrx_word' id='word_1_271' title='bbox 780 1025 814 1051; x_wconf 85' lang='lat' dir='ltr'><strong>ab</strong></span> <span class='ocrx_word' id='word_1_272' title='bbox 828 1025 902 1051; x_wconf 81' lang='lat' dir='ltr'><strong>onuii</strong></span> <span class='ocrx_word' id='word_1_273' title='bbox 919 1026 994 1059; x_wconf 88' lang='lat' dir='ltr'><strong>peni-</strong></span> 
     </span>
    </p>
   </div>
   <div class='ocr_carea' id='block_1_35' title="bbox 207 1068 997 1103">
    <p class='ocr_par' dir='ltr' id='par_1_35' title="bbox 207 1068 997 1103">
     <span class='ocr_line' id='line_1_35' title="bbox 207 1068 997 1103; baseline 0.003 -9"><span class='ocrx_word' id='word_1_274' title='bbox 207 1071 252 1095; x_wconf 88' lang='lat' dir='ltr'><strong>tus</strong></span> <span class='ocrx_word' id='word_1_275' title='bbox 281 1068 414 1103; x_wconf 84' lang='lat' dir='ltr'><strong>praritate</strong></span> <span class='ocrx_word' id='word_1_276' title='bbox 441 1068 559 1096; x_wconf 83' lang='lat' dir='ltr'><strong>alienum</strong></span> <span class='ocrx_word' id='word_1_277' title='bbox 580 1075 612 1095; x_wconf 89' lang='lat' dir='ltr'><strong>ac</strong></span> <span class='ocrx_word' id='word_1_278' title='bbox 639 1073 771 1095; x_wconf 81' lang='lat' dir='ltr'><strong>remotum</strong></span> <span class='ocrx_word' id='word_1_279' title='bbox 799 1076 870 1096; x_wconf 86' lang='lat' dir='ltr'><strong>esse.</strong></span> <span class='ocrx_word' id='word_1_280' title='bbox 887 1069 997 1096; x_wconf 87' lang='lat' dir='ltr'><strong>Nullum</strong></span> 
     </span>
    </p>
   </div>
   <div class='ocr_carea' id='block_1_36' title="bbox 206 1112 996 1145">
    <p class='ocr_par' dir='ltr' id='par_1_36' title="bbox 206 1112 996 1145">
     <span class='ocr_line' id='line_1_36' title="bbox 206 1112 996 1145; baseline 0.001 -5"><span class='ocrx_word' id='word_1_281' title='bbox 206 1113 278 1140; x_wconf 82' lang='lat' dir='ltr'><strong>enim</strong></span> <span class='ocrx_word' id='word_1_282' title='bbox 293 1113 337 1140; x_wconf 79' lang='lat' dir='ltr'><strong>ille</strong></span> <span class='ocrx_word' id='word_1_283' title='bbox 357 1113 457 1140; x_wconf 84' lang='lat' dir='ltr'><strong>malum</strong></span> <span class='ocrx_word' id='word_1_284' title='bbox 475 1113 548 1145; x_wconf 80' lang='lat' dir='ltr'><strong>fecit,</strong></span> <span class='ocrx_word' id='word_1_285' title='bbox 560 1114 607 1140; x_wconf 82' lang='lat' dir='ltr'><strong>sed</strong></span> <span class='ocrx_word' id='word_1_286' title='bbox 621 1114 713 1141; x_wconf 83' lang='lat' dir='ltr'><strong>omnia</strong></span> <span class='ocrx_word' id='word_1_287' title='bbox 726 1113 804 1141; x_wconf 82' lang='lat' dir='ltr'><strong>valde</strong></span> <span class='ocrx_word' id='word_1_288' title='bbox 814 1112 900 1141; x_wconf 73' lang='lat' dir='ltr'><strong>bona‘</strong></span> <span class='ocrx_word' id='word_1_289' title='bbox 912 1125 918 1142; x_wconf 88' lang='lat'>;</span> <span class='ocrx_word' id='word_1_290' title='bbox 934 1123 996 1142; x_wconf 89' lang='lat' dir='ltr'><strong>cum</strong></span> 
     </span>
    </p>
   </div>
   <div class='ocr_carea' id='block_1_37' title="bbox 205 1160 997 1195">
    <p class='ocr_par' dir='ltr' id='par_1_37' title="bbox 205 1160 997 1195">
     <span class='ocr_line' id='line_1_37' title="bbox 205 1160 997 1195; baseline 0.003 -9"><span class='ocrx_word' id='word_1_291' title='bbox 205 1164 233 1187; x_wconf 84' lang='lat' dir='ltr'><strong>et</strong></span> <span class='ocrx_word' id='word_1_292' title='bbox 249 1161 286 1187; x_wconf 86' lang='lat' dir='ltr'><strong>sit</strong></span> <span class='ocrx_word' id='word_1_293' title='bbox 302 1164 400 1187; x_wconf 74' lang='lat' dir='ltr'><strong>natura</strong></span> <span class='ocrx_word' id='word_1_294' title='bbox 415 1160 514 1192; x_wconf 88' lang='lat' dir='ltr'><strong>bonus,</strong></span> <span class='ocrx_word' id='word_1_295' title='bbox 531 1168 619 1195; x_wconf 86' lang='lat' dir='ltr'><strong>neque</strong></span> <span class='ocrx_word' id='word_1_296' title='bbox 640 1160 832 1195; x_wconf 88' lang='lat' dir='ltr'><strong>comprehendi</strong></span> <span class='ocrx_word' id='word_1_297' title='bbox 851 1161 923 1189; x_wconf 91' lang='lat' dir='ltr'><strong>illius</strong></span> <span class='ocrx_word' id='word_1_298' title='bbox 951 1169 997 1189; x_wconf 85' lang='lat' dir='ltr'><strong>es-</strong></span> 
     </span>
    </p>
   </div>
   <div class='ocr_carea' id='block_1_38' title="bbox 206 1205 997 1242">
    <p class='ocr_par' dir='ltr' id='par_1_38' title="bbox 206 1205 997 1242">
     <span class='ocr_line' id='line_1_38' title="bbox 206 1205 997 1242; baseline 0.005 -11"><span class='ocrx_word' id='word_1_299' title='bbox 206 1205 295 1232; x_wconf 82' lang='lat' dir='ltr'><strong>sentia</strong></span> <span class='ocrx_word' id='word_1_300' title='bbox 310 1206 405 1239; x_wconf 81' lang='lat' dir='ltr'><strong>possit,</strong></span> <span class='ocrx_word' id='word_1_301' title='bbox 418 1210 445 1232; x_wconf 90' lang='lat' dir='ltr'><strong>et</strong></span> <span class='ocrx_word' id='word_1_302' title='bbox 456 1206 583 1233; x_wconf 85' lang='lat' dir='ltr'><strong>universa</strong></span> <span class='ocrx_word' id='word_1_303' title='bbox 594 1206 742 1237; x_wconf 88' lang='lat' dir='ltr'><strong>contineat,</strong></span> <span class='ocrx_word' id='word_1_304' title='bbox 756 1214 805 1233; x_wconf 87' lang='lat' dir='ltr'><strong>nec</strong></span> <span class='ocrx_word' id='word_1_305' title='bbox 820 1207 855 1234; x_wconf 92' lang='lat' dir='ltr'><strong>ab</strong></span> <span class='ocrx_word' id='word_1_306' title='bbox 870 1207 925 1233; x_wconf 90' lang='lat' dir='ltr'><strong>ullo</strong></span> <span class='ocrx_word' id='word_1_307' title='bbox 938 1207 997 1242; x_wconf 82' lang='lat' dir='ltr'><strong>ipse</strong></span> 
     </span>
    </p>
   </div>
   <div class='ocr_carea' id='block_1_39' title="bbox 206 1251 996 1287">
    <p class='ocr_par' dir='ltr' id='par_1_39' title="bbox 206 1251 996 1287">
     <span class='ocr_line' id='line_1_39' title="bbox 206 1251 996 1287; baseline 0.003 -10"><span class='ocrx_word' id='word_1_308' title='bbox 206 1251 388 1278; x_wconf 83' lang='lat' dir='ltr'><strong>contineatur.</strong></span> <span class='ocrx_word' id='word_1_309' title='bbox 401 1251 535 1284; x_wconf 78' lang='lat' dir='ltr'><strong>Quocirca</strong></span> <span class='ocrx_word' id='word_1_310' title='bbox 551 1259 638 1287; x_wconf 86' lang='lat' dir='ltr'><strong>neque</strong></span> <span class='ocrx_word' id='word_1_311' title='bbox 649 1252 749 1278; x_wconf 85' lang='lat' dir='ltr'><strong>malum</strong></span> <span class='ocrx_word' id='word_1_312' title='bbox 764 1260 871 1287; x_wconf 86' lang='lat' dir='ltr'><strong>semper</strong></span> <span class='ocrx_word' id='word_1_313' title='bbox 880 1252 996 1285; x_wconf 76' lang='lat' dir='ltr'><strong>exstitit,</strong></span> 
     </span>
    </p>
   </div>
   <div class='ocr_carea' id='block_1_40' title="bbox 206 1295 995 1334">
    <p class='ocr_par' dir='ltr' id='par_1_40' title="bbox 206 1295 995 1334">
     <span class='ocr_line' id='line_1_40' title="bbox 206 1295 995 1334; baseline 0.003 -11"><span class='ocrx_word' id='word_1_314' title='bbox 206 1303 296 1331; x_wconf 87' lang='lat' dir='ltr'><strong>neque</strong></span> <span class='ocrx_word' id='word_1_315' title='bbox 306 1303 321 1322; x_wconf 91' lang='lat' dir='ltr'><strong>a</strong></span> <span class='ocrx_word' id='word_1_316' title='bbox 334 1295 389 1323; x_wconf 90' lang='lat' dir='ltr'><strong>Deo</strong></span> <span class='ocrx_word' id='word_1_317' title='bbox 403 1296 564 1331; x_wconf 88' lang='lat' dir='ltr'><strong>productum</strong></span> <span class='ocrx_word' id='word_1_318' title='bbox 578 1300 628 1324; x_wconf 92' lang='lat' dir='ltr'><strong>est.</strong></span> <span class='ocrx_word' id='word_1_319' title='bbox 637 1296 730 1332; x_wconf 81' lang='lat' dir='ltr'><strong>Itaque</strong></span> <span class='ocrx_word' id='word_1_320' title='bbox 743 1305 804 1324; x_wconf 89' lang='lat' dir='ltr'><strong>eum</strong></span> <span class='ocrx_word' id='word_1_321' title='bbox 816 1305 903 1333; x_wconf 88' lang='lat' dir='ltr'><strong>neque</strong></span> <span class='ocrx_word' id='word_1_322' title='bbox 915 1298 995 1334; x_wconf 71' lang='lat'><strong>632</strong></span> 
     </span>
    </p>
   </div>
   <div class='ocr_carea' id='block_1_41' title="bbox 205 1341 996 1378">
    <p class='ocr_par' dir='ltr' id='par_1_41' title="bbox 205 1341 996 1378">
     <span class='ocr_line' id='line_1_41' title="bbox 205 1341 996 1378; baseline 0.003 -10"><span class='ocrx_word' id='word_1_323' title='bbox 205 1341 307 1368; x_wconf 84' lang='lat' dir='ltr'><strong>malum</strong></span> <span class='ocrx_word' id='word_1_324' title='bbox 323 1341 369 1372; x_wconf 87' lang='lat' dir='ltr'><strong>sit,</strong></span> <span class='ocrx_word' id='word_1_325' title='bbox 380 1349 468 1376; x_wconf 89' lang='lat' dir='ltr'><strong>neque</strong></span> <span class='ocrx_word' id='word_1_326' title='bbox 483 1349 589 1376; x_wconf 86' lang='lat' dir='ltr'><strong>semper</strong></span> <span class='ocrx_word' id='word_1_327' title='bbox 603 1341 694 1374; x_wconf 81' lang='lat' dir='ltr'><strong>fuerit,</strong></span> <span class='ocrx_word' id='word_1_328' title='bbox 712 1351 762 1370; x_wconf 84' lang='lat' dir='ltr'><strong>nec</strong></span> <span class='ocrx_word' id='word_1_329' title='bbox 774 1351 788 1369; x_wconf 91' lang='lat' dir='ltr'><strong>a</strong></span> <span class='ocrx_word' id='word_1_330' title='bbox 799 1342 854 1370; x_wconf 90' lang='lat' dir='ltr'><strong>Deo</strong></span> <span class='ocrx_word' id='word_1_331' title='bbox 868 1351 996 1378; x_wconf 76' lang='lat' dir='ltr'><strong>procrea-</strong></span> 
     </span>
    </p>
   </div>
   <div class='ocr_carea' id='block_1_42' title="bbox 206 1387 997 1424">
    <p class='ocr_par' dir='ltr' id='par_1_42' title="bbox 206 1387 997 1424">
     <span class='ocr_line' id='line_1_42' title="bbox 206 1387 997 1424; baseline 0.003 -11"><span class='ocrx_word' id='word_1_332' title='bbox 206 1390 281 1419; x_wconf 88' lang='lat' dir='ltr'><strong>tum;</strong></span> <span class='ocrx_word' id='word_1_333' title='bbox 298 1392 422 1421; x_wconf 86' lang='lat' dir='ltr'><strong>superest</strong></span> <span class='ocrx_word' id='word_1_334' title='bbox 439 1387 504 1413; x_wconf 89' lang='lat' dir='ltr'><strong>illud</strong></span> <span class='ocrx_word' id='word_1_335' title='bbox 520 1391 548 1413; x_wconf 91' lang='lat' dir='ltr'><strong>ut</strong></span> <span class='ocrx_word' id='word_1_336' title='bbox 561 1395 725 1422; x_wconf 58' lang='lat' dir='ltr'><strong>quaeramus.</strong></span> <span class='ocrx_word' id='word_1_337' title='bbox 738 1389 809 1423; x_wconf 88' lang='lat' dir='ltr'><strong>quod</strong></span> <span class='ocrx_word' id='word_1_338' title='bbox 825 1396 931 1424; x_wconf 84' lang='lat' dir='ltr'><strong>semper</strong></span> <span class='ocrx_word' id='word_1_339' title='bbox 946 1389 997 1416; x_wconf 88' lang='lat' dir='ltr'><strong>mi-</strong></span> 
     </span>
    </p>
   </div>
   <div class='ocr_carea' id='block_1_43' title="bbox 205 1433 996 1470">
    <p class='ocr_par' dir='ltr' id='par_1_43' title="bbox 205 1433 996 1470">
     <span class='ocr_line' id='line_1_43' title="bbox 205 1433 996 1470; baseline 0.001 -9"><span class='ocrx_word' id='word_1_340' title='bbox 205 1433 280 1461; x_wconf 86' lang='lat' dir='ltr'><strong>nime</strong></span> <span class='ocrx_word' id='word_1_341' title='bbox 295 1433 388 1465; x_wconf 78' lang='lat' dir='ltr'><strong>fuerit,</strong></span> <span class='ocrx_word' id='word_1_342' title='bbox 403 1437 429 1461; x_wconf 87' lang='lat' dir='ltr'><strong>et</strong></span> <span class='ocrx_word' id='word_1_343' title='bbox 442 1433 549 1460; x_wconf 89' lang='lat' dir='ltr'><strong>initium</strong></span> <span class='ocrx_word' id='word_1_344' title='bbox 564 1433 673 1468; x_wconf 87' lang='lat' dir='ltr'><strong>aliquod</strong></span> <span class='ocrx_word' id='word_1_345' title='bbox 684 1434 855 1468; x_wconf 85' lang='lat' dir='ltr'><strong>habuerit,et</strong></span> <span class='ocrx_word' id='word_1_346' title='bbox 872 1435 996 1470; x_wconf 88' lang='lat' dir='ltr'><strong>aliquau-</strong></span> 
     </span>
    </p>
   </div>
   <div class='ocr_carea' id='block_1_44' title="bbox 205 1479 996 1515">
    <p class='ocr_par' dir='ltr' id='par_1_44' title="bbox 205 1479 996 1515">
     <span class='ocr_line' id='line_1_44' title="bbox 205 1479 996 1515; baseline 0.003 -9"><span class='ocrx_word' id='word_1_347' title='bbox 205 1479 242 1506; x_wconf 91' lang='lat' dir='ltr'><strong>do</strong></span> <span class='ocrx_word' id='word_1_348' title='bbox 255 1479 361 1507; x_wconf 81' lang='lat' dir='ltr'><strong>desinat</strong></span> <span class='ocrx_word' id='word_1_349' title='bbox 374 1487 405 1507; x_wconf 88' lang='lat' dir='ltr'><strong>ac</strong></span> <span class='ocrx_word' id='word_1_350' title='bbox 422 1484 523 1515; x_wconf 84' lang='lat' dir='ltr'><strong>pereat,</strong></span> <span class='ocrx_word' id='word_1_351' title='bbox 537 1488 625 1515; x_wconf 88' lang='lat' dir='ltr'><strong>neque</strong></span> <span class='ocrx_word' id='word_1_352' title='bbox 637 1487 767 1515; x_wconf 88' lang='lat' dir='ltr'><strong>perpetuo</strong></span> <span class='ocrx_word' id='word_1_353' title='bbox 784 1484 900 1514; x_wconf 85' lang='lat' dir='ltr'><strong>maneat,</strong></span> <span class='ocrx_word' id='word_1_354' title='bbox 910 1481 996 1508; x_wconf 89' lang='lat' dir='ltr'><strong>unde-</strong></span> 
     </span>
    </p>
   </div>
   <div class='ocr_carea' id='block_1_45' title="bbox 204 1525 992 1561">
    <p class='ocr_par' dir='ltr' id='par_1_45' title="bbox 204 1525 992 1561">
     <span class='ocr_line' id='line_1_45' title="bbox 204 1525 992 1561; baseline 0.003 -10"><span class='ocrx_word' id='word_1_355' title='bbox 204 1532 268 1552; x_wconf 81' lang='lat' dir='ltr'><strong>nam</strong></span> <span class='ocrx_word' id='word_1_356' title='bbox 277 1525 408 1560; x_wconf 77' lang='lat' dir='ltr'><strong>originem</strong></span> <span class='ocrx_word' id='word_1_357' title='bbox 417 1527 560 1560; x_wconf 87' lang='lat' dir='ltr'><strong>acceperit.</strong></span> <span class='ocrx_word' id='word_1_358' title='bbox 569 1525 620 1553; x_wconf 85' lang='lat' dir='ltr'><strong>Sed</strong></span> <span class='ocrx_word' id='word_1_359' title='bbox 629 1533 690 1553; x_wconf 87' lang='lat' dir='ltr'><strong>cum</strong></span> <span class='ocrx_word' id='word_1_360' title='bbox 702 1526 766 1553; x_wconf 85' lang='lat' dir='ltr'><strong>illud</strong></span> <span class='ocrx_word' id='word_1_361' title='bbox 777 1526 992 1561; x_wconf 84' lang='lat' dir='ltr'><strong>iuquisierimus,</strong></span> 
     </span>
    </p>
   </div>
   <div class='ocr_carea' id='block_1_46' title="bbox 1050 935 1839 974">
    <p class='ocr_par' dir='ltr' id='par_1_46' title="bbox 1050 935 1839 974">
     <span class='ocr_line' id='line_1_46' title="bbox 1050 935 1839 974; baseline 0.004 -12"><span class='ocrx_word' id='word_1_362' title='bbox 1050 935 1088 971; x_wconf 81' lang='grc' dir='ltr'><strong>μὴ</strong></span> <span class='ocrx_word' id='word_1_363' title='bbox 1098 936 1309 973; x_wconf 74' lang='grc' dir='ltr'>προσμίξαιθεῷ</span> <span class='ocrx_word' id='word_1_364' title='bbox 1316 946 1323 953; x_wconf 91' lang='grc'>·</span> <span class='ocrx_word' id='word_1_365' title='bbox 1337 938 1383 964; x_wconf 74' lang='grc' dir='ltr'>καὶ</span> <span class='ocrx_word' id='word_1_366' title='bbox 1393 937 1447 973; x_wconf 79' lang='grc' dir='ltr'>γὰρ</span> <span class='ocrx_word' id='word_1_367' title='bbox 1454 939 1501 965; x_wconf 74' lang='grc' dir='ltr'><strong>καὶ</strong></span> <span class='ocrx_word' id='word_1_368' title='bbox 1511 938 1610 965; x_wconf 77' lang='grc' dir='ltr'>ἄτοπόν</span> <span class='ocrx_word' id='word_1_369' title='bbox 1621 938 1744 974; x_wconf 64' lang='grc' dir='ltr'>ἑστιΘεῷ</span> <span class='ocrx_word' id='word_1_370' title='bbox 1752 947 1839 974; x_wconf 70' lang='grc' dir='ltr'>προσι-</span> 
     </span>
    </p>
   </div>
   <div class='ocr_carea' id='block_1_47' title="bbox 1047 980 1838 1020">
    <p class='ocr_par' dir='ltr' id='par_1_47' title="bbox 1047 980 1838 1020">
     <span class='ocr_line' id='line_1_47' title="bbox 1047 980 1838 1020; baseline 0.005 -13"><span class='ocrx_word' id='word_1_371' title='bbox 1047 980 1124 1016; x_wconf 73' lang='grc' dir='ltr'>άψαι.</span> <span class='ocrx_word' id='word_1_372' title='bbox 1143 982 1321 1017; x_wconf 80' lang='grc' dir='ltr'>Ὧμολόγηται</span> <span class='ocrx_word' id='word_1_373' title='bbox 1336 983 1390 1019; x_wconf 72' lang='grc' dir='ltr'>γὰρ</span> <span class='ocrx_word' id='word_1_374' title='bbox 1407 983 1437 1010; x_wconf 76' lang='grc' dir='ltr'>ὲν</span> <span class='ocrx_word' id='word_1_375' title='bbox 1451 983 1490 1019; x_wconf 81' lang='grc' dir='ltr'><strong>τῷ</strong></span> <span class='ocrx_word' id='word_1_376' title='bbox 1502 983 1656 1019; x_wconf 77' lang='grc' dir='ltr'><strong>χαρακτῆρι</strong></span> <span class='ocrx_word' id='word_1_377' title='bbox 1670 984 1720 1019; x_wconf 84' lang='grc' dir='ltr'>τῆς</span> <span class='ocrx_word' id='word_1_378' title='bbox 1734 984 1838 1020; x_wconf 68' lang='grc' dir='ltr'>ἔκκλη-</span> 
     </span>
    </p>
   </div>
   <div class='ocr_carea' id='block_1_48' title="bbox 1048 1028 1837 1065">
    <p class='ocr_par' dir='ltr' id='par_1_48' title="bbox 1048 1028 1837 1065">
     <span class='ocr_line' id='line_1_48' title="bbox 1048 1028 1837 1065; baseline 0.005 -12"><span class='ocrx_word' id='word_1_379' title='bbox 1048 1028 1190 1063; x_wconf 82' lang='grc' dir='ltr'>σιαστικῆς</span> <span class='ocrx_word' id='word_1_380' title='bbox 1201 1028 1375 1060; x_wconf 76' lang='grc' dir='ltr'><strong>διδασκαλίας</strong></span> <span class='ocrx_word' id='word_1_381' title='bbox 1391 1029 1529 1065; x_wconf 79' lang='grc' dir='ltr'>ἀλλότριον</span> <span class='ocrx_word' id='word_1_382' title='bbox 1542 1030 1699 1057; x_wconf 79' lang='grc' dir='ltr'>παντάπασι</span> <span class='ocrx_word' id='word_1_383' title='bbox 1712 1030 1743 1057; x_wconf 69' lang='grc' dir='ltr'>τὸ</span> <span class='ocrx_word' id='word_1_384' title='bbox 1757 1030 1837 1058; x_wconf 72' lang='grc' dir='ltr'>Θεῑον</span> 
     </span>
    </p>
   </div>
   <div class='ocr_carea' id='block_1_49' title="bbox 1046 1073 1838 1111">
    <p class='ocr_par' dir='ltr' id='par_1_49' title="bbox 1046 1073 1838 1111">
     <span class='ocr_line' id='line_1_49' title="bbox 1046 1073 1838 1111; baseline 0.006 -13"><span class='ocrx_word' id='word_1_385' title='bbox 1046 1073 1093 1099; x_wconf 72' lang='grc' dir='ltr'><strong>καὶ</strong></span> <span class='ocrx_word' id='word_1_386' title='bbox 1109 1073 1208 1108; x_wconf 71' lang='grc' dir='ltr'>ἀμιγὲς</span> <span class='ocrx_word' id='word_1_387' title='bbox 1223 1074 1322 1106; x_wconf 79' lang='grc' dir='ltr'>κακίας</span> <span class='ocrx_word' id='word_1_388' title='bbox 1337 1075 1481 1110; x_wconf 71' lang='grc' dir='ltr'>ὑπάρχειν.</span> <span class='ocrx_word' id='word_1_389' title='bbox 1506 1075 1570 1107; x_wconf 78' lang='grc' dir='ltr'>Θεὸς</span> <span class='ocrx_word' id='word_1_390' title='bbox 1584 1076 1638 1111; x_wconf 73' lang='grc' dir='ltr'><strong>γὰρ</strong></span> <span class='ocrx_word' id='word_1_391' title='bbox 1655 1076 1732 1102; x_wconf 77' lang='grc' dir='ltr'>οὐδὲν</span> <span class='ocrx_word' id='word_1_392' title='bbox 1750 1075 1838 1103; x_wconf 74' lang='grc' dir='ltr'>κακὸν</span> 
     </span>
    </p>
   </div>
   <div class='ocr_carea' id='block_1_50' title="bbox 1046 1119 1836 1157">
    <p class='ocr_par' dir='ltr' id='par_1_50' title="bbox 1046 1119 1836 1157">
     <span class='ocr_line' id='line_1_50' title="bbox 1046 1119 1836 1157; baseline 0.005 -13"><span class='ocrx_word' id='word_1_393' title='bbox 1046 1119 1183 1154; x_wconf 72' lang='grc' dir='ltr'>ἐποίησεν,</span> <span class='ocrx_word' id='word_1_394' title='bbox 1198 1119 1266 1147; x_wconf 73' lang='grc' dir='ltr'>ἀλλὰ</span> <span class='ocrx_word' id='word_1_395' title='bbox 1278 1121 1366 1148; x_wconf 78' lang='grc' dir='ltr'>πάντα</span> <span class='ocrx_word' id='word_1_396' title='bbox 1379 1121 1450 1147; x_wconf 83' lang='grc' dir='ltr'>καλὰ</span> <span class='ocrx_word' id='word_1_397' title='bbox 1464 1121 1535 1154; x_wconf 79' lang='grc' dir='ltr'>λίαν,</span> <span class='ocrx_word' id='word_1_398' title='bbox 1549 1122 1651 1155; x_wconf 80' lang='grc' dir='ltr'>ἀγαθὸς</span> <span class='ocrx_word' id='word_1_399' title='bbox 1666 1122 1703 1148; x_wconf 83' lang='grc' dir='ltr'>ὢν</span> <span class='ocrx_word' id='word_1_400' title='bbox 1717 1122 1767 1157; x_wconf 81' lang='grc' dir='ltr'>τὴν</span> <span class='ocrx_word' id='word_1_401' title='bbox 1781 1122 1836 1156; x_wconf 72' lang='grc' dir='ltr'><strong>φί-</strong></span> 
     </span>
    </p>
   </div>
   <div class='ocr_carea' id='block_1_51' title="bbox 1047 1166 1837 1202">
    <p class='ocr_par' dir='ltr' id='par_1_51' title="bbox 1047 1166 1837 1202">
     <span class='ocr_line' id='line_1_51' title="bbox 1047 1166 1837 1202; baseline 0.001 -10"><span class='ocrx_word' id='word_1_402' title='bbox 1047 1174 1099 1198; x_wconf 90' lang='grc' dir='ltr'>σιν,</span> <span class='ocrx_word' id='word_1_403' title='bbox 1115 1166 1306 1202; x_wconf 79' lang='grc' dir='ltr'>ἁκατάληπτος</span> <span class='ocrx_word' id='word_1_404' title='bbox 1318 1167 1367 1202; x_wconf 80' lang='grc' dir='ltr'><strong>τήν</strong></span> <span class='ocrx_word' id='word_1_405' title='bbox 1377 1167 1483 1199; x_wconf 75' lang='grc' dir='ltr'>οὐσίαν,</span> <span class='ocrx_word' id='word_1_406' title='bbox 1494 1167 1582 1194; x_wconf 81' lang='grc' dir='ltr'>πάντα</span> <span class='ocrx_word' id='word_1_407' title='bbox 1596 1167 1740 1202; x_wconf 78' lang='grc' dir='ltr'><strong>περιέχων,</strong></span> <span class='ocrx_word' id='word_1_408' title='bbox 1753 1168 1837 1199; x_wconf 68' lang='grc' dir='ltr'>αὐτὸς</span> 
     </span>
    </p>
   </div>
   <div class='ocr_carea' id='block_1_52' title="bbox 1044 1212 1835 1249">
    <p class='ocr_par' dir='ltr' id='par_1_52' title="bbox 1044 1212 1835 1249">
     <span class='ocr_line' id='line_1_52' title="bbox 1044 1212 1835 1249; baseline 0.001 -10"><span class='ocrx_word' id='word_1_409' title='bbox 1044 1212 1074 1239; x_wconf 65' lang='grc' dir='ltr'>δὲ</span> <span class='ocrx_word' id='word_1_410' title='bbox 1090 1213 1135 1239; x_wconf 79' lang='grc' dir='ltr'>ὑπ’</span> <span class='ocrx_word' id='word_1_411' title='bbox 1155 1213 1261 1245; x_wconf 79' lang='grc' dir='ltr'>οὐδενὸς</span> <span class='ocrx_word' id='word_1_412' title='bbox 1287 1213 1490 1249; x_wconf 76' lang='grc' dir='ltr'>περιεχόμενος.</span> <span class='ocrx_word' id='word_1_413' title='bbox 1515 1212 1584 1239; x_wconf 75' lang='grc' dir='ltr'>Οὔτε</span> <span class='ocrx_word' id='word_1_414' title='bbox 1601 1213 1690 1240; x_wconf 78' lang='grc' dir='ltr'>τοίνυν</span> <span class='ocrx_word' id='word_1_415' title='bbox 1703 1214 1733 1240; x_wconf 77' lang='grc' dir='ltr'>τὸ</span> <span class='ocrx_word' id='word_1_416' title='bbox 1749 1213 1835 1240; x_wconf 77' lang='grc' dir='ltr'>κακὸν</span> 
     </span>
    </p>
   </div>
   <div class='ocr_carea' id='block_1_53' title="bbox 1044 1255 1834 1294">
    <p class='ocr_par' dir='ltr' id='par_1_53' title="bbox 1044 1255 1834 1294">
     <span class='ocr_line' id='line_1_53' title="bbox 1044 1255 1834 1294; baseline 0.003 -10"><span class='ocrx_word' id='word_1_417' title='bbox 1044 1255 1078 1292; x_wconf 79' lang='grc' dir='ltr'><strong>ἦν</strong></span> <span class='ocrx_word' id='word_1_418' title='bbox 1092 1257 1145 1289; x_wconf 74' lang='grc' dir='ltr'>ἀεὶ,</span> <span class='ocrx_word' id='word_1_419' title='bbox 1157 1257 1218 1284; x_wconf 79' lang='grc' dir='ltr'>οὕτε</span> <span class='ocrx_word' id='word_1_420' title='bbox 1234 1259 1266 1285; x_wconf 84' lang='grc' dir='ltr'>ὲκ</span> <span class='ocrx_word' id='word_1_421' title='bbox 1277 1258 1344 1285; x_wconf 82' lang='grc' dir='ltr'><strong>Θεοῦ</strong></span> <span class='ocrx_word' id='word_1_422' title='bbox 1358 1259 1388 1285; x_wconf 81' lang='grc' dir='ltr'>τὸ</span> <span class='ocrx_word' id='word_1_423' title='bbox 1402 1258 1487 1285; x_wconf 78' lang='grc' dir='ltr'>κακὸν</span> <span class='ocrx_word' id='word_1_424' title='bbox 1503 1258 1661 1293; x_wconf 73' lang='grc' dir='ltr'>γεγένηται.</span> <span class='ocrx_word' id='word_1_425' title='bbox 1691 1259 1769 1294; x_wconf 66' lang='grc' dir='ltr'>Μήτι</span> <span class='ocrx_word' id='word_1_426' title='bbox 1785 1257 1834 1286; x_wconf 79' lang='grc' dir='ltr'>οὖν</span> 
     </span>
    </p>
   </div>
   <div class='ocr_carea' id='block_1_54' title="bbox 1045 1303 1833 1340">
    <p class='ocr_par' dir='ltr' id='par_1_54' title="bbox 1045 1303 1833 1340">
     <span class='ocr_line' id='line_1_54' title="bbox 1045 1303 1833 1340; baseline 0.001 -10"><span class='ocrx_word' id='word_1_427' title='bbox 1045 1303 1120 1334; x_wconf 72' lang='grc' dir='ltr'>ὄντος</span> <span class='ocrx_word' id='word_1_428' title='bbox 1139 1303 1186 1330; x_wconf 77' lang='grc' dir='ltr'>τοῦ</span> <span class='ocrx_word' id='word_1_429' title='bbox 1205 1303 1301 1335; x_wconf 82' lang='grc' dir='ltr'>κακοῦ,</span> <span class='ocrx_word' id='word_1_430' title='bbox 1320 1304 1388 1340; x_wconf 86' lang='grc' dir='ltr'>μήτε</span> <span class='ocrx_word' id='word_1_431' title='bbox 1403 1304 1480 1336; x_wconf 65' lang='lat' dir='ltr'><strong>om;</strong></span> <span class='ocrx_word' id='word_1_432' title='bbox 1493 1305 1547 1336; x_wconf 77' lang='grc' dir='ltr'>ἀεὶ,</span> <span class='ocrx_word' id='word_1_433' title='bbox 1564 1305 1633 1339; x_wconf 86' lang='grc' dir='ltr'>μήτε</span> <span class='ocrx_word' id='word_1_434' title='bbox 1651 1305 1684 1331; x_wconf 80' lang='grc' dir='ltr'>ὲκ</span> <span class='ocrx_word' id='word_1_435' title='bbox 1699 1304 1767 1331; x_wconf 80' lang='grc' dir='ltr'>Θεοῦ</span> <span class='ocrx_word' id='word_1_436' title='bbox 1785 1313 1833 1339; x_wconf 79' lang='grc' dir='ltr'>γε·</span> 
     </span>
    </p>
   </div>
   <div class='ocr_carea' id='block_1_55' title="bbox 1045 1348 1834 1386">
    <p class='ocr_par' dir='ltr' id='par_1_55' title="bbox 1045 1348 1834 1386">
     <span class='ocr_line' id='line_1_55' title="bbox 1045 1348 1834 1386; baseline 0.004 -13"><span class='ocrx_word' id='word_1_437' title='bbox 1045 1348 1210 1383; x_wconf 80' lang='grc' dir='ltr'>γενημένου,</span> <span class='ocrx_word' id='word_1_438' title='bbox 1236 1348 1329 1375; x_wconf 82' lang='grc' dir='ltr'>λοιπὸν</span> <span class='ocrx_word' id='word_1_439' title='bbox 1343 1348 1435 1382; x_wconf 53' lang='grc' dir='ltr'>ζητεῖν</span> <span class='ocrx_word' id='word_1_440' title='bbox 1454 1349 1512 1376; x_wconf 75' lang='grc' dir='ltr'>ἐστι</span> <span class='ocrx_word' id='word_1_441' title='bbox 1529 1350 1604 1375; x_wconf 81' lang='grc' dir='ltr'>ποῖον</span> <span class='ocrx_word' id='word_1_442' title='bbox 1623 1349 1723 1386; x_wconf 70' lang='grc' dir='ltr'>τρόπον</span> <span class='ocrx_word' id='word_1_443' title='bbox 1744 1349 1775 1376; x_wconf 79' lang='grc' dir='ltr'>τὸ</span> <span class='ocrx_word' id='word_1_444' title='bbox 1794 1349 1834 1386; x_wconf 76' lang='grc' dir='ltr'>μὴ</span> 
     </span>
    </p>
   </div>
   <div class='ocr_carea' id='block_1_56' title="bbox 1045 1392 1833 1430">
    <p class='ocr_par' dir='ltr' id='par_1_56' title="bbox 1045 1392 1833 1430">
     <span class='ocr_line' id='line_1_56' title="bbox 1045 1392 1833 1430; baseline 0.004 -11"><span class='ocrx_word' id='word_1_445' title='bbox 1045 1393 1074 1419; x_wconf 81' lang='grc' dir='ltr'>ὃν</span> <span class='ocrx_word' id='word_1_446' title='bbox 1086 1393 1140 1425; x_wconf 74' lang='grc' dir='ltr'>ἀεὶ,</span> <span class='ocrx_word' id='word_1_447' title='bbox 1153 1394 1240 1429; x_wconf 78' lang='grc' dir='ltr'>ἀρχὴν</span> <span class='ocrx_word' id='word_1_448' title='bbox 1249 1394 1278 1420; x_wconf 81' lang='grc' dir='ltr'>δὲ</span> <span class='ocrx_word' id='word_1_449' title='bbox 1286 1394 1402 1429; x_wconf 72' lang='grc' dir='ltr'>ὲσχηκὺς</span> <span class='ocrx_word' id='word_1_450' title='bbox 1410 1394 1457 1421; x_wconf 82' lang='grc' dir='ltr'>τοῦ</span> <span class='ocrx_word' id='word_1_451' title='bbox 1469 1392 1548 1428; x_wconf 84' lang='grc' dir='ltr'>εἶναι,</span> <span class='ocrx_word' id='word_1_452' title='bbox 1557 1395 1640 1430; x_wconf 77' lang='grc' dir='ltr'>λῆγον</span> <span class='ocrx_word' id='word_1_453' title='bbox 1652 1395 1679 1421; x_wconf 74' lang='grc' dir='ltr'>δὲ</span> <span class='ocrx_word' id='word_1_454' title='bbox 1689 1395 1736 1421; x_wconf 76' lang='grc' dir='ltr'>καὶ</span> <span class='ocrx_word' id='word_1_455' title='bbox 1747 1395 1833 1422; x_wconf 79' lang='grc' dir='ltr'>ἀπολ-</span> 
     </span>
    </p>
   </div>
   <div class='ocr_carea' id='block_1_57' title="bbox 1045 1439 1833 1476">
    <p class='ocr_par' dir='ltr' id='par_1_57' title="bbox 1045 1439 1833 1476">
     <span class='ocr_line' id='line_1_57' title="bbox 1045 1439 1833 1476; baseline 0 -10"><span class='ocrx_word' id='word_1_456' title='bbox 1045 1439 1169 1475; x_wconf 80' lang='grc' dir='ltr'>λύμενον,</span> <span class='ocrx_word' id='word_1_457' title='bbox 1184 1439 1231 1466; x_wconf 75' lang='grc' dir='ltr'>καὶ</span> <span class='ocrx_word' id='word_1_458' title='bbox 1241 1440 1281 1471; x_wconf 79' lang='grc' dir='ltr'><strong>εις</strong></span> <span class='ocrx_word' id='word_1_459' title='bbox 1292 1439 1367 1472; x_wconf 65' lang='grc' dir='ltr'>τέλος</span> <span class='ocrx_word' id='word_1_460' title='bbox 1382 1440 1420 1476; x_wconf 76' lang='grc' dir='ltr'>μὴ</span> <span class='ocrx_word' id='word_1_461' title='bbox 1431 1441 1598 1476; x_wconf 82' lang='grc' dir='ltr'>παραμένον,</span> <span class='ocrx_word' id='word_1_462' title='bbox 1610 1440 1691 1466; x_wconf 78' lang='grc' dir='ltr'>πόθεν</span> <span class='ocrx_word' id='word_1_463' title='bbox 1705 1440 1767 1476; x_wconf 76' lang='grc' dir='ltr'>ἔσχε</span> <span class='ocrx_word' id='word_1_464' title='bbox 1781 1441 1833 1476; x_wconf 77' lang='grc' dir='ltr'>τὴν</span> 
     </span>
    </p>
   </div>
   <div class='ocr_carea' id='block_1_58' title="bbox 1045 1485 1833 1522">
    <p class='ocr_par' dir='ltr' id='par_1_58' title="bbox 1045 1485 1833 1522">
     <span class='ocr_line' id='line_1_58' title="bbox 1045 1485 1833 1522; baseline 0.001 -11"><span class='ocrx_word' id='word_1_465' title='bbox 1045 1485 1143 1520; x_wconf 77' lang='grc' dir='ltr'>ἀρχήν.</span> <span class='ocrx_word' id='word_1_466' title='bbox 1173 1485 1228 1512; x_wconf 71' lang='grc' dir='ltr'><strong>Καὶ</strong></span> <span class='ocrx_word' id='word_1_467' title='bbox 1242 1485 1304 1512; x_wconf 78' lang='grc' dir='ltr'>ὅταν</span> <span class='ocrx_word' id='word_1_468' title='bbox 1321 1485 1400 1512; x_wconf 76' lang='grc' dir='ltr'>τοῦτο</span> <span class='ocrx_word' id='word_1_469' title='bbox 1415 1485 1588 1522; x_wconf 66' lang='grc' dir='ltr'>ζητήσωμεν,</span> <span class='ocrx_word' id='word_1_470' title='bbox 1602 1485 1709 1521; x_wconf 80' lang='grc' dir='ltr'>πρῶτον</span> <span class='ocrx_word' id='word_1_471' title='bbox 1723 1486 1833 1522; x_wconf 78' lang='grc' dir='ltr'>διανοη-</span> 
     </span>
    </p>
   </div>
   <div class='ocr_carea' id='block_1_59' title="bbox 1044 1531 1832 1566">
    <p class='ocr_par' dir='ltr' id='par_1_59' title="bbox 1044 1531 1832 1566">
     <span class='ocr_line' id='line_1_59' title="bbox 1044 1531 1832 1566; baseline 0.001 -9"><span class='ocrx_word' id='word_1_472' title='bbox 1044 1531 1105 1558; x_wconf 84' lang='grc' dir='ltr'>τέον</span> <span class='ocrx_word' id='word_1_473' title='bbox 1120 1531 1204 1563; x_wconf 71' lang='grc' dir='ltr'>ἐστὶν,</span> <span class='ocrx_word' id='word_1_474' title='bbox 1217 1531 1308 1558; x_wconf 81' lang='grc' dir='ltr'>ὁποῖόν</span> <span class='ocrx_word' id='word_1_475' title='bbox 1322 1531 1380 1558; x_wconf 78' lang='grc' dir='ltr'>ἐστι</span> <span class='ocrx_word' id='word_1_476' title='bbox 1390 1531 1421 1558; x_wconf 76' lang='grc' dir='ltr'>τὸ</span> <span class='ocrx_word' id='word_1_477' title='bbox 1435 1531 1530 1565; x_wconf 77' lang='grc' dir='ltr'>κακὸν,</span> <span class='ocrx_word' id='word_1_478' title='bbox 1544 1531 1591 1558; x_wconf 72' lang='grc' dir='ltr'>καὶ</span> <span class='ocrx_word' id='word_1_479' title='bbox 1603 1532 1632 1557; x_wconf 75' lang='grc' dir='ltr'>ὲν</span> <span class='ocrx_word' id='word_1_480' title='bbox 1643 1531 1711 1566; x_wconf 79' lang='grc' dir='ltr'>ποίῳ</span> <span class='ocrx_word' id='word_1_481' title='bbox 1725 1531 1832 1565; x_wconf 83' lang='grc' dir='ltr'>γίνεται</span> 
     </span>
    </p>
   </div>
   <div class='ocr_carea' id='block_1_60' title="bbox 205 1569 994 1613">
    <p class='ocr_par' dir='ltr' id='par_1_60' title="bbox 205 1571 992 1608">
     <span class='ocr_line' id='line_1_60' title="bbox 205 1571 992 1608; baseline 0.003 -10"><span class='ocrx_word' id='word_1_482' title='bbox 205 1571 272 1599; x_wconf 91' lang='lat' dir='ltr'><strong>illud</strong></span> <span class='ocrx_word' id='word_1_483' title='bbox 287 1571 314 1598; x_wconf 92' lang='lat' dir='ltr'><strong>in</strong></span> <span class='ocrx_word' id='word_1_484' title='bbox 330 1571 425 1607; x_wconf 83' lang='lat' dir='ltr'><strong>primis</strong></span> <span class='ocrx_word' id='word_1_485' title='bbox 441 1571 611 1608; x_wconf 72' lang='lat' dir='ltr'><strong>cogitandum</strong></span> <span class='ocrx_word' id='word_1_486' title='bbox 628 1576 680 1602; x_wconf 84' lang='lat' dir='ltr'><strong>est.</strong></span> <span class='ocrx_word' id='word_1_487' title='bbox 698 1572 853 1608; x_wconf 64' lang='lat' dir='ltr'><strong>cuiusmodi</strong></span> <span class='ocrx_word' id='word_1_488' title='bbox 864 1573 910 1605; x_wconf 72' lang='lat' dir='ltr'><strong>sit,</strong></span> <span class='ocrx_word' id='word_1_489' title='bbox 922 1577 946 1601; x_wconf 87' lang='lat' dir='ltr'><strong>et</strong></span> <span class='ocrx_word' id='word_1_490' title='bbox 965 1573 992 1600; x_wconf 92' lang='lat' dir='ltr'><strong>in</strong></span> 
     </span>
    </p>
   </div>
   <div class='ocr_carea' id='block_1_61' title="bbox 1045 1569 1832 1613">
    <p class='ocr_par' dir='ltr' id='par_1_61' title="bbox 1045 1576 1832 1613">
     <span class='ocr_line' id='line_1_61' title="bbox 1045 1576 1832 1613; baseline 0 -10"><span class='ocrx_word' id='word_1_491' title='bbox 1045 1577 1074 1603; x_wconf 83' lang='grc' dir='ltr'>τὸ</span> <span class='ocrx_word' id='word_1_492' title='bbox 1089 1577 1181 1609; x_wconf 69' lang='grc' dir='ltr'>κακὸν,</span> <span class='ocrx_word' id='word_1_493' title='bbox 1197 1577 1244 1604; x_wconf 75' lang='grc' dir='ltr'>καὶ</span> <span class='ocrx_word' id='word_1_494' title='bbox 1260 1577 1284 1602; x_wconf 74' lang='lat' dir='ltr'><strong>sl</strong></span> <span class='ocrx_word' id='word_1_495' title='bbox 1300 1576 1358 1603; x_wconf 72' lang='grc' dir='ltr'>ἐστι</span> <span class='ocrx_word' id='word_1_496' title='bbox 1373 1577 1596 1613; x_wconf 73' lang='grc' dir='ltr'>ὲμπερῖτραπτόν</span> <span class='ocrx_word' id='word_1_497' title='bbox 1608 1576 1670 1612; x_wconf 78' lang='grc' dir='ltr'>τι,ἢ</span> <span class='ocrx_word' id='word_1_498' title='bbox 1688 1576 1779 1612; x_wconf 84' lang='grc' dir='ltr'>σῶμα,</span> <span class='ocrx_word' id='word_1_499' title='bbox 1793 1577 1832 1609; x_wconf 79' lang='grc' dir='ltr'>ὡς</span> 
     </span>
    </p>
   </div>
   <div class='ocr_carea' id='block_1_62' title="bbox 206 1617 994 1653">
    <p class='ocr_par' dir='ltr' id='par_1_62' title="bbox 206 1617 994 1653">
     <span class='ocr_line' id='line_1_62' title="bbox 206 1617 994 1653; baseline 0 -9"><span class='ocrx_word' id='word_1_500' title='bbox 206 1625 260 1652; x_wconf 83' lang='lat' dir='ltr'><strong>quo</strong></span> <span class='ocrx_word' id='word_1_501' title='bbox 279 1617 315 1644; x_wconf 87' lang='lat' dir='ltr'><strong>sit</strong></span> <span class='ocrx_word' id='word_1_502' title='bbox 330 1617 442 1644; x_wconf 84' lang='lat' dir='ltr'><strong>malum.</strong></span> <span class='ocrx_word' id='word_1_503' title='bbox 460 1617 561 1645; x_wconf 88' lang='lat' dir='ltr'><strong>Deinde</strong></span> <span class='ocrx_word' id='word_1_504' title='bbox 577 1619 649 1645; x_wconf 87' lang='lat' dir='ltr'><strong>sitne</strong></span> <span class='ocrx_word' id='word_1_505' title='bbox 667 1618 768 1652; x_wconf 82' lang='lat' dir='ltr'><strong>aliquid</strong></span> <span class='ocrx_word' id='word_1_506' title='bbox 781 1617 854 1653; x_wconf 88' lang='lat' dir='ltr'><strong>quod</strong></span> <span class='ocrx_word' id='word_1_507' title='bbox 874 1618 994 1644; x_wconf 87' lang='lat' dir='ltr'><strong>circum-</strong></span> 
     </span>
    </p>
   </div>
   <div class='ocr_carea' id='block_1_63' title="bbox 205 1663 996 1699">
    <p class='ocr_par' dir='ltr' id='par_1_63' title="bbox 205 1663 996 1699">
     <span class='ocr_line' id='line_1_63' title="bbox 205 1663 996 1699; baseline 0 -9"><span class='ocrx_word' id='word_1_508' title='bbox 205 1664 288 1691; x_wconf 83' lang='lat' dir='ltr'><strong>scribi</strong></span> <span class='ocrx_word' id='word_1_509' title='bbox 302 1664 399 1699; x_wconf 86' lang='lat' dir='ltr'><strong>possit,</strong></span> <span class='ocrx_word' id='word_1_510' title='bbox 418 1668 483 1699; x_wconf 88' lang='lat' dir='ltr'><strong>puta</strong></span> <span class='ocrx_word' id='word_1_511' title='bbox 500 1671 610 1699; x_wconf 85' lang='lat' dir='ltr'><strong>corpus,</strong></span> <span class='ocrx_word' id='word_1_512' title='bbox 626 1667 652 1690; x_wconf 73' lang='lat' dir='ltr'><strong>et</strong></span> <span class='ocrx_word' id='word_1_513' title='bbox 667 1668 758 1690; x_wconf 92' lang='lat' dir='ltr'><strong>utrum</strong></span> <span class='ocrx_word' id='word_1_514' title='bbox 775 1664 927 1691; x_wconf 86' lang='lat' dir='ltr'><strong>substantia</strong></span> <span class='ocrx_word' id='word_1_515' title='bbox 945 1663 996 1690; x_wconf 89' lang='lat' dir='ltr'><strong>ali-</strong></span> 
     </span>
    </p>
   </div>
   <div class='ocr_carea' id='block_1_64' title="bbox 204 1707 994 1744">
    <p class='ocr_par' dir='ltr' id='par_1_64' title="bbox 204 1707 994 1744">
     <span class='ocr_line' id='line_1_64' title="bbox 204 1707 994 1744; baseline 0 -9"><span class='ocrx_word' id='word_1_516' title='bbox 204 1716 257 1744; x_wconf 74' lang='lat' dir='ltr'><strong>qua</strong></span> <span class='ocrx_word' id='word_1_517' title='bbox 273 1713 391 1742; x_wconf 85' lang='lat' dir='ltr'><strong>constet,</strong></span> <span class='ocrx_word' id='word_1_518' title='bbox 400 1713 446 1735; x_wconf 88' lang='lat' dir='ltr'><strong>aut</strong></span> <span class='ocrx_word' id='word_1_519' title='bbox 459 1709 512 1735; x_wconf 90' lang='lat' dir='ltr'><strong>ulla</strong></span> <span class='ocrx_word' id='word_1_520' title='bbox 527 1709 618 1736; x_wconf 84' lang='lat' dir='ltr'><strong>radice</strong></span> <span class='ocrx_word' id='word_1_521' title='bbox 630 1709 761 1736; x_wconf 87' lang='lat' dir='ltr'><strong>nitantur.</strong></span> <span class='ocrx_word' id='word_1_522' title='bbox 771 1707 837 1742; x_wconf 64' lang='lat' dir='ltr'><strong>Quae</strong></span> <span class='ocrx_word' id='word_1_523' title='bbox 848 1715 909 1736; x_wconf 90' lang='lat' dir='ltr'><strong>cum</strong></span> <span class='ocrx_word' id='word_1_524' title='bbox 923 1708 994 1744; x_wconf 89' lang='lat' dir='ltr'><strong>apud</strong></span> 
     </span>
    </p>
   </div>
   <div class='ocr_carea' id='block_1_65' title="bbox 205 1754 990 1791">
    <p class='ocr_par' dir='ltr' id='par_1_65' title="bbox 205 1754 990 1791">
     <span class='ocr_line' id='line_1_65' title="bbox 205 1754 990 1791; baseline -0.001 -8"><span class='ocrx_word' id='word_1_525' title='bbox 205 1763 255 1783; x_wconf 85' lang='lat' dir='ltr'><strong>nos</strong></span> <span class='ocrx_word' id='word_1_526' title='bbox 270 1755 504 1791; x_wconf 83' lang='lat' dir='ltr'><strong>perpenderimus.</strong></span> <span class='ocrx_word' id='word_1_527' title='bbox 521 1755 624 1782; x_wconf 90' lang='lat' dir='ltr'><strong>nullam</strong></span> <span class='ocrx_word' id='word_1_528' title='bbox 641 1755 731 1783; x_wconf 88' lang='lat' dir='ltr'><strong>inesse</strong></span> <span class='ocrx_word' id='word_1_529' title='bbox 747 1755 820 1782; x_wconf 90' lang='lat' dir='ltr'><strong>malo</strong></span> <span class='ocrx_word' id='word_1_530' title='bbox 836 1754 990 1783; x_wconf 83' lang='lat' dir='ltr'><strong>subsisten-</strong></span> 
     </span>
    </p>
   </div>
   <div class='ocr_carea' id='block_1_66' title="bbox 203 1801 991 1836">
    <p class='ocr_par' dir='ltr' id='par_1_66' title="bbox 203 1801 991 1836">
     <span class='ocr_line' id='line_1_66' title="bbox 203 1801 991 1836; baseline 0.003 -8"><span class='ocrx_word' id='word_1_531' title='bbox 203 1802 281 1832; x_wconf 80' lang='lat' dir='ltr'><strong>tiam,</strong></span> <span class='ocrx_word' id='word_1_532' title='bbox 304 1808 355 1828; x_wconf 89' lang='lat' dir='ltr'><strong>nec</strong></span> <span class='ocrx_word' id='word_1_533' title='bbox 371 1801 490 1828; x_wconf 88' lang='lat' dir='ltr'><strong>radicem</strong></span> <span class='ocrx_word' id='word_1_534' title='bbox 509 1801 590 1828; x_wconf 82' lang='lat' dir='ltr'><strong>ullam</strong></span> <span class='ocrx_word' id='word_1_535' title='bbox 616 1801 716 1829; x_wconf 84' lang='lat' dir='ltr'><strong>habere</strong></span> <span class='ocrx_word' id='word_1_536' title='bbox 741 1801 919 1836; x_wconf 84' lang='lat' dir='ltr'><strong>reperiemus,</strong></span> <span class='ocrx_word' id='word_1_537' title='bbox 943 1801 991 1830; x_wconf 88' lang='lat' dir='ltr'><strong>sed</strong></span> 
     </span>
    </p>
   </div>
   <div class='ocr_carea' id='block_1_67' title="bbox 203 1845 991 1880">
    <p class='ocr_par' dir='ltr' id='par_1_67' title="bbox 203 1845 991 1880">
     <span class='ocr_line' id='line_1_67' title="bbox 203 1845 991 1880; baseline 0.001 -7"><span class='ocrx_word' id='word_1_538' title='bbox 203 1847 231 1880; x_wconf 87' lang='lat' dir='ltr'><strong>i_u</strong></span> <span class='ocrx_word' id='word_1_539' title='bbox 249 1846 316 1874; x_wconf 88' lang='lat' dir='ltr'><strong>solis</strong></span> <span class='ocrx_word' id='word_1_540' title='bbox 332 1845 412 1874; x_wconf 80' lang='lat' dir='ltr'><strong>factis</strong></span> <span class='ocrx_word' id='word_1_541' title='bbox 435 1847 597 1878; x_wconf 85' lang='lat' dir='ltr'><strong>cousistere,</strong></span> <span class='ocrx_word' id='word_1_542' title='bbox 613 1850 640 1874; x_wconf 88' lang='lat' dir='ltr'><strong>et</strong></span> <span class='ocrx_word' id='word_1_543' title='bbox 654 1847 801 1873; x_wconf 85' lang='lat' dir='ltr'><strong>humanam</strong></span> <span class='ocrx_word' id='word_1_544' title='bbox 820 1847 991 1874; x_wconf 82' lang='lat' dir='ltr'><strong>eﬂicientiam</strong></span> 
     </span>
    </p>
   </div>
   <div class='ocr_carea' id='block_1_68' title="bbox 203 1886 990 1928">
    <p class='ocr_par' dir='ltr' id='par_1_68' title="bbox 203 1886 990 1928">
     <span class='ocr_line' id='line_1_68' title="bbox 203 1886 990 1928; baseline -0.003 -8"><span class='ocrx_word' id='word_1_545' title='bbox 203 1894 231 1920; x_wconf 92' lang='lat' dir='ltr'><strong>in</strong></span> <span class='ocrx_word' id='word_1_546' title='bbox 244 1892 348 1928; x_wconf 76' lang='lat' dir='ltr'><strong>agendo</strong></span> <span class='ocrx_word' id='word_1_547' title='bbox 366 1893 504 1926; x_wconf 78' lang='lat' dir='ltr'><strong>perlicere.</strong></span> <span class='ocrx_word' id='word_1_548' title='bbox 528 1891 634 1919; x_wconf 82' lang='lat' dir='ltr'><strong>Etenim</strong></span> <span class='ocrx_word' id='word_1_549' title='bbox 653 1895 791 1926; x_wconf 86' lang='lat' dir='ltr'><strong>quatenus</strong></span> <span class='ocrx_word' id='word_1_550' title='bbox 815 1891 916 1927; x_wconf 86' lang='lat' dir='ltr'><strong>aliquid</strong></span> <span class='ocrx_word' id='word_1_551' title='bbox 947 1886 990 1918; x_wconf 75' lang='lat' dir='ltr'><strong>fa-</strong></span> 
     </span>
    </p>
   </div>
   <div class='ocr_carea' id='block_1_69' title="bbox 203 1937 991 1972">
    <p class='ocr_par' dir='ltr' id='par_1_69' title="bbox 203 1937 991 1972">
     <span class='ocr_line' id='line_1_69' title="bbox 203 1937 991 1972; baseline -0.001 -7"><span class='ocrx_word' id='word_1_552' title='bbox 203 1938 320 1967; x_wconf 86' lang='lat' dir='ltr'><strong>ciamus.</strong></span> <span class='ocrx_word' id='word_1_553' title='bbox 336 1938 406 1964; x_wconf 90' lang='lat' dir='ltr'><strong>inest</strong></span> <span class='ocrx_word' id='word_1_554' title='bbox 423 1938 450 1964; x_wconf 93' lang='lat' dir='ltr'><strong>in</strong></span> <span class='ocrx_word' id='word_1_555' title='bbox 475 1944 508 1964; x_wconf 85' lang='lat' dir='ltr'><strong>eo</strong></span> <span class='ocrx_word' id='word_1_556' title='bbox 533 1937 651 1970; x_wconf 87' lang='lat' dir='ltr'><strong>malum;</strong></span> <span class='ocrx_word' id='word_1_557' title='bbox 676 1944 739 1964; x_wconf 90' lang='lat' dir='ltr'><strong>cum</strong></span> <span class='ocrx_word' id='word_1_558' title='bbox 761 1944 824 1964; x_wconf 83' lang='lat' dir='ltr'><strong>vero</strong></span> <span class='ocrx_word' id='word_1_559' title='bbox 847 1937 916 1964; x_wconf 84' lang='lat' dir='ltr'><strong>nihil</strong></span> <span class='ocrx_word' id='word_1_560' title='bbox 933 1937 991 1972; x_wconf 75' lang='lat' dir='ltr'><strong>agi-</strong></span> 
     </span>
    </p>
   </div>
   <div class='ocr_carea' id='block_1_70' title="bbox 203 1983 993 2018">
    <p class='ocr_par' dir='ltr' id='par_1_70' title="bbox 203 1983 993 2018">
     <span class='ocr_line' id='line_1_70' title="bbox 203 1983 993 2018; baseline 0 -8"><span class='ocrx_word' id='word_1_561' title='bbox 203 1991 275 2014; x_wconf 84' lang='lat' dir='ltr'><strong>mus,</strong></span> <span class='ocrx_word' id='word_1_562' title='bbox 290 1991 426 2018; x_wconf 85' lang='lat' dir='ltr'><strong>nusquam</strong></span> <span class='ocrx_word' id='word_1_563' title='bbox 442 1987 493 2010; x_wconf 86' lang='lat' dir='ltr'><strong>est.</strong></span> <span class='ocrx_word' id='word_1_564' title='bbox 510 1983 538 2009; x_wconf 92' lang='lat' dir='ltr'><strong>lu</strong></span> <span class='ocrx_word' id='word_1_565' title='bbox 556 1991 610 2018; x_wconf 87' lang='lat' dir='ltr'><strong>quo</strong></span> <span class='ocrx_word' id='word_1_566' title='bbox 625 1983 691 2010; x_wconf 92' lang='lat' dir='ltr'><strong>illud</strong></span> <span class='ocrx_word' id='word_1_567' title='bbox 705 1983 886 2018; x_wconf 78' lang='lat' dir='ltr'><strong>intelligentia</strong></span> <span class='ocrx_word' id='word_1_568' title='bbox 898 1987 993 2011; x_wconf 87' lang='lat' dir='ltr'><strong>nostra</strong></span> 
     </span>
    </p>
   </div>
   <div class='ocr_carea' id='block_1_71' title="bbox 204 2026 993 2065">
    <p class='ocr_par' dir='ltr' id='par_1_71' title="bbox 204 2026 993 2065">
     <span class='ocr_line' id='line_1_71' title="bbox 204 2026 993 2065; baseline 0.001 -10"><span class='ocrx_word' id='word_1_569' title='bbox 204 2028 421 2064; x_wconf 88' lang='lat' dir='ltr'><strong>comprehendit,</strong></span> <span class='ocrx_word' id='word_1_570' title='bbox 437 2029 503 2064; x_wconf 87' lang='lat' dir='ltr'><strong>quid</strong></span> <span class='ocrx_word' id='word_1_571' title='bbox 525 2029 561 2055; x_wconf 89' lang='lat' dir='ltr'><strong>sit</strong></span> <span class='ocrx_word' id='word_1_572' title='bbox 578 2029 642 2056; x_wconf 90' lang='lat' dir='ltr'><strong>mali</strong></span> <span class='ocrx_word' id='word_1_573' title='bbox 665 2028 768 2063; x_wconf 88' lang='lat' dir='ltr'><strong>aliquid</strong></span> <span class='ocrx_word' id='word_1_574' title='bbox 786 2029 900 2061; x_wconf 81' lang='lat' dir='ltr'><strong>eﬂicere,</strong></span> <span class='ocrx_word' id='word_1_575' title='bbox 919 2026 993 2065; x_wconf 89' lang='lat' dir='ltr'><strong>quod</strong></span> 
     </span>
    </p>
   </div>
   <div class='ocr_carea' id='block_1_72' title="bbox 203 2076 993 2114">
    <p class='ocr_par' dir='ltr' id='par_1_72' title="bbox 203 2076 993 2114">
     <span class='ocr_line' id='line_1_72' title="bbox 203 2076 993 2114; baseline 0.004 -11"><span class='ocrx_word' id='word_1_576' title='bbox 203 2077 259 2104; x_wconf 86' lang='lat' dir='ltr'><strong>Deo</strong></span> <span class='ocrx_word' id='word_1_577' title='bbox 276 2076 430 2111; x_wconf 80' lang='lat' dir='ltr'><strong>displiceat,</strong></span> <span class='ocrx_word' id='word_1_578' title='bbox 450 2077 524 2112; x_wconf 86' lang='lat' dir='ltr'><strong>quod</strong></span> <span class='ocrx_word' id='word_1_579' title='bbox 545 2077 570 2104; x_wconf 92' lang='lat' dir='ltr'><strong>ei</strong></span> <span class='ocrx_word' id='word_1_580' title='bbox 588 2081 677 2104; x_wconf 86' lang='lat' dir='ltr'><strong>tamen</strong></span> <span class='ocrx_word' id='word_1_581' title='bbox 699 2076 831 2113; x_wconf 75' lang='lat' dir='ltr'><strong>refragari</strong></span> <span class='ocrx_word' id='word_1_582' title='bbox 854 2086 887 2105; x_wconf 89' lang='lat' dir='ltr'><strong>ac</strong></span> <span class='ocrx_word' id='word_1_583' title='bbox 910 2087 993 2114; x_wconf 88' lang='lat' dir='ltr'><strong>repu-</strong></span> 
     </span>
    </p>
   </div>
   <div class='ocr_carea' id='block_1_73' title="bbox 202 2122 993 2158">
    <p class='ocr_par' dir='ltr' id='par_1_73' title="bbox 202 2122 993 2158">
     <span class='ocr_line' id='line_1_73' title="bbox 202 2122 993 2158; baseline 0.003 -9"><span class='ocrx_word' id='word_1_584' title='bbox 202 2131 286 2158; x_wconf 69' lang='lat' dir='ltr'><strong>gnare</strong></span> <span class='ocrx_word' id='word_1_585' title='bbox 301 2130 354 2150; x_wconf 91' lang='lat' dir='ltr'><strong>non</strong></span> <span class='ocrx_word' id='word_1_586' title='bbox 371 2127 469 2158; x_wconf 85' lang='lat' dir='ltr'><strong>potest.</strong></span> <span class='ocrx_word' id='word_1_587' title='bbox 483 2122 623 2158; x_wconf 85' lang='lat' dir='ltr'><strong>Quidquid</strong></span> <span class='ocrx_word' id='word_1_588' title='bbox 639 2123 710 2150; x_wconf 89' lang='lat' dir='ltr'><strong>enim</strong></span> <span class='ocrx_word' id='word_1_589' title='bbox 727 2123 760 2150; x_wconf 87' lang='lat' dir='ltr'><strong>ab</strong></span> <span class='ocrx_word' id='word_1_590' title='bbox 775 2125 930 2152; x_wconf 84' lang='lat' dir='ltr'><strong>hominibus</strong></span> <span class='ocrx_word' id='word_1_591' title='bbox 945 2132 993 2151; x_wconf 76' lang='lat' dir='ltr'><strong>ex-</strong></span> 
     </span>
    </p>
   </div>
   <div class='ocr_carea' id='block_1_74' title="bbox 202 2168 993 2204">
    <p class='ocr_par' dir='ltr' id='par_1_74' title="bbox 202 2168 993 2204">
     <span class='ocr_line' id='line_1_74' title="bbox 202 2168 993 2204; baseline 0 -9"><span class='ocrx_word' id='word_1_592' title='bbox 202 2168 255 2195; x_wconf 85' lang='lat' dir='ltr'><strong>cidi</strong></span> <span class='ocrx_word' id='word_1_593' title='bbox 269 2168 461 2204; x_wconf 77' lang='lat' dir='ltr'><strong>exstinguique</strong></span> <span class='ocrx_word' id='word_1_594' title='bbox 475 2172 583 2203; x_wconf 86' lang='lat' dir='ltr'><strong>potest,</strong></span> <span class='ocrx_word' id='word_1_595' title='bbox 597 2168 682 2195; x_wconf 91' lang='lat' dir='ltr'><strong>multo</strong></span> <span class='ocrx_word' id='word_1_596' title='bbox 693 2168 785 2196; x_wconf 87' lang='lat' dir='ltr'><strong>minus</strong></span> <span class='ocrx_word' id='word_1_597' title='bbox 796 2169 924 2196; x_wconf 83' lang='lat' dir='ltr'><strong>resistere</strong></span> <span class='ocrx_word' id='word_1_598' title='bbox 939 2169 993 2196; x_wconf 87' lang='lat' dir='ltr'><strong>Deo</strong></span> 
     </span>
    </p>
   </div>
   <div class='ocr_carea' id='block_1_75' title="bbox 203 2216 314 2250">
    <p class='ocr_par' dir='ltr' id='par_1_75' title="bbox 203 2216 314 2250">
     <span class='ocr_line' id='line_1_75' title="bbox 203 2216 314 2250; baseline 0 -9"><span class='ocrx_word' id='word_1_599' title='bbox 203 2216 314 2250; x_wconf 90' lang='lat' dir='ltr'><strong>poterit.</strong></span> 
     </span>
    </p>
   </div>
   <div class='ocr_carea' id='block_1_76' title="bbox 1045 1622 1833 1658">
    <p class='ocr_par' dir='ltr' id='par_1_76' title="bbox 1045 1622 1833 1658">
     <span class='ocr_line' id='line_1_76' title="bbox 1045 1622 1833 1658; baseline 0 -9"><span class='ocrx_word' id='word_1_600' title='bbox 1045 1623 1144 1653; x_wconf 76' lang='grc' dir='ltr'>εἰπεῖν.</span> <span class='ocrx_word' id='word_1_601' title='bbox 1158 1622 1174 1657; x_wconf 81' lang='grc' dir='ltr'><strong>ἢ</strong></span> <span class='ocrx_word' id='word_1_602' title='bbox 1188 1622 1335 1650; x_wconf 77' lang='grc' dir='ltr'>ὑπόστασιν</span> <span class='ocrx_word' id='word_1_603' title='bbox 1351 1622 1416 1658; x_wconf 77' lang='grc' dir='ltr'>ἔχει,</span> <span class='ocrx_word' id='word_1_604' title='bbox 1425 1623 1442 1658; x_wconf 80' lang='grc' dir='ltr'><strong>ἢ</strong></span> <span class='ocrx_word' id='word_1_605' title='bbox 1458 1623 1504 1649; x_wconf 85' lang='grc' dir='ltr'>καὶ</span> <span class='ocrx_word' id='word_1_606' title='bbox 1520 1622 1596 1658; x_wconf 73' lang='grc' dir='ltr'>ῥίζαν</span> <span class='ocrx_word' id='word_1_607' title='bbox 1609 1622 1720 1649; x_wconf 81' lang='grc' dir='ltr'>δύναται</span> <span class='ocrx_word' id='word_1_608' title='bbox 1734 1623 1833 1658; x_wconf 78' lang='grc' dir='ltr'>κεκτῆ-</span> 
     </span>
    </p>
   </div>
   <div class='ocr_carea' id='block_1_77' title="bbox 1046 1667 1831 1703">
    <p class='ocr_par' dir='ltr' id='par_1_77' title="bbox 1046 1667 1831 1703">
     <span class='ocr_line' id='line_1_77' title="bbox 1046 1667 1831 1703; baseline 0 -9"><span class='ocrx_word' id='word_1_609' title='bbox 1046 1667 1117 1694; x_wconf 84' lang='grc' dir='ltr'>σθαι.</span> <span class='ocrx_word' id='word_1_610' title='bbox 1149 1668 1204 1695; x_wconf 82' lang='grc' dir='ltr'><strong>Καὶ</strong></span> <span class='ocrx_word' id='word_1_611' title='bbox 1224 1668 1286 1695; x_wconf 81' lang='grc' dir='ltr'>ὅταν</span> <span class='ocrx_word' id='word_1_612' title='bbox 1307 1668 1395 1695; x_wconf 81' lang='grc' dir='ltr'>ταῦτα</span> <span class='ocrx_word' id='word_1_613' title='bbox 1418 1669 1446 1694; x_wconf 71' lang='grc' dir='ltr'>ἐν</span> <span class='ocrx_word' id='word_1_614' title='bbox 1468 1669 1573 1700; x_wconf 74' lang='grc' dir='ltr'>ἑαυτοῖς</span> <span class='ocrx_word' id='word_1_615' title='bbox 1592 1668 1831 1703; x_wconf 78' lang='grc' dir='ltr'>διασκοπήσωμεν,</span> 
     </span>
    </p>
   </div>
   <div class='ocr_carea' id='block_1_78' title="bbox 1044 1714 1831 1750">
    <p class='ocr_par' dir='ltr' id='par_1_78' title="bbox 1044 1714 1831 1750">
     <span class='ocr_line' id='line_1_78' title="bbox 1044 1714 1831 1750; baseline -0.001 -9"><span class='ocrx_word' id='word_1_616' title='bbox 1044 1714 1227 1741; x_wconf 79' lang='grc' dir='ltr'>ἀνυπόστατον</span> <span class='ocrx_word' id='word_1_617' title='bbox 1251 1715 1428 1750; x_wconf 79' lang='grc' dir='ltr'><strong>εὑρεθήσεται</strong></span> <span class='ocrx_word' id='word_1_618' title='bbox 1449 1714 1480 1740; x_wconf 76' lang='grc' dir='ltr'>τὸ</span> <span class='ocrx_word' id='word_1_619' title='bbox 1502 1714 1597 1745; x_wconf 79' lang='grc' dir='ltr'>κακὸν,</span> <span class='ocrx_word' id='word_1_620' title='bbox 1625 1714 1673 1740; x_wconf 77' lang='grc' dir='ltr'>καὶ</span> <span class='ocrx_word' id='word_1_621' title='bbox 1696 1714 1831 1750; x_wconf 75' lang='grc' dir='ltr'>μηδεμίαν</span> 
     </span>
    </p>
   </div>
   <div class='ocr_carea' id='block_1_79' title="bbox 1046 1759 1831 1796">
    <p class='ocr_par' dir='ltr' id='par_1_79' title="bbox 1046 1759 1831 1796">
     <span class='ocr_line' id='line_1_79' title="bbox 1046 1759 1831 1796; baseline -0.001 -9"><span class='ocrx_word' id='word_1_622' title='bbox 1046 1759 1123 1795; x_wconf 73' lang='grc' dir='ltr'>ῥίζαν</span> <span class='ocrx_word' id='word_1_623' title='bbox 1138 1760 1208 1795; x_wconf 75' lang='grc' dir='ltr'>ἕχον,</span> <span class='ocrx_word' id='word_1_624' title='bbox 1227 1760 1294 1787; x_wconf 79' lang='grc' dir='ltr'>ἀλλὰ</span> <span class='ocrx_word' id='word_1_625' title='bbox 1310 1761 1362 1792; x_wconf 65' lang='grc' dir='ltr'>ἕως</span> <span class='ocrx_word' id='word_1_626' title='bbox 1383 1760 1472 1796; x_wconf 65' lang='grc' dir='ltr'>ἔργων</span> <span class='ocrx_word' id='word_1_627' title='bbox 1489 1761 1569 1795; x_wconf 75' lang='grc' dir='ltr'>μόνον</span> <span class='ocrx_word' id='word_1_628' title='bbox 1593 1761 1651 1787; x_wconf 64' lang='grc' dir='ltr'>ἐστὶ</span> <span class='ocrx_word' id='word_1_629' title='bbox 1675 1761 1831 1796; x_wconf 78' lang='grc' dir='ltr'><strong>πρακτικῆς</strong></span> 
     </span>
    </p>
   </div>
   <div class='ocr_carea' id='block_1_80' title="bbox 1044 1804 1831 1841">
    <p class='ocr_par' dir='ltr' id='par_1_80' title="bbox 1044 1804 1831 1841">
     <span class='ocr_line' id='line_1_80' title="bbox 1044 1804 1831 1841; baseline 0 -10"><span class='ocrx_word' id='word_1_630' title='bbox 1044 1804 1217 1840; x_wconf 74' lang='grc' dir='ltr'>ἀνθρωπίνης</span> <span class='ocrx_word' id='word_1_631' title='bbox 1241 1805 1379 1841; x_wconf 71' lang='grc' dir='ltr'>ἐνεργείας</span> <span class='ocrx_word' id='word_1_632' title='bbox 1400 1805 1616 1832; x_wconf 75' lang='grc' dir='ltr'><strong>ἀποτελεστικὸν.</strong></span> <span class='ocrx_word' id='word_1_633' title='bbox 1650 1805 1694 1831; x_wconf 80' lang='grc' dir='ltr'>Ἐν</span> <span class='ocrx_word' id='word_1_634' title='bbox 1716 1804 1757 1840; x_wconf 79' lang='grc' dir='ltr'>τῷ</span> <span class='ocrx_word' id='word_1_635' title='bbox 1776 1806 1831 1841; x_wconf 84' lang='grc' dir='ltr'><strong>γὰρ</strong></span> 
     </span>
    </p>
   </div>
   <div class='ocr_carea' id='block_1_81' title="bbox 1044 1850 1831 1887">
    <p class='ocr_par' dir='ltr' id='par_1_81' title="bbox 1044 1850 1831 1887">
     <span class='ocr_line' id='line_1_81' title="bbox 1044 1850 1831 1887; baseline 0 -10"><span class='ocrx_word' id='word_1_636' title='bbox 1044 1852 1131 1877; x_wconf 83' lang='grc' dir='ltr'>ποιεῖν</span> <span class='ocrx_word' id='word_1_637' title='bbox 1144 1852 1217 1887; x_wconf 77' lang='grc' dir='ltr'>ἡμᾶς</span> <span class='ocrx_word' id='word_1_638' title='bbox 1234 1851 1264 1877; x_wconf 76' lang='grc' dir='ltr'><strong>τὸ</strong></span> <span class='ocrx_word' id='word_1_639' title='bbox 1283 1851 1368 1878; x_wconf 76' lang='grc' dir='ltr'>κακόν</span> <span class='ocrx_word' id='word_1_640' title='bbox 1384 1851 1457 1878; x_wconf 71' lang='grc' dir='ltr'>ἐστιν</span> <span class='ocrx_word' id='word_1_641' title='bbox 1468 1859 1474 1867; x_wconf 94' lang='grc'><strong>·</strong></span> <span class='ocrx_word' id='word_1_642' title='bbox 1493 1852 1522 1877; x_wconf 80' lang='grc' dir='ltr'>ὲν</span> <span class='ocrx_word' id='word_1_643' title='bbox 1537 1851 1566 1877; x_wconf 85' lang='grc' dir='ltr'>δὲ</span> <span class='ocrx_word' id='word_1_644' title='bbox 1574 1850 1613 1886; x_wconf 85' lang='grc' dir='ltr'>τῷ</span> <span class='ocrx_word' id='word_1_645' title='bbox 1629 1851 1667 1886; x_wconf 81' lang='grc' dir='ltr'><strong>μὴ</strong></span> <span class='ocrx_word' id='word_1_646' title='bbox 1685 1852 1772 1877; x_wconf 78' lang='grc' dir='ltr'>ποιεῖν</span> <span class='ocrx_word' id='word_1_647' title='bbox 1782 1851 1831 1886; x_wconf 89' lang='grc' dir='ltr'><strong>οὑχ</strong></span> 
     </span>
    </p>
   </div>
   <div class='ocr_carea' id='block_1_82' title="bbox 1044 1896 1831 1933">
    <p class='ocr_par' dir='ltr' id='par_1_82' title="bbox 1044 1896 1831 1933">
     <span class='ocr_line' id='line_1_82' title="bbox 1044 1896 1831 1933; baseline 0.003 -11"><span class='ocrx_word' id='word_1_648' title='bbox 1044 1896 1170 1932; x_wconf 83' lang='grc' dir='ltr'>ὑπάρχει,</span> <span class='ocrx_word' id='word_1_649' title='bbox 1188 1898 1237 1932; x_wconf 80' lang='grc' dir='ltr'>τῆς</span> <span class='ocrx_word' id='word_1_650' title='bbox 1250 1897 1354 1929; x_wconf 81' lang='grc' dir='ltr'>ἑννοίας</span> <span class='ocrx_word' id='word_1_651' title='bbox 1374 1897 1587 1933; x_wconf 75' lang='grc' dir='ltr'>ὲφευρισκούσης</span> <span class='ocrx_word' id='word_1_652' title='bbox 1605 1897 1635 1924; x_wconf 76' lang='grc' dir='ltr'>τὸ</span> <span class='ocrx_word' id='word_1_653' title='bbox 1652 1897 1678 1924; x_wconf 85' lang='grc' dir='ltr'><strong>τί</strong></span> <span class='ocrx_word' id='word_1_654' title='bbox 1691 1897 1756 1924; x_wconf 77' lang='grc' dir='ltr'>ποτέ</span> <span class='ocrx_word' id='word_1_655' title='bbox 1772 1899 1831 1924; x_wconf 79' lang='grc' dir='ltr'>ἐστι</span> 
     </span>
    </p>
   </div>
   <div class='ocr_carea' id='block_1_83' title="bbox 1043 1943 1831 1980">
    <p class='ocr_par' dir='ltr' id='par_1_83' title="bbox 1043 1943 1831 1980">
     <span class='ocr_line' id='line_1_83' title="bbox 1043 1943 1831 1980; baseline 0 -10"><span class='ocrx_word' id='word_1_656' title='bbox 1043 1943 1073 1970; x_wconf 80' lang='grc' dir='ltr'>τὸ</span> <span class='ocrx_word' id='word_1_657' title='bbox 1083 1944 1199 1979; x_wconf 76' lang='grc' dir='ltr'>πονηρὸν</span> <span class='ocrx_word' id='word_1_658' title='bbox 1212 1944 1378 1980; x_wconf 73' lang='grc' dir='ltr'>ἐργάσασθαι</span> <span class='ocrx_word' id='word_1_659' title='bbox 1386 1944 1435 1971; x_wconf 86' lang='grc' dir='ltr'><strong>οὑκ</strong></span> <span class='ocrx_word' id='word_1_660' title='bbox 1444 1944 1559 1980; x_wconf 77' lang='grc' dir='ltr'>ἀρέσκον</span> <span class='ocrx_word' id='word_1_661' title='bbox 1569 1943 1639 1979; x_wconf 74' lang='grc' dir='ltr'>Θεῷ,</span> <span class='ocrx_word' id='word_1_662' title='bbox 1650 1944 1697 1970; x_wconf 73' lang='grc' dir='ltr'>καὶ</span> <span class='ocrx_word' id='word_1_663' title='bbox 1707 1943 1770 1970; x_wconf 73' lang='grc' dir='ltr'>οὔτε</span> <span class='ocrx_word' id='word_1_664' title='bbox 1783 1944 1831 1971; x_wconf 85' lang='grc' dir='ltr'>δυ-</span> 
     </span>
    </p>
   </div>
   <div class='ocr_carea' id='block_1_84' title="bbox 1043 1989 1830 2027">
    <p class='ocr_par' dir='ltr' id='par_1_84' title="bbox 1043 1989 1830 2027">
     <span class='ocr_line' id='line_1_84' title="bbox 1043 1989 1830 2027; baseline 0.003 -11"><span class='ocrx_word' id='word_1_665' title='bbox 1043 1989 1157 2024; x_wconf 79' lang='grc' dir='ltr'>νάμενον</span> <span class='ocrx_word' id='word_1_666' title='bbox 1171 1990 1320 2024; x_wconf 79' lang='grc' dir='ltr'>ἀντιλέγειν</span> <span class='ocrx_word' id='word_1_667' title='bbox 1339 1990 1409 2026; x_wconf 80' lang='grc' dir='ltr'>Θεῷ,</span> <span class='ocrx_word' id='word_1_668' title='bbox 1430 1990 1490 2017; x_wconf 75' lang='grc' dir='ltr'>οὑδὲ</span> <span class='ocrx_word' id='word_1_669' title='bbox 1503 1990 1701 2025; x_wconf 77' lang='grc' dir='ltr'>ἁντιμάχεσθαι</span> <span class='ocrx_word' id='word_1_670' title='bbox 1716 1991 1785 2027; x_wconf 74' lang='grc' dir='ltr'>πρὸς</span> <span class='ocrx_word' id='word_1_671' title='bbox 1799 1991 1830 2018; x_wconf 78' lang='grc' dir='ltr'><strong>τὺ</strong></span> 
     </span>
    </p>
   </div>
   <div class='ocr_carea' id='block_1_85' title="bbox 1043 2035 1830 2072">
    <p class='ocr_par' dir='ltr' id='par_1_85' title="bbox 1043 2035 1830 2072">
     <span class='ocr_line' id='line_1_85' title="bbox 1043 2035 1830 2072; baseline 0.004 -11"><span class='ocrx_word' id='word_1_672' title='bbox 1043 2035 1130 2062; x_wconf 76' lang='grc' dir='ltr'>Θείον.</span> <span class='ocrx_word' id='word_1_673' title='bbox 1150 2036 1207 2062; x_wconf 79' lang='grc' dir='ltr'><strong>Πᾶν</strong></span> <span class='ocrx_word' id='word_1_674' title='bbox 1224 2036 1278 2071; x_wconf 80' lang='grc' dir='ltr'><strong>γὰρ</strong></span> <span class='ocrx_word' id='word_1_675' title='bbox 1293 2036 1322 2063; x_wconf 86' lang='grc' dir='ltr'>τὸ</span> <span class='ocrx_word' id='word_1_676' title='bbox 1338 2036 1390 2063; x_wconf 81' lang='grc' dir='ltr'>ὑπὸ</span> <span class='ocrx_word' id='word_1_677' title='bbox 1409 2035 1559 2072; x_wconf 67' lang='grc' dir='ltr'>ἀνθρώταον</span> <span class='ocrx_word' id='word_1_678' title='bbox 1579 2037 1726 2072; x_wconf 79' lang='grc' dir='ltr'>δυνάμενον</span> <span class='ocrx_word' id='word_1_679' title='bbox 1750 2038 1830 2064; x_wconf 75' lang='grc' dir='ltr'>ἐκκό-</span> 
     </span>
    </p>
   </div>
   <div class='ocr_carea' id='block_1_86' title="bbox 1044 2080 1830 2118">
    <p class='ocr_par' dir='ltr' id='par_1_86' title="bbox 1044 2080 1830 2118">
     <span class='ocr_line' id='line_1_86' title="bbox 1044 2080 1830 2118; baseline 0.004 -12"><span class='ocrx_word' id='word_1_680' title='bbox 1044 2080 1157 2107; x_wconf 79' lang='grc' dir='ltr'>πτεσθαι</span> <span class='ocrx_word' id='word_1_681' title='bbox 1174 2081 1221 2107; x_wconf 75' lang='grc' dir='ltr'>καὶ</span> <span class='ocrx_word' id='word_1_682' title='bbox 1245 2081 1432 2117; x_wconf 76' lang='grc' dir='ltr'>ἀναιρεῖσθαι,</span> <span class='ocrx_word' id='word_1_683' title='bbox 1456 2081 1546 2116; x_wconf 76' lang='grc' dir='ltr'>πολλῷ</span> <span class='ocrx_word' id='word_1_684' title='bbox 1562 2081 1661 2117; x_wconf 76' lang='grc' dir='ltr'>μᾶλλον</span> <span class='ocrx_word' id='word_1_685' title='bbox 1680 2082 1748 2118; x_wconf 67' lang='grc' dir='ltr'>πρὸς</span> <span class='ocrx_word' id='word_1_686' title='bbox 1762 2082 1830 2110; x_wconf 74' lang='grc' dir='ltr'>Θεὸν</span> 
     </span>
    </p>
   </div>
   <div class='ocr_carea' id='block_1_87' title="bbox 1043 2125 1319 2161">
    <p class='ocr_par' dir='ltr' id='par_1_87' title="bbox 1043 2125 1319 2161">
     <span class='ocr_line' id='line_1_87' title="bbox 1043 2125 1319 2161; baseline 0.004 -9"><span class='ocrx_word' id='word_1_687' title='bbox 1043 2125 1165 2161; x_wconf 75' lang='grc' dir='ltr'>ἀντέχειν</span> <span class='ocrx_word' id='word_1_688' title='bbox 1180 2126 1319 2154; x_wconf 77' lang='grc' dir='ltr'>ἀδύνατον.</span> 
     </span>
    </p>
   </div>
   <div class='ocr_carea' id='block_1_88' title="bbox 238 2258 994 2299">
    <p class='ocr_par' dir='ltr' id='par_1_88' title="bbox 238 2261 991 2297">
     <span class='ocr_line' id='line_1_88' title="bbox 238 2261 991 2297; baseline 0 -8"><span class='ocrx_word' id='word_1_689' title='bbox 238 2262 308 2289; x_wconf 76' lang='lat' dir='ltr'><strong>XVI.</strong></span> <span class='ocrx_word' id='word_1_690' title='bbox 330 2261 367 2290; x_wconf 85' lang='lat' dir='ltr'><strong>De</strong></span> <span class='ocrx_word' id='word_1_691' title='bbox 383 2262 492 2289; x_wconf 81' lang='lat' dir='ltr'><strong>diabolo</strong></span> <span class='ocrx_word' id='word_1_692' title='bbox 504 2269 613 2297; x_wconf 90' lang='lat' dir='ltr'><strong>quoque</strong></span> <span class='ocrx_word' id='word_1_693' title='bbox 626 2261 664 2290; x_wconf 74' lang='lat' dir='ltr'><strong>sic</strong></span> <span class='ocrx_word' id='word_1_694' title='bbox 689 2261 843 2289; x_wconf 87' lang='lat' dir='ltr'><strong>habendum</strong></span> <span class='ocrx_word' id='word_1_695' title='bbox 858 2266 910 2295; x_wconf 86' lang='lat' dir='ltr'><strong>est,</strong></span> <span class='ocrx_word' id='word_1_696' title='bbox 928 2270 991 2290; x_wconf 87' lang='lat' dir='ltr'><strong>eum</strong></span> 
     </span>
    </p>
   </div>
   <div class='ocr_carea' id='block_1_89' title="bbox 1045 2258 1828 2299">
    <p class='ocr_par' dir='ltr' id='par_1_89' title="bbox 1078 2261 1828 2299">
     <span class='ocr_line' id='line_1_89' title="bbox 1078 2261 1828 2299; baseline 0.004 -11"><span class='ocrx_word' id='word_1_697' title='bbox 1078 2261 1137 2295; x_wconf 72' lang='lat' dir='ltr'><strong>tq’.</strong></span> <span class='ocrx_word' id='word_1_698' title='bbox 1149 2262 1225 2297; x_wconf 72' lang='grc' dir='ltr'><strong>Ἅμα</strong></span> <span class='ocrx_word' id='word_1_699' title='bbox 1236 2262 1265 2288; x_wconf 78' lang='grc' dir='ltr'>δὲ</span> <span class='ocrx_word' id='word_1_700' title='bbox 1283 2263 1329 2289; x_wconf 79' lang='grc' dir='ltr'>καὶ</span> <span class='ocrx_word' id='word_1_701' title='bbox 1343 2262 1407 2298; x_wconf 75' lang='grc' dir='ltr'>περὶ</span> <span class='ocrx_word' id='word_1_702' title='bbox 1419 2262 1542 2289; x_wconf 77' lang='grc' dir='ltr'>διαϐόλου</span> <span class='ocrx_word' id='word_1_703' title='bbox 1554 2262 1640 2295; x_wconf 75' lang='grc' dir='ltr'>οὕτως</span> <span class='ocrx_word' id='word_1_704' title='bbox 1656 2263 1828 2299; x_wconf 73' lang='grc' dir='ltr'>διαληπτέον,</span> 
     </span>
    </p>
   </div>
   <div class='ocr_carea' id='block_1_90' title="bbox 203 2307 989 2343">
    <p class='ocr_par' dir='ltr' id='par_1_90' title="bbox 203 2307 989 2343">
     <span class='ocr_line' id='line_1_90' title="bbox 203 2307 989 2343; baseline 0.001 -9"><span class='ocrx_word' id='word_1_705' title='bbox 203 2308 315 2334; x_wconf 86' lang='lat' dir='ltr'><strong>minimc</strong></span> <span class='ocrx_word' id='word_1_706' title='bbox 329 2307 365 2334; x_wconf 88' lang='lat' dir='ltr'><strong>ab</strong></span> <span class='ocrx_word' id='word_1_707' title='bbox 379 2308 485 2343; x_wconf 75' lang='lat' dir='ltr'><strong>origine</strong></span> <span class='ocrx_word' id='word_1_708' title='bbox 498 2308 556 2343; x_wconf 84' lang='lat' dir='ltr'><strong>ipsa</strong></span> <span class='ocrx_word' id='word_1_709' title='bbox 576 2312 736 2343; x_wconf 57' lang='lat' dir='ltr'><strong>naturaeque</strong></span> <span class='ocrx_word' id='word_1_710' title='bbox 757 2308 914 2336; x_wconf 88' lang='lat' dir='ltr'><strong>conditione</strong></span> <span class='ocrx_word' id='word_1_711' title='bbox 930 2316 989 2335; x_wconf 88' lang='lat' dir='ltr'><strong>ma-</strong></span> 
     </span>
    </p>
   </div>
   <div class='ocr_carea' id='block_1_91' title="bbox 204 2352 990 2389">
    <p class='ocr_par' dir='ltr' id='par_1_91' title="bbox 204 2352 990 2389">
     <span class='ocr_line' id='line_1_91' title="bbox 204 2352 990 2389; baseline -0.001 -8"><span class='ocrx_word' id='word_1_712' title='bbox 204 2355 260 2381; x_wconf 89' lang='lat' dir='ltr'><strong>lum</strong></span> <span class='ocrx_word' id='word_1_713' title='bbox 280 2353 430 2385; x_wconf 82' lang='lat' dir='ltr'><strong>exstitisse,</strong></span> <span class='ocrx_word' id='word_1_714' title='bbox 448 2352 496 2380; x_wconf 81' lang='lat' dir='ltr'><strong>sed</strong></span> <span class='ocrx_word' id='word_1_715' title='bbox 517 2353 656 2387; x_wconf 85' lang='lat' dir='ltr'><strong>aliquanto</strong></span> <span class='ocrx_word' id='word_1_716' title='bbox 677 2358 770 2388; x_wconf 82' lang='lat' dir='ltr'><strong>postea</strong></span> <span class='ocrx_word' id='word_1_717' title='bbox 796 2358 917 2389; x_wconf 88' lang='lat' dir='ltr'><strong>tempore</strong></span> <span class='ocrx_word' id='word_1_718' title='bbox 932 2361 990 2381; x_wconf 84' lang='lat' dir='ltr'><strong>ma-</strong></span> 
     </span>
    </p>
   </div>
   <div class='ocr_carea' id='block_1_92' title="bbox 204 2397 990 2434">
    <p class='ocr_par' dir='ltr' id='par_1_92' title="bbox 204 2397 990 2434">
     <span class='ocr_line' id='line_1_92' title="bbox 204 2397 990 2434; baseline 0 -8"><span class='ocrx_word' id='word_1_719' title='bbox 204 2399 259 2426; x_wconf 90' lang='lat' dir='ltr'><strong>lum</strong></span> <span class='ocrx_word' id='word_1_720' title='bbox 283 2398 355 2433; x_wconf 85' lang='lat' dir='ltr'><strong>quod</strong></span> <span class='ocrx_word' id='word_1_721' title='bbox 386 2397 487 2425; x_wconf 77' lang='lat' dir='ltr'><strong>faceret</strong></span> <span class='ocrx_word' id='word_1_722' title='bbox 510 2399 700 2434; x_wconf 81' lang='lat' dir='ltr'><strong>excogitasse:</strong></span> <span class='ocrx_word' id='word_1_723' title='bbox 717 2399 755 2425; x_wconf 86' lang='lat' dir='ltr'><strong>ita</strong></span> <span class='ocrx_word' id='word_1_724' title='bbox 777 2403 867 2426; x_wconf 82' lang='lat' dir='ltr'><strong>tamen</strong></span> <span class='ocrx_word' id='word_1_725' title='bbox 887 2404 917 2426; x_wconf 89' lang='lat' dir='ltr'><strong>ut</strong></span> <span class='ocrx_word' id='word_1_726' title='bbox 941 2407 990 2426; x_wconf 89' lang='lat' dir='ltr'><strong>cu-</strong></span> 
     </span>
    </p>
   </div>
   <div class='ocr_carea' id='block_1_93' title="bbox 201 2444 988 2480">
    <p class='ocr_par' dir='ltr' id='par_1_93' title="bbox 201 2444 988 2480">
     <span class='ocr_line' id='line_1_93' title="bbox 201 2444 988 2480; baseline -0.001 -8"><span class='ocrx_word' id='word_1_727' title='bbox 201 2445 322 2480; x_wconf 72' lang='lat' dir='ltr'><strong>iusmodi</strong></span> <span class='ocrx_word' id='word_1_728' title='bbox 338 2444 447 2472; x_wconf 80' lang='lat' dir='ltr'><strong>futurus</strong></span> <span class='ocrx_word' id='word_1_729' title='bbox 463 2448 546 2476; x_wconf 77' lang='lat' dir='ltr'><strong>esset,</strong></span> <span class='ocrx_word' id='word_1_730' title='bbox 571 2451 742 2479; x_wconf 85' lang='lat' dir='ltr'><strong>nequaquam</strong></span> <span class='ocrx_word' id='word_1_731' title='bbox 761 2444 875 2478; x_wconf 83' lang='lat' dir='ltr'><strong>lateret;</strong></span> <span class='ocrx_word' id='word_1_732' title='bbox 893 2452 988 2471; x_wconf 81' lang='lat' dir='ltr'><strong>verum</strong></span> 
     </span>
    </p>
   </div>
   <div class='ocr_carea' id='block_1_94' title="bbox 204 2489 985 2526">
    <p class='ocr_par' dir='ltr' id='par_1_94' title="bbox 204 2489 985 2526">
     <span class='ocr_line' id='line_1_94' title="bbox 204 2489 985 2526; baseline -0.001 -8"><span class='ocrx_word' id='word_1_733' title='bbox 204 2489 432 2526; x_wconf 88' lang='lat' dir='ltr'><strong>quemadmodum</strong></span> <span class='ocrx_word' id='word_1_734' title='bbox 447 2493 544 2518; x_wconf 62' lang='lat' dir='ltr'><strong>caetera</strong></span> <span class='ocrx_word' id='word_1_735' title='bbox 557 2490 625 2518; x_wconf 86' lang='lat' dir='ltr'><strong>bene</strong></span> <span class='ocrx_word' id='word_1_736' title='bbox 639 2493 720 2525; x_wconf 86' lang='lat' dir='ltr'><strong>atque</strong></span> <span class='ocrx_word' id='word_1_737' title='bbox 733 2490 835 2518; x_wconf 88' lang='lat' dir='ltr'><strong>utiliter</strong></span> <span class='ocrx_word' id='word_1_738' title='bbox 849 2497 911 2518; x_wconf 89' lang='lat' dir='ltr'><strong>esse</strong></span> <span class='ocrx_word' id='word_1_739' title='bbox 923 2497 985 2517; x_wconf 89' lang='lat' dir='ltr'><strong>con-</strong></span> 
     </span>
    </p>
   </div>
   <div class='ocr_carea' id='block_1_95' title="bbox 204 2536 989 2573">
    <p class='ocr_par' dir='ltr' id='par_1_95' title="bbox 204 2536 989 2573">
     <span class='ocr_line' id='line_1_95' title="bbox 204 2536 989 2573; baseline -0.004 -8"><span class='ocrx_word' id='word_1_740' title='bbox 204 2539 261 2565; x_wconf 86' lang='lat' dir='ltr'><strong>dita</strong></span> <span class='ocrx_word' id='word_1_741' title='bbox 280 2545 336 2573; x_wconf 71' lang='lat' dir='ltr'><strong>pra:</strong></span> <span class='ocrx_word' id='word_1_742' title='bbox 353 2536 496 2564; x_wconf 77' lang='lat' dir='ltr'><strong>excellenti</strong></span> <span class='ocrx_word' id='word_1_743' title='bbox 511 2536 557 2564; x_wconf 85' lang='lat' dir='ltr'><strong>Dei</strong></span> <span class='ocrx_word' id='word_1_744' title='bbox 576 2536 694 2570; x_wconf 75' lang='lat' dir='ltr'><strong>iustitia,</strong></span> <span class='ocrx_word' id='word_1_745' title='bbox 709 2537 754 2573; x_wconf 87' lang='lat' dir='ltr'><strong>qui</strong></span> <span class='ocrx_word' id='word_1_746' title='bbox 780 2544 830 2572; x_wconf 88' lang='lat' dir='ltr'><strong>pro</strong></span> <span class='ocrx_word' id='word_1_747' title='bbox 858 2537 989 2571; x_wconf 79' lang='lat' dir='ltr'><strong>singulari</strong></span> 
     </span>
    </p>
   </div>
   <div class='ocr_carea' id='block_1_96' title="bbox 204 2582 989 2617">
    <p class='ocr_par' dir='ltr' id='par_1_96' title="bbox 204 2582 989 2617">
     <span class='ocr_line' id='line_1_96' title="bbox 204 2582 989 2617; baseline -0.003 -7"><span class='ocrx_word' id='word_1_748' title='bbox 204 2591 253 2611; x_wconf 88' lang='lat' dir='ltr'><strong>sua</strong></span> <span class='ocrx_word' id='word_1_749' title='bbox 269 2584 390 2610; x_wconf 71' lang='lat' dir='ltr'><strong>bonitate</strong></span> <span class='ocrx_word' id='word_1_750' title='bbox 404 2583 598 2610; x_wconf 76' lang='lat' dir='ltr'><strong>exsisterevult</strong></span> <span class='ocrx_word' id='word_1_751' title='bbox 609 2582 711 2614; x_wconf 85' lang='lat' dir='ltr'><strong>omnia,</strong></span> <span class='ocrx_word' id='word_1_752' title='bbox 727 2583 852 2617; x_wconf 88' lang='lat' dir='ltr'><strong>bonaque</strong></span> <span class='ocrx_word' id='word_1_753' title='bbox 867 2589 917 2610; x_wconf 84' lang='lat' dir='ltr'><strong>sua</strong></span> <span class='ocrx_word' id='word_1_754' title='bbox 929 2590 989 2609; x_wconf 92' lang='lat' dir='ltr'><strong>om-</strong></span> 
     </span>
    </p>
   </div>
   <div class='ocr_carea' id='block_1_97' title="bbox 203 2628 990 2664">
    <p class='ocr_par' dir='ltr' id='par_1_97' title="bbox 203 2628 990 2664">
     <span class='ocr_line' id='line_1_97' title="bbox 203 2628 990 2664; baseline -0.003 -8"><span class='ocrx_word' id='word_1_755' title='bbox 203 2629 285 2657; x_wconf 83' lang='lat' dir='ltr'><strong>nibus</strong></span> <span class='ocrx_word' id='word_1_756' title='bbox 302 2629 330 2656; x_wconf 95' lang='lat' dir='ltr'><strong>in</strong></span> <span class='ocrx_word' id='word_1_757' title='bbox 349 2636 493 2656; x_wconf 85' lang='lat' dir='ltr'><strong>commune</strong></span> <span class='ocrx_word' id='word_1_758' title='bbox 512 2628 648 2664; x_wconf 91' lang='lat' dir='ltr'><strong>proponit.</strong></span> <span class='ocrx_word' id='word_1_759' title='bbox 678 2628 718 2655; x_wconf 85' lang='lat' dir='ltr'><strong>Ac</strong></span> <span class='ocrx_word' id='word_1_760' title='bbox 740 2628 919 2655; x_wconf 89' lang='lat' dir='ltr'><strong>nihilominus</strong></span> <span class='ocrx_word' id='word_1_761' title='bbox 948 2632 990 2654; x_wconf 76' lang='lat' dir='ltr'><strong>ta-</strong></span> 
     </span>
    </p>
   </div>
   <div class='ocr_carea' id='block_1_98' title="bbox 203 2673 987 2710">
    <p class='ocr_par' dir='ltr' id='par_1_98' title="bbox 203 2673 987 2710">
     <span class='ocr_line' id='line_1_98' title="bbox 203 2673 987 2710; baseline 0 -10"><span class='ocrx_word' id='word_1_762' title='bbox 203 2683 266 2702; x_wconf 89' lang='lat' dir='ltr'><strong>men</strong></span> <span class='ocrx_word' id='word_1_763' title='bbox 286 2682 335 2710; x_wconf 85' lang='lat' dir='ltr'><strong>pro</strong></span> <span class='ocrx_word' id='word_1_764' title='bbox 349 2681 383 2701; x_wconf 79' lang='lat' dir='ltr'><strong>eo</strong></span> <span class='ocrx_word' id='word_1_765' title='bbox 399 2681 431 2701; x_wconf 87' lang='lat' dir='ltr'><strong>ac</strong></span> <span class='ocrx_word' id='word_1_766' title='bbox 456 2674 572 2701; x_wconf 83' lang='lat' dir='ltr'><strong>libertati</strong></span> <span class='ocrx_word' id='word_1_767' title='bbox 592 2673 727 2709; x_wconf 86' lang='lat' dir='ltr'><strong>cujusque</strong></span> <span class='ocrx_word' id='word_1_768' title='bbox 747 2680 910 2700; x_wconf 85' lang='lat' dir='ltr'><strong>concessum</strong></span> <span class='ocrx_word' id='word_1_769' title='bbox 927 2676 987 2705; x_wconf 85' lang='lat' dir='ltr'><strong>est,</strong></span> 
     </span>
    </p>
   </div>
   <div class='ocr_carea' id='block_1_99' title="bbox 204 2718 986 2753">
    <p class='ocr_par' dir='ltr' id='par_1_99' title="bbox 204 2718 986 2753">
     <span class='ocr_line' id='line_1_99' title="bbox 204 2718 986 2753; baseline -0.003 -7"><span class='ocrx_word' id='word_1_770' title='bbox 204 2720 328 2753; x_wconf 85' lang='lat' dir='ltr'><strong>privatim</strong></span> <span class='ocrx_word' id='word_1_771' title='bbox 342 2719 367 2746; x_wconf 91' lang='lat' dir='ltr'><strong>id</strong></span> <span class='ocrx_word' id='word_1_772' title='bbox 387 2719 536 2753; x_wconf 80' lang='lat' dir='ltr'><strong>permittit,</strong></span> <span class='ocrx_word' id='word_1_773' title='bbox 552 2727 608 2746; x_wconf 59' lang='lat' dir='ltr'><strong>suae</strong></span> <span class='ocrx_word' id='word_1_774' title='bbox 626 2723 655 2746; x_wconf 94' lang='lat' dir='ltr'><strong>ut</strong></span> <span class='ocrx_word' id='word_1_775' title='bbox 674 2718 806 2745; x_wconf 85' lang='lat' dir='ltr'><strong>voluntati</strong></span> <span class='ocrx_word' id='word_1_776' title='bbox 821 2718 986 2752; x_wconf 84' lang='lat' dir='ltr'><strong>obsequens,</strong></span> 
     </span>
    </p>
   </div>
   <div class='ocr_carea' id='block_1_100' title="bbox 203 2765 988 2800">
    <p class='ocr_par' dir='ltr' id='par_1_100' title="bbox 203 2765 988 2800">
     <span class='ocr_line' id='line_1_100' title="bbox 203 2765 988 2800; baseline -0.001 -7"><span class='ocrx_word' id='word_1_777' title='bbox 203 2766 334 2800; x_wconf 84' lang='lat' dir='ltr'><strong>quidquid</strong></span> <span class='ocrx_word' id='word_1_778' title='bbox 350 2766 457 2793; x_wconf 84' lang='lat' dir='ltr'><strong>libitum</strong></span> <span class='ocrx_word' id='word_1_779' title='bbox 476 2767 527 2793; x_wconf 83' lang='lat' dir='ltr'><strong>erit</strong></span> <span class='ocrx_word' id='word_1_780' title='bbox 550 2766 658 2793; x_wconf 84' lang='lat' dir='ltr'><strong>etliciat.</strong></span> <span class='ocrx_word' id='word_1_781' title='bbox 680 2765 714 2792; x_wconf 89' lang='lat' dir='ltr'><strong>Ut</strong></span> <span class='ocrx_word' id='word_1_782' title='bbox 733 2769 760 2792; x_wconf 91' lang='lat' dir='ltr'><strong>et</strong></span> <span class='ocrx_word' id='word_1_783' title='bbox 782 2765 838 2800; x_wconf 85' lang='lat' dir='ltr'><strong>ipse</strong></span> <span class='ocrx_word' id='word_1_784' title='bbox 859 2765 893 2792; x_wconf 88' lang='lat' dir='ltr'><strong>ab</strong></span> <span class='ocrx_word' id='word_1_785' title='bbox 913 2765 988 2792; x_wconf 82' lang='lat' dir='ltr'><strong>omni</strong></span> 
     </span>
    </p>
   </div>
   <div class='ocr_carea' id='block_1_101' title="bbox 243 2845 720 2880">
    <p class='ocr_par' dir='ltr' id='par_1_101' title="bbox 243 2845 720 2880">
     <span class='ocr_line' id='line_1_101' title="bbox 243 2845 720 2880; baseline -0.006 -7"><span class='ocrx_word' id='word_1_786' title='bbox 243 2846 251 2862; x_wconf 86' lang='grc'>¹</span> <span class='ocrx_word' id='word_1_787' title='bbox 265 2846 330 2875; x_wconf 72' lang='lat' dir='ltr'><strong>Gen.</strong></span> <span class='ocrx_word' id='word_1_788' title='bbox 353 2855 370 2879; x_wconf 91' lang='grc' dir='ltr'><strong>ι,</strong></span> <span class='ocrx_word' id='word_1_789' title='bbox 387 2846 429 2874; x_wconf 75' lang='lat' dir='ltr'><strong>3i.</strong></span> <span class='ocrx_word' id='word_1_790' title='bbox 469 2848 477 2862; x_wconf 82' lang='lat'>&#39;</span> <span class='ocrx_word' id='word_1_791' title='bbox 499 2845 527 2872; x_wconf 68' lang='grc' dir='ltr'><strong>[ι’.</strong></span> <span class='ocrx_word' id='word_1_792' title='bbox 546 2845 720 2880; x_wconf 74' lang='grc' dir='ltr'>προθέμενον.</span> 
     </span>
    </p>
   </div>
   <div class='ocr_carea' id='block_1_102' title="bbox 1040 2307 1830 2344">
    <p class='ocr_par' dir='ltr' id='par_1_102' title="bbox 1040 2307 1830 2344">
     <span class='ocr_line' id='line_1_102' title="bbox 1040 2307 1830 2344; baseline 0.004 -10"><span class='ocrx_word' id='word_1_793' title='bbox 1040 2308 1091 2335; x_wconf 82' lang='grc' dir='ltr'>οὐκ</span> <span class='ocrx_word' id='word_1_794' title='bbox 1109 2307 1164 2334; x_wconf 85' lang='grc' dir='ltr'><strong>ἀπὸ</strong></span> <span class='ocrx_word' id='word_1_795' title='bbox 1177 2307 1292 2339; x_wconf 80' lang='grc' dir='ltr'>κτίσεως</span> <span class='ocrx_word' id='word_1_796' title='bbox 1311 2308 1432 2342; x_wconf 85' lang='grc' dir='ltr'>φυσικῶς</span> <span class='ocrx_word' id='word_1_797' title='bbox 1455 2308 1540 2335; x_wconf 83' lang='grc' dir='ltr'>κακοῦ</span> <span class='ocrx_word' id='word_1_798' title='bbox 1562 2309 1732 2344; x_wconf 77' lang='grc' dir='ltr'>ὲκτισμένου,</span> <span class='ocrx_word' id='word_1_799' title='bbox 1760 2309 1830 2337; x_wconf 77' lang='grc' dir='ltr'><strong>ἀλλὰ</strong></span> 
     </span>
    </p>
   </div>
   <div class='ocr_carea' id='block_1_103' title="bbox 1040 2353 1830 2391">
    <p class='ocr_par' dir='ltr' id='par_1_103' title="bbox 1040 2353 1830 2391">
     <span class='ocr_line' id='line_1_103' title="bbox 1040 2353 1830 2391; baseline 0.005 -12"><span class='ocrx_word' id='word_1_800' title='bbox 1040 2353 1129 2388; x_wconf 77' lang='grc' dir='ltr'>ἑαυτῷ</span> <span class='ocrx_word' id='word_1_801' title='bbox 1145 2353 1214 2388; x_wconf 84' lang='grc' dir='ltr'>μετὰ</span> <span class='ocrx_word' id='word_1_802' title='bbox 1238 2353 1333 2389; x_wconf 89' lang='grc' dir='ltr'>χρόνον</span> <span class='ocrx_word' id='word_1_803' title='bbox 1352 2355 1439 2380; x_wconf 83' lang='grc' dir='ltr'>ποιεῖν</span> <span class='ocrx_word' id='word_1_804' title='bbox 1462 2355 1545 2381; x_wconf 70' lang='grc' dir='ltr'>κακὸν</span> <span class='ocrx_word' id='word_1_805' title='bbox 1566 2355 1763 2391; x_wconf 82' lang='grc' dir='ltr'>ὲφευραμὲνου,</span> <span class='ocrx_word' id='word_1_806' title='bbox 1779 2357 1830 2383; x_wconf 78' lang='grc' dir='ltr'>οὐκ</span> 
     </span>
    </p>
   </div>
   <div class='ocr_carea' id='block_1_104' title="bbox 1040 2399 1830 2435">
    <p class='ocr_par' dir='ltr' id='par_1_104' title="bbox 1040 2399 1830 2435">
     <span class='ocr_line' id='line_1_104' title="bbox 1040 2399 1830 2435; baseline 0.004 -10"><span class='ocrx_word' id='word_1_807' title='bbox 1040 2399 1224 2434; x_wconf 78' lang='grc' dir='ltr'>ἀγνοουμένου</span> <span class='ocrx_word' id='word_1_808' title='bbox 1253 2399 1282 2425; x_wconf 84' lang='grc' dir='ltr'>δὲ</span> <span class='ocrx_word' id='word_1_809' title='bbox 1303 2400 1393 2432; x_wconf 82' lang='grc' dir='ltr'>ὁποῖος</span> <span class='ocrx_word' id='word_1_810' title='bbox 1413 2399 1524 2435; x_wconf 73' lang='grc' dir='ltr'>ἔμελλεν</span> <span class='ocrx_word' id='word_1_811' title='bbox 1540 2400 1661 2434; x_wconf 73' lang='grc' dir='ltr'>ἔσεσθαι,</span> <span class='ocrx_word' id='word_1_812' title='bbox 1677 2400 1745 2428; x_wconf 70' lang='grc' dir='ltr'>ἀλλὰ</span> <span class='ocrx_word' id='word_1_813' title='bbox 1770 2410 1830 2428; x_wconf 78' lang='grc' dir='ltr'>κτι-</span> 
     </span>
    </p>
   </div>
   <div class='ocr_carea' id='block_1_105' title="bbox 1041 2444 1830 2483">
    <p class='ocr_par' dir='ltr' id='par_1_105' title="bbox 1041 2444 1830 2483">
     <span class='ocr_line' id='line_1_105' title="bbox 1041 2444 1830 2483; baseline 0.003 -12"><span class='ocrx_word' id='word_1_814' title='bbox 1041 2444 1149 2476; x_wconf 84' lang='grc' dir='ltr'>σοέντος</span> <span class='ocrx_word' id='word_1_815' title='bbox 1165 2444 1214 2480; x_wconf 76' lang='grc' dir='ltr'>μὲν</span> <span class='ocrx_word' id='word_1_816' title='bbox 1228 2445 1286 2480; x_wconf 72' lang='grc' dir='ltr'>ἅμα</span> <span class='ocrx_word' id='word_1_817' title='bbox 1305 2445 1372 2471; x_wconf 82' lang='grc' dir='ltr'>πᾶσι</span> <span class='ocrx_word' id='word_1_818' title='bbox 1391 2445 1480 2478; x_wconf 83' lang='grc' dir='ltr'>καλῶς</span> <span class='ocrx_word' id='word_1_819' title='bbox 1489 2446 1533 2473; x_wconf 68' lang='grc' dir='ltr'>διὰ</span> <span class='ocrx_word' id='word_1_820' title='bbox 1548 2446 1596 2482; x_wconf 77' lang='grc' dir='ltr'>τὴν</span> <span class='ocrx_word' id='word_1_821' title='bbox 1616 2446 1768 2483; x_wconf 76' lang='grc' dir='ltr'>ὑπερϐολὴν</span> <span class='ocrx_word' id='word_1_822' title='bbox 1780 2448 1830 2482; x_wconf 82' lang='grc' dir='ltr'>τῆς</span> 
     </span>
    </p>
   </div>
   <div class='ocr_carea' id='block_1_106' title="bbox 1039 2490 1829 2527">
    <p class='ocr_par' dir='ltr' id='par_1_106' title="bbox 1039 2490 1829 2527">
     <span class='ocr_line' id='line_1_106' title="bbox 1039 2490 1829 2527; baseline 0.004 -11"><span class='ocrx_word' id='word_1_823' title='bbox 1039 2490 1212 2526; x_wconf 76' lang='grc' dir='ltr'>δικαιοσύνης</span> <span class='ocrx_word' id='word_1_824' title='bbox 1229 2491 1438 2527; x_wconf 82' lang='grc' dir='ltr'>χρησιμώτατα,</span> <span class='ocrx_word' id='word_1_825' title='bbox 1454 2491 1493 2527; x_wconf 81' lang='grc' dir='ltr'>τῷ</span> <span class='ocrx_word' id='word_1_826' title='bbox 1515 2492 1561 2518; x_wconf 77' lang='grc' dir='ltr'>τὸν</span> <span class='ocrx_word' id='word_1_827' title='bbox 1579 2491 1644 2518; x_wconf 75' lang='grc' dir='ltr'>Θεὸν</span> <span class='ocrx_word' id='word_1_828' title='bbox 1660 2492 1694 2519; x_wconf 85' lang='grc' dir='ltr'>δι’</span> <span class='ocrx_word' id='word_1_829' title='bbox 1709 2492 1829 2527; x_wconf 79' lang='grc' dir='ltr'>ὑπερὸο-</span> 
     </span>
    </p>
   </div>
   <div class='ocr_carea' id='block_1_107' title="bbox 1039 2536 1829 2573">
    <p class='ocr_par' dir='ltr' id='par_1_107' title="bbox 1039 2536 1829 2573">
     <span class='ocr_line' id='line_1_107' title="bbox 1039 2536 1829 2573; baseline 0.003 -10"><span class='ocrx_word' id='word_1_830' title='bbox 1039 2536 1088 2572; x_wconf 87' lang='grc' dir='ltr'>λὴν</span> <span class='ocrx_word' id='word_1_831' title='bbox 1101 2537 1268 2573; x_wconf 82' lang='grc' dir='ltr'>ἁγαθότητος</span> <span class='ocrx_word' id='word_1_832' title='bbox 1291 2536 1396 2569; x_wconf 77' lang='grc' dir='ltr'>πάντας</span> <span class='ocrx_word' id='word_1_833' title='bbox 1413 2538 1459 2564; x_wconf 72' lang='grc' dir='ltr'>καὶ</span> <span class='ocrx_word' id='word_1_834' title='bbox 1479 2537 1568 2564; x_wconf 82' lang='grc' dir='ltr'>πάντα</span> <span class='ocrx_word' id='word_1_835' title='bbox 1583 2537 1735 2573; x_wconf 84' lang='grc' dir='ltr'>θελήσαντα</span> <span class='ocrx_word' id='word_1_836' title='bbox 1746 2537 1829 2572; x_wconf 75' lang='grc' dir='ltr'>εἶναι,</span> 
     </span>
    </p>
   </div>
   <div class='ocr_carea' id='block_1_108' title="bbox 1039 2583 1831 2619">
    <p class='ocr_par' dir='ltr' id='par_1_108' title="bbox 1039 2583 1831 2619">
     <span class='ocr_line' id='line_1_108' title="bbox 1039 2583 1831 2619; baseline 0.003 -10"><span class='ocrx_word' id='word_1_837' title='bbox 1039 2583 1086 2609; x_wconf 74' lang='grc' dir='ltr'>καὶ</span> <span class='ocrx_word' id='word_1_838' title='bbox 1101 2583 1135 2609; x_wconf 78' lang='grc' dir='ltr'><strong>τὰ</strong></span> <span class='ocrx_word' id='word_1_839' title='bbox 1150 2583 1232 2609; x_wconf 82' lang='grc' dir='ltr'>αὑτοῦ</span> <span class='ocrx_word' id='word_1_840' title='bbox 1243 2583 1333 2617; x_wconf 80' lang='grc' dir='ltr'>ἀγαθὰ</span> <span class='ocrx_word' id='word_1_841' title='bbox 1349 2583 1416 2609; x_wconf 77' lang='grc' dir='ltr'>πᾶσι</span> <span class='ocrx_word' id='word_1_842' title='bbox 1429 2583 1597 2619; x_wconf 77' lang='grc' dir='ltr'>προθεμένου</span> <span class='ocrx_word' id='word_1_843' title='bbox 1608 2584 1629 2617; x_wconf 80' lang='grc'>³,</span> <span class='ocrx_word' id='word_1_844' title='bbox 1642 2584 1712 2611; x_wconf 79' lang='grc' dir='ltr'>κατὰ</span> <span class='ocrx_word' id='word_1_845' title='bbox 1724 2584 1831 2619; x_wconf 83' lang='grc' dir='ltr'>συγχώ-</span> 
     </span>
    </p>
   </div>
   <div class='ocr_carea' id='block_1_109' title="bbox 1041 2627 1831 2664">
    <p class='ocr_par' dir='ltr' id='par_1_109' title="bbox 1041 2627 1831 2664">
     <span class='ocr_line' id='line_1_109' title="bbox 1041 2627 1831 2664; baseline 0.004 -11"><span class='ocrx_word' id='word_1_846' title='bbox 1041 2635 1119 2663; x_wconf 77' lang='grc' dir='ltr'>ρησιν</span> <span class='ocrx_word' id='word_1_847' title='bbox 1146 2627 1174 2654; x_wconf 86' lang='grc' dir='ltr'>δὲ</span> <span class='ocrx_word' id='word_1_848' title='bbox 1199 2628 1438 2663; x_wconf 76' lang='grc' dir='ltr'>αὑτεξουσιότητος</span> <span class='ocrx_word' id='word_1_849' title='bbox 1462 2630 1614 2664; x_wconf 84' lang='grc' dir='ltr'>συγχωρεῖν</span> <span class='ocrx_word' id='word_1_850' title='bbox 1643 2631 1699 2661; x_wconf 82' lang='grc' dir='ltr'>τοῖς</span> <span class='ocrx_word' id='word_1_851' title='bbox 1727 2629 1831 2657; x_wconf 78' lang='grc' dir='ltr'>ἅπασιν</span> 
     </span>
    </p>
   </div>
   <div class='ocr_carea' id='block_1_110' title="bbox 1041 2671 1826 2711">
    <p class='ocr_par' dir='ltr' id='par_1_110' title="bbox 1041 2671 1826 2711">
     <span class='ocr_line' id='line_1_110' title="bbox 1041 2671 1826 2711; baseline 0.004 -12"><span class='ocrx_word' id='word_1_852' title='bbox 1041 2673 1094 2708; x_wconf 72' lang='grc' dir='ltr'>ἰδίᾳ</span> <span class='ocrx_word' id='word_1_853' title='bbox 1105 2673 1230 2710; x_wconf 77' lang='grc' dir='ltr'>βουλήσει</span> <span class='ocrx_word' id='word_1_854' title='bbox 1241 2674 1368 2710; x_wconf 83' lang='grc' dir='ltr'>χρῆσθαι,</span> <span class='ocrx_word' id='word_1_855' title='bbox 1378 2671 1400 2709; x_wconf 85' lang='grc' dir='ltr'>ᾧ</span> <span class='ocrx_word' id='word_1_856' title='bbox 1409 2674 1551 2710; x_wconf 87' lang='grc' dir='ltr'>θελήσειαν</span> <span class='ocrx_word' id='word_1_857' title='bbox 1560 2676 1826 2711; x_wconf 80' lang='grc' dir='ltr'>ὲπιχειρήματιὲκα-</span> 
     </span>
    </p>
   </div>
   <div class='ocr_carea' id='block_1_111' title="bbox 1040 2719 1832 2757">
    <p class='ocr_par' dir='ltr' id='par_1_111' title="bbox 1040 2719 1832 2757">
     <span class='ocr_line' id='line_1_111' title="bbox 1040 2719 1832 2757; baseline 0.005 -13"><span class='ocrx_word' id='word_1_858' title='bbox 1040 2727 1101 2750; x_wconf 78' lang='grc' dir='ltr'>στος</span> <span class='ocrx_word' id='word_1_859' title='bbox 1111 2727 1118 2734; x_wconf 94' lang='grc'><strong>·</strong></span> <span class='ocrx_word' id='word_1_860' title='bbox 1132 2719 1174 2745; x_wconf 80' lang='grc' dir='ltr'>ἵνα</span> <span class='ocrx_word' id='word_1_861' title='bbox 1185 2719 1265 2751; x_wconf 74' lang='grc' dir='ltr'>αὑτὸς</span> <span class='ocrx_word' id='word_1_862' title='bbox 1278 2720 1326 2756; x_wconf 84' lang='grc' dir='ltr'>μὲν</span> <span class='ocrx_word' id='word_1_863' title='bbox 1340 2720 1459 2752; x_wconf 83' lang='grc' dir='ltr'>ἀναίτιος</span> <span class='ocrx_word' id='word_1_864' title='bbox 1470 2720 1523 2747; x_wconf 84' lang='grc' dir='ltr'>τῶν</span> <span class='ocrx_word' id='word_1_865' title='bbox 1535 2720 1644 2755; x_wconf 71' lang='grc' dir='ltr'>φαύλων</span> <span class='ocrx_word' id='word_1_866' title='bbox 1655 2722 1709 2757; x_wconf 79' lang='grc' dir='ltr'>εἴη,</span> <span class='ocrx_word' id='word_1_867' title='bbox 1722 2721 1832 2757; x_wconf 82' lang='grc' dir='ltr'>διάκρι-</span> 
     </span>
    </p>
   </div>
   <div class='ocr_carea' id='block_1_112' title="bbox 1044 2765 1832 2802">
    <p class='ocr_par' dir='ltr' id='par_1_112' title="bbox 1044 2765 1832 2802">
     <span class='ocr_line' id='line_1_112' title="bbox 1044 2765 1832 2802; baseline 0.006 -12"><span class='ocrx_word' id='word_1_868' title='bbox 1044 2773 1085 2796; x_wconf 74' lang='grc' dir='ltr'><strong>σις</strong></span> <span class='ocrx_word' id='word_1_869' title='bbox 1100 2765 1127 2791; x_wconf 74' lang='grc' dir='ltr'>δὲ</span> <span class='ocrx_word' id='word_1_870' title='bbox 1143 2765 1217 2791; x_wconf 78' lang='grc' dir='ltr'>ἔσται</span> <span class='ocrx_word' id='word_1_871' title='bbox 1237 2766 1290 2792; x_wconf 80' lang='grc' dir='ltr'>τῶν</span> <span class='ocrx_word' id='word_1_872' title='bbox 1306 2767 1346 2797; x_wconf 80' lang='grc' dir='ltr'><strong>είς</strong></span> <span class='ocrx_word' id='word_1_873' title='bbox 1361 2766 1460 2802; x_wconf 72' lang='grc' dir='ltr'>ἀρετὴν</span> <span class='ocrx_word' id='word_1_874' title='bbox 1480 2767 1697 2802; x_wconf 74' lang='grc' dir='ltr'>προκοπτόντων,</span> <span class='ocrx_word' id='word_1_875' title='bbox 1714 2768 1762 2794; x_wconf 75' lang='grc' dir='ltr'>καὶ</span> <span class='ocrx_word' id='word_1_876' title='bbox 1776 2768 1832 2795; x_wconf 69' lang='grc' dir='ltr'><strong>πάρ-</strong></span> 
     </span>
    </p>
   </div>
  </div>
