1939 3036
129 111 165 139 εδ
462 108 648 137 ADVERSUS
668 108 837 136 ll/ERESES
853 109 917 138 LIB.
940 111 974 138 Il.
995 109 1075 138 TOM.
1094 109 1127 137 Il.
1146 125 1179 130 ο-
1201 110 1338 139 II/EIIES.
1359 109 1450 139 LXVI.
1731 112 1766 140 5t

131 168 173 193 λιν
184 167 235 202 τῆς
248 166 331 194 αὑτοῦ
347 167 553 203 φιλανθρωπίας
570 169 617 196 καὶ
631 169 797 204 ἀγαθότητος
812 169 846 196 τά
859 169 925 205 βρα-

987 170 1111 196 Italorum
1129 170 1208 206 culpa
1230 172 1264 198 sit
1287 171 1429 201 immunis,
1455 174 1481 198 et
1499 177 1593 198 eorum
1610 170 1654 204 qui
1669 170 1696 197 in
1710 173 1766 198 vir-

129 213 194 238 ϐεἰα
211 213 454 248 εἰσκομιζομένων.
482 214 511 239 '0
527 214 555 241 δὲ
574 214 710 250 μανιώδης
727 212 804 246 οὗτος
819 216 925 250 Μάνης,

133 259 297 294 βουλόμενος
308 259 408 290 κακίας
423 259 581 294 ὑπεξαίρειν
595 260 640 287 τὸν
651 260 728 292 Θεὸν,
744 261 842 296 μᾶλλον
853 261 927 296 αὐτῷ

131 303 236 330 κακίαν
249 303 317 338 πρὸς
333 303 389 330 ἴσον
405 304 641 338 ἀντικατέστησεν.
667 305 749 340 Ὁμοῦ
762 306 790 334 δὲ
807 305 927 338 κακίζων

131 348 184 384 τὴν
207 349 296 376 πᾶσαν
319 349 408 375 κτίσιν
425 349 476 375 οὐκ
497 349 663 384 αἰσχύνεται,
683 351 715 377 ὲκ
738 351 794 378 τῶν
809 351 837 379 ἐν
862 351 927 386 ἡμῖν

133 393 304 428 σφαλμάτων
318 394 487 429 γιγνομὲνων
495 395 544 427 τὰς
554 395 704 430 προφάσεις
718 397 926 432 ἀπεμπολήσας,

133 439 184 466 καὶ
209 439 250 471 είς
276 439 325 474 τὴν
347 439 437 466 πᾶσαν
457 439 637 474 δημιουργίαν
659 440 734 476 (τῶν)
751 442 924 477 ισορρόπων¹

135 485 306 521 συνυφῆνας,
323 485 481 520 ὑπέρμαχος
497 485 596 521 μᾶλλον
608 487 755 522 γεγένηται
777 488 823 515 καὶ
844 488 928 524 ὑπερ-

133 531 284 566 ασπιστὴς,
309 529 342 566 ἧς
364 531 463 566 φάσκει
481 532 662 568 ἀπαγορεύειν
679 533 788 565 κακίας,
806 534 852 560 καὶ
868 533 928 560 ἀντὶ

133 575 185 602 τοῦ
197 576 266 611 πρὸς
276 576 360 611 αὐτὴν
371 576 466 611 μίσους
477 576 567 610 φιλίαν
578 577 639 604 τινὰ
650 578 697 604 καὶ
707 577 849 604 κοινωνίαν
861 578 928 613 πρὸς

134 621 223 658 αὐτὴν
237 621 437 656 ἀσπαζόμενος,
448 622 528 649 ὁπότε
543 623 671 649 σύστασιν
684 624 753 658 αὐτῇ
766 623 868 655 δίδωσι,
882 624 929 650 καὶ

133 666 259 698 ἀῖδιάζου
264 675 313 693 σαν
321 667 405 702 αὐτὴν
415 667 606 701 καταγγέλλει,
617 668 665 694 σὺν
675 667 734 703 Θεῷ
744 668 771 694 δὲ
779 668 823 695 ἀεὶ
834 666 927 700 οὖσαν,

135 713 184 739 καὶ
202 713 337 748 μηδέποτε
356 713 491 748 λήγουσαν
505 713 551 740 τοῦ
563 711 642 739 εἶναι.
676 713 801 748 Ὀνόμασι
815 714 844 740 δέ
858 723 929 741 τισιν

133 759 224 794 αὐτὴν
239 758 384 786 ἀποκαλῶν
394 759 437 785 διὰ
454 759 548 786 πασῶν
557 759 611 786 τῶν
624 759 788 792 ὑποθέσεων,
805 761 929 788 ἐκπεσὼν

134 804 187 839 τῆς
207 803 337 838 ἀληθείας
359 803 562 839 φωραθήσεται,
583 803 632 839 τῆς
655 806 746 839 πάσης
766 805 880 837 κτίσεως
897 806 930 832 ὲκ

981 219 1037 242 tute
1051 216 1274 250 progrediuntur,
1295 222 1375 252 atque
1396 217 1431 244 ab
1446 216 1613 243 humanitate
1630 216 1766 244 bonitate-

978 269 1031 296 que
1049 270 1097 289 sua
1124 263 1234 297 praemia
1258 264 1389 295 referunt.
1414 263 1561 290 discrimen
1581 263 1691 296 aliquod
1708 267 1766 290 sta-

979 310 1080 334 tuatur.
1097 307 1132 333 At
1144 307 1256 334 insanus
1276 308 1321 335 ille
1335 307 1437 340 Manes,
1456 307 1522 333 dum
1537 307 1570 335 ab
1589 307 1663 333 omni
1688 306 1768 333 mali-

979 352 1023 381 tiae
1038 352 1097 379 labe
1112 352 1195 380 Deum
1210 353 1328 380 eximere
1348 354 1450 386 studet,
1472 361 1525 380 non
1551 352 1632 380 modo
1651 352 1677 379 id
1693 353 1766 387 quod

979 398 1035 424 vult
1050 405 1104 425 non
1127 398 1293 432 assequitur,
1309 399 1355 426 sed
1376 399 1428 425 alia
1447 398 1553 425 ratione
1570 397 1701 432 aequalem
1720 405 1767 432 po-

979 443 1033 470 tius
1050 443 1123 470 illam
1145 443 1277 478 rependit.
1296 444 1366 476 Quin
1378 444 1459 471 etiam
1472 443 1598 470 conditas
1615 451 1630 470 a
1652 442 1707 470 Deo
1724 451 1768 470 res

981 496 1077 516 omnes
1089 488 1150 516 sine
1175 489 1229 515 ullo
1255 489 1358 524 pudore
1376 490 1533 524 vituperat:
1559 489 1639 523 cujus
1658 489 1767 524 quidem

980 535 1020 562 sic
1037 542 1069 561 ex
1086 534 1119 562 iis
1138 534 1243 562 delictis
1263 542 1324 570 qua)
1339 535 1366 562 in
1386 535 1466 562 nobis
1481 538 1632 562 cernuntur
1649 535 1769 562 occasio-

980 588 1041 608 nem
1063 580 1169 615 arripit,
1187 584 1216 607 ut
1235 580 1261 607 in
1282 584 1379 608 uetera
1393 581 1484 607 omnia
1508 579 1614 615 opiﬁcia
1637 580 1769 614 probrum

980 626 1044 653 illud
1057 633 1089 652 ex
1104 633 1183 660 aequo
1195 625 1309 653 derivet.
1333 625 1362 652 In
1386 633 1440 660 quo
1457 625 1566 652 malitia:
1586 625 1670 657 illius,
1685 632 1767 660 quam

979 671 1086 699 excludi
1103 679 1118 698 a
1134 678 1163 698 se
1179 671 1308 706 prazdicat
1321 675 1506 706 propugnator
1520 671 1610 706 potius
1625 678 1658 697 ac
1671 670 1768 697 defen-

979 724 1026 746 sor
1042 721 1168 752 apparet;
1192 720 1354 752 tantumque
1374 717 1463 747 abest,
1481 721 1510 744 ut
1533 716 1607 744 illam
1621 716 1721 747 oderit,
1740 719 1770 742 ut

980 763 1126 790 amicitiam
1141 769 1251 797 quoque
1272 769 1334 788 eum
1355 769 1386 788 ea
1399 762 1480 797 633
1495 761 1770 794 communionemque

981 808 1122 843 suscipiat.
1136 806 1204 834 Nam
1220 811 1248 834 et
1266 807 1449 834 substantiam
1462 807 1507 834 ille
1524 805 1629 837 tribuit,
1650 809 1678 833 et
1689 810 1771 832 ater-

134 848 206 875 Θεοῦ
230 849 320 881 καλῶς
341 849 515 885 ὲκτισμὲνης,
540 849 571 882 ἐξ
590 846 627 876 ὧν
649 849 729 882 αὐτὸς
751 850 929 886 παρατίθεται

987 862 1044 881 nam
1059 861 1121 881 esse
1144 853 1275 884 defendit.
1296 860 1328 880 ac
1342 861 1404 880 cum
1430 852 1484 880 Deo
1500 860 1608 887 semper
1631 859 1703 882 esse,
1720 858 1771 878 nec

137 895 310 930 μαρτυριῶν.

983 907 1103 934 unquam
1130 898 1255 926 desinere
1276 899 1428 933 proﬁtetur.
1449 898 1535 927 Porro
1558 906 1620 925 cum
1644 898 1671 925 in
1696 897 1771 924 omni

136 941 326 976 disputatione
341 941 424 968 variis
444 942 516 969 illam
538 941 696 969 nominibus
717 942 845 977 appellet.
880 951 896 972 a
926 945 1040 972 veritate
1068 945 1162 980 procul
1185 945 1312 972 aberrare
1334 944 1563 981 deprehendetur,
1582 952 1643 972 cum
1668 951 1700 971 ex
1735 942 1773 968 al-

137 987 204 1015 latis
223 987 257 1014 ab
275 986 334 1022 ipso
361 987 527 1016 testimoniis
550 987 654 1021 liquido
673 988 838 1021 constiterit,
855 989 988 1025 quidquid
1007 1000 1021 1018 ιι
1042 991 1095 1018 Deo
1110 991 1251 1019 cottditum
1269 996 1310 1018 est
1326 992 1394 1019 bene
1407 999 1439 1018 ac
1473 996 1546 1018 recte
1581 990 1668 1018 fuisse
1706 996 1772 1024 pro-

135 1037 273 1060 creatum.

177 1076 225 1104 IZ'.
246 1077 297 1104 Καὶ
315 1077 422 1113 πρῶτον
444 1078 504 1113 μὲν,
529 1078 570 1105 ὅτι
591 1078 656 1113 ὕλην
675 1078 775 1115 ταύτην
800 1079 929 1114 κέκληκε,

139 1123 212 1150 κατὰ
225 1123 253 1149 δὲ
269 1123 314 1149 τὸν
334 1123 414 1150 αὑτὸν
429 1123 491 1150 νοῦν
505 1123 640 1157 λογίζεται
661 1124 762 1159 ταύτην
776 1123 845 1151 εἶναι
863 1125 929 1160 φθο-

138 1169 201 1204 ράν.
220 1169 275 1196 Καὶ
293 1169 400 1204 πρῶτον
418 1169 476 1204 μὲν,
496 1170 520 1196 εἰ
537 1169 595 1197 ἐστι
615 1170 713 1205 φθορὰ,
730 1171 801 1202 τίνος
815 1171 869 1206 ἄρα
888 1172 930 1207 εἴη

139 1215 240 1250 φθορά.
258 1215 313 1241 Καὶ
333 1216 356 1241 εἰ
380 1215 428 1251 μὲν
448 1215 534 1242 ἀλλων
553 1215 640 1251 φθορὰ
656 1216 784 1252 ὑπάρχει,
801 1216 871 1252 αὕτη
901 1217 930 1243 δὲ

138 1260 335 1296 ὲμπαράμονός
357 1262 440 1295 ἐστιν,
465 1261 518 1297 ἄρα
538 1261 657 1288 ἔκπαλαι
682 1262 790 1297 ἔφθειρε
810 1262 842 1289 τὰ
856 1263 932 1295 ὄντα,

139 1305 187 1332 καὶ
205 1305 274 1340 μόνη
289 1305 358 1341 αὕτη
375 1306 540 1340 συνέστηκεν
557 1306 586 1333 ὲν
599 1305 688 1341 χρόνῳ
703 1307 822 1342 τοσούτῳ
836 1307 867 1332 τὸ
882 1306 932 1341 τῆς

139 1352 227 1387 αὐτῆς
251 1351 393 1387 δυνάμεως
418 1352 593 1388 ἐνεργητικὸν
612 1353 803 1388 ἐργαζομένη,
824 1353 868 1379 καὶ
895 1353 932 1388 μὴ

139 1397 341 1432 ὲκκοπτομένη.
358 1396 390 1423 Et
408 1397 437 1423 δὲ
460 1397 561 1432 ἑαυτῆς
579 1397 636 1424 ἐστι
662 1397 760 1433 φθορὰ,
785 1397 932 1432 φθείρουσά

139 1451 171 1470 τε
187 1443 235 1470 καὶ
247 1443 415 1478 δαμάζουσα,
432 1444 479 1470 καὶ
496 1443 689 1476 ἀναλίσκουσα,
705 1444 752 1470 καὶ
766 1444 930 1476 ἀπόλλουσα,

1020 1077 1102 1107 XVII.
1123 1079 1212 1113 Atque
1232 1078 1298 1106 illud
1319 1078 1436 1113 prirnum
1460 1077 1606 1105 videndum
1622 1081 1682 1110 est,
1699 1078 1773 1113 quod

984 1133 1043 1152 eam
1060 1125 1200 1152 materiam
1217 1124 1348 1155 nominat,
1361 1123 1387 1150 id
1403 1122 1475 1157 quod
1491 1130 1523 1149 ex
1539 1122 1614 1149 illius
1637 1125 1772 1150 sententia

985 1169 1055 1198 idem
1069 1174 1111 1198 est
1126 1177 1158 1197 ac
1172 1169 1324 1204 corruptio.
1343 1167 1442 1196 Verum
1462 1169 1486 1196 si
1504 1168 1643 1203 corruptio
1661 1169 1706 1201 sit,
1724 1178 1773 1195 cn-

983 1215 1029 1250 jus
1041 1216 1093 1243 erit
1107 1214 1217 1242 tandem
1231 1214 1393 1249 corruptio?
1409 1213 1437 1241 Si
1454 1214 1568 1242 aliorum
1579 1219 1632 1248 est,
1644 1219 1774 1242 constan-

985 1265 1026 1288 ter
1051 1260 1111 1296 ipsa
1136 1268 1269 1293 manens,
1298 1259 1459 1295 jamdudum
1484 1261 1576 1287 omnia
1595 1267 1774 1296 corrumpere

985 1306 1098 1338 debuit,
1126 1313 1159 1333 ac
1179 1306 1237 1334 sola
1257 1309 1313 1333 tam
1337 1306 1444 1333 inﬁnito
1468 1310 1590 1341 tempore
1611 1307 1774 1340 consistere.

986 1352 1050 1380 dum
1071 1351 1170 1380 virium
1191 1359 1302 1380 suarum
1329 1351 1515 1380 emcaeitatem
1535 1352 1650 1385 exserit.
1675 1361 1724 1380 nec
1739 1353 1776 1381 ait

987 1399 1041 1425 ullo
1057 1397 1233 1425 rescinditur.
1246 1398 1273 1424 Si
1290 1405 1354 1425 vero
1368 1397 1557 1432 suimetipsius
1572 1402 1614 1426 est
1623 1399 1773 1433 corruptio,

985 1450 1164 1477 corrumpens
1181 1449 1213 1469 ac
1227 1442 1393 1476 perdomans
1409 1450 1486 1475 sese,
1502 1447 1529 1470 CI.
1544 1451 1722 1475 COIISUanS,
1744 1452 1776 1470 :IC

140 1488 315 1523 ἀπολλυμένη
332 1489 401 1520 ἐστὶ,
416 1489 464 1518 καὶ
476 1490 507 1515 οὐ
526 1488 699 1524 σταθήσεται,
716 1489 816 1524 ἑαυτῆς
828 1489 932 1518 ἀναλω-

987 1487 1104 1523 perdens
1119 1488 1218 1523 peribit
1238 1488 1366 1521 tandem,
1384 1495 1473 1523 neque
1488 1489 1619 1517 consistet
1630 1509 1638 1520 ,
1655 1497 1717 1516 cum
1733 1490 1774 1516 sui

140 1535 206 1570 τική
222 1543 265 1566 τις
279 1532 346 1560 οὖσα
362 1534 409 1561 καὶ
424 1534 570 1569 φθαρτικὴ.
590 1534 653 1566 Πῶς
667 1532 714 1561 οὖν
726 1533 827 1569 ἕστηκε
840 1533 933 1560 τοσοῦ-

141 1589 188 1607 τον
203 1580 297 1615 χρόνον
308 1580 467 1615 ὑπάρχουσα
480 1580 549 1607 κατὰ
560 1579 606 1607 τὸν
618 1579 737 1615 ἀγύρτου
751 1580 844 1614 λόγους
858 1580 935 1615 ’Ἅμα

145 1626 176 1654 δὲ
190 1626 221 1652 οὐ
236 1627 449 1661 συγκοινωνήσει
465 1626 532 1657 ὅλως
547 1627 580 1660 τῇ
599 1625 667 1661 ζωῇ,
685 1625 744 1652 οὐδὲ
761 1625 819 1660 ἅμα
834 1625 907 1661 ζωῆς
923 1627 933 1641 ⁸

143 1671 332 1708 εὑρεθήσεται,
349 1671 410 1699 οὔτε
425 1671 602 1707 ἀγαοότητος.
618 1671 721 1697 -Ὀπότε
735 1672 764 1698 δὲ
784 1672 813 1698 ὲν
829 1672 936 1708 ἑκάστῳ

142 1718 199 1745 τῶν
212 1718 257 1745 ὑπ’
272 1718 355 1745 αὑτοῦ
369 1718 557 1753 κακιζομένων
569 1717 727 1751 κτισμάτων
740 1719 786 1746 καὶ
800 1718 937 1753 ἀγαθότης

144 1765 244 1795 ἔνεστι,
258 1763 366 1790 διέπεσε
382 1763 550 1798 πανταχόθεν
570 1763 584 1789 ὁ
603 1763 668 1797 περὶ
685 1762 785 1793 κακίας
796 1762 878 1789 αὑτοῦ
892 1762 936 1788 λό-

144 1818 203 1844 γος,
218 1809 264 1837 διὰ
276 1810 306 1836 τὸ
327 1811 514 1837 ἐπικοινωνεῖν
533 1809 646 1844 θάτερον
662 1809 715 1835 τῶν
730 1807 776 1835 ὑπ’
791 1807 873 1835 αὑτοῦ
894 1809 937 1835 λε-

145 1856 272 1892 γομένων
300 1856 424 1891 θατέρῳ.
449 1856 487 1888 ὼς
509 1856 596 1882 εἰπεῖν
615 1856 680 1892 περὶ
700 1856 788 1891 ὄφεων
812 1855 860 1882 καὶ
884 1854 938 1881 τῶν

145 1901 233 1928 ἄλλων
251 1901 373 1936 ἑρπετῶν
387 1901 506 1927 ἰοϐόλων.
519 1901 589 1928 Ὅσα
605 1901 659 1936 γάρ
672 1902 746 1928 ἐστιν
761 1901 808 1927 ἐπὶ
823 1901 852 1927 τὺ
865 1900 932 1936 χρή-

146 1955 227 1982 σιμον
255 1947 511 1982 κατεσκευασμένα,
528 1947 592 1982 παρ’
611 1946 686 1982 αὺτῷ
713 1947 741 1974 δὲ
762 1946 801 1982 τῷ
821 1946 934 1980 ὀνόματι

147 1993 329 2028 κακιζόμενα,
344 1994 372 2019 ὲν
394 1992 486 2023 αὐτοῖς
502 1993 550 2019 καὶ
564 1992 594 2018 τὸ
611 1993 749 2019 ἀντίθετον
768 1992 817 2027 τῆς
841 1991 938 2023 κακίας

149 2039 320 2075 εὑρίσκεται,
334 2039 372 2071 ὡς
395 2039 481 2066 εἰπεῖν
505 2038 570 2074 περὶ
587 2038 675 2073 ὄφεως
697 2039 744 2065 καὶ
759 2038 814 2065 τῶν
838 2037 937 2064 ἄλλων.

154 2087 200 2119 Ἐξ
211 2083 253 2113 ὧν
267 2086 322 2122 γὰρ
337 2086 375 2118 ib;
387 2087 427 2118 είς
447 2086 560 2113 θάνατον
576 2087 604 2112 ὲν
619 2086 725 2117 ἑαυτοῖς
737 2085 758 2117 ³,
774 2084 821 2112 καὶ
833 2084 938 2111 ἀντίδο-

146 2141 192 2164 to;
212 2132 281 2168 πρὸς
301 2131 438 2158 ἀντίδοτον
460 2131 585 2163 θανάτου.
606 2131 653 2158 καὶ
666 2131 814 2162 κακώσεως
828 2130 939 2163 κακιζο-

988 1533 1218 1568 eonsumptricem
1234 1541 1265 1560 ac
1286 1534 1486 1568 corruptricem
1506 1534 1560 1560 vim
1586 1534 1692 1562 habeat.
1711 1535 1777 1568 Qua:

987 1587 1050 1606 cum
1064 1579 1102 1605 ita
1119 1579 1185 1610 sint,
1200 1587 1318 1614 quanam
1334 1581 1439 1606 ratione
1453 1583 1529 1607 tanto
1547 1584 1678 1614 tempore,
1691 1585 1721 1607 ut
1733 1581 1777 1607 ille

988 1625 1138 1652 circulator
1162 1626 1280 1657 asserit,
1303 1626 1392 1660 potuit
1412 1626 1560 1653 exsistere?
1575 1625 1709 1653 Praeterea
1726 1634 1778 1654 ncc

988 1671 1070 1698 ullam
1087 1671 1199 1697 omnino
1220 1679 1281 1697 cum
1300 1671 1353 1697 vita
1373 1671 1594 1698 communionem
1611 1672 1710 1699 habere
1724 1680 1778 1707 po-

988 1717 1062 1748 terit,
1077 1724 1165 1750 neque
1181 1723 1243 1742 cum
1270 1723 1301 1743 ea
1324 1720 1371 1743 aut
1393 1724 1454 1743 cum
1472 1716 1593 1743 bonitate
1610 1717 1775 1744 versabitur.

987 1761 1046 1789 Jatn
1068 1768 1133 1788 vero
1156 1768 1219 1788 cum
1247 1761 1274 1788 in
1301 1768 1464 1796 unaquaque
1484 1766 1639 1789 creatarum
1662 1771 1775 1795 rerum,

987 1816 1062 1842 quas:
1077 1808 1122 1836 ille
1134 1808 1280 1843 vituperat,
1295 1808 1425 1836 bonitatis
1436 1808 1501 1836 insit
1516 1809 1629 1843 aliquid,
1646 1813 1701 1836 tota
1717 1810 1777 1843 ejus

989 1856 1023 1883 de
1039 1855 1142 1882 malitia
1158 1855 1311 1890 disputatio
1320 1854 1448 1882 concidat
1464 1862 1576 1882 necesse
1590 1858 1642 1887 cst,
1656 1863 1689 1882 eo
1705 1857 1776 1890 quod

989 1902 1102 1930 alterius
1116 1901 1242 1930 illorum.
1259 1908 1320 1936 qua:
1337 1900 1581 1931 commemoravit,
1599 1901 1724 1936 quaedam
1744 1903 1779 1929 sit

989 1954 1051 1974 cum
1066 1947 1152 1974 altero
1174 1946 1303 1978 societas,
1325 1950 1354 1973 ut
1368 1947 1403 1973 de
1417 1947 1601 1981 serpentibus,
1617 1948 1780 1982 ueterisque

990 1992 1132 2020 venenatis
1150 1992 1246 2019 bestiis
1262 1992 1387 2019 nonnihil
1407 1992 1524 2020 dicatur.
1547 1993 1611 2020 Ha'c
1627 1994 1699 2021 enitn
1720 2001 1780 2020 om-

990 2038 1047 2070 nia,
1063 2046 1124 2074 qua:
1139 2039 1172 2065 ab
1187 2038 1233 2065 illo
1247 2038 1357 2066 nomine
1370 2038 1429 2073 ipso
1440 2039 1639 2073 vituperantur,
1655 2039 1687 2066 ad
1700 2047 1779 2066 nsunt

991 2085 1110 2120 aliquem
1138 2086 1339 2120 utilitatemque
1363 2091 1505 2120 procreata
1533 2090 1615 2119 sunt,
1639 2090 1666 2113 et
1691 2086 1718 2113 in
1737 2086 1780 2114 his

991 2131 1054 2157 mali
1075 2131 1225 2158 remedium
1243 2131 1392 2163 invenitur,
1414 2131 1488 2166 quod
1504 2131 1537 2158 ad
1562 2135 1703 2166 serpentes
1721 2132 1781 2159 rcli-

147 2177 250 2212 μένων.
273 2177 320 2203 καὶ
336 2176 461 2212 ἡμέραν*
490 2177 539 2212 μὲν
560 2177 600 2208 είς
621 2175 752 2212 ἐργασίαν
772 2175 932 2210 ἀνθρώποις.

991 2184 1099 2211 quaque
1113 2176 1140 2203 id
1165 2184 1251 2211 genus
1271 2176 1409 2203 convenit.
1434 2175 1471 2202 Ex
1494 2176 1589 2204 iisdem
1613 2177 1685 2204 enim
1701 2177 1780 2205 letale

146 2223 185 2255 ὼς
199 2222 247 2249 καὶ
260 2223 300 2253 είς
317 2222 347 2248 τὴ
361 2222 525 2257 φωτίζεσοαί
547 2231 579 2248 τε
596 2222 643 2249 καὶ
658 2222 734 2257 ὸρᾷν.
756 2220 837 2248 ’Λλλά
854 2221 902 2248 καὶ
919 2222 936 2256 ὴ

144 2268 196 2300 νὺξ
207 2269 224 2303 ἠ
239 2268 303 2304 παρ’
317 2268 391 2303 αὺτῷ
404 2268 514 2304 ὀνόματι
531 2267 710 2303 κακιζομὲνη,
727 2267 879 2299 ἀνάπαυσίς
895 2276 936 2298 τις

147 2313 305 2348 εὑρίσκεται
321 2313 352 2340 ὲκ
369 2313 437 2340 Θεοῦ
454 2313 609 2349 ἀνθρώποις
625 2313 764 2348 γεγονυῖα.
779 2312 833 2340 Καὶ
850 2311 938 2343 οὕτως

148 2359 178 2386 τὸ
192 2359 253 2386 καθ’
273 2359 302 2385 ἓν
319 2359 421 2393 ἀγαθὸν
436 2359 557 2395 ὑπάρχον
582 2359 749 2394 εὑρίσκεται,
773 2358 821 2385 καὶ
840 2358 878 2393 μὴ
894 2357 939 2384 δυ-

147 2405 264 2440 νάμενον
291 2405 344 2432 ἀπὸ
367 2405 422 2432 τῶν
439 2406 468 2431 ὲν
489 2405 554 2440 ἡμῖν
572 2404 778 2440 ἁμαρτημάτων
802 2404 832 2430 τὸ
853 2404 939 2439 ὄνομα

146 2451 231 2487 ἔχειν,
246 2451 262 2486 ἦ
278 2451 307 2479 τδ
324 2451 380 2478 ίσον
395 2449 441 2477 τοῦ
455 2449 541 2478 κα.κοῦ
556 2450 605 2486 τὴν
623 2451 783 2486 ὁμωνυμίαν
797 2450 933 2486 εὑρίσκον.

993 2222 1068 2249 virus
1079 2242 1087 2253 ,
1102 2227 1129 2249 et
1145 2225 1239 2249 contra
1264 2226 1378 2248 mortem
1404 2221 1590 2256 inllictatuqne
1607 2222 1642 2249 ab
1663 2222 1729 2257 ipsis
1745 2223 1781 2249 la-

994 2265 1053 2291 bem
1070 2265 1219 2293 remedium
1244 2265 1279 2291 ab
1294 2265 1327 2292 iis
1341 2265 1386 2300 qui
1412 2265 1467 2292 laesi
1485 2269 1551 2292 sunt
1566 2267 1714 2302 colligitur.
1734 2268 1780 2295 Sic

994 2311 1053 2338 dies
1068 2311 1177 2346 quidem
1194 2311 1321 2338 immanis
1338 2315 1381 2339 est
1397 2313 1556 2340 exercendis
1572 2314 1699 2348 operibus
1718 2322 1782 2342 cnn-

994 2357 1100 2390 stituta,
1115 2357 1193 2390 cujus
1206 2357 1336 2385 beneﬁrio
1356 2358 1562 2389 collustrantur.
1580 2367 1612 2386 ac
1622 2360 1782 2389 discernunt

994 2404 1096 2433 otunia.
1112 2403 1204 2432 Sedet
1219 2412 1287 2437 uox,
1304 2405 1348 2432 cui
1366 2405 1528 2440 probrosum
1546 2406 1611 2434 illud
1629 2415 1727 2434 nomen
1741 2412 1782 2435 at-

992 2450 1098 2483 tribuit,
1117 2450 1150 2477 ad
1166 2450 1304 2477 hominum
1321 2451 1439 2486 quietem
1459 2456 1501 2480 est
1524 2460 1538 2479 a
1558 2452 1613 2480 Deo
1637 2461 1780 2481 concessa.

147 2498 237 2532 Atque
250 2497 286 2524 ita
303 2497 452 2532 quamlibet
482 2498 709 2524 rerumomnium
729 2498 828 2525 bonam
861 2505 923 2525 esse
942 2498 1122 2532 reperiemus,
1147 2505 1235 2533 neque
1257 2506 1271 2525 a
1296 2499 1417 2534 peccatis
1439 2500 1543 2528 nostris
1565 2508 1627 2528 esse
1659 2500 1783 2528 denomi-

147 2546 277 2575 nandnm.
297 2549 344 2572 aut
358 2545 453 2573 cadent
468 2553 530 2573 cum
545 2545 618 2572 malo
631 2546 814 2581 appellatiOne
827 2545 1002 2573 censendum.

185 2593 238 2620 ιη’.
259 2593 350 2620 Πάντα
364 2593 418 2628 γὰρ
435 2591 506 2619 καλά
518 2592 565 2619 καὶ
578 2591 653 2628 ἡδέα,
667 2593 715 2620 καὶ
728 2592 804 2620 οὐδὲν
816 2592 938 2628 ἀπόϐλη-

148 2648 206 2671 τον,
224 2638 279 2674 τῷ,
301 2638 354 2665 Καὶ
372 2638 446 2670 ἰδοὺ,
465 2638 542 2673 φησὶ,
569 2638 667 2666 πάντα
690 2639 768 2666 καλὰ
786 2639 871 2666 λίαν·
894 2639 940 2666 καὶ

149 2683 269 2719 οὐδαμοῦ
289 2684 387 2716 κακίας
408 2684 466 2710 ἐστὶ
486 2684 559 2719 ῥίζα.
582 2684 682 2710 Τούτου
698 2683 752 2720 γὰρ
766 2684 846 2720 χάριν
859 2684 908 2711 καὶ
925 2685 940 2711 ὁ

149 2730 227 2763 Θεὸς,
238 2730 269 2763 ἐξ
283 2730 409 2766 ὑπαρχῆς
424 2730 522 2764 κτίζων
535 2731 582 2758 τὸν
595 2731 684 2758 πάντα
695 2731 797 2767 κόσμον
810 2732 842 2767 τῇ
857 2730 940 2758 αὐτοῦ

185 2809 195 2826 ί
211 2807 242 2836 F.
261 2809 422 2844 ἰσορρεπῶς.
460 2810 470 2825 ¹
491 2810 553 2837 Cor.
580 2810 647 2846 ζωῇ.

1028 2591 1122 2619 XVIII.
1154 2591 1224 2620 Sunt
1254 2593 1327 2621 enim
1353 2593 1425 2621 bona
1456 2601 1488 2621 ac
1516 2593 1637 2628 jucunda
1664 2601 1779 2628 prorsus

993 2639 1097 2670 omnia.
1113 2646 1202 2674 neque
1216 2638 1364 2674 quidquam
1381 2643 1439 2670 est.
1455 2639 1528 2674 quod
1544 2639 1722 2673 rejiciendum
1738 2639 1779 2666 vi-

994 2683 1101 2711 deatur.
1111 2683 1188 2717 Quod
1199 2692 1233 2712 ex
1246 2684 1288 2711 his
1299 2684 1389 2712 verbis
1401 2688 1515 2720 apparet
1529 2694 1535 2712 :
1552 2683 1586 2710 Et
1596 2692 1664 2716 ecce,
1677 2683 1776 2720 inquit.

995 2731 1086 2758 omnia
1101 2731 1175 2759 valde
1191 2731 1258 2759 bona
1270 2731 1281 2747 '
1297 2741 1303 2759 :
1326 2739 1459 2767 nusquam
1475 2735 1504 2759 ut
1515 2729 1625 2758 malitia:
1635 2730 1712 2758 radix
1726 2731 1781 2758 ulla

686 2809 695 2825 ³
712 2809 739 2837 l".
761 2810 858 2842 αὐτοῖς.
892 2809 901 2824 ⁵
915 2808 945 2836 F.
963 2808 1062 2846 ἡμέρα.
1101 2809 1111 2825 ¹
1128 2808 1194 2837 Gen.
1212 2815 1232 2842 I,
1244 2809 1288 2836 5I.
