1939 3036
180 138 215 166 55
879 138 899 165 S

931 137 1097 167 EPIPHANH
1779 143 1818 170 56

179 200 320 224 cernatur.
336 196 419 232 635
436 197 540 224 Etenim
559 200 701 231 propterea
723 195 794 223 Deus
813 203 874 223 cum
893 196 964 222 initic

1022 196 1182 231 ἀγαθότητι,
1204 196 1266 222 καθ’
1283 196 1398 223 ἕκαστον
1419 197 1473 223 τῶν
1497 197 1654 232 κτισμάτων
1673 197 1704 224 τὸ
1730 199 1818 225 καλὸν

180 242 313 269 mundum
327 250 377 278 pro
392 251 441 270 sua
458 243 578 270 bonitate
591 242 748 273 fabricaret,
760 242 793 270 de
809 250 971 277 unaquaque

178 293 333 315 creatarum
347 297 361 315 ο
378 296 407 316 sc
423 296 513 316 rermu
526 289 626 316 bonam
642 297 702 316 csse
715 289 902 323 pronuntiavit
915 297 921 315 :
936 288 970 314 Et

179 334 255 366 vidit,
274 334 382 368 inquit,
402 334 473 362 Deus
493 335 562 368 quod
579 340 645 362 esset
658 335 755 361 bonum
767 335 785 366 ',
803 340 833 361 ut
847 339 874 361 et
889 335 923 362 de
935 335 969 362 il-

178 379 269 406 larum
290 381 412 408 bonitate
428 381 616 408 testimonium
641 381 734 414 ferret,
751 385 777 407 et
795 381 906 407 humani
923 389 970 416 ge-

177 425 253 452 neris
268 425 443 452 inimicorum
463 427 642 453 ealliditatem
659 426 834 458 excluderet,
851 427 899 461 qui
922 434 970 454 ne-

178 469 321 504 quissimis
338 469 439 498 fabulis
461 471 604 498 veritatem
619 478 652 498 ex
668 470 825 498 hominibus
846 471 969 498 funditus

175 515 353 550 exstinguere
367 521 512 543 conantur.
537 516 628 544 Primo
645 516 780 551 siquidem
798 517 843 544 die
867 518 968 544 ctelum

175 569 208 588 ac
233 567 334 588 terram
347 582 354 594 .
371 562 516 597 lucemque
534 570 595 589 cum
616 562 759 595 omnibus,
775 570 835 597 quae
847 563 874 589 in
895 567 968 590 terra

174 612 256 641 sunt,
272 608 404 636 condidit.
429 609 463 636 Et
481 609 566 640 vidit,
584 613 609 635 et
635 616 693 636 ecce
708 608 820 640 bonum,
837 608 875 635 ait
893 609 969 635 Scri-

174 658 264 688 ptura.
285 653 448 681 Utrumnam
473 661 537 681 vero
565 653 667 680 bonum
692 661 722 681 se
747 653 883 681 facturum
905 661 968 681 esse

173 699 328 731 nesciebat,
353 707 386 726 eo
399 698 482 734 quod,
501 707 584 734 opere
610 699 728 734 denique
746 699 886 734 perfecto,
909 707 968 726 ecce

171 743 271 771 bonum
293 744 397 772 dixisse
416 745 532 780 legitur?
555 745 642 777 Quam
658 753 754 772 vocem
778 745 910 780 deinceps
933 745 968 773 de

174 789 257 825 aquis
267 810 275 821 ,
299 789 333 817 de
347 790 417 818 mari
431 811 438 822 ,
453 790 488 818 de
500 790 669 826 gerntinibus
679 811 687 824 ,
704 789 738 818 de
754 791 916 823 arboribus,
931 791 967 819 de

172 836 236 863 οωιί
252 836 400 869 sideribus,
417 836 451 863 de
467 836 629 871 pecudibus,
646 836 734 871 deque
755 836 863 867 avibus,
883 837 966 871 repti-

1022 242 1156 277 ὲπέᾳερε,
1187 241 1288 276 λέγων·
1307 243 1361 269 Καὶ
1380 240 1460 269 εἶδεν
1481 244 1498 269 ὁ
1523 243 1612 275 Θεὸς,
1635 243 1679 269 ὅτι
1701 245 1812 271 καλός-³

1021 287 1095 319 ὅπως
1107 288 1145 322 τῷ
1163 287 1238 323 καλῷ
1263 290 1436 324 μαρτυρήσῃ,
1459 288 1506 315 καὶ
1521 288 1611 315 ἀνέλοι
1623 289 1672 324 τὴν
1688 290 1742 316 τῶν
1757 291 1817 317 ἑπι-

1021 333 1125 360 6ούλων
1147 334 1198 368 τῆς
1212 333 1387 368 ἀνθρωπείας
1405 334 1512 368 φύσεως
1528 334 1679 370 δεινότητα,
1698 335 1754 362 τῶν
1768 336 1817 363 διὰ

1022 379 1115 414 μύθων
1135 379 1262 414 πονηρῶν
1280 379 1484 415 ἐπινοησάντων
1499 380 1628 414 ἀφανίσαι
1645 382 1677 407 ὲκ
1692 382 1746 408 τῶν
1763 383 1809 409 ἀν-

1020 425 1138 461 θρώπων
1155 425 1205 460 τὴν
1228 426 1367 461 ἀλήθειαν.
1395 426 1522 462 Ἐποίησε
1545 427 1600 463 γὰρ
1619 427 1665 454 τὸν
1684 428 1813 464 οὐρανὸν,

1019 472 1067 498 καὶ
1087 472 1137 508 τὴν
1159 472 1222 508 γῆν,
1239 473 1332 499 καὶτὸ
1353 473 1423 507 φῶς,
1443 473 1491 500 καὶ
1511 473 1547 499 τὰ
1567 474 1596 500 ὲν
1619 476 1653 509 τῇ
1671 476 1706 510 γῇ
1733 476 1762 502 ὲν
1777 478 1814 511 τῇ

1019 518 1116 554 πρώτῃ
1133 519 1234 554 ἡμέρᾳ.
1257 518 1310 545 Καὶ
1321 517 1392 549 εἶδε,
1410 519 1460 546 καὶ
1474 518 1539 546 ἰδοὺ
1563 520 1670 551 καλὸν,
1691 520 1773 556 φησὶν
1788 522 1807 556 ἠ

1018 563 1125 599 Γραφή.
1146 565 1218 600 Ἀρα
1239 564 1295 600 γὰρ
1315 564 1365 591 οὐκ
1384 564 1455 600 ᾔδει,
1474 565 1515 591 ὅτι
1536 564 1618 591 καλὸν
1633 565 1749 600 ἤμελλεν
1764 567 1814 601 ἐρ-

1018 609 1162 643 γάζεσθαι,
1181 609 1222 636 ὅτι
1236 609 1306 644 μετὰ
1318 610 1348 636 τὺ
1361 610 1488 644 γενέσθαι
1503 610 1586 644 λέγει,
1607 610 1685 638 Ἰδοὺ
1699 612 1814 644 καλῶς

1019 654 1076 681 Καὶ
1085 654 1157 681 οὕτω
1168 655 1286 690 καθεξῆς
1296 655 1342 682 ἐπὶ
1351 657 1409 687 τοῖς
1422 655 1525 687 ὕδασιν,
1540 656 1586 681 ἐπὶ
1599 656 1648 690 τῆς
1660 656 1812 692 Θαλάσσης,

1019 701 1133 728 ἐπὶτῶν
1150 701 1359 736 βλαστημάτων,
1373 702 1419 728 ἐπὶ
1433 700 1488 728 τῶν
1504 701 1599 734 ξύλων,
1617 702 1665 728 ἐπὶ
1680 702 1734 728 τῶν
1749 711 1809 736 φω-

1018 747 1125 782 στήρων
1137 748 1166 774 ὲν
1180 747 1300 783 οὐρανῷ,
1317 747 1426 774 ἐπὶτῶν
1440 748 1557 782 κτηνῶν,
1571 748 1678 774 ἐπὶτῶν
1688 749 1812 783 πτηνῶν,

1016 793 1065 819 καὶ
1078 792 1212 827 ἑρπετῶν,
1234 794 1281 819 καὶ
1296 793 1406 828 ἰχθύων.
1427 793 1496 820 Καθ’
1511 794 1626 820 ἕκαστον
1639 794 1694 830 γὰρ
1708 793 1787 828 ἔλεγε
1801 802 1810 810 υ

1017 838 1073 865 Καὶ
1090 837 1171 865 εἶδεν
1184 840 1201 865 ὁ
1215 837 1299 871 Θεὸς,
1315 838 1364 864 καὶ
1381 837 1446 865 Ιδοὺ
1457 839 1563 865 καλόν.
1577 838 1615 865 Οὐ
1629 838 1660 864 τὸ
1676 839 1811 874 πρότερον

173 882 247 909 libus
269 889 301 908 ac
323 882 447 916 piscibus
471 886 595 916 usurpat.
621 881 689 908 Nam
724 883 751 908 in
780 890 964 916 unoquoque,

1018 883 1134 918 ἀγνοῶν,
1145 884 1206 910 οὐδὲ
1219 884 1289 920 μετὰ
1299 884 1329 910 τὸ
1342 884 1478 918 γενέσθαι,
1490 884 1528 916 ὡς
1543 884 1686 919 διαπείρας
1700 885 1710 900 ⁸
1724 885 1810 920 ὲσχησ

172 928 256 959 vidit,
275 928 381 962 mquit,
400 928 487 960 Deus,
514 932 538 954 et
559 936 616 954 ecce
631 928 737 954 bonum.
754 927 811 954 Non
831 928 904 963 quod
920 932 966 955 aut

173 973 314 1008 ignoraret
325 978 416 1006 antea,
432 979 480 1000 aut
496 974 541 1001 ubi
558 978 701 1009 procreata
722 978 806 1006 sunt,
826 975 900 1001 velut
916 982 966 1002 ex-

172 1020 309 1055 perientia
322 1020 441 1055 quadam
456 1020 527 1047 bona
542 1028 603 1047 esse
617 1020 814 1055 comperisset;
831 1019 879 1047 sed
891 1021 966 1055 quod

172 1066 246 1093 bona
260 1067 352 1093 omnia
367 1074 460 1094 revera
475 1066 542 1098 sint,
553 1074 640 1101 neque
654 1067 715 1093 mali
727 1066 876 1101 quidquam
889 1066 964 1099 insit,

171 1117 286 1148 propter
297 1112 486 1147 improborum
502 1112 644 1140 hominum
657 1113 815 1147 opinionem
829 1113 880 1140 hoc
893 1113 966 1140 velut

171 1157 286 1184 oraculo
299 1156 370 1184 bona
387 1164 450 1184 esse
467 1157 558 1184 omnia
577 1165 609 1184 ae
626 1157 757 1192 praeclara
772 1161 887 1185 testatus
904 1163 963 1190 est;

171 1203 291 1238 ideoque
312 1203 414 1231 bonum
432 1211 494 1231 esse
514 1204 600 1236 dixit,
623 1203 696 1239 quod
710 1203 774 1230 mali
790 1211 822 1231 ac
835 1203 965 1238 nequitia:

172 1249 264 1276 omnis
282 1249 469 1276 exclusionem
485 1249 618 1275 continet.
637 1247 667 1275 UI
684 1248 813 1275 nimirum
829 1248 881 1275 hoc
893 1248 963 1283 ipso,

171 1295 245 1330 quod
266 1302 329 1322 esse
351 1295 453 1322 bonum
479 1303 561 1322 omne
575 1295 748 1330 signiﬁcavit,
770 1294 881 1321 tollatur
896 1294 965 1321 falsa

171 1340 220 1367 illa
236 1340 269 1367 de
281 1339 384 1366 malitia
403 1340 430 1366 in
447 1340 573 1367 homines
589 1340 695 1367 invecta
711 1341 862 1372 sententia,
879 1340 965 1374 pessi—

171 1393 272 1422 maque
290 1386 381 1414 omnis
399 1386 462 1413 mali
483 1385 620 1420 dogmatis
639 1385 852 1413 architectorum
869 1385 964 1420 opinio

171 1432 314 1468 proﬂigetu
319 1440 340 1458 r.

207 1477 351 1505 Postremo
371 1477 417 1505 ubi
437 1477 471 1505 ad
495 1477 634 1504 hominem
657 1481 769 1505 ventum
786 1481 844 1508 est,
862 1477 963 1504 bonum

173 1531 235 1551 esse
244 1531 307 1550 ’που
330 1522 416 1555 dixit,
440 1530 495 1550 non
515 1523 588 1558 quod
611 1523 714 1550 malum
737 1523 866 1558 quiddam
882 1523 963 1550 homo

172 1569 219 1601 sit,
236 1577 305 1604 opus
320 1569 443 1596 omnium
460 1577 521 1604 qua:
537 1569 565 1596 in
579 1572 652 1596 terra
671 1569 783 1596 condita
805 1572 869 1596 sunt
885 1569 965 1603 longe

172 1615 447 1650 praestantissimum;
463 1615 536 1650 quod
555 1619 584 1642 ut
603 1615 750 1650 imperaret
765 1615 873 1643 caeteris
888 1623 965 1642 mex-

173 1661 293 1696 plieabili
311 1660 430 1696 quadam
446 1665 488 1688 est
507 1668 523 1686 a
550 1659 605 1687 Deo
633 1660 767 1695 sapientia
783 1660 963 1695 producturo;

171 1708 216 1734 cui
237 1708 357 1742 denique
382 1715 473 1735 rerum
489 1707 612 1734 omnium
632 1714 648 1733 a
664 1714 694 1734 se
708 1711 862 1733 creatarum
878 1706 963 1734 domi-

171 1759 266 1781 natum
283 1762 315 1781 ac
339 1754 522 1788 principatum
537 1753 646 1780 deferre
660 1756 794 1780 statuerat
809 1762 815 1780 :
830 1752 965 1787 quemad-

171 1800 284 1827 modum
299 1800 356 1827 haec
374 1799 456 1826 verba
478 1799 638 1826 declarant:
665 1798 810 1824 Faciamus
832 1797 963 1825 hominem

172 1846 207 1873 uri
227 1846 369 1880 imaginem
391 1850 511 1872 nostrum
530 1851 555 1871 et
578 1843 797 1875 similitudinem;
812 1848 837 1870 et
854 1844 963 1878 ρηιεδίιιι

171 1891 287 1926 piscibus
299 1891 392 1924 maris,
405 1896 428 1917 et
441 1891 593 1917 volatilibus
606 1890 676 1922 cwli,
689 1894 713 1916 et
726 1890 862 1923 replilibus
874 1895 962 1922 terraz,

171 1943 197 1965 et
213 1938 361 1972 jumcntis,
390 1942 414 1965 et
434 1937 543 1969 bestiis,
565 1941 590 1963 et
611 1935 733 1963 omnibus
757 1943 815 1970 quat
841 1935 869 1962 in
891 1940 963 1961 terra

172 1988 235 2010 sunt
249 1985 270 2012 ‘.
289 1983 388 2011 Verum
412 1982 543 2018 quoniam
561 1981 594 2008 ad
619 1981 665 2008 Dei
688 1981 834 2016 imaginem
853 1985 963 2008 creatus

171 2034 225 2061 est,
237 2035 289 2056 tam
302 2029 446 2057 excellenti
461 2029 593 2064 dignitate
608 2033 742 2055 contenta:
758 2035 844 2055 sacra:
855 2026 963 2054 Littera:

171 2076 300 2109 fuerunt,
322 2076 396 2102 nulla
422 2081 450 2102 ut
465 2075 624 2102 accessione
637 2083 707 2110 opus
730 2082 792 2101 esse
813 2074 962 2101 videretur.

171 2121 240 2149 Nam
267 2122 289 2149 si
317 2121 450 2149 bonitatis
479 2121 567 2156 ipsius
591 2125 650 2148 erat
676 2120 794 2155 imagine
820 2119 960 2154 praeditus,

172 2169 220 2196 Dei
236 2168 364 2195 nimirum
375 2175 406 2194 ac
423 2167 545 2200 Domini,
561 2167 607 2202 qui
625 2167 661 2195 sit
675 2166 797 2193 οιιιιιίιιιιι
814 2173 904 2192 rertun
919 2172 963 2191 ar-

1017 929 1074 961 κὼς
1085 929 1131 956 τοῦ
1143 929 1254 962 εἰδέναι,
1267 930 1308 956 ὃτι
1323 930 1414 961 καλὸν,
1427 929 1496 956 ἀλλὰ
1505 930 1560 956 ἀπὺ
1571 930 1619 956 τοῦ
1633 928 1702 956 εἶναι
1718 930 1814 956 πάντα

1016 974 1099 1006 καλὰ,
1125 975 1172 1000 καὶ
1192 974 1311 1010 οὐδαμοῦ
1336 972 1405 1001 εἶναι
1430 973 1515 1001 κακὸν
1539 974 1736 1010 προεθέσπιζε,
1763 975 1810 1002 διὰ

1015 1020 1066 1055 τὴν
1081 1019 1136 1046 τῶν
1152 1019 1326 1046 κακοϐούλων
1340 1018 1431 1051 δόξαν,
1445 1019 1501 1045 τῶν
1518 1019 1626 1046 πάντων
1641 1019 1751 1053 ἀγαθῶν
1765 1020 1810 1046 ὗν-

1014 1075 1069 1094 των
1087 1067 1134 1094 καὶ
1150 1065 1240 1093 καλῶν
1257 1065 1496 1102 μαρτυρουμένων,
1512 1065 1583 1092 κατὰ
1599 1065 1647 1100 τὴν
1660 1065 1707 1092 τοῦ
1725 1065 1808 1092 καλοῦ

1015 1111 1205 1147 ἀληθεστάτην
1219 1111 1373 1147 μαρτυρίαν
1387 1111 1417 1137 τὸ
1434 1111 1516 1138 καλὸν
1530 1111 1618 1145 ελεγε,
1637 1111 1764 1146 στέρησις
1777 1111 1809 1137 ὃν

1017 1158 1117 1189 παντὸς
1131 1157 1236 1192 ἀγαθοῦ
1258 1157 1306 1184 καὶ
1321 1157 1414 1192 πάσης
1432 1157 1533 1188 κακίας
1543 1166 1549 1172 ·
1564 1157 1612 1184 καὶ
1631 1157 1674 1183 ἵνα
1692 1156 1746 1183 ἀπὸ
1759 1157 1807 1183 τοῦ

1015 1204 1098 1231 καλὸν
1111 1202 1182 1230 εἶναι
1195 1203 1225 1229 τὸ
1238 1204 1303 1235 πᾶν,
1319 1203 1492 1239 ἀναιρῆταιό
1509 1203 1573 1238 περὶ
1588 1203 1687 1234 κακίας
1702 1202 1809 1238 ἀνθρὼ-

1015 1258 1078 1281 ποις
1094 1249 1303 1285 ὲπινενοημένος
1317 1249 1405 1283 λόγος,
1424 1249 1467 1275 ἵνα
1485 1248 1534 1283 τὴν
1557 1249 1648 1276 πᾶσαν
1670 1248 1808 1283 ὑπόληψιν

1014 1295 1064 1330 τὴν
1075 1295 1246 1330 κακότροπον
1253 1294 1308 1321 τῶν
1321 1294 1371 1330 τὴν
1381 1293 1555 1321 διδασκαλίαν
1568 1295 1809 1330 παρεισφερόντων

1014 1341 1187 1369 παντάπασιν
1204 1341 1295 1368 ἀνέλοι

1049 1470 1117 1500 Εἶτα
1132 1472 1216 1500 ὲλθὼν
1233 1473 1280 1500 ἐπὶ
1297 1472 1342 1499 τὸν
1359 1472 1513 1508 ἄνθρωπον,
1527 1471 1578 1498 οὐκ
1599 1469 1686 1504 εἶπεν,
1702 1472 1744 1499 ὅτι
1756 1481 1810 1499 κα-

1015 1519 1070 1550 λὸν,
1084 1519 1134 1554 οὐχ
1147 1519 1189 1545 ὅτι
1204 1519 1289 1546 κακὸν
1305 1519 1320 1545 ὁ
1333 1518 1486 1553 ἄνθρωπος,
1503 1518 1534 1545 τὸ
1546 1517 1712 1553 ἑξοχώτατον
1729 1519 1808 1554 παρὰ

1017 1566 1107 1592 πάντα
1122 1565 1158 1591 τὰ
1174 1565 1220 1591 ἐπὶ
1235 1565 1286 1599 τῆς
1299 1565 1350 1600 γῆς
1365 1564 1525 1600 ἐκτισμένα,
1538 1564 1584 1591 τὸν
1598 1565 1644 1591 ἐπὶ
1659 1564 1698 1600 τῷ
1709 1565 1806 1600 ἄρχειν

1016 1612 1048 1637 ὲκ
1065 1610 1134 1637 Θεοῦ
1155 1610 1315 1645 ὲκτισμὲνον
1333 1609 1414 1645 σοφίᾳ
1427 1610 1552 1646 ἀρρήτῳ,
1568 1606 1591 1643 ᾧ
1604 1609 1699 1645 ἔμελλε
1716 1619 1807 1646 παρα-

1014 1657 1116 1684 διδόναι
1141 1656 1208 1688 Θεὸς
1227 1657 1266 1688 εις
1282 1656 1442 1683 δεσποτείαν
1462 1655 1516 1682 τῶν
1531 1656 1577 1682 ὑπ’
1595 1655 1678 1682 αὐτοῦ
1695 1656 1806 1683 πάντων

1014 1703 1196 1740 ὲκτισμένων,
1210 1703 1248 1735 ῶς
1262 1712 1345 1739 φησι·
1364 1703 1543 1738 Ποιήσωμεν
1562 1702 1720 1737 ἄνθρωπον
1741 1703 1809 1730 κατ’

1014 1750 1116 1777 εἰκόνα
1132 1748 1279 1783 ἡμετέραν
1294 1749 1343 1776 καὶ
1360 1749 1425 1776 καθ’
1436 1749 1578 1783 ὁμοίωσιν⁴
1588 1757 1594 1764 ·
1614 1749 1664 1776 καὶ
1678 1748 1807 1784 ἀρχέτω-

1014 1804 1075 1824 σαν
1091 1796 1151 1822 τῶν
1167 1796 1278 1830 ἰχθύων
1297 1795 1352 1830 τῆς
1373 1795 1534 1829 θαλάσσης
1564 1795 1614 1822 καὶ
1633 1795 1692 1822 τῶν
1710 1803 1808 1822 πετει-

1013 1842 1076 1868 νῶν
1097 1841 1150 1869 τοῦ
1165 1840 1306 1875 οὐρανοῦ,
1323 1840 1372 1868 καὶ
1387 1840 1448 1867 τῶν
1458 1840 1591 1874 ἑρπετῶν
1602 1840 1658 1875 τῆς
1674 1840 1741 1876 τῆς,
1756 1840 1808 1868 καὶ

1014 1887 1143 1922 κτηνῶν,
1161 1887 1212 1914 καί
1223 1887 1343 1921 θηριων,
1359 1887 1409 1914 καὶ
1425 1887 1547 1915 πάντων
1564 1887 1624 1914 τῶν
1639 1887 1735 1914 ὄντων
1755 1887 1805 1914 ἐπι

1013 1934 1070 1968 τῆς
1088 1933 1156 1969 τῆς.
1179 1934 1250 1960 Ἀλλ’
1275 1933 1369 1968 ἐπειδὴ
1392 1934 1451 1960 κατ’
1476 1933 1568 1960 εἰκόνα
1591 1933 1659 1960 Θεοῦ
1681 1933 1805 1969 ἐκτίσθη,

1013 1979 1137 2015 ἠρκέσθη
1150 1980 1181 2006 τὸ
1201 1980 1271 2006 θεῖον
1290 1979 1409 2015 γράμμα
1428 1979 1465 2015 τῷ
1478 1979 1597 2014 τοσούτῳ
1614 1979 1750 2014 ἀξιώματι
1766 1980 1806 2015 μὴ

1014 2026 1107 2061 χρείαν
1124 2026 1196 2061 ἔχειν
1212 2025 1372 2061 προσθήκης
1385 2025 1435 2052 ἔτι.
1452 2026 1482 2052 Et
1498 2025 1553 2061 γὰρ
1569 2025 1655 2061 αὐτῆς
1668 2025 1719 2061 τῆς
1732 2026 1805 2060 ἀγα-

1014 2073 1125 2107 θότητος
1147 2069 1203 2107 εἶχε
1227 2072 1396 2107 κεκτημένος
1417 2072 1466 2107 τὴν
1483 2071 1591 2104 εικόνα,
1616 2071 1687 2107 φημὶ
1705 2071 1735 2097 δὲ
1757 2071 1806 2099 τοῦ

1015 2119 1119 2154 Κυρίου
1135 2117 1203 2144 Θεοῦ
1218 2117 1308 2153 πάσης
1321 2117 1437 2149 κτίσεως
1447 2116 1614 2153 δημιουργοῦ
1628 2118 1674 2143 καὶ
1689 2116 1804 2150 ἀγαθοῦ,

1015 2165 1044 2197 ἐξ
1058 2162 1088 2192 οὗ
1112 2165 1187 2191 πᾶσα
1210 2164 1286 2200 πηγὴ
1303 2163 1484 2199 ἀγαθοσύνης,
1501 2163 1532 2196 ἐξ
1547 2160 1578 2190 οὗ
1599 2163 1630 2189 τὸ
1649 2162 1751 2197 ἀγαθὸν
1775 2164 1806 2190 ὲν

172 2214 237 2241 tifes
254 2221 285 2241 ac
300 2214 399 2242 bonus.
412 2221 493 2248 aquo
503 2212 633 2240 bonitatis
648 2213 709 2240 l'ons
723 2212 824 2243 omnis,
840 2210 963 2245 adeoque

1016 2212 1097 2238 πᾶσιν
1125 2211 1258 2246 ὑπάρχει·
1290 2210 1350 2242 πῶς
1376 2210 1416 2236 ἔτι
1444 2210 1539 2245 χρείαν
1565 2208 1622 2245 εἶχε
1650 2209 1805 2245 μαρτυρίας

170 2262 274 2288 bonum
289 2260 370 2296 635
385 2260 474 2294 ipsum
491 2259 518 2286 in
533 2259 660 2286 universa
676 2258 825 2290 derivatur,
841 2257 906 2292 quid
922 2261 964 2284 at-

171 2305 277 2332 tinebat
294 2305 344 2331 hoc
370 2304 468 2331 audire
487 2303 675 2330 testimonium
687 2322 694 2335 ,
713 2301 747 2328 Et
766 2309 823 2328 ecce
845 2302 941 2328 bonum
954 2321 962 2332 ,

170 2357 234 2376 eum
244 2349 308 2376 boni
321 2349 408 2384 ipsius
418 2348 565 2383 imaginem
581 2348 608 2374 in
623 2355 684 2375 sese
695 2346 869 2374 contineret?
884 2346 962 2373 Post-

170 2404 202 2423 ea
225 2399 336 2427 tamen,
358 2395 492 2422 absolutis
515 2394 643 2421 omnibus
669 2394 851 2428 univcrsoque
879 2400 961 2426 opere

171 2442 305 2477 perfecto,
323 2441 397 2468 velut
417 2441 583 2475 obsignans,
603 2440 673 2466 idem
699 2441 731 2467 de
745 2439 872 2465 omnibus
887 2438 962 2464 testi—

171 2488 293 2514 nimium
307 2487 416 2514 divinus
429 2494 520 2514 sermo
533 2487 646 2520 protulit
667 2495 673 2512 :
691 2485 724 2511 Et
737 2484 802 2511 vidit
816 2483 886 2509 Deus
898 2491 963 2508 cun-

171 2539 214 2560 cta
228 2541 287 2568 qui:
307 2533 417 2567 fecerat.
433 2538 458 2559 et
479 2540 536 2559 ecce
559 2531 635 2558 valde
654 2530 739 2560 bona;
756 2529 801 2555 ubi
825 2534 852 2556 et
867 2536 961 2554 vorem

171 2581 257 2612 illaut,
270 2579 356 2610 vuldc,
374 2580 495 2606 additam
512 2578 597 2605 voluit
616 2578 685 2612 (erat
701 2584 765 2602 vero
780 2579 836 2601 tum
850 2583 874 2601 νι
890 2574 959 2604 tlzes,

171 2627 214 2652 vel
228 2626 328 2661 quietis
348 2629 396 2660 vn)
409 2646 416 2657 ,
433 2630 479 2657 ut,
496 2624 569 2651 oumi
594 2623 713 2657 perversi
739 2621 812 2648 illius
833 2621 865 2648 de
888 2621 959 2647 man

171 2671 308 2706 dogmatis
328 2672 400 2699 velut
418 2670 510 2697 radice
528 2669 648 2699 sublata,
667 2675 762 2694 ansam
786 2666 848 2693 inde
867 2666 959 2693 nullus

171 2721 254 2744 tanta:
274 2717 437 2745 temeritatis
460 2715 611 2749 arriperet,
632 2713 828 2747 St'lllpilﬂl‘llillll
847 2717 876 2739 ut
897 2720 960 2740 esse

170 2765 301 2791 utalitiam
316 2762 461 2798 cogitaret.
473 2761 539 2787 Nam
551 2760 685 2794 ejusmodi
699 2759 731 2786 de
743 2759 788 2786 illa
802 2766 959 2785 sermonum

1012 2257 1140 2290 ἀκοῦσαι,
1155 2258 1196 2284 ὅτι
1214 2257 1286 2284 Ἰδοὺ
1311 2257 1423 2288 καλὸν,
1439 2257 1520 2283 ὁπότε
1541 2256 1590 2292 τὴν
1611 2257 1704 2283 είκόνα
1720 2256 1804 2283 αὑτοῦ

1011 2305 1058 2330 τοῦ
1073 2303 1156 2330 καλοῦ
1173 2301 1230 2338 εἶχε
1247 2303 1432 2338 κεκτημένοςς
1453 2302 1511 2336 Ἐφ’
1527 2302 1640 2338 ὕστερον
1656 2302 1685 2329 δὲ
1698 2302 1744 2329 ἐπὶ
1757 2303 1804 2329 τέ-

1012 2349 1052 2375 λει
1071 2349 1126 2375 τῶν
1147 2349 1226 2380 ὅλων,
1249 2348 1320 2384 μετὰ
1335 2348 1367 2374 τὸ
1382 2349 1494 2384 ποιῆσαι
1507 2349 1598 2375 πᾶσαν
1613 2347 1804 2383 δημιουργίαν,

1012 2393 1284 2428 ἐπισφραγισάμενος
1301 2394 1316 2419 ὁ
1333 2393 1404 2424 θεῖος
1418 2393 1508 2427 λόγος,
1521 2395 1577 2425 τοῖς
1594 2394 1660 2420 πᾶσι
1683 2393 1732 2429 τὴν
1757 2394 1806 2420 αὖο

1013 2439 1063 2474 τὴν
1079 2439 1233 2475 μαρτυρίαν
1246 2439 1380 2474 προῦθετο
1395 2439 1506 2473 φάσκων
1518 2447 1524 2454 ·
1537 2439 1590 2466 Καὶ
1607 2439 1688 2466 εἶδεν
1697 2441 1714 2466 ό
1732 2440 1806 2473 Θεὸς

1013 2483 1112 2510 πάντα
1134 2484 1193 2511 ὅσα
1213 2484 1350 2517 ἐποίησε,
1374 2484 1423 2510 καὶ
1446 2483 1510 2510 ἰδοὺ
1527 2484 1605 2510 καλὰ
1627 2484 1715 2511 λίαν·
1735 2485 1807 2519 μετὰ

1013 2531 1172 2567 προσθήκης
1194 2531 1240 2557 τοῦ
1265 2531 1338 2557 λίαν
1360 2530 1450 2557 εἰπών
1485 2530 1575 2566 (αὕτη
1602 2531 1628 2557 δὲ
1657 2530 1806 2566 ἐτύγχανεν

1011 2577 1077 2612 ἕκτη
1096 2577 1187 2611 ἡμέρα
1202 2577 1249 2602 καὶ
1264 2576 1367 2611 ἑϐδόμη
1387 2576 1599 2611 καταπαύσεως)
1613 2585 1619 2591 ·
1636 2577 1679 2602 ἵνα
1692 2577 1742 2612 τὴν
1763 2577 1804 2612 ῥε-

1013 2621 1062 2653 ζαν
1073 2623 1122 2656 τὴν
1137 2622 1200 2657 περὶ
1214 2622 1262 2648 τοῦ
1280 2622 1366 2648 κακοῦ
1389 2622 1503 2654 ἀνελὼν,
1522 2622 1620 2657 μηκέτι
1636 2622 1711 2657 εὖροι
1732 2622 1802 2653 πρό-

1014 2668 1095 2702 φασίν
1117 2677 1157 2699 τις
1180 2668 1259 2694 τοῦτο
1279 2668 1424 2702 τολμῆσαι,
1441 2667 1615 2699 ὰῖδιάζουσαν
1636 2668 1684 2702 τὴν
1706 2668 1805 2694 κακίαν

1013 2713 1185 2740 διανοεῖσθαι.
1210 2714 1355 2749 Ἀνῄρητλι
1373 2713 1427 2749 γὰρ
1441 2715 1454 2740 ὀ
1468 2714 1549 2745 αὐτὸς
1562 2714 1625 2749 περὶ
1641 2713 1743 2748 ταύτης
1757 2713 1802 2740 λό-

1015 2768 1071 2794 γος.
1089 2759 1216 2795 Οὐδαμοῦ
1232 2760 1285 2796 γὰρ
1296 2758 1333 2796 ἦν
1342 2760 1372 2786 τὸ
1385 2760 1479 2793 κακὸν,
1494 2760 1604 2787 πάντων
1617 2760 1707 2787 καλῶν
1719 2759 1807 2786 ὀντων

209 2841 295 2869 lLien.
312 2848 332 2872 I,
352 2841 393 2872 10,
413 2839 454 2873 12,
474 2839 514 2872 18,
532 2838 633 2872 91,25.
674 2839 683 2854 ‘
703 2837 767 2866 ibid.
789 2844 806 2868 I,
822 2837 866 2865 20.
905 2837 914 2851 ⁸
935 2836 964 2863 l“.

1016 2838 1025 2864 it
1044 2837 1149 2872 τηὶρλις.
