1939 3036
95 154 130 181 57
402 153 588 183 ADVERSUS
608 156 779 186 ΠΕΠΕὸΕὸ
796 157 861 185 LIB.
884 157 916 185 ll.
938 158 1019 187 T011.
1042 160 1073 189 ll.
1092 178 1127 182 —
1147 162 1287 190 HAERES.
1308 162 1399 190 LXVI.
1699 165 1733 192 58

93 212 165 245 λίαν,
182 211 229 238 καὶ
243 213 275 238 ἐκ
292 211 358 238 θεοῦ
372 212 476 246 ἀγαθοῦ
492 215 697 250 γεγενημένων,
720 216 766 242 καὶ
785 223 886 250 μεμαρ-

939 218 1047 245 occasio
1060 219 1225 253 prteciditur.
1241 219 1332 254 Neque
1342 219 1415 246 enim
1428 219 1528 245 malum
1543 220 1649 255 uspiam
1664 228 1732 252 erat,

93 257 266 294 τυρημένων.

129 347 182 374 ῙΘ.
203 346 290 382 ’Υλης
309 346 337 372 δὲ
351 346 426 382 διττὴ
447 347 464 382 ἡ
476 346 618 382 ὀνομασία.
631 347 670 372 Τὸ
688 347 737 382 μὲν
760 348 825 381 γὰρ,
850 351 888 378 ὡς

93 392 174 427 ἔφην,
193 392 265 419 κατὰ
284 393 329 419 τὸν
346 392 409 419 νοῦν
424 393 471 419 τοῦ
489 393 630 427 ἀλιτηρίου
650 392 724 418 ἐστὶν
748 393 887 427 ἐνεργείας

93 438 143 465 καὶ
156 438 261 474 φθορᾶς
278 437 350 474 [καὶ]
366 438 537 472 ἀναλωτικῆς
554 437 639 473 ὄνομα
648 446 654 452 ·
668 437 734 473 ὓλην
748 438 776 464 δὲ
789 438 886 464 εἰώθα-

94 491 147 518 μεν
159 483 249 518 λέγειν
261 483 310 519 τὴν
322 484 457 520 κόσμησιν
469 484 586 511 ἑκάστου
598 484 759 519 πράγματος
770 485 825 515 τοῖς
837 484 887 515 τὰς

93 529 194 565 τέχνας
219 529 431 566 ἐργαζομένοις
455 530 493 561 ὡς
519 531 617 561 εἰπεῖν,
645 529 694 565 ὒλη
711 529 808 562 ξύλων,
836 528 886 564 ὖλη

93 576 276 611 πηλουργίας,
299 575 348 610 ὕλη
368 576 481 611 χρυσοῦ,
501 575 550 611 ὕλη
568 575 699 611 ἀργύρου.
718 575 835 609 Λέγεται
858 574 886 601 δὲ

96 622 149 656 ῦλη
163 631 206 654 τις
217 621 350 657 ἐργασίας
366 623 394 647 ὲν
408 623 465 653 τοῖς
481 621 633 656 σώμασινὴ
648 621 701 647 ἀπὸ
719 620 886 656 φθαρμάτων

93 667 246 699 κακώσεως
266 667 449 703 συναγομένη.
467 667 578 701 Λεγέτω
599 667 688 693 τοίνυν
699 667 714 692 ὁ
731 667 886 701 πρόσφατος

92 714 171 748 ἥκων
195 713 303 748 μάντις,
319 713 366 740 καὶ
383 714 418 739 τὰ
441 713 495 748 πρὸ
515 712 620 740 αἰώνων
643 712 884 747 ἐπαγγελλόμενος.

99 758 250 794 Ἐτόλμησε
270 758 324 794 γὰρ
339 759 354 784 ό
373 757 492 789 τοιοῦτος
510 758 557 784 κα)⁵
579 757 692 793 Πνεῦμα
712 757 885 793 παράκλητον

93 805 191 831 satist
211 804 318 838 λέγειν·
333 803 427 831 ἄλλοτε
440 804 469 829 δὲ
490 804 638 831 ἀπόστολον
665 803 752 838 Ἰησοῦ
766 803 885 838 Χριστοῦ

93 850 201 883 ἑαυτὸν,
216 851 254 882 ώς
270 850 350 885 ἔφην,
365 850 539 886 ὲπιφημίζει,
555 850 616 876 οὔτε
632 848 699 881 εἶδος
720 850 885 884 περιστερᾶς

91 905 161 923 ποτε
183 896 376 931 ἐνδυσάμενος,
399 896 459 922 οὐδὲ
479 895 510 922 τὸ
532 895 579 922 ἀπ’
592 895 707 931 οὐρανοῦ
724 896 764 926 εἰς
785 894 886 929 ἔνδυμα

91 941 247 978 ἀφθαρσίας
259 941 374 976 δύναμιν
389 943 444 973 τοῖς
459 941 618 972 ἀποστόλοις
638 940 761 976 πεμφθὲν
774 940 886 975 Πνεῦμα

92 987 281 1023 παράκλητον,
300 987 314 1013 ὂ
337 987 522 1022 ἐπηγγείλατο
546 988 666 1022 πέμπειν
685 987 699 1013 ό
719 986 883 1021 Μονογενὴς,

91 1033 129 1060 οὺ
143 1032 221 1067 μετὰ
234 1032 353 1065 πολλὰς
365 1032 479 1066 ἡμέρας
496 1032 616 1065 ἐκείνας
630 1032 802 1067 ὁρισάμενος,
818 1031 885 1058 ἀλλὰ

91 1078 176 1110 εὐθὺς
191 1078 274 1104 αὑτοῦ
296 1077 466 1110 ἀνελθόντος,
482 1079 520 1109 ὼς
542 1078 634 1112 ἔλεγεν
645 1086 653 1093 ·
674 1079 742 1105 Ἐὰν
757 1077 813 1113 ἐγὼ
829 1079 886 1105 ἀπ-

90 1123 180 1156 έλθω,
193 1123 309 1156 ἐκεῖνος
322 1123 492 1150 ἐλεύσεται.
509 1124 564 1150 Καὶ
576 1123 656 1154 εὐθὺς
675 1123 703 1150 ἐν
715 1123 754 1158 τῷ
769 1123 885 1158 ὑπερῴῳ

90 1169 269 1205 ἐπλήσθησαν
285 1169 446 1204 Πνεῦματος
459 1169 550 1203 ἁγίου,
566 1171 595 1196 ὲν
608 1169 647 1204 τῷ
663 1169 822 1204 ἀνακάμψαι
837 1169 886 1195 αὺ-

89 1216 155 1248 τοὺς
170 1216 225 1242 ἀπὸ
238 1215 286 1241 τοῦ
297 1215 377 1250 ὅρους
389 1215 443 1241 τῶν
461 1215 586 1247 Ἐλαιῶν,
599 1215 670 1242 κατὰ
683 1215 714 1241 τὸ
725 1214 885 1250 γεγραμμέ-

90 1270 136 1289 νον
147 1271 154 1277 ·
167 1262 224 1289 Καὶ
238 1261 384 1296 ὤφθησαν
397 1261 500 1295 αὐτοῖς
519 1261 656 1296 γλῶσσαι
676 1260 771 1296 πυρὸς
784 1260 884 1295 διαμε-

87 1307 248 1342 ριζόμεναι,
267 1307 317 1334 καὶ
336 1309 353 1334 ὁ
371 1305 455 1340 οἶκος
471 1307 648 1342 ἐνεπλήσθη
669 1306 771 1340 ὥσπερ
786 1305 885 1339 πνοῆς

86 1354 211 1386 βιαίας,
235 1352 286 1379 καί
307 1352 469 1380 ὲπθκάθισε
489 1353 522 1379 τὸ
543 1353 666 1387 Πνεῦμα
689 1352 735 1387 ἐφ’
755 1352 885 1379 ἕκαστον

90 1398 202 1432 αὐτῶν,
226 1398 276 1425 καί
291 1398 426 1426 ἐλάλουν
447 1398 601 1434 γλώσσαις
615 1399 652 1425 τὰ
670 1397 821 1432 θαυμάσια
831 1396 885 1423 τοῦ

91 1444 184 1474 Θεοῦ.
211 1444 261 1471 καί
289 1444 418 1477 ἕκαστος
442 1443 558 1478 ἦιισυσε
588 1443 626 1478 τῇ
659 1443 721 1476 ἰδίῃ
746 1443 884 1478 γλώσσῃ.

90 1488 193 1517 ἰισαν
203 1490 238 1516 δὲ
250 1490 311 1517 ἀπὸ
327 1490 442 1524 παντὸς
456 1490 566 1525 γένους
581 1490 637 1524 τῆς
650 1490 710 1517 ὑπὸ
723 1489 778 1516 τὸν
795 1491 884 1523 οὐρα-

939 271 1001 290 cum
1016 265 1095 291 valde
1112 265 1182 292 bona
1201 269 1294 293 essent
1313 266 1416 296 omnia,
1432 270 1458 292 et
1477 273 1492 292 ιι
1513 266 1584 292 bono
1601 266 1654 294 Deo
1671 275 1732 301 pro-

939 308 1032 339 ducta.
1048 310 1227 345 ejusdemque
1246 310 1404 337 testimonio
1423 311 1610 345 comprobata.

974 353 1044 380 \‘lX.
1066 354 1201 381 Caeterum
1230 355 1350 382 materiae
1367 363 1465 382 nomen
1488 355 1624 390 duplicem
1647 357 1733 392 signi-

939 399 1092 426 ficationem
1118 400 1245 428 obtinet:
1272 401 1356 428 altera
1371 405 1413 428 est
1439 409 1499 436 qua:
1523 410 1555 429 ex
1575 402 1731 430 detestandi

939 446 1013 473 illius
1043 446 1162 474 hominis
1186 447 1335 480 sententia,
1362 447 1497 475 actionem
1524 451 1551 474 et
1574 450 1727 484 corruptio-

939 499 999 518 nem
1026 499 1057 518 ac
1079 493 1310 527 consumptricem
1332 493 1478 528 quamdam
1506 494 1559 520 vim
1585 495 1731 528 exprimit;

938 537 1032 568 altera.
1044 545 1098 572 qua
1109 539 1191 573 vulgo
1203 546 1294 565 rerum
1306 539 1439 572 omnium,
1448 547 1507 574 qua:
1521 540 1554 566 ad
1566 548 1644 567 usum
1661 541 1712 567 arti
1721 555 1731 561 -

938 583 996 610 ﬁcis
1009 588 1144 618 spectant,
1162 589 1322 619 apparatum
1336 585 1478 612 materiam
1491 586 1608 613 dicimus
1624 594 1630 611 :
1644 586 1730 613 veluti

937 628 1084 663 lignorum,
1110 630 1218 665 ﬁglinm,
1237 631 1296 657 auri
1317 631 1478 666 argentique
1501 632 1651 658 materiem.
1675 631 1732 666 Ap-

937 674 1053 709 pellatur
1067 679 1094 702 et
1108 676 1220 702 materia
1239 675 1264 702 in
1279 675 1452 709 corporibus.
1465 683 1525 711 quae
1537 684 1569 703 ex
1583 676 1729 704 humorum

936 721 1092 754 corruptela
1119 721 1240 755 vitioque
1261 721 1409 756 colligitur.
1437 720 1515 748 Dicat
1537 722 1628 756 itaque
1642 730 1729 749 novus

936 765 982 792 ille
993 770 1079 798 rates,
1103 766 1150 800 qui
1166 773 1195 793 se
1212 774 1243 793 ea
1267 767 1339 793 scire
1360 767 1512 801 proﬁtetur,
1530 775 1590 802 quae
1605 768 1640 794 ab
1654 769 1729 795 omni

936 811 1088 838 mternitate
1113 811 1231 838 fuerunt.
1250 810 1388 846 Siquidem
1403 816 1429 838 et
1442 813 1608 847 paraclelum
1623 821 1653 841 se
1669 812 1731 847 Spi-

936 857 1019 884 ritum
1038 857 1107 884 idem
1138 857 1183 884 ille
1206 865 1260 883 non
1278 857 1412 884 dubitavit
1432 866 1565 886 asserere.
1589 859 1729 886 interdum

937 910 1001 929 vero
1021 907 1047 930 et
1067 903 1221 937 apostolum
1237 901 1301 929 Jesn
1315 903 1429 934 Christi,
1445 908 1474 930 ut
1491 908 1553 930 ante
1570 903 1643 936 dixi,
1659 912 1730 930 nun-

937 953 1030 982 cupat.
1056 948 1137 983 Atqui
1156 955 1243 982 neque
1266 948 1400 976 columbae
1418 948 1531 984 ﬁguram
1549 957 1669 984 unquam
1693 950 1732 978 in-

936 995 1010 1026 duit,
1039 1003 1128 1030 neque
1158 995 1289 1030 Spiritum
1316 994 1392 1022 illum
1420 995 1600 1030 parat-letum,
1627 997 1674 1031 qui
1701 1001 1731 1024 ut

937 1042 1076 1076 apostolos
1093 1042 1193 1068 virtute
1210 1041 1426 1075 incorruptionis
1443 1040 1568 1068 indueret
1581 1061 1588 1072 ,
1607 1041 1634 1068 in
1653 1050 1700 1069 eos
1715 1051 1730 1069 e

936 1086 1007 1112 cmlo
1023 1086 1161 1113 demissus
1174 1089 1226 1112 est.
1249 1084 1335 1117 Quem
1360 1086 1441 1112 etiam
1459 1086 1607 1112 missurum
1621 1095 1650 1114 se
1669 1087 1730 1114 uni-

936 1132 1046 1167 genitus
1066 1132 1114 1159 Dei
1131 1130 1217 1159 Filius
1239 1131 1383 1166 promisit,
1412 1141 1464 1159 non
1485 1137 1543 1166 post
1563 1133 1659 1160 multos
1681 1135 1729 1161 llos

938 1179 1024 1211 dies’,
1037 1177 1083 1205 sed
1093 1177 1174 1205 simul
1191 1181 1273 1212 atque
1292 1177 1498 1205 conscendisset
1515 1177 1542 1204 in
1566 1179 1679 1210 malum,
1699 1185 1729 1206 ut

936 1224 995 1259 ipse
1009 1222 1103 1251 deﬁnit
1122 1223 1166 1251 his
1183 1224 1295 1251 verbis:
1312 1223 1344 1251 Si
1358 1225 1427 1251 enim
1448 1224 1538 1252 abiero
1554 1225 1599 1251 ille
1611 1226 1728 1254 veniet‘.

935 1271 975 1297 Ac
990 1269 1106 1297 subinde
1121 1269 1148 1296 in
1174 1269 1317 1296 caenaculo
1339 1270 1435 1304 repleti
1454 1274 1518 1297 sunt
1537 1269 1642 1305 Spiritu
1661 1278 1728 1298 san-

935 1320 991 1348 cto,
1004 1323 1065 1342 cum
1080 1323 1113 1342 ex
1128 1315 1269 1342 Olivarum
1286 1320 1379 1343 monte
1394 1315 1551 1343 rediissent.
1565 1315 1648 1351 quue
1660 1316 1730 1344 adeo

936 1362 979 1389 his
993 1362 1084 1390 verbis
1101 1362 1243 1397 Scriptura
1260 1365 1376 1389 testatur
1393 1371 1401 1389 :
1423 1361 1459 1388 Et
1476 1368 1656 1396 apparuerunt
1666 1363 1729 1396 ipsis

937 1407 1034 1442 lingua:
1055 1407 1122 1440 ignis
1141 1406 1305 1441 dispertilw,
1327 1411 1353 1433 et
1372 1406 1466 1434 domus
1484 1408 1585 1442 repleta
1597 1412 1635 1433 est
1651 1409 1730 1442 quasi

936 1458 1010 1480 vento
1030 1453 1174 1480 vehementi
1187 1473 1194 1484 ,
1220 1452 1366 1487 reseditque
1381 1453 1497 1487 Spiritus
1514 1461 1595 1485 supra
1609 1453 1729 1488 singulo:

935 1506 1038 1528 eorum,
1049 1503 1073 1524 et
1088 1497 1261 1532 loquebantur
1272 1497 1368 1532 linguis
1383 1499 1518 1532 magnalia
1534 1498 1591 1529 Dei,
1605 1503 1630 1525 et
1647 1507 1730 1525 unus-

89 1537 158 1568 τὸν,
178 1535 225 1563 καὶ
246 1536 362 1568 ἕκαστος
376 1536 420 1563 διὰ
438 1537 485 1563 τοῦ
501 1536 658 1571 Πνεύματος
670 1535 883 1571 παρεκαλοῦντο,

939 1543 1044 1578 quisque
1066 1543 1156 1577 lingua
1176 1551 1226 1569 sua
1252 1542 1385 1577 loquentes
1402 1541 1464 1569 illos
1487 1542 1620 1569 audiebat.
1643 1543 1729 1569 Erant

89 1582 162 1608 οἵτε
178 1582 323 1609 ἀπόστολοι
338 1582 382 1608 διὰ
401 1582 451 1616 τῆς
464 1582 579 1618 δωρεᾶς,
597 1582 644 1608 καὶ
667 1583 755 1609 πάντα
773 1581 807 1608 τὰ
821 1581 885 1616 ἔθνη

89 1628 135 1655 διὰ.
146 1628 199 1664 τῆς
213 1628 369 1664 ὲνηχήσεως
376 1628 426 1664 τῆς
439 1628 487 1655 τοῦ
501 1628 569 1655 Θεοῦ
582 1628 741 1664 θαυιιαστῆς
757 1628 885 1655 διδασκα-

90 1674 162 1707 λίας.

127 1808 159 1834 Εί
173 1807 229 1842 γὰρ
243 1806 273 1833 τὸ
289 1806 402 1842 Πνεῦμα
418 1808 450 1833 τὸ
467 1807 652 1842 παράκλητον,
668 1807 736 1843 ὅπερ
753 1807 886 1842 ἐπηγγεί-

91 1854 157 1881 λατο
167 1855 224 1885 τοῖς
241 1853 375 1889 μαθηταῖς
388 1852 402 1878 ὁ
417 1853 528 1888 Κύριος,
545 1854 559 1880 ὸ
574 1853 695 1889 ἀγύρτης
711 1849 789 1884 οὗτος
806 1852 886 1887 ἐτύγ-

91 1907 184 1936 χανεν,
197 1899 212 1925 ὁ
227 1899 352 1934 ἐμμανὴς
367 1898 486 1934 ἀληθῶς,
508 1900 555 1926 καὶ
571 1899 731 1935 φερώνυμος
743 1899 793 1933 τῆς
819 1900 884 1926 ἐαυ-

90 1945 141 1972 τοῦ
153 1945 323 1980 ἐπωνυμίας.
342 1945 481 1980 παρῆλθον
503 1947 528 1972 οἱ
548 1946 693 1973 ἀπόστολοι
709 1946 887 1981 στερηθέντες

90 1992 142 2026 τῆς
155 1991 335 2026 ἐπαγγελίας,
353 1991 518 2023 ἀκούσαντες
533 1991 608 2028 παρὰ
624 1991 671 2018 τοῦ
687 1991 820 2027 ἀψευδοῦς
831 1993 887 2019 Κυ-

92 2039 170 2074 ρίου·
186 2037 328 2071 Λήψεσθε
340 2037 397 2072 τὴν
413 2037 526 2072 δωρεὰν
541 2038 594 2065 τοῦ
613 2039 700 2073 ἁγίου
714 2039 887 2073 Πνεύμαῖος

93 2086 133 2111 οὺ
150 2083 227 2118 μετὰ
244 2085 362 2117 πολλὰς
380 2084 490 2117 ταύτας
503 2084 624 2119 ἡμέρας.
641 2085 696 2111 Καὶ
710 2085 887 2121 εὑρεθήσεται

92 2132 108 2158 ὁ
122 2129 250 2157 ἀπατεὼν
264 2129 310 2156 τοῦ
323 2129 441 2165 Χριστοῦ
452 2130 699 2165 καταψευδόμενος,
714 2131 750 2163 ὼς
766 2131 802 2167 μὴ
818 2131 888 2167 πλη-

94 2176 237 2213 ριῦσαντος
252 2176 287 2203 τὰ
306 2176 381 2212 αὐτῷ
396 2176 540 2212 εἰρημένα.
556 2176 682 2212 Παρῆλθε
705 2177 759 2212 γὰρ
774 2178 790 2212 ὴ
807 2178 888 2211 γενεὰ

937 1593 1025 1616 autem
1036 1597 1068 1616 ea:
1083 1589 1155 1615 omni
1166 1589 1274 1615 natione
1289 1595 1346 1622 quae
1359 1587 1407 1614 sub
1424 1587 1488 1614 caelo
1501 1592 1541 1615 est
1556 1587 1577 1621 ³,
1592 1588 1726 1623 singulos

936 1643 990 1670 que
1021 1634 1217 1662 consolabatur
1255 1633 1376 1668 Spiritus
1416 1637 1552 1666 sanctus,
1589 1634 1729 1668 apostolos

937 1681 1048 1716 quidem
1063 1681 1168 1708 ewlesti
1185 1680 1231 1707 illo
1244 1680 1327 1715 636
1343 1680 1490 1713 beneﬁt-io;
1506 1680 1650 1708 universas
1665 1687 1730 1708 vero

937 1726 1063 1753 nationes
1086 1726 1187 1753 divinae
1206 1725 1280 1752 illius
1303 1725 1476 1753 admirabilis
1493 1726 1666 1753 institutione
1679 1726 1730 1754 do-

938 1773 1043 1799 ctrinm.

974 1817 1008 1844 Et
1034 1824 1097 1843 vero
1121 1818 1144 1843 sl
1173 1816 1306 1851 iinpostor
1331 1817 1383 1844 iste
1409 1815 1527 1851 Spiritus
1544 1816 1589 1844 ille
1616 1820 1730 1844 sanctus

937 1867 1021 1893 esset,
1036 1869 1118 1896 quem
1140 1860 1285 1896 discipulis
1303 1861 1442 1897 pollicitus
1457 1865 1516 1888 erat
1534 1859 1683 1891 Dominus,
1702 1866 1730 1889 et

937 1906 1120 1942 promissione
1149 1905 1269 1934 fraudati
1295 1907 1492 1934 discessissent
1512 1907 1644 1941 apostoli,
1665 1914 1728 1934 cum

937 1957 1030 1980 tamen
1047 1960 1062 1979 a
1083 1952 1210 1986 Domino,
1228 1953 1275 1988 qui
1295 1953 1406 1981 mentiri
1425 1960 1479 1980 non
1502 1956 1607 1988 potest,
1625 1953 1730 1988 pridem

937 1999 1006 2026 illud
1034 1999 1197 2026 audissent:
1220 1998 1361 2029 Accipietis
1383 1999 1481 2026 donum
1503 1998 1620 2034 Spiritus
1645 2000 1731 2026 sancti

938 2053 990 2072 non
1010 2038 1069 2079 post
1093 2045 1191 2072 multos
1211 2045 1258 2072 Im
1280 2044 1336 2072 dies
1347 2046 1370 2072 δ.
1389 2044 1437 2079 Ex,
1455 2053 1511 2080 quo
1533 2049 1672 2073 veterator
1685 2045 1732 2072 illo

938 2090 1122 2121 convincitur,
1135 2089 1199 2116 dum
1211 2089 1352 2116 Christum
1367 2097 1427 2124 qua:
1437 2089 1544 2116 dixerat
1558 2096 1730 2124 nequaquam

939 2134 1070 2169 implesse
1094 2135 1236 2161 mentitur.
1253 2134 1448 2168 Apostolorum
1474 2134 1574 2169 quippe
1591 2134 1732 2168 generatio

940 2180 1065 2212 transiit,
1082 2179 1211 2206 nimirum
1233 2187 1248 2206 a
1270 2179 1344 2206 Petri
1369 2183 1493 2214 tempore
1514 2180 1547 2205 ad
1571 2178 1685 2205 Paulum
1702 2182 1730 2205 et

92 2223 151 2250 τῶν
170 2223 341 2255 ἀποστόλων,
363 2223 435 2258 φημὶ
451 2223 480 2249 δὲ
499 2223 553 2249 ἀπὸ
568 2223 672 2259 Πέτρου
689 2223 753 2259 ἄχρι
769 2224 887 2256 Παύλου,

939 2225 1085 2259 Joannem,
1102 2226 1149 2261 qui
1158 2225 1192 2253 ad
1205 2233 1292 2261 usque
1303 2225 1414 2260 Trajani
1426 2225 1569 2260 imperium
1583 2224 1729 2259 superfuit.

95 2268 145 2294 καὶ
164 2267 230 2303 ἄχρι
257 2267 397 2298 Ἰωάννου,
417 2267 465 2294 τοῦ
488 2268 536 2295 καὶ
555 2268 730 2304 χρονίσαντος
749 2270 778 2296 ὲν
795 2269 890 2306 κόσμῳ

97 2314 165 2349 ἄχρι
182 2313 238 2340 τῶν
253 2313 389 2348 Τραϊανοῦ
404 2314 518 2348 χρόνων.
533 2314 587 2341 Καὶ
601 2315 740 2351 παρῆλθεν
764 2316 891 2348 Ἰάκωῦος

95 2361 112 2386 ὁ
129 2360 237 2395 πρῶτος
252 2359 456 2391 ὲπισκοπεύσας
471 2361 501 2386 ἐν
525 2360 732 2396 Ἰεροσολύμοις,
749 2363 763 2389 ό
779 2363 892 2397 ἁδελφὸς

95 2405 258 2441 ἐπικληθεὶς
270 2405 317 2432 τοῦ
332 2406 446 2442 Κυρίου,
466 2408 529 2437 παῖς
540 2406 568 2433 δὲ
584 2407 630 2434 τοῦ
651 2408 761 2443 Ἰωσὴφ,
776 2409 829 2435 ἀπὸ
841 2410 891 2444 τῆς

98 2452 169 2484 ιδίας
186 2452 270 2478 αὑτοῦ
284 2452 413 2486 γυναικδς
427 2454 569 2488 γεννηθεὶς
588 2455 636 2480 σὺν
654 2456 709 2486 τοῖς
724 2455 827 2487 λοιποῖς
842 2456 892 2482 αὑ-

94 2498 145 2525 τοῦ
161 2497 296 2532 ἀδελφοῖς,
322 2494 363 2529 οἷς
382 2499 616 2534 συναναστραφεὶς
633 2501 647 2526 ο
662 2500 762 2535 Κύριος
788 2501 889 2536 Ἰησοῦς

95 2543 227 2579 Χριστὸς,
240 2545 254 2570 ό
266 2543 320 2570 ἀπὸ
330 2544 442 2578 Μαρίας
456 2545 506 2580 τῆς
519 2545 701 2581 ἀειπαρθένου
717 2546 788 2572 κατὰ
802 2547 890 2582 σάρκα

96 2589 251 2625 γεννηθεὶς,
264 2589 295 2616 ὲν
303 2589 380 2622 τάξει
388 2590 511 2625 ἀδελφῶν
522 2590 584 2626 ἔσχε
592 2590 639 2618 τοῦ
647 2591 788 2618 καλεῖσθαι
801 2593 890 2619 αὐτῶν

95 2636 223 2670 ἁδελφὸς,
241 2636 288 2663 καὶ
302 2637 326 2662 οἱ
343 2635 484 2672 σύνθρονοι
499 2637 579 2664 αὐτοῦ
591 2638 691 2669 πάντες
704 2639 729 2664 οἱ
741 2638 828 2672 ἅγιοι·
844 2639 892 2665 καὶ

99 2682 161 2718 μετ’
180 2682 273 2709 αὐτῶν
290 2681 403 2717 Συμεὼν
418 2683 432 2708 ό
453 2683 510 2714 υἱὸς
527 2683 574 2710 τοῦ
601 2684 789 2720 πατραδέλφου
810 2686 892 2712 αὑτοῦ

99 2727 158 2759 υἱὸς
171 2727 221 2753 τοῦ
238 2727 418 2758 Κλεώπαιτοῦ
434 2728 549 2762 ἀδελφοῦ
569 2729 677 2764 Ἰωσήφ.
694 2727 743 2756 Ὧν
758 2731 819 2762 τοὺς
833 2731 894 2766 χρό-

99 2781 162 2805 νους
178 2773 296 2807 καθεξῆς
316 2774 363 2800 καὶ
376 2774 437 2801 καθ’
455 2774 550 2809 εἱρμὸν
566 2775 621 2801 ἀπὸ
633 2775 680 2801 τοῦ
700 2775 829 2802 Ἰακώϐου
844 2777 893 2802 τοῦ

139 2865 222 2892 ‘At‘t.
236 2873 254 2898 I,
267 2865 292 2893 5.

941 2271 1076 2299 Pmteriit
1089 2276 1119 2298 et
1139 2271 1258 2298 Jacobus
1279 2271 1384 2306 primus
1403 2270 1654 2305 Hierosolymorum
1673 2271 1732 2305 cpi-

941 2323 1052 2350 scopus,
1071 2315 1118 2350 qui
1144 2315 1228 2343 frater
1243 2315 1351 2342 Domini
1369 2315 1579 2350 cognominatus
1594 2320 1646 2347 est,
1666 2316 1731 2342 fuit-

941 2369 995 2397 que
1007 2361 1121 2396 Josephi
1139 2361 1230 2394 ﬁlius,
1249 2366 1275 2388 et
1297 2361 1332 2388 ab
1352 2369 1384 2389 eo
1399 2369 1461 2388 cum
1477 2361 1538 2388 aliis
1554 2362 1684 2389 fratribus
1698 2370 1732 2390 ex

943 2418 1028 2438 uxore
1044 2418 1094 2437 sua
1117 2413 1273 2444 susceptus.
1299 2409 1467 2442 Quibuscum
1487 2409 1618 2438 fratribus
1643 2410 1734 2437 Domi~

943 2463 996 2483 nus
1013 2459 1106 2482 noster
1123 2454 1203 2483 Iesus
1219 2455 1347 2483 Christus
1363 2464 1378 2482 e
1395 2454 1479 2482 Maria
1504 2454 1614 2490 Virgine
1630 2464 1730 2482 secun-

943 2501 1007 2528 dum
1032 2509 1142 2528 carnem
1168 2505 1248 2529 natus
1268 2501 1304 2528 ita
1325 2505 1448 2529 versatus
1471 2505 1529 2534 est,
1548 2505 1576 2528 ut
1594 2501 1654 2529 illos
1677 2501 1734 2528 fra—

944 2552 1016 2574 trum
1033 2547 1145 2575 haberet
1160 2548 1229 2578 loco.
1242 2555 1274 2575 ac
1294 2548 1414 2576 vicissim
1429 2555 1523 2575 eorum
1536 2547 1622 2575 frater
1637 2548 1732 2582 appel-

945 2593 1058 2621 laretur.
1076 2593 1173 2620 Mortui
1197 2598 1328 2627 prietcrea
1345 2599 1409 2620 sunt
1424 2597 1451 2620 et
1464 2600 1558 2620 omnes
1582 2593 1668 2620 sancti
1687 2592 1733 2619 Ja—

941 2640 1001 2666 cobi
1028 2639 1055 2666 in
1076 2640 1121 2665 illa
1140 2639 1271 2674 dignitate
1290 2639 1422 2674 collegas:
1447 2647 1555 2673 Imaque
1578 2647 1640 2666 cum
1659 2639 1693 2665 iis
1706 2641 1733 2665 et

943 2685 1060 2721 Symeon
1085 2686 1212 2720 Cleophze
1236 2686 1326 2720 patrui
1350 2686 1422 2712 illius
1446 2693 1478 2712 ac
1500 2684 1612 2719 Iosephi
1637 2683 1731 2711 fratris

943 2732 1024 2759 ﬁlius.
1044 2731 1165 2764 Quorum
1181 2732 1304 2758 omnimn
1321 2735 1442 2766 tempora
1462 2730 1615 2764 seriemque
1634 2729 1728 2764 subje-

943 2778 1032 2805 i-imus
1045 2798 1051 2810 ,
1068 2778 1119 2805 hoc
1136 2783 1178 2805 est
1195 2777 1445 2813 Hierosolymorum
1463 2776 1607 2811 episcopos
1621 2783 1735 2809 omnes,

333 2867 341 2880 ²
354 2865 433 2893 Juan.
449 2866 542 2900 “1,7,
584 2867 662 2894 aAet.
680 2875 722 2900 ιιι,
738 2868 763 2894 5.
802 2867 810 2883 ⁸
823 2867 889 2895 ibid.
910 2875 931 2900 i,
