1939 3036
109 159 142 186 65
443 157 626 186 AilVERSilS
643 159 813 187 ll/ERESES
832 160 886 188 LIB
906 160 936 187 ll.
957 159 1038 187 TO‘M.
1057 158 1089 186 11.
1103 175 1133 180 -
1153 159 1289 187 ll/ERES.
1307 159 1395 187 ιΧνι.
1699 159 1733 186 66

108 215 202 251 λύμων
217 215 389 248 ὲπίπεμπτος
409 216 579 253 ἐξαποσταλῇ
597 218 636 253 τῷ
657 219 752 254 κόσμῳ
766 220 811 246 τοῦ
829 220 894 246 ἐνοι-

950 218 1199 254 lliorosolymoruin
1228 221 1356 254 episcopo
1384 219 1569 247 introductum
1603 220 1676 248 hunc
1708 229 1736 249 ιιι

108 261 220 294 ιιοῦντος
233 262 264 287 ὲν
276 262 352 288 αὑτῶ
364 262 486 289 διαϐόλου
500 263 638 298 ἐνεργείας
658 265 745 298 πλάνη
767 266 813 291 καὶ
828 274 896 298 φαν-

107 306 215 337 τασίας,
246 307 406 342 ἀποστήσῃ¹
425 307 479 334 ἀπὸ
503 308 552 343 τῆς
579 308 707 344 ἀληθείας
735 311 797 342 τοὺς
824 311 898 346 αύτῷ

108 351 269 384 πεισθέντας
285 353 429 379 ἀπατῶσα.

143 443 210 469 KA'.
234 443 440 478 Ἐξελήλεγκται
463 443 510 471 οὗν
527 445 544 480 ἡ
570 445 650 472 αὐτοῦ
670 447 836 481 πανταχόθεν
849 456 891 473 xu-

108 488 183 515 σεία-
196 488 234 520 ὦς
248 497 279 523 γε
290 490 303 515 ὁ
317 489 378 520 νοῦς
391 489 445 516 τῶν
463 490 580 517 συνετῶν
588 491 677 518 πάντα
688 492 808 527 ἀκριϐῶς
818 494 897 525 γνοὺς

108 535 315 569 καταγνώσεται
328 535 377 570 τῆς
395 535 477 562 αὑτοῦ
492 537 753 572 παραπεποιημένης
766 538 896 569 ἐπινοίας.

108 579 150 606 Τὰ
167 580 196 606 δὲ
212 580 278 607 ἄλλα
301 581 389 607 πάντα
410 580 443 607 τὰ
458 582 623 617 νομιζόμενα
646 582 728 609 αὑτοῦ
743 584 899 618 σοφίσματα

80 636 83 638 ·
107 625 245 660 ληρῳδίας
266 625 380 660 ἔμπλεα,
401 625 468 657 λοξόι
484 635 514 652 τε
537 627 584 653 καὶ
604 627 717 659 ἄστατα,
733 629 808 663 παρὰ
831 629 898 654 πᾶσι

109 672 230 702 σννετοῖς
244 670 436 706 γελοιαζόμενα
447 680 453 685 ·
470 672 546 698 ἆτινα
560 672 630 699 κατά
643 672 714 705 λέξιν
728 673 833 705 διελεῖν,
851 675 899 700 καὶ

107 716 142 742 τὰ
162 716 230 751 πρὸς
243 716 378 742 ἀντίθεσιν
400 716 508 742 πάντων
530 717 620 743 αὐτῶν
642 717 745 753 γράψαι
757 719 778 751 ⁵,
793 720 832 750 είς
849 727 897 744 πο-

107 761 157 787 λὺν
177 761 258 795 ὄγκον
272 761 376 788 ἐλάσσω
395 762 444 797 τῆς
467 762 525 788 κατ’
542 762 624 788 αὑτοῦ
641 763 831 798 πραγματείας
854 764 899 790 τὸν

108 806 228 840 ἔλεγχον.
247 806 316 841 Ἤδη
337 806 365 832 δὲ
384 806 496 841 ἀνδράσι
516 807 643 841 μεγάλοις
657 807 713 842 (’25)
736 807 899 843 θαυμαστῶς

109 852 169 877 κατ’
199 851 282 877 αὐτοῦ
309 851 482 887 ἀντιρρήσεις
507 851 553 877 τοῦ
579 851 690 886 ἐλέγχου
718 853 896 887 πεποίηνται·

953 265 1082 292 mundum
1104 273 1223 292 errorem
1243 266 1336 297 fuisse,
1356 271 1384 293 et
1403 266 1516 299 diaboli,
1532 266 1577 301 qui
1602 267 1628 293 in
1650 267 1737 294 haere-

949 311 1002 337 tico
1018 310 1065 337 illo
1077 310 1223 343 residebat,
1239 311 1263 337 vi
1278 318 1310 338 ac
1330 310 1425 338 fraude
1439 315 1630 346 propagatum.
1645 317 1674 339 ut
1688 320 1736 341 eos

948 355 995 390 qui
1014 355 1095 382 ﬁdem
1107 355 1267 383 adhiberent
1291 363 1306 383 a
1325 356 1440 384 veritate
1458 361 1601 385 revocatos
1616 358 1643 384 in
1659 357 1734 384 frau-

948 401 1009 427 dem
1028 401 1187 435 impelleret.

985 442 1055 468 XXI.
1077 443 1258 475 Quamobrem
1276 451 1308 471 ex
1327 445 1399 471 omni
1422 450 1497 479 parte
1522 446 1652 474 convietze
1671 452 1735 474 sun:

949 488 1021 516 illius
1046 489 1199 523 praestigias.
1225 489 1265 516 sic
1293 494 1321 516 ut
1345 490 1506 524 sapieminm
1533 491 1650 524 animus,
1673 499 1735 519 eum

948 538 1076 561 accurate
1087 537 1184 561 cuncta
1196 535 1312 567 noverit,
1324 536 1541 562 commcntilium
1555 537 1628 564 illius
1637 537 1734 572 dogma

949 578 1128 611 condemnet;
1155 587 1215 605 nam
1237 584 1335 606 ρινιοιει
1360 580 1433 607 illius
1450 582 1605 616 sophisticae
1623 583 1735 610 cavilla-

949 624 1039 650 tiones
1054 631 1188 658 nugarum
1209 624 1386 659 plenissimaa,
1402 626 1535 660 ambigua:
1548 631 1574 653 et
1593 626 1735 656 instabiles

948 668 1172 701 prudentioribus
1182 670 1310 697 omnibus
1323 670 1440 697 ludibrio
1454 675 1526 698 sunt.
1543 671 1608 704 Quae
1624 673 1734 707 quidem

949 713 971 738 si
987 713 1020 740 ad
1036 714 1149 740 verbum
1165 722 1301 749 exponere
1322 722 1353 741 ac
1373 715 1488 750 singulis
1503 717 1669 751 respondere
1686 725 1735 745 ve-

949 757 1005 788 lim,
1028 765 1075 784 ero
1091 758 1118 784 in
1139 758 1190 795 hac
1214 759 1309 786 lneresi
1330 759 1498 787 confutanda
1520 761 1637 796 longior.
1660 761 1735 789 Prae-

949 803 1042 829 sertim
1067 810 1128 829 cum
1151 810 1166 829 a
1191 804 1296 839 magnis
1322 805 1387 832 viris
1410 804 1584 834 admirabiles
1601 807 1635 834 ad
1660 808 1735 835 illius

950 847 1111 874 refutandos
1127 855 1236 875 errores
1253 849 1457 878 lucubrationes
1473 855 1536 878 sunt
1550 852 1639 879 editae.
1655 852 1735 880 Velut

114 896 255 932 Ἀρχελάῳ
271 896 319 931 μὲν
331 896 370 931 τῷ
386 896 537 932 ἑπισκόπῳ,
550 897 588 928 ὡς
603 897 774 933 προείρηται,
792 899 894 935 Ὦριτέ-

949 892 982 918 ab
1004 892 1135 919 Archelao
1157 894 1296 928 episeopo.
1322 899 1351 920 ut
1368 898 1448 922 antea
1472 896 1574 923 dictum
1593 901 1655 924 est:
1674 897 1733 925 Ori-

107 949 148 967 νει
165 941 203 972 δὲ,
223 941 262 972 ὡς
276 941 394 976 ἀκήκοα,
415 941 537 977 Εὑσεϐίῳ
556 942 583 968 δὲ
597 941 636 977 τῷ
658 943 836 978 Καισαρείας,
852 945 898 971 καὶ

108 986 233 1021 Εὐσεϐίῳ
246 986 284 1022 τῷ
302 986 429 1022 Ἐμέσης,
450 986 603 1022 Σεραπίωνι
625 987 764 1022 Θμούεως,
784 988 897 1016 Ἀθανα-

114 1033 165 1067 σίῳ
191 1032 232 1067 τῷ
263 1032 474 1068 Ἀλεξανδρείας,
499 1033 627 1068 Γεωργίῳ
652 1033 691 1068 τῷ
721 1033 896 1066 Λαοδικείας,

116 1079 313 1114 ’Δπολλιναρίῳ
327 1077 365 1113 τῷ
383 1078 552 1111 Λαοδικείας,
567 1079 639 1113 Τίτῳ
656 1078 703 1105 καὶ
726 1079 831 1111 πολλοῖς
844 1080 897 1107 τῶν

108 1125 169 1151 κατ’
188 1124 271 1151 αὐτοῦ
282 1124 442 1159 εἰρηκότων.

145 1169 228 1196 Οὐδὲν
255 1169 283 1196 δὲ
304 1168 420 1204 λυπήσει
444 1164 491 1195 καὶ
511 1169 565 1195 ἀπὸ
583 1169 633 1205 τῆς
657 1170 736 1205 ἡμῶν
762 1170 897 1205 πτωχείας

106 1213 187 1246 ὀλίγα
212 1213 250 1244 εἰς
273 1213 405 1248 αἰσχύνην
429 1213 475 1239 τοῦ
500 1214 616 1240 ἐλεεινοῦ
642 1213 785 1249 ἀνθρώπου
811 1216 898 1242 εἰπεῖν

107 1257 178 1292 πρὸς
194 1257 347 1293 ἀνατροπὴν
370 1259 419 1293 τῆς
433 1257 514 1284 αὑτοῦ
532 1258 601 1284 κατά
621 1259 709 1286 πάντα
731 1259 830 1294 τρόπον
850 1269 897 1286 πε-

108 1302 284 1337 πλανημένης
296 1302 423 1334 διανοίας,
436 1302 472 1334 ὡς
487 1303 533 1329 καὶ
547 1302 594 1338 ήδη
609 1305 785 1338 προείπομεν.
808 1304 898 1330 Ἦϐου-

107 1349 195 1383 λύμην
210 1348 238 1374 δὲ
255 1348 291 1384 μὴ
305 1349 452 1384 αὐστηροῖς
467 1349 571 1384 ῥήμασι
585 1349 630 1375 τὸν
647 1350 706 1375 κατ’
721 1349 802 1376 αὑτοῦ
820 1351 896 1386 ποιή-

108 1393 207 1420 σασθαι
227 1393 348 1428 ἔλεγχον,
365 1393 413 1420 καὶ
437 1393 575 1428 ἠδυνάμην
603 1394 742 1426 ἐπιεικῶς,
760 1395 783 1421 εί
803 1394 840 1430 μὴ
857 1395 897 1421 ὅτι

106 1439 154 1466 τὸν
169 1439 224 1465 τῶν
238 1439 345 1465 πάντων
354 1438 492 1473 Δεσπότην
503 1438 714 1474 ἀῦυρογλώττως
729 1439 897 1475 βλασφημεῖν

107 1485 159 1512 οὐκ
174 1484 342 1520 αἰσχύνεται,
354 1483 434 1514 εὐθὺς
448 1483 528 1510 αὑτὸν
538 1483 583 1510 τὸν
595 1483 710 1519 Ποιητὴν
721 1484 895 1520 ἀρνούμενος,

106 1531 153 1557 τδν
170 1530 229 1556 τόδε
245 1529 275 1556 τὸ
295 1530 348 1556 πᾶν
363 1528 443 1560 κύτος
456 1529 571 1564 οὐρανοῦ
592 1538 622 1555 τε
636 1530 683 1555 καὶ
697 1530 757 1564 γῆς,
769 1530 815 1556 καὶ
831 1531 897 1556 πάν-

107 1584 161 1602 των
177 1574 230 1601 τῶν
245 1575 274 1601 ὲν
295 1575 397 1606 αὐτοῖς,
418 1574 464 1600 καὶ
478 1574 511 1600 τὰ
526 1575 554 1600 ὲν
571 1574 610 1610 τῷ
634 1575 728 1610 κόσμῳ
748 1575 836 1601 πάντα
848 1576 895 1610 δη-

109 1620 322 1655 μιουργήσαντα·
337 1620 379 1645 Et:
384 1628 428 1655 ρον
439 1619 467 1645 δέ
479 1627 540 1646 τινα
553 1619 754 1654 φανταζόμενος
766 1619 841 1650 Θεὸν,
851 1620 896 1646 τὸν

110 1665 146 1700 μὴ
161 1665 237 1697 ὄντα,
249 1664 295 1691 τὸν
309 1665 337 1691 δὲ
361 1664 424 1691 ὅντα
445 1664 613 1691 καταλιπών.
632 1664 759 1696 Ἐξέπεσε
777 1664 831 1699 γὰρ
846 1665 895 1699 τῆς

109 1709 237 1745 ἀληθείας
249 1718 255 1724 ·
271 1710 318 1736 καὶ
331 1709 427 1744 συνέϐη
441 1709 515 1744 αὐτῷ
525 1709 555 1736 τὺ
567 1710 616 1744 τῆς
630 1709 733 1743 γελοίου
748 1709 895 1745 παροιμίας

112 1755 298 1790 ἓνέργημα,ὡς
312 1755 326 1781 ὀ
337 1755 421 1790 κόραξ
434 1754 531 1790 βρῶμα
542 1754 609 1789 ἔχων
620 1754 683 1789 περὶ
697 1754 726 1780 τὸ
737 1754 833 1788 στόμα,
850 1754 896 1780 καὶ

110 1800 189 1826 σκιὰν
201 1801 230 1827 ὲν
245 1799 320 1826 ὕδατι
331 1799 376 1826 τοῦ
390 1799 532 1835 βρώματος
547 1799 722 1834 θεασάμενος,
736 1799 896 1834 βουλόμενος

109 1846 205 1881 ἑτέρας
219 1846 321 1881 τροφῆς
334 1845 533 1880 περιγενέσθαι,
549 1845 597 1880 τὴν
608 1843 690 1871 οὖσαν
701 1844 834 1876 ἀπώλεσε,
849 1844 895 1870 καὶ

108 1892 158 1927 τὴν
175 1891 213 1926 μὴ
237 1889 318 1918 οὖσαν
333 1891 383 1917 οὐκ
407 1892 548 1926 ἐκτήσατο.
575 1891 622 1922 Τίς
645 1890 673 1916 δὲ
694 1890 817 1922 ἀνέξεται
848 1890 894 1916 τοῦ

109 1936 285 1971 βλασφήμου;
301 1937 333 1963 El
346 1936 399 1972 γὰρ
410 1937 529 1972 πατέρας
541 1936 637 1971 ἔχομεν
650 1935 720 1962 κατὰ
732 1936 832 1971 σάρκα,
848 1936 894 1962 καὶ

109 1981 137 2007 οὐ
153 1981 274 2016 φέρομεν
300 1981 408 2007 ἀκούειν
431 1982 477 2008 τὸν
494 1982 593 2008 τούτων
610 1981 662 2007 ὑπό
687 1990 767 2007 τινων
789 1980 871 2015 ψόγον
885 1990 892 1997 ’

109 2027 184 2061 πόσῳ
201 2035 232 2060 γε
249 2026 357 2061 μᾶλλον,
381 2027 425 2052 τὸν
447 2026 547 2063 Κύριον
561 2027 625 2053 Θεὸν
647 2027 755 2053 πάντων
775 2027 827 2053 ὑπδ
846 2026 893 2052 τοῦ

109 2073 300 2106 χαλεπωτάτου
324 2071 457 2104 Μὰνεντος
481 2072 721 2107 βλασφημούμενοι-ι
744 2071 791 2098 ἐὰν
812 2072 894 2098 ἁκού‹

109 2127 216 2152 σωμεν;
236 2118 319 2145 Ὅταν
332 2117 378 2144 οὖν
394 2119 422 2144 ὲν
439 2118 477 2152 τῷ
493 2118 561 2143 ἐλέει
577 2117 623 2143 τοῦ
641 2117 707 2144 Θεοῦ
722 2117 818 2153 δμὸροι
832 2118 894 2143 ἀπο-

109 2163 270 2189 στέλλωνται
286 2162 354 2189 κατὰ
369 2162 418 2197 τὴν
431 2163 511 2188 αὑτοῦ
530 2162 693 2196 ἀγαθότητα,
719 2162 798 2193 αὐτὸς
812 2161 894 2196 βλασ-

947 943 1025 970 gene,
1044 940 1073 962 ut
1093 939 1258 971 acet-pimus,
1278 938 1394 965 Eusebio
1411 939 1583 974 Caesariensi,
1597 946 1623 968 et
1646 942 1734 970 altero

948 981 1093 1013 Emeseno,
1115 982 1263 1017 Serapione
1275 984 1434 1016 Thmuensi,
1451 986 1600 1014 Athanasio
1613 988 1732 1015 Alexan-

947 1027 1038 1059 drino,
1054 1027 1169 1064 Georgio
1185 1029 1348 1063 Laodiceno,
1365 1031 1534 1065 Apollinario
1557 1032 1621 1059 item
1634 1032 1734 1060 Laodi-

947 1079 1026 1104 ceno,
1048 1072 1120 1106 Tito,
1140 1080 1172 1100 ac
1189 1074 1326 1108 plerisque
1351 1075 1423 1107 aliis.
1439 1076 1484 1110 qui
1505 1075 1636 1105 adversus
1656 1077 1733 1104 illum

948 1117 1128 1152 scripserunt.

983 1162 1042 1189 Non
1062 1163 1114 1190 erit
1129 1166 1231 1195 tamen,
1254 1167 1284 1190 ut
1302 1164 1411 1199 opinor,
1428 1165 1585 1198 molestum,
1606 1165 1628 1193 si
1644 1173 1732 1200 pauca

949 1215 997 1242 pro
1010 1208 1100 1243 inopia
1115 1216 1146 1235 ac
1161 1210 1292 1236 tenuitate
1308 1213 1402 1237 nostra
1424 1210 1458 1237 ad
1474 1211 1624 1245 augendam
1643 1212 1734 1240 infeli-

947 1253 988 1280 cis
1009 1253 1197 1282 lioniuncionis
1221 1254 1360 1281 infamiam
1383 1255 1412 1282 in
1436 1256 1553 1283 medium
1576 1256 1733 1289 aderamus,

947 1299 1175 1333 quemadmodum
1188 1305 1267 1327 antea
1285 1300 1414 1328 diximus.
1429 1300 1458 1328 In
1473 1310 1528 1336 quo
1547 1303 1642 1330 vellem
1654 1304 1732 1338 equi--

948 1344 1008 1371 dem
1029 1345 1056 1371 in
1073 1345 1146 1372 illius
1166 1353 1258 1373 errore
1277 1346 1438 1381 castigando
1459 1356 1567 1375 omnem
1589 1349 1734 1377 verborum

948 1390 1122 1424 asperitatem
1140 1391 1246 1427 fugere,
1270 1391 1351 1426 idque
1374 1393 1441 1420 adeo
1460 1394 1558 1421 leniter
1579 1394 1670 1422 faci-re
1686 1403 1735 1429 po‘

948 1435 1072 1468 luissem,
1095 1436 1148 1464 nisi
1175 1437 1202 1464 in
1229 1438 1418 1466 universorum
1447 1439 1587 1466 Dominum
1616 1440 1733 1468 effrena-

952 1486 1007 1507 tam
1021 1481 1120 1516 linguae
1138 1483 1354 1510 maledieeutiam
1370 1484 1559 1518 imprudenter
1573 1485 1733 1513 eﬂ‘ilnderet.

948 1525 1052 1561 Quippe
1070 1527 1115 1561 qui
1136 1528 1250 1556 subinde
1272 1529 1446 1557 Conditorem
1462 1530 1549 1565 ipsum
1568 1531 1693 1566 abneget,
1718 1539 1733 1558 a

948 1580 1000 1606 quo
1017 1577 1071 1599 tota
1095 1573 1152 1600 haec
1167 1574 1228 1600 coeli
1256 1580 1388 1610 terraeque
1411 1576 1504 1607 moles,
1522 1576 1666 1610 omniaque
1679 1577 1734 1604 illo-

946 1625 1004 1644 rum
1021 1618 1122 1645 ambitu
1134 1619 1330 1654 comprehensa
1342 1620 1475 1647 fabricata
1496 1626 1569 1648 sunt.
1581 1622 1664 1656 639
1680 1622 1734 1649 Cu-

945 1662 992 1696 jus
1027 1663 1086 1690 loco
1115 1665 1208 1691 nescio
1240 1673 1319 1698 quem
1350 1671 1519 1693 commentus
1553 1670 1594 1693 est
1619 1667 1733 1694 alterum

951 1708 1044 1740 Deum,
1056 1709 1102 1743 qui
1115 1717 1248 1743 nusquam
1262 1711 1308 1739 sit.
1322 1715 1347 1736 ut
1361 1711 1437 1737 abeo
1450 1711 1495 1745 qui
1509 1715 1550 1737 est
1562 1711 1649 1745 reipsa
1663 1718 1734 1738 rece-

945 1753 1030 1780 deret.
1045 1753 1067 1779 A
1083 1754 1200 1781 veritate
1213 1755 1284 1781 enim
1304 1756 1423 1787 excidit;
1438 1760 1465 1782 et
1479 1756 1530 1782 hoc
1542 1756 1578 1782 illi
1592 1757 1625 1783 de
1642 1755 1733 1783 fabula

945 1798 1069 1833 contigit,
1094 1806 1147 1833 qua
1166 1806 1266 1826 corvus
1286 1800 1432 1834 aliquando
1449 1800 1545 1832 fertur,
1563 1808 1625 1827 cum
1642 1804 1734 1827 rostro

946 1843 1074 1877 pabulum
1090 1842 1183 1875 ferret,
1200 1852 1261 1870 mox
1275 1849 1304 1871 ut
1319 1845 1378 1879 ejus
1394 1846 1519 1873 umbram
1534 1845 1561 1872 in
1577 1853 1647 1880 rqua
1666 1854 1732 1872 con-

945 1888 1066 1923 spicatus
1080 1893 1132 1920 est.
1146 1893 1175 1916 ut
1191 1890 1264 1917 aliud
1286 1891 1339 1917 sibi
1363 1897 1505 1925 quaereret,
1521 1892 1592 1926 quod
1616 1891 1733 1919 habebat

947 1933 1109 1967 perdidisse.
1129 1942 1179 1961 nec
1193 1942 1251 1962 eam
1270 1943 1354 1969 quam
1371 1944 1423 1962 non
1439 1936 1553 1962 habebat
1570 1935 1731 1963 obtinuisse.

944 1978 1002 2005 1am
1024 1986 1089 2006 vero
1109 1979 1170 2013 quis
1188 1979 1377 2015 blasplieinum
1399 1981 1474 2008 illum
1497 1981 1614 2008 tolerare
1630 1982 1734 2016 possit?

944 2025 1010 2052 Nam
1027 2026 1048 2053 si
1065 2031 1192 2060 parentes
1212 2027 1283 2058 illos,
1304 2027 1429 2062 aquibus
1449 2036 1549 2062 corpus
1565 2029 1730 2063 accepimus,

945 2072 978 2098 ab
993 2072 1086 2106 aliquo
1100 2072 1265 2107 vituperatos
1283 2073 1378 2100 audire
1390 2081 1442 2100 non
1459 2081 1616 2108 possumus,
1629 2078 1733 2109 quanto

944 2115 970 2142 id
988 2117 1078 2144 minus
1094 2116 1166 2143 ferre
1181 2117 1320 2151 debemus,
1341 2125 1402 2145 cum
1424 2118 1459 2145 ab
1476 2118 1670 2145 molestissimo
1685 2119 1732 2145 illo

945 2161 1092 2189 Manicbmo
1109 2162 1192 2189 Deum
1206 2163 1395 2190 universorum
1412 2163 1554 2190 Dominum
1570 2163 1660 2198 appeti
1673 2171 1732 2190 nia-

108 2208 206 2243 ῳημῶν
229 2207 278 2234 οὐκ
302 2207 456 2242 αἰσχύνεται
484 2207 609 2241 φάσκειν,
635 2207 671 2242 μὴ
694 2208 725 2233 ἐκ
743 2206 809 2233 Θεοῦ
831 2206 893 2238 τοὺς

946 2207 1052 2234 ledietis
1075 2207 1241 2235 audiemus?
1257 2207 1361 2235 Etenim
1374 2216 1435 2235 cum
1452 2216 1466 2234 a
1487 2208 1541 2235 Deo
1556 2216 1605 2243 pro
1625 2208 1731 2235 inﬁnita

107 2253 225 2289 ἣμερους
237 2251 316 2285 εἶναι,
333 2253 400 2280 ἀλλὰ
412 2252 560 2288 ἀπορροίας
576 2252 723 2287 ἀρχόντων.

950 2259 998 2278 sua
1019 2253 1204 2279 misericordia
1224 2261 1255 2280 ac
1279 2254 1400 2281 bonitate
1419 2254 1518 2281 imbres
1539 2261 1553 2281 e
1577 2254 1647 2281 coelo
1668 2255 1731 2280 mit-

107 2304 212 2331 tuntur,
237 2300 386 2327 maledicus
407 2300 458 2326 iste
481 2306 534 2325 non
553 2302 661 2325 veretur
677 2306 690 2324 a
711 2297 765 2324 Deo
788 2297 888 2324 imbres
909 2297 969 2324 illos
1000 2305 1061 2325 esse
1092 2291 1203 2333 negare,
1222 2299 1268 2326 sed
1291 2307 1323 2326 ex
1346 2300 1499 2335 principum
1520 2301 1616 2328 asserit
1632 2299 1731 2335 proﬂu-

106 2349 149 2375 vio
165 2355 302 2375 manasse.

142 2407 150 2422 '
168 2405 231 2433 For.
246 2405 289 2432 ἵνα
305 2406 455 2442 ἀποστήσῃ.
504 2405 514 2420 ³
529 2404 609 2432 Deest
629 2411 680 2431 vox
693 2403 852 2438 βουλόμενος
868 2410 894 2429 at

946 2409 985 2428 'ox
999 2401 1108 2428 similis.

141 2465 197 2499 ('25)
216 2464 291 2497 Ἤδη
313 2464 346 2490 δὲ
369 2462 496 2497 ἀνδράσι
518 2463 670 2499 μεγάλοις.
699 2461 888 2488 Theodoretus

141 2471 197 2499 (an)
216 2471 291 2497 "non
313 2471 346 2490 oe
369 2471 496 2497 ανσρασι
518 2471 670 2523 μεῖηανιοις.
704 2471 888 2488 ιιιοοιιοιοιιιδ

105 2501 265 2534 scriptores.
297 2499 343 2533 qui
369 2499 506 2536 adversus
542 2497 753 2536 banicha'orum
786 2500 888 2536 sectam

105 2530 318 2561 commentarios
344 2533 498 2564 ediderunt,
536 2536 660 2559 recenset
690 2533 781 2558 istos:
799 2530 889 2557 Titum

106 2569 300 2604 Qostrenorum
329 2568 505 2604 episcopum,
535 2565 888 2604 Diodorunr_Tars_ensem,

104 2603 252 2638 Georgium
264 2600 445 2638 Laodiccnum
460 2602 602 2638 Arianum,
616 2601 764 2638 Eusebium
778 2600 888 2638 Pliniui-

103 2646 163 2674 ccm
177 2635 246 2670 (hoc
257 2643 298 2665 est
313 2637 498 2674 Emesepum).
516 2637 593 2674 Quod
616 2637 649 2663 ad
667 2635 813 2674 Eusebium
830 2635 890 2674 (ige-

104 2669 255 2709 Vsa‘riensem
278 2669 604 2709 attinet._Soqates»lib._
624 2679 643 2702 ι,
664 2678 724 2709 cap.
740 2670 770 2709 i_7
794 2669 889 2709 s_c_rib_it

102 2707 195 2741 jejune
221 2707 367 2734 admodum
392 2707 418 2733 in
451 2705 637 2733 Ecclesiastica
657 2703 793 2741 νΙιίἐιοι-ἱακ
806 2703 889 2741 Mani-

104 2738 241 2770 chaeorum
266 2743 301 2769 ab
322 2742 368 2779 illo
386 2742 551 2779 mentionem
576 2749 636 2779 esse
653 2740 761 2779 factam.
777 2739 835 2778 Qua
854 2738 888 2779 de

104 2784 185 2804 causa
210 2781 295 2804 totam
318 2777 378 2810 ejus
394 2776 536 2804 historiam
560 2784 592 2802 ex
622 2775 887 2810 Archelaiﬂscriptis

104 2813 216 2839 uberius
237 2809 357 2846 exponit.
375 2811 465 2844 Quare
488 2811 625 2846 praecipuo
640 2811 731 2846 aliquo
742 2809 813 2846 libro
830 2810 886 2846 lne-_

105 2847 175 2875 resin
186 2848 266 2875 istam
274 2843 452 2881 'oppugnasse
464 2843 728 2873 vi'tletur'Eusebius.
746 2843 799 2871 Sed
814 2843 886 2878 quod

936 2460 1079 2495 Origenem
1100 2459 1431 2495 radversusﬂManichaeos
1462 2460 1641 2487 elucubrasse
1676 2459 1728 2486 ali-

936 2494 999 2529 quid
1029 2494 1196 2529 Epiphanius
1223 2494 1349 2524 allirmat.
1381 2495 1512 2529 temporis
1537 2495 1642 2522 ratione
1668 2495 1728 2529 ipsa

937 2530 1082 2556 refellitur.
1097 2529 1219 2556 Mortuus
1233 2530 1305 2557 enim
1318 2533 1360 2556 est
1374 2529 1505 2563 Origenes
1518 2530 1599 2557 annis
1623 2530 1678 2556 fere
1690 2537 1724 2555 νς

937 2569 1082 2598 antequam
1094 2564 1305 2591 Maniclncorum
1317 2565 1477 2598 superstitio
1494 2565 1519 2590 in
1536 2565 1624 2591 lucem
1634 2572 1726 2590 emer-

940 2603 1025 2633 geret.
1046 2599 1196 2632 Siquidem.
1227 2604 1370 2633 grassante
1403 2598 1495 2626 Severi
1524 2599 1727 2632 persecutione,

942 2642 1014 2671 anno
1028 2634 1087 2667 ejus
1115 2633 1221 2668 imperii
1240 2642 1265 2664 Χ,
1281 2634 1326 2668 qui
1344 2639 1385 2660 est
1398 2633 1647 2671 mmpionysianm
1661 2639 1726 2671 ccri,

939 2669 1028 2707 {etatis
1052 2676 1152 2707 annum
1174 2673 1300 2707 ense-gerat
1320 2676 1385 2700 xv”,
1412 2673 1441 2695 ut
1466 2669 1599 2707 Eusebius
1628 2669 1727 2707 asserit

939 2703 987 2730 lib.
1006 2710 1050 2741 vi.”
1061 2710 1120 2741 cap.
1137 2703 1164 2730 5.
1179 2703 1253 2741 Obiit
1271 2711 1334 2730 vero
1350 2711 1422 2741 anno
1443 2703 1532 2730 aetatis
1548 2709 1630 2741 ιιι-ιχ,⁵
1641 2703 1727 2741 impe-

938 2741 1016 2764 rante
1031 2735 1119 2768 Gallo.
1136 2738 1230 2765 eodem
1252 2743 1364 2765 auclore
1383 2738 1429 2764 lib.
1446 2745 1495 2769 νιι,
1511 2744 1560 2771 cap
1577 2737 1602 2763 1.
1617 2735 1726 2762 Additis

937 2774 1019 2806 igitur
1038 2773 1117 2799 annis
1130 2780 1177 2805 LII,
1202 2776 1231 2798 ut
1254 2781 1315 2799 inx
1341 2773 1654 2806 impleantnrrmortuus
1683 2775 1726 2806 est

937 2805 998 2834 am
1016 2807 1171 2834 communis
1185 2815 1256 2835 anno
1269 2807 1333 2840 254,
1353 2805 1401 2834 diu
1427 2811 1489 2833 ante
1513 2805 1667 2834 Manicbaae
1681 2805 1722 2832 fa-

936 2842 1036 2870 ctionis
1049 2847 1150 2869 ortum.
