1939 3036
202 162 234 188 71

901 149 930 176 S.
954 147 982 174 El

1036 147 1125 175 llANll
1801 144 1836 173 72

200 219 252 244 est;
269 215 314 238 aut
333 211 355 238 si
375 211 550 238 nihilominus
569 210 658 237 bonus
674 213 728 243 est,
745 210 846 237 tnalutn
872 210 982 244 insuper

1036 206 1114 240 οὗτος
1128 209 1142 235 ὁ
1156 209 1272 243 ποιήσας
1286 208 1330 234 τὸν
1345 207 1460 242 οὐρανὸν
1476 207 1523 234 καὶ
1538 206 1586 242 τὴν
1601 206 1653 242 γῆν
1669 205 1782 241 Κύριος,
1797 206 1835 237 ὡς

197 258 363 292 exstinguet,
378 256 549 290 Proindeque
568 255 639 282 idem
653 256 710 289 ipse
726 256 778 282 crit
793 256 854 282 Cteli
867 263 897 282 ac
906 260 988 282 terrae

197 303 324 330 conditor
340 303 482 334 Dominus,
500 307 529 328 ιιι
540 306 582 329 est
597 310 703 333 revera,
716 302 762 336 qtti
776 302 923 336 unicuique
937 309 988 336 pro

197 357 310 383 operum
328 356 440 375 suorum
455 348 562 375 ratione
572 348 681 382 praemia
694 347 838 375 constituit
857 357 862 374 :
880 348 924 382 qui
937 355 987 381 pro

196 395 296 420 eximia
312 393 434 420 bonitate
446 393 482 424 ei,
502 393 548 428 qui
563 394 651 419 bonus
673 396 726 424 est,
741 397 768 419 et
787 392 813 419 itt
834 393 987 419 exercenda

197 439 319 466 bonitate
330 439 473 470 laborarit,
487 439 599 473 perinde
614 438 715 465 bonttm
727 438 861 473 rependit.
876 438 906 464 Ei
918 446 984 465 vero

195 485 241 518 qui
260 485 329 510 ntala
351 485 531 512 commiserit.
551 484 623 518 quod
644 484 750 518 justum
765 488 808 512 est
830 484 930 512 reddit.
946 484 983 511 Ex

1043 257 1088 282 καὶ
1105 255 1178 281 ἔστιν
1196 256 1225 282 ἐν
1240 255 1366 290 ἀληθείᾳ,
1384 256 1398 281 ὁ
1414 255 1522 289 ἑκάστῳ
1543 253 1686 285 ἀποδιδοὺς
1706 253 1779 279 κατὰ
1800 253 1834 280 τὰ

1039 300 1108 336 ἔργα
1126 301 1220 331 αὑτοῦ,
1239 301 1253 326 6
1273 300 1307 326 δι’
1323 299 1477 335 ὑπερὸολὴν
1490 299 1658 334 ἁγαθότητος
1673 298 1712 334 τῷ
1725 298 1833 333 ἀγαθῷ,

1039 346 1189 381 κεκμηκότι
1201 347 1230 372 ὲν
1242 345 1403 381 ἀγαοότητι,
1417 345 1545 381 παρέχων
1560 345 1591 371 τὸ
1608 344 1721 378 ἀγαθὸν,
1737 344 1785 370 καὶ
1795 343 1835 378 τῷ

1038 394 1072 418 τὰ
1089 391 1180 427 φαῦλα
1198 392 1340 424 δεδρακότι
1357 392 1389 418 τὺ
1404 392 1508 418 δίκαιον
1528 391 1686 429 ἀπονέμων.
1701 391 1757 417 Καὶ
1769 398 1835 417 παν-

1039 439 1151 476 ταχόθεν
1173 439 1366 474 ἐξελήλεγκται
1392 438 1475 465 αὑτοῦ
1499 440 1514 465 ὁ
1538 439 1627 472 λόγος,
1659 436 1834 472 ὑποφθείρων

1041 485 1153 520 καρδίας
1167 485 1319 520 ἀνθρώπων
1335 486 1374 516 εἰς
1391 485 1426 511 τὰ
1440 484 1558 511 ἐναντία.

194 529 383 565 quibu5642
392 530 519 557 omnibus
528 529 764 558 Manichaaioratio
773 530 989 565 reiellitur,qu:e
1009 537 1042 557 au
1060 532 1225 558 contrariam
1240 531 1393 558 doctrinam
1427 531 1591 566 depravatos
1608 530 1748 557 hominum
1770 528 1833 555 ani-

196 583 256 602 mos
267 576 386 603 abducit.

232 620 313 647 XXV.
338 621 390 647 Sed
417 628 490 648 nttnc
517 621 592 649 illius
615 620 713 656 dogma
738 621 772 648 ad
793 620 921 654 verbum,
944 621 985 647 uti

194 671 410 694 consentaneum
430 671 487 698 est.
509 668 664 698 ascrihant,
682 675 716 694 ex
734 667 861 694 Archelai
882 674 984 701 opere,

193 713 266 746 quod
283 713 416 739 adversus
439 712 566 740 eumdem
591 713 667 739 illttttt
683 713 780 745 edidit,
795 720 828 739 ex
844 712 878 740 iis
892 720 953 747 qute
970 720 985 739 a

193 755 321 791 Tyt-bone
336 756 471 791 discipulo
485 757 558 783 illitts
574 761 728 791 acceperat.
744 757 778 784 de
796 765 851 792 quo
868 757 985 784 mentio-

193 810 254 830 nem
271 807 334 829 ante
350 801 480 835 fecimus;
498 811 559 830 nam
576 811 638 830 cum
653 802 807 830 Archelaus
827 803 984 838 cpiscopus,

192 853 220 874 ct
237 847 381 875 Marcellus
396 848 430 875 de
444 848 532 875 Manis
550 849 722 883 dogmatibus
734 848 887 883 Tyrbonetn
902 849 987 875 inter-

1073 620 1138 646 KE'.
1154 618 1234 646 Κατὰ
1251 618 1321 652 λέξιν
1334 619 1364 646 δὲ
1375 618 1493 654 καθεξῆς
1504 618 1631 651 ὑποτάεω
1643 619 1832 654 ἀρμσττόντως

1037 665 1069 691 τὺ
1087 664 1170 691 αὐτοῦ
1192 664 1320 700 φρόνημα
1340 665 1395 692 ἀπὸ
1415 664 1471 691 τῶν
1497 664 1643 700 Ἀρχελάου
1662 664 1730 699 πρὸς
1749 664 1833 691 αὐτὸν

1039 710 1333 746 πεπραγματευμένων
1349 710 1379 736 ἐν
1393 711 1426 745 τῇ
1444 710 1513 745 πρὸς
1529 709 1610 736 αὐτὸν
1626 709 1777 745 ἀντιλογίᾳ,
1794 711 1834 741 ὡς

1039 756 1120 787 αὐτὸς
1140 756 1299 790 ἀπεκάλυψε
1316 755 1440 792 Τύρϐων,
1461 754 1501 788 εἷς
1521 755 1575 782 τῶν
1589 755 1672 782 αὐτοῦ
1689 754 1831 790 μαθητῶν,

1040 801 1105 836 περὶ
1125 798 1155 828 οὗ
1176 801 1233 828 ἄνω
1256 801 1442 837 ἐπεμνήσθην.
1464 801 1714 837 Ἐπερωτησάντων
1739 800 1833 827 τοίνυν

1040 845 1094 872 τῶν
1111 846 1176 880 περὶ
1197 846 1343 881 ’Λρχέλαον
1363 847 1409 873 τὸν
1430 847 1590 880 ἐπίσκοπον,
1607 847 1654 873 καὶ
1668 845 1832 882 Μάρκελλον

193 899 347 928 rogassent,
363 895 421 921 lucc
434 894 479 922 ille
492 895 550 928 ipsa
574 895 726 928 respondit,
742 902 802 928 qum
824 902 874 922 rtos
894 903 928 922 cx
951 902 982 921 ea

1037 891 1182 926 Τύρῦωνα,
1195 892 1258 926 περὶ
1271 893 1320 926 τῆς
1331 892 1378 918 τοῦ
1393 892 1473 928 Μάνη
1488 892 1672 924 διδασκαλίας,
1687 893 1702 919 ὸ
1716 881 1832 927 Τύρὸων

193 940 264 967 libro
280 940 494 974 descripsimus;
509 944 628 975 suntque
644 940 779 974 ejusmodi
793 949 800 968 :

392 1048 536 1075 Manichwi
551 1049 634 1084 impia
652 1049 789 1085 dogmata.

229 1104 257 1131 Si
276 1103 417 1132 Manichzei
431 1105 510 1132 tidem
531 1113 700 1139 cognoscere
720 1107 820 1139 velitis,
835 1114 852 1134 ιι
868 1114 910 1135 me
923 1108 985 1134 hrc-

192 1151 261 1177 viter
275 1155 428 1185 exposrtam
442 1150 544 1178 audite.
562 1150 612 1177 llic
630 1152 713 1186 igitur
726 1152 792 1180 deos
804 1153 928 1186 geminos
940 1161 986 1181 co-

193 1197 234 1227 Itt,
251 1196 398 1231 ingenitos,
412 1204 426 1223 a
438 1201 524 1224 semet
538 1197 715 1229 exsistettles,
733 1199 929 1234 sempiternos.
943 1201 986 1227 in-

191 1243 334 1277 vicemque
350 1243 514 1270 contrarios.
531 1242 653 1276 Quorum
669 1245 785 1272 alterunt
802 1246 916 1278 bonum,
927 1254 986 1274 ma-

193 1288 373 1314 lumalterum
385 1288 493 1320 detinit,
508 1294 590 1324 atque
601 1290 647 1316 uni
660 1289 730 1317 lucis
744 1298 843 1319 nomen
856 1291 984 1327 imponit,

191 1333 366 1360 tenebrarum
381 1333 471 1360 alteri.
487 1332 528 1359 Ad
543 1333 613 1361 lucis
624 1339 715 1369 partes
732 1335 852 1363 hominis
865 1337 984 1364 animam

193 1378 333 1413 pertinere
352 1382 445 1413 putat;
463 1379 584 1407 tenebris
598 1387 664 1407 vero
680 1388 792 1416 corpus,
810 1389 842 1409 ac
864 1383 986 1410 materiae

191 1425 330 1460 opiﬁcium
345 1425 451 1452 tribttil.
466 1425 569 1453 llorum
582 1434 645 1453 vero
658 1428 865 1462 permistionem
877 1435 909 1456 ac
920 1433 986 1456 tent-

192 1472 361 1505 pcralionetn
389 1471 463 1498 ltttttc
490 1472 516 1498 itt
548 1473 658 1500 modum
685 1473 821 1501 accidisse
842 1474 927 1506 dicit,
951 1482 984 1502 ac

192 1518 309 1544 duorum
329 1525 423 1551 regunt
443 1518 568 1552 exemplo
593 1517 724 1550 declarat,
747 1520 793 1554 qui
806 1519 862 1554 jam
879 1520 982 1547 dudum

1037 935 1205 971 ἁπεκρίνατο
1216 936 1313 971 λέγων,
1330 937 1407 965 ἆτινα
1428 939 1460 965 ὲκ
1478 938 1525 965 τοῦ
1543 938 1646 973 βιϐλίου
1658 938 1830 974 παρεθέμην·

1037 981 1085 1008 καὶ
1101 982 1159 1008 ἐστι
1171 982 1246 1009 τάδε·

1042 1038 1129 1072 Ἀρχὴ
1149 1037 1209 1065 τῶν
1229 1038 1283 1066 τοῦ
1305 1039 1458 1073 Μάνεντος
1471 1039 1527 1075 (28)
1551 1040 1646 1068 ἀθέων
1664 1039 1830 1076 δογμάτων.

1073 1094 1104 1120 Εἰ
1118 1095 1168 1129 τὴν
1181 1095 1227 1122 τοῦ
1242 1096 1322 1131 Μάνη
1343 1096 1435 1123 πίστιν
1451 1096 1542 1123 θέλετε
1557 1097 1664 1133 μαθεῖν,
1685 1105 1750 1134 παρ’
1762 1099 1830 1134 ἐμοῦ

1036 1141 1173 1168 ἀκούσατε
1194 1142 1344 1178 συντόμως.
1361 1139 1444 1175 Οὗτος
1459 1143 1506 1170 δύο
1525 1144 1598 1170 σέϐει
1617 1144 1694 1176 θεοὺς
1712 1145 1830 1180 ἀγεννή-

1035 1193 1108 1217 τους,
1130 1186 1286 1221 αὐτοφυεῖς,
1308 1187 1421 1221 ἀϊδίους,
1443 1188 1492 1215 ἕνα
1513 1188 1552 1223 τῷ
1574 1189 1614 1215 ἑνὶ
1630 1189 1829 1224 ἀντικείμενον·

1035 1232 1084 1258 καὶ
1098 1232 1143 1259 τὸν
1160 1232 1209 1268 μὲν
1224 1233 1336 1267 ἀγαθὸν,
1351 1233 1397 1261 τὸν
1409 1234 1438 1261 δὲ
1458 1235 1575 1270 πονηρὸν
1593 1236 1754 1270 εἰσηγεῖταυ
1771 1236 1831 1270 φῶς

1035 1277 1075 1313 τῷ
1089 1279 1129 1305 ἑνὶ
1143 1279 1230 1314 ὄνομα
1245 1279 1367 1314 θέμενος,
1384 1281 1431 1306 καὶ
1441 1281 1480 1316 τῷ
1492 1281 1578 1316 ἑτέρῳ
1592 1281 1698 1313 σκότος.
1716 1282 1772 1308 Καὶ
1782 1281 1830 1308 τοῦ

1036 1325 1087 1360 μὲν
1101 1325 1190 1360 φωτὸς
1207 1324 1276 1353 εἶναι
1295 1327 1379 1362 μέρος
1396 1327 1446 1363 τὴν
1461 1328 1489 1354 ὲν
1505 1327 1659 1364 ἀνθρώποις
1668 1328 1767 1364 ψυχὴν,
1782 1329 1829 1355 τοῦ

1034 1370 1063 1398 δὲ
1078 1371 1191 1403 σκότους
1208 1372 1238 1398 τὸ
1256 1372 1346 1407 σῶμα,
1364 1373 1411 1400 καὶ
1425 1374 1454 1400 τὸ
1472 1373 1522 1408 τῆς
1539 1373 1604 1410 ὕλης
1623 1374 1828 1410 δημιούργημα.

1034 1416 1116 1449 Μίξιν
1127 1417 1166 1450 δὲ,
1182 1418 1240 1453 ἦτοι
1257 1419 1407 1454 σύγκρασιν
1426 1419 1528 1447 τούτων
1543 1421 1617 1455 λέγει
1631 1421 1773 1455 γεγονέναι
1783 1421 1829 1448 τὸν

1034 1464 1145 1499 τρόπον,
1163 1465 1320 1498 ἀπεικάζων
1334 1467 1396 1498 τοὺς
1409 1466 1455 1493 δύο
1470 1467 1537 1503 τῷδε
1557 1468 1596 1503 τῷ
1614 1468 1827 1504 παραδείγματι·

1034 1510 1160 1545 καθάπερ
1174 1511 1221 1537 δύο
1238 1511 1357 1546 βασιλεῖς
1374 1513 1587 1548 ἁντιμαχόμενοι
1603 1515 1671 1550 πρὸς
1685 1515 1827 1550 ἀλλήλους,

192 1563 299 1591 inimici
315 1568 412 1590 tnutuo
430 1563 482 1591 sihi
499 1563 600 1590 bellum
616 1564 747 1596 inferunt,
769 1565 805 1591 ita
821 1570 850 1592 ut
869 1571 982 1601 uterque

1036 1555 1111 1587 ὄντες
1125 1557 1252 1592 ἀπαρχῆς
1265 1557 1368 1593 ἐχθροὶ,
1384 1559 1432 1585 καὶ
1446 1560 1583 1595 ἀναμέρος
1597 1561 1712 1588 ἑκάστου
1729 1563 1763 1589 τὰ
1776 1563 1828 1589 ἴδια

192 1609 319 1644 privatim
335 1617 385 1637 Sua
401 1610 551 1645 possideat.
568 1609 606 1636 Ita
625 1611 764 1639 tenebras.
790 1612 838 1643 ait,
859 1613 983 1641 collectis

192 1655 309 1687 viribus,
328 1654 430 1682 [intibus
449 1655 509 1682 suis
524 1663 651 1690 egressas
671 1657 856 1684 incursionem
874 1658 984 1692 fecisse,

192 1709 224 1728 ac
241 1709 303 1728 cum
321 1701 382 1729 luce
392 1701 550 1729 dimicasse.
566 1701 634 1728 Cum
646 1706 736 1729 autem
752 1703 840 1731 bonus
854 1709 931 1738 pater
943 1709 984 1732 tc-

192 1747 293 1775 ncbras
310 1747 336 1774 in
351 1751 423 1774 terra
437 1755 487 1775 sua
506 1748 610 1776 versari
634 1753 826 1783 cognosceret,
842 1750 896 1777 vim
913 1759 928 1777 a
953 1759 983 1779 se

192 1795 254 1829 ipso
268 1796 415 1828 quamdam
429 1794 561 1825 edidisse.
576 1803 638 1829 qttte
658 1796 721 1822 vita:
745 1800 833 1823 ntater
845 1798 984 1832 appellata

191 1841 238 1866 sit.
254 1839 295 1865 Ab
308 1838 359 1864 hac
375 1838 493 1873 pritnutn
512 1838 650 1865 hominem
666 1839 849 1874 productum;
866 1849 915 1868 nec
928 1849 982 1868 tton

191 1888 219 1909 et
228 1883 363 1910 elementa
370 1883 503 1918 quinque,
512 1888 636 1915 ventum,
648 1884 747 1916 lucem,
758 1892 868 1920 aquam,
882 1886 981 1921 ignem,

193 1927 346 1954 materiam.
366 1927 429 1954 llaec
451 1935 514 1954 cum
529 1928 603 1955 velut
618 1928 652 1955 ad
675 1929 802 1957 bellicum
819 1937 982 1965 apparatum

192 1972 340 2005 induisset,
357 1973 384 1999 itt
404 1972 536 2000 inferiora
551 1973 693 2007 delapsum
709 1982 772 2001 cum
795 1976 917 2002 tenebris
932 1985 982 2011 pu-

192 2026 301 2052 gnasse.
323 2019 510 2046 Tenebrarum
532 2026 596 2046 vero
618 2020 769 2054 principes,
794 2022 841 2056 qui
863 2030 925 2050 cttnt
949 2031 982 2050 ea

191 2065 378 2096 decertabant,
395 2072 428 2092 ex
440 2065 514 2092 illitts
531 2071 682 2097 armatura.
694 2074 775 2101 quam
791 2069 910 2096 animam
920 2077 982 2098 esse

191 2110 276 2141 dicit,
295 2110 419 2137 nonnihil
442 2110 558 2138 dedisse.
582 2110 642 2144 Quo
661 2112 769 2145 quidem
791 2117 912 2149 tempore
927 2116 982 2150 pri-

191 2163 264 2183 tuuttt
280 2155 418 2183 hominem
442 2156 469 2182 in
493 2156 671 2184 inferioribus
687 2157 729 2185 his
742 2158 811 2185 locis
828 2167 843 2185 a
860 2160 981 2189 tenebris

190 2209 357 2237 magnopere
370 2210 431 2230 esse
446 2207 584 2230 vexatum.
600 2202 678 2236 Quod
693 2204 745 2231 nisi
762 2209 886 2233 orantem
901 2205 981 2234 Pater

1035 1600 1153 1636 ἔχοντος.
1170 1602 1248 1628 Κατὰ
1262 1602 1291 1628 δὲ
1309 1603 1439 1630 σύστασιν
1451 1604 1483 1631 τὸ
1499 1606 1594 1637 σκότος
1606 1606 1719 1633 ἐπελθὸν
1732 1607 1763 1633 ὲκ
1774 1608 1828 1635 τῶν

1034 1647 1116 1683 ὁρίων
1130 1647 1212 1673 αὐτοῦ
1233 1650 1463 1685 προσεμαχήσατο
1479 1650 1518 1685 τῷ
1534 1652 1612 1685 φωτί.
1628 1652 1729 1680 Γνόντα
1741 1654 1769 1680 δὲ
1782 1654 1828 1681 τὸν

1034 1693 1137 1728 ἀγαθὸν
1153 1694 1261 1729 πατέρα
1278 1694 1308 1720 τὸ
1321 1696 1415 1728 σκότος
1430 1698 1459 1723 ὲν
1472 1698 1504 1732 τῇ
1521 1699 1556 1733 γῇ
1568 1698 1650 1724 αὑτοῦ
1661 1699 1825 1736 ἐπιδεδημη-

1034 1739 1092 1771 κὸς,
1106 1740 1268 1775 προϐάλλειν
1281 1741 1310 1774 ἐξ
1325 1742 1408 1768 αὐτοῦ
1421 1742 1545 1777 δύναμιν,
1558 1743 1707 1780 λεγομένην
1720 1747 1827 1782 μητέρα

1032 1786 1084 1821 τῆς
1099 1786 1181 1822 ζωῆς·
1202 1788 1249 1814 καὶ
1265 1788 1350 1823 αὐτὴν
1366 1790 1583 1826 προϐεϐληκέναι
1597 1792 1643 1818 τὸν
1657 1793 1766 1829 πρῶτον
1780 1795 1826 1821 ἀν-

1034 1830 1153 1866 θρωπον,
1172 1832 1180 1846 ¹
1192 1832 1227 1858 τὰ
1249 1833 1330 1859 πέντε
1352 1836 1480 1869 στοιχεῖα.
1497 1836 1558 1861 Εἰσὶ
1576 1836 1604 1862 δὲ
1625 1838 1734 1873 ἄνεμος,
1756 1840 1824 1873 φῶς,

1034 1876 1116 1912 ὕδωρ,
1133 1877 1189 1913 πῦρ
1203 1878 1250 1904 καὶ
1264 1878 1325 1914 ὖλη.
1347 1880 1403 1907 Καὶ
1414 1880 1500 1907 ταῦτα
1515 1882 1695 1918 ὲνδυσάμενον
1708 1885 1745 1917 ὡς
1757 1886 1824 1921 πρὸς

1033 1924 1205 1959 κατασκευὴν
1219 1925 1347 1959 πολέμου,
1360 1926 1500 1953 κατελθεῖν
1512 1927 1597 1961 κάτω,
1611 1929 1658 1956 καὶ
1670 1930 1824 1967 πολεμῆσαι

1032 1969 1072 2005 τῷ
1094 1970 1195 1997 σκότει.
1219 1972 1250 1997 Ol
1268 1971 1296 1998 δὲ
1315 1971 1363 1998 τοῦ
1382 1973 1495 2005 σκότους
1517 1974 1658 2010 ἄρχοντες,
1681 1977 1824 2005 ἀντιπολε-

1034 2016 1147 2052 μοῦντες
1158 2017 1242 2052 αὐτῷ,
1254 2017 1354 2052 ἔφαγον
1366 2020 1398 2046 ἐκ
1406 2020 1455 2055 τῆς
1464 2021 1616 2054 πανοπλίας
1626 2023 1720 2055 αὐτοῦ,
1728 2024 1742 2050 ὃ
1750 2025 1824 2052 ἐστιν

1031 2062 1048 2097 ὴ
1068 2062 1153 2098 ψυχή.
1164 2063 1230 2089 Τότε
1246 2064 1340 2097 δεινῶς
1353 2065 1445 2101 ὲθλίὸη
1461 2067 1520 2094 ἐκεῖ
1535 2068 1610 2094 κάτω
1625 2069 1640 2095 ό
1655 2069 1763 2106 πρῶτος
1776 2072 1823 2098 ἇν-

1033 2108 1143 2144 θρωπος
1159 2109 1211 2135 ὑπὸ
1225 2110 1272 2135 τοῦ
1292 2111 1414 2143 σκότους.
1431 2113 1487 2139 Καὶ
1501 2114 1526 2140 εἰ
1545 2114 1582 2148 μὴ
1597 2115 1748 2151 εὐξαμένου
1769 2118 1824 2144 εἰσ-

1032 2156 1149 2190 ήκουσεν
1167 2156 1182 2181 ὁ
1199 2155 1300 2191 πατὴρ,
1328 2158 1375 2183 καὶ
1404 2158 1564 2186 ἀπέστειλεν
1588 2161 1685 2196 ἑτέραν
1709 2162 1824 2199 δύναμιν

1033 2201 1233 2237 προϐληθεῖσαν
1247 2203 1292 2228 ὑπ’
1303 2203 1397 2236 αὑτοῦ,
1412 2204 1563 2241 λεγομένην
1573 2206 1628 2238 ζῶν
1642 2208 1765 2244 Πνεῦμα,
1778 2210 1823 2237 καὶ

188 2248 356 2279 exaudisset,
372 2253 454 2282 atque
464 2249 578 2276 alteram
601 2257 616 2275 a
641 2257 671 2277 se
690 2250 850 2284 productam
870 2251 935 2285 vim,
954 2253 980 2280 itt

1036 2248 1058 2273 εἰ
1077 2248 1114 2283 μὴ
1128 2248 1265 2276 κατελθὼν
1281 2249 1397 2277 δέδωκεν
1410 2251 1484 2286 αὐτῷ
1496 2251 1596 2286 δεξιὰν,
1613 2254 1658 2280 καὶ
1674 2255 1823 2290 ἀνήνεγκεν

189 2294 343 2320 subsidium
359 2294 491 2325 misisset,
499 2302 559 2329 qute
568 2295 645 2322 vivus
655 2295 774 2330 Spiritus
784 2297 932 2328 diceretur.
949 2307 980 2326 ac

190 2339 242 2366 nisi
260 2338 431 2366 descendens
452 2340 592 2367 dexteram
608 2340 632 2367 ei
659 2342 838 2375 porrexisset,
860 2347 942 2378 atque
964 2353 980 2371 e

189 2384 310 2412 tenebris
329 2383 481 2416 eduxisset,
498 2386 660 2419 jamdudum
688 2388 805 2422 primum
831 2389 906 2416 illum
930 2390 978 2417 lto—

189 2430 289 2457 tninem
304 2429 442 2457 detentum
453 2431 605 2465 periculum
622 2433 717 2467 ingens
726 2434 863 2462 aditttrutn
882 2435 976 2463 fuisse.

189 2476 229 2501 Ab
245 2483 278 2502 eo
294 2476 376 2509 igitur
392 2480 515 2510 tempore
528 2478 646 2504 animam
663 2479 690 2505 itt
705 2479 827 2506 inferiori
845 2481 895 2507 hac
912 2482 977 2508 sede

188 2521 308 2556 reliquit.
327 2521 407 2556 643
424 2521 490 2554 Quae
510 2531 594 2550 causa
610 2528 652 2551 est
675 2532 725 2551 cur
743 2525 895 2558 Manichzei,
910 2535 977 2561 quo-

186 2567 238 2593 ties
254 2568 370 2594 ittVtcetn
384 2574 548 2600 occurrunt,
565 2569 648 2603 hujus
666 2571 704 2596 rei
716 2571 903 2605 signiﬁcanda:
913 2580 976 2608 gra-

222 2645 231 2661 ¹
243 2644 326 2674 Deest
341 2645 492 2681 quidpiam.

221 2723 389 2765 αξη-’Ἀρχὴ
404 2723 464 2765 τῶν»¹
479 2724 532 2750 τοῦ
547 2724 713 2765 Μὰνεντοςἶ
733 2725 842 2765 Primus
856 2732 974 2765 porticu-7

185 2761 252 2797 insae
269 2759 344 2797 illius
360 2761 470 2797 haeresis
488 2765 670 2797 oppugnator,
688 2761 724 2787 ob
737 2761 822 2796 idque
840 2759 974 2797 singulari

186 2793 266 2821 laude
278 2795 390 2831 dignus,
409 2793 695 2831 Archelausexstitit;
711 2797 757 2831 qui
774 2793 898 2823 habitata
912 2806 926 2824 ιι
946 2807 975 2826 se

186 2835 247 2865 cum
271 2829 424 2865 rintpostorc
452 2829 664 2865 disputationem
694 2829 728 2858 in'
748 2835 975 2860 cmmncmarimn

186 2863 289 2898 redegit
304 2865 449 2899 omniaque
467 2863 578 2894 nclitrite
594 2867 800 2901 superstitionis
816 2875 914 2895 arcana
929 2876 977 2904 pa-

1034 2294 1066 2320 ὲκ
1080 2294 1126 2320 τοῦ
1145 2295 1271 2326 σκότους⁴
1293 2296 1377 2323 πάλαι
1400 2297 1434 2323 ἂν
1447 2298 1461 2323 ὁ
1478 2299 1585 2333 πρῶτος
1601 2299 1744 2336 ἄνθρωπος
1759 2310 1823 2328 κατ-

1033 2339 1160 2374 εχόμενος
1184 2341 1380 2370 ἐκινδύνευσεν.
1394 2343 1507 2370 Ἐκτοτε
1530 2343 1576 2371 οὖν
1590 2346 1732 2382 κατέλειψε
1748 2349 1823 2375 κάτω

1032 2384 1082 2420 τὴν
1091 2385 1192 2421 ψυχήν.
1209 2387 1263 2413 Καὶ
1275 2387 1318 2414 διὰ
1330 2388 1407 2415 τοῦτο
1420 2390 1576 2425 Μανιχαῖοι,
1588 2391 1637 2418 ἐὰν
1651 2394 1822 2429 συναντήσω-

1033 2438 1075 2456 σιν
1089 2431 1223 2469 ἀλλῄλοις,
1240 2433 1329 2466 δεξιὰς
1342 2435 1460 2462 διδόασιν
1477 2438 1584 2468 ἑαυτοῖς
1601 2439 1716 2474 σημείου
1732 2440 1821 2476 χάριν,

1031 2479 1069 2510 ὡς
1087 2481 1142 2507 ἀπὸ
1158 2482 1270 2514 σκότους
1285 2483 1426 2516 σωθέντες.
1452 2485 1496 2512 Ἑν
1512 2485 1566 2521 γὰρ
1578 2486 1617 2521 τῷ
1630 2487 1721 2513 σκότει
1733 2487 1822 2519 πάσας

1030 2525 1079 2557 τὰς
1094 2527 1214 2562 αἱρέσεις
1225 2527 1294 2555 εἶναι
1308 2529 1392 2563 λέγει.
1405 2531 1471 2557 Τότε
1487 2531 1540 2563 ζῶν
1552 2532 1663 2566 Πνεῦμα
1674 2532 1765 2559 ἔκτισε
1777 2533 1822 2559 τὸν

1029 2571 1143 2607 κόσμον,
1158 2575 1205 2601 καὶ
1216 2575 1282 2602 αὐτὸ
1296 2576 1413 2611 φορέσαν
1427 2577 1523 2612 ἐτέρας
1535 2580 1608 2613 τρεῖς
1621 2579 1762 2614 δυνάμεις,
1773 2589 1822 2606 κα-

1028 2728 1133 2766 tefecit.
1151 2730 1189 2757 Ex
1208 2730 1260 2758 hac
1274 2730 1400 2757 Archelai
1416 2731 1564 2759 collatione
1581 2731 1672 2758 ueteri
1690 2730 1820 2766 deinceps

1030 2765 1181 2792 hauserunt
1198 2774 1304 2796 omnes.
1322 2767 1369 2800 qui
1397 2767 1516 2793 hrerctici
1541 2767 1614 2794 illius
1631 2767 1773 2793 historiam
1790 2774 1820 2792 ac

1030 2800 1156 2836 dogmata
1172 2801 1284 2836 Scriptis
1301 2801 1490 2836 prodiderunt.
1507 2801 1630 2829 Meminit
1649 2801 1776 2829 Archelai
1794 2801 1819 2828 itt

1030 2834 1209 2870 Scriptort'bus
1219 2834 1312 2864 eules.
1331 2837 1524 2872 Hieronymus.
