1939 3036
124 147 161 175 75
454 140 637 171 ADVERSUS
656 138 825 169 IIAERESES
844 140 907 167 LIB.
929 140 961 167 II.
983 139 1064 168 T0,“.
1085 139 1153 167 II.——
1173 139 1310 169 H/EllES.
1331 140 1422 169 LXVI.
1707 143 1743 171 74

123 204 218 233 τελθδν
235 203 367 239 ἀνήνεγκε
388 203 450 235 τοὺς
468 203 610 238 ἄρχοντας,
631 201 678 229 καὶ
701 201 866 237 ἐστερέωσεν
881 202 909 227 ἑν

964 201 997 227 tia
1013 206 1106 228 mutuo
1121 202 1171 229 sibi
1189 202 1314 230 dexteras
1329 201 1481 236 porrigant,
1495 204 1625 236 tanquam
1636 207 1651 227 a
1666 204 1743 229 tene—

123 251 163 286 τῷ
182 250 362 286 στερεώματι,
376 248 473 276 ὄέστιν
488 248 577 275 αὐτῶν
592 247 681 282 σῶμα,
695 247 711 281 ἢ
727 248 838 282 σφαῖρα.

963 245 1020 273 bris
1035 247 1130 281 erepti.
1143 246 1243 275 Omnes
1260 247 1333 275 enim
1350 251 1440 274 sectas
1456 246 1560 273 versari
1582 245 1610 273 in
1626 245 1744 274 tenebris

123 296 236 324 asserit.
253 295 330 322 Tunc
343 295 435 322 vivum
451 294 527 321 illum
544 293 676 328 Spiritum
695 292 825 319 mundum
842 291 1009 323 condidisse,
1027 300 1057 318 ac
1074 297 1130 319 tres
1145 293 1211 320 alias
1241 293 1356 320 virtutes
1389 293 1519 320 ferentem
1547 296 1574 319 et
1603 281 1747 327 delapsuni

124 344 265 380 principes
281 342 411 370 extulisse
423 349 544 373 sursum,
565 344 591 368 et
609 340 636 367 in
655 341 826 366 ﬁrmamento
849 338 1009 370 stabiliisse.
1023 339 1096 374 quod
1108 340 1228 374 ipsorum
1243 347 1342 375 corpus
1355 343 1406 373 est,
1420 339 1478 367 sive
1496 339 1604 374 globus.

159 389 234 425 Kq'.
250 389 317 416 Τότε
337 389 417 416 πάλιν
432 388 462 415 τὺ
473 388 526 420 ζῶν
543 388 653 423 Πνεῦμα
669 387 758 413 ἔκτισε
773 387 835 418 τοὺς
856 394 912 420 φω-

124 436 247 471 στῆρας,
273 435 292 462 ἆ
315 436 374 461 ἐστι
400 433 449 469 τῆς
476 433 566 468 ψυχῆς
593 432 722 467 λείψανα·
750 432 797 459 καὶ
825 430 912 464 οὕτως

124 480 237 516 ἐποίησε
254 479 397 515 στερέωμα
413 478 573 505 κυκλεῦσαι.
590 478 646 504 Καὶ
662 477 742 505 πάλιν
758 477 848 504 ἔκτισε
862 477 912 513 τὴν

123 527 178 561 γῆν
192 527 232 557 εἰς
247 526 303 560 εῐδη
321 523 403 552 ὀκτώ.
425 523 456 550 Ὀ
472 523 500 550 δὲ
521 523 668 559 Ὠμοφόρος
687 523 762 550 κάτω
784 523 911 558 βαστάζει

124 571 173 597 καὶ
199 569 269 596 ἐπὰν
296 568 371 603 κάμῃ
399 567 557 602 βαστάζων,
589 566 696 601 τρέμει,
724 565 771 592 καὶ
799 564 911 600 σεισμοῦ

123 616 212 647 αἴτιος
227 613 349 648 γίνεσθαι
364 612 440 647 παρὰ
458 612 505 638 τὸν
520 611 670 646 ὡρισμένον
687 611 790 646 καιρόν.
809 609 911 637 Τούτου

123 663 206 690 ἕνεκα.
229 662 275 689 τὸν
301 661 365 688 Υἰὸν
389 658 471 687 αὐτοῦ
487 657 643 685 ἀπέστειλεν
662 658 677 684 ό
700 656 800 691 ἀγαθὸς
816 656 912 692 Πατὴρ

123 710 157 736 ὲκ
171 709 226 735 τῶν
241 708 349 735 κόλπων
363 707 404 738 εἰς
414 705 463 741 τὴν
480 703 591 740 καρδίαν
610 703 659 739 τῆς
676 703 738 738 γῆς,
759 702 806 729 καὶ
824 702 865 734 εἰς
878 702 911 729 τὰ

122 754 227 789 ταύτης
245 752 387 780 κατώτατα
407 751 488 786 μέρη.
510 750 583 780 ὅπως
601 748 676 783 αὐτῷ
692 747 742 783 τὴν
760 747 913 782 προσήκου-

125 809 176 827 σαν
191 798 338 833 ὲπιθυμίαν
355 798 363 812 ¹
377 796 414 831 δῷ
424 805 430 811 ·
445 797 492 822 καὶ
503 794 598 825 ὁσάκις
612 793 644 820 ἂν
662 792 773 827 σεισμὸς
788 792 910 827 γένηται,

999 385 1093 414 XXVI.
1114 386 1182 414 Tum
1197 394 1261 414 vero
1284 391 1413 421 praeterea
1434 385 1530 413 eodem
1546 393 1561 412 a
1577 384 1680 419 Spiritu
1704 384 1744 411 lu-

963 432 1079 459 minaria
1097 437 1189 460 creata
1200 453 1208 465 ,
1224 440 1285 468 qua:
1302 435 1366 460 sunt
1382 431 1481 459 animae
1495 430 1618 465 reliquiae
1632 439 1639 463 ;
1654 430 1745 464 itaque

963 478 998 505 ab
1015 478 1062 505 illo
1077 478 1197 513 perfecta
1208 498 1216 512 ,
1232 482 1262 505 ut
1280 478 1480 505 ﬁrmamentum
1497 477 1661 503 circumacta
1682 483 1745 509 per-

963 528 1115 551 currerent.
1131 522 1249 551 Rursum
1263 531 1328 551 vero
1340 526 1441 550 terram
1455 521 1585 556 octuplici
1602 521 1692 556 specie
1707 521 1744 547 fa-

964 569 1097 597 bricasse.
1112 569 1146 596 At
1159 569 1282 604 Bajulum
1296 569 1366 596 infra
1382 568 1531 600 sustinere,
1549 567 1745 602 fatigatumque

964 619 1097 648 tremere,
1114 622 1146 642 ac
1162 619 1242 643 terra:
1254 618 1356 642 motum
1372 618 1470 650 praeter
1483 613 1660 642 constitutum
1677 616 1745 640 tem-

964 668 1017 695 pus
1031 660 1144 688 etIicere.
1161 659 1203 688 0b
1222 660 1248 688 id
1267 660 1373 692 bonus,
1394 659 1500 695 inquit,
1518 659 1597 686 Pater
1615 657 1714 685 Filium
1730 665 1746 686 ε

964 706 1026 733 sinu
1045 713 1096 734 suo
1119 706 1146 733 in
1167 710 1246 733 terra:
1267 705 1433 741 penetralia,
1452 711 1533 740 atque
1554 704 1665 732 intimas
1686 704 1746 738 ejus

965 754 1056 786 partes
1079 751 1222 786 allegavit,
1252 755 1282 777 ut
1306 750 1381 778 illius
1402 753 1589 777 consentanea
1609 747 1746 775 desiderio

965 795 1137 823 satisfaceret
1150 804 1158 826 ς
1174 800 1200 823 et
1215 796 1324 830 quoties
1340 799 1413 822 terra
1431 797 1536 827 movet,
1552 793 1594 821 vel
1610 793 1656 820 ille
1670 793 1746 820 Iaho-

124 844 141 879 ἢ
154 843 252 879 τρέμει
266 840 418 876 κάμνων,ἢ
436 839 573 874 ἀντιφέρει
594 838 632 870 εἰς
652 837 697 863 τὸν
716 837 806 873 ἕτερον
825 833 910 871 ὦμον.

965 848 1030 868 rans
1047 841 1137 867 tremit
1149 860 1157 872 ,
1173 841 1216 867 vel
1232 848 1301 868 onus
1318 839 1346 867 iu
1365 840 1481 866 alterum
1496 839 1639 866 humerum
1656 842 1747 865 trans-

124 889 194 916 Τότε
207 888 296 915 τοίνυν
311 887 358 914 καὶ
378 887 394 922 ἡ
410 885 460 921 ὕλη
480 885 527 920 ἀφ’
543 884 642 919 ἑαυτῆς
665 883 754 910 ἔκτισε
777 882 812 909 τὰ
826 879 911 917 φυτὰ·

124 935 173 962 καὶ
199 933 361 968 συλωμένων
383 931 473 959 αὐτῶν
496 930 551 957 ἀπό
573 937 653 956 τινων
674 928 822 964 ἀρχόντων,
847 927 912 953 ἑκά-

124 979 188 1006 λεσε
213 979 317 1009 πάντας
339 977 402 1008 τοὺς
425 975 479 1002 τῶν
499 975 638 1011 ἀρχόντων
661 973 840 1010 πρωτίστους,
866 972 914 999 καὶ

125 1025 221 1052 ἑλαὸεν
247 1024 294 1052 ἀπ’
319 1023 409 1050 αὐτῶν
436 1022 489 1049 ἀνὰ
530 1022 594 1057 μίαν
618 1020 748 1055 δύναμιν,
774 1018 821 1045 καὶ
848 1026 914 1044 κατ-

125 1070 259 1098 εσκεύασε
280 1070 326 1097 τὸν
348 1068 505 1104 ἄνθρωπον,
529 1067 575 1094 τὸν
593 1067 663 1093 κατὰ
691 1065 741 1100 τὴν
768 1065 839 1091 ίδὲαν
866 1063 913 1090 τοῦ

125 1117 237 1153 πρώτου
253 1114 397 1151 ἀνθρώπου
413 1113 529 1145 ἐκείνου,
549 1113 596 1139 καὶ
614 1111 692 1147 ἔδησε
710 1110 760 1146 τὴν
781 1109 869 1145 ψυχὴν
885 1109 914 1136 ὲν

126 1161 212 1197 αὐτῷ.
229 1161 303 1194 Αὕτη
317 1160 375 1186 ἐστὶ
392 1159 442 1194 τῆς
456 1158 632 1194 συγκράσεως
653 1157 670 1192 ή
696 1155 834 1187 ὑπόθεσις.
848 1155 913 1181 Ὅτε

125 1209 154 1235 δὲ
168 1205 239 1235 εἶδεν
256 1207 270 1233 ὁ
288 1206 382 1241 Πατὴρ
400 1206 415 1232 ό
439 1205 493 1237 ζῶν
518 1204 678 1240 θλιϐομένην
700 1203 750 1238 τὴν
770 1201 858 1238 ψυχὴν
885 1202 913 1229 ὲν

124 1253 165 1289 τῷ
183 1252 299 1286 σώματι,
314 1251 500 1286 εΰσπλαγχνος
520 1250 558 1277 ῶν
582 1250 629 1276 καὶ
654 1249 787 1284 ἐλεήμων,
807 1247 913 1283 ἔπεμψε

124 1299 172 1325 τὸν
195 1296 258 1325 Υἱὸν
273 1296 355 1324 αὑτοῦ
378 1295 424 1323 τὸν
446 1295 623 1331 ἠγαπημένον
643 1295 683 1326 είς
709 1293 846 1329 σωτηρίαν
864 1293 914 1328 τῆς

123 1339 226 1378 ψυχῆς.
246 1342 296 1369 Διὰ
311 1342 364 1378 γὰρ
379 1341 480 1377 ταύτην
496 1341 546 1376 τὴν
566 1340 710 1376 πρόφασιν,
735 1340 782 1366 καὶ
803 1339 848 1366 τὸν
866 1339 913 1365 τοῦ

132 1388 283 1424 Ὠμοφόρου
297 1387 454 1415 ἀπέστειλεν
468 1387 558 1414 αὐτόν.
576 1386 631 1413 Καὶ
643 1385 727 1413 ἐλθὼν
741 1386 755 1412 ό
770 1385 832 1418 Υίὺς
850 1393 914 1420 μετ-

125 1433 311 1469 εσχημάτισεν
330 1433 424 1460 ἑαυτὸν
446 1433 486 1465 εἰς
507 1431 651 1467 ἀνθρώπου
672 1429 752 1463 εἶδος,
769 1431 816 1457 καὶ
834 1429 913 1464 ἐφαί-

126 1488 188 1506 νετο
209 1480 265 1510 τοῖς
289 1477 442 1514 ἀνθρώποις
465 1477 617 1513 ἄνθρωπος,
638 1476 675 1512 μὴ
697 1476 736 1504 ὢν
755 1476 910 1511 ἄνθρωπος·

127 1526 176 1553 καὶ
191 1526 216 1552 οἱ
228 1525 365 1560 ἄνθρωποι
380 1523 569 1559 ὑπελάμϐανον
586 1523 667 1550 αὐτὸν
681 1521 871 1557 γεγεννῆσθαι.

169 1570 270 1599 Ἐλθὼν
283 1568 329 1596 οὖν
345 1570 462 1597 ποιεῖται
480 1569 529 1604 τὴν
544 1568 722 1605 δημιουργίαν
741 1567 808 1604 πρὸς
826 1575 913 1603 σωτη-

128 1617 189 1652 ρίαν
203 1616 258 1643 τῶν
269 1615 371 1651 ψυχῶν,
388 1616 435 1642 καὶ
450 1615 572 1651 μηχανὴν
593 1615 773 1650 συνεστήσατο
798 1613 913 1649 ἔχουσαν

125 1659 231 1688 δώδεκα
246 1660 355 1692 κάδους·
373 1660 443 1696 ἥτις,
461 1660 513 1687 ὑπὸ
528 1660 575 1696 τῆς
598 1659 714 1695 σφαίρας
733 1659 912 1695 στρεφομένη,

127 1706 258 1741 ἀνιμᾶται
270 1705 324 1734 τῶν
338 1706 505 1742 θνησκόντων
520 1705 568 1737 τὰς
586 1705 683 1741 ψυχάς.
706 1705 760 1732 Καὶ
778 1705 878 1736 ταύτας
898 1705 913 1730 ὁ

128 1751 216 1786 μέγας
237 1750 358 1786 φωστὴρ,
376 1752 436 1783 ταῖς
455 1751 546 1778 ἀκτῖσι
566 1750 670 1782 λαῦὼν,
699 1750 840 1786 καθαρίζει
866 1750 913 1776 καὶ

128 1797 291 1833 μεταδίδωσι
314 1798 346 1832 τῇ
375 1797 487 1834 σελήνῃ·
511 1798 559 1825 καὶ
581 1797 667 1830 οὕτως
688 1797 838 1833 πληροῦται
863 1795 914 1830 τῆς

128 1844 242 1880 σελήνης
266 1845 279 1870 ό
301 1844 403 1877 δίσκος,
418 1845 434 1871 ὁ
458 1844 522 1880 παρ’
546 1845 611 1880 ἡμῖν
633 1843 911 1879 προσαγορευόμενος.

127 1889 212 1916 Πλοῖα
229 1889 292 1924 γὰρ,
304 1889 363 1925 ἢτοι
375 1889 510 1926 πορθμεῖα
526 1886 595 1916 εἶναι
615 1889 689 1924 λέγει
710 1889 773 1920 τοὺς
792 1888 838 1915 δύο
854 1897 911 1922 φω-

127 1933 240 1969 στῆρας.
273 1931 338 1960 Εἶτα
363 1934 410 1961 ἐὰν
437 1933 554 1968 γεμισθῇ
583 1934 599 1968 ἡ
629 1934 738 1968 σελήνη,
772 1940 910 1968 μεταπορ-

127 1979 223 2015 θμιεὺει
237 1980 276 2010 είς
294 1978 468 2014 ἀπηλιώτην·
483 1979 530 2005 καὶ
552 1978 637 2010 οὕτως
650 1978 814 2014 ἀπόκρουσιν
827 1979 912 2005 ποιεῖ-

125 2034 171 2051 ται
191 2021 238 2051 τοῦ
260 2024 345 2060 γόμου
364 2024 578 2059 ὲλαφρυνομένη,
604 2023 651 2051 καὶ
671 2023 743 2050 οὓτω
768 2024 865 2059 πληροῖ
881 2023 912 2050 τὸ

126 2069 285 2106 πορθμεῖον,
310 2069 356 2095 καὶ
380 2068 462 2095 πάλιν
481 2068 632 2103 ἀπογομοῖ,
659 2068 836 2103 ἀνιμωμένων
859 2068 911 2095 ὑπὸ

125 2116 180 2143 τῶν
193 2115 281 2142 κάδων
294 2114 348 2141 τῶν
361 2114 465 2150 ψυχῶν,
479 2115 557 2150 ἄχρις
577 2110 608 2140 οὗ
629 2113 659 2140 τὸ
682 2114 747 2141 ἴδιον
765 2114 847 2140 αὐτοῦ
864 2114 911 2148 μὲ-

126 2171 174 2198 ρος
188 2161 270 2188 σώσει
281 2161 331 2195 τῆς
346 2159 445 2195 ψυχῆς.
467 2159 523 2194 Τῆς
542 2159 595 2194 γὰρ
617 2159 663 2185 τοῦ
687 2159 789 2193 ἀγαθοῦ
808 2159 910 2194 πατρὸς

124 2207 218 2238 οὐσίας
235 2207 324 2233 πᾶσαν
336 2205 424 2240 ψυχὴν
444 2204 492 2231 καὶ
511 2205 565 2231 πᾶν
587 2203 744 2238 κινούμενον
762 2203 831 2235 ζῶον
846 2213 909 2239 μετ-

125 2253 198 2287 έχειν
221 2251 304 2285 λέγει,
329 2251 384 2286 Τῆς
401 2248 447 2277 οὖν
466 2250 579 2285 σελήνης
595 2249 786 2285 μεταδιδούσης
803 2250 848 2276 τὸν
864 2250 909 2283 γό-

126 2306 176 2333 μον
187 2297 242 2323 τῶν
252 2296 344 2331 ψυχῶν
361 2297 417 2327 τοῖς
429 2296 514 2322 Αἰῶσι
539 2294 586 2322 τοῦ
601 2295 717 2331 Πατρὺς,
735 2295 909 2330 παραμένου-

125 2351 167 2369 σιν
184 2344 213 2369 ὲν
228 2342 267 2377 τῷ
284 2342 372 2376 στὺλῳ
389 2341 438 2376 τῆς
459 2341 548 2376 δόξης,
562 2341 590 2373 ὃς
607 2342 727 2368 καλεῖται
749 2341 803 2377 ἀὴρ
830 2342 844 2367 ὁ
865 2342 909 2368 τέ-

123 2387 203 2418 λειος.
226 2387 254 2414 Ὀ
272 2386 301 2413 δὲ
327 2386 382 2421 ἀὴρ
399 2383 475 2417 οὗτος
496 2385 589 2417 στύλος
610 2386 668 2412 ἐστὶ
691 2386 795 2420 φωτός·
814 2386 906 2422 ἐπειδὴ

123 2434 204 2468 γέμει
232 2433 324 2467 ψυχῶν
348 2432 402 2458 τῶν
428 2431 669 2472 καθαριζομένωνκ
686 2431 760 2468 Αὕτη
786 2433 860 2460 ἐστὶν
890 2433 907 2468 ἠ

123 2479 209 2510 αἰτία,
224 2478 257 2505 δι’
269 2476 302 2514 ἧς
315 2479 343 2506 αι
357 2477 440 2514 ψυχαὶ
460 2477 599 2510 σώζονται.

158 2523 221 2550 ΚΖ’.
245 2523 275 2549 Ἡ
290 2523 318 2550 δὲ
339 2523 370 2549 τὸ
391 2524 401 2539 ²
420 2523 564 2550 ἀποθανεῖν
587 2523 650 2555 τοὺς
671 2523 830 2559 ἀνθρώπους
849 2524 907 2551 ἐστὶ

122 2568 204 2595 πάλιν
222 2568 306 2603 αὖτηο
322 2568 458 2604 Παρθένος
476 2577 517 2600 τις
536 2568 624 2604 ὡραία
642 2569 845 2605 κεκοσμημένη,
862 2579 906 2596 πι-

122 2614 191 2649 θανὴ
206 2614 287 2646 πάνυ,
307 2614 389 2649 συλᾷν
406 2615 539 2649 ἐπιχειρεῖ
558 2615 620 2646 τοὺς
645 2615 777 2650 ἄρχοντας
793 2616 856 2647 τοὺς
878 2616 906 2642 ἐν

121 2659 160 2694 τῷ
182 2659 349 2695 περεὼματι
371 2659 423 2686 ὑπὸ
443 2659 490 2686 τοῦ
512 2658 610 2691 ζῶντος
633 2660 790 2695 Πνεύματος
816 2661 906 2687 ἀνενε-

122 2705 234 2739 χθέντας
248 2705 293 2731 καὶ
311 2705 523 2740 σταυρωθέντας.
540 2705 689 2740 Φαινομένη
702 2705 730 2732 δὲ
743 2707 796 2736 τοῖς
810 2706 906 2742 ἄρρεσι

123 2751 216 2784 θήλεια
236 2751 381 2787 εὔμορφος,
401 2753 459 2783 ταῖς
481 2752 509 2777 δὲ
533 2751 651 2786 θηλείαις
676 2752 783 2789 νεανίας
803 2752 906 2788 εὐειδὴς

965 886 1028 913 fert.
1043 886 1094 913 Per
1112 885 1182 913 idem
1200 891 1307 920 tempus
1326 885 1438 912 materia
1454 886 1554 920 stirpes
1568 891 1602 912 ex
1615 891 1676 912 sese
1687 890 1748 918 pro-

963 932 1086 964 creavit;
1114 939 1183 967 quas
1205 939 1268 958 eum
1294 931 1415 958 nonnulli
1429 931 1566 966 principes
1582 929 1747 965 diriperent,

963 978 1122 1004 convoeatis
1148 977 1194 1004 illa
1219 977 1372 1012 principum
1401 976 1585 1011 primoribus,
1607 982 1690 1003 unam
1714 975 1749 1001 ab

964 1022 1081 1057 singulis
1109 1023 1238 1050 virtutetn
1265 1022 1384 1057 accepit,
1413 1022 1605 1057 hominemque
1625 1020 1749 1048 condidit

964 1067 997 1094 ad
1015 1067 1096 1102 primi
1114 1067 1187 1095 illius
1202 1067 1321 1094 hominis
1341 1067 1490 1102 exemplar,
1514 1066 1558 1094 cui
1579 1070 1607 1094 et
1627 1066 1748 1094 animam

965 1113 1087 1148 illigavit.
1105 1112 1245 1148 Ejusmodi
1263 1112 1462 1140 commistionis
1477 1117 1519 1140 est
1532 1112 1613 1140 ratio.
1636 1112 1688 1139 Sed
1706 1112 1748 1138 vi-

963 1167 1014 1187 vus
1031 1158 1122 1192 Pater,
1138 1159 1210 1194 quod
1228 1159 1346 1186 animam
1365 1159 1391 1185 in
1406 1166 1524 1193 corpore
1540 1158 1665 1186 aﬂlictam
1691 1165 1748 1185 cer-

963 1208 1051 1238 neret,
1069 1209 1100 1232 ut
1114 1209 1156 1233 est
1171 1205 1327 1233 misericors
1342 1213 1373 1231 ac
1391 1205 1535 1240 benignus,
1549 1203 1742 1232 charissimum

964 1251 1015 1279 sibi
1031 1250 1128 1278 Filium
1143 1251 1176 1278 ad
1191 1251 1267 1278 illius
1284 1249 1497 1285 recuperandam
1512 1250 1626 1278 salutem
1641 1249 1741 1277 emisit.

964 1295 1041 1324 Hanc
1053 1297 1126 1324 enim
1145 1296 1181 1324 ob
1194 1303 1305 1324 causam
1319 1316 1327 1330 ,
1343 1295 1423 1324 simul
1440 1299 1468 1323 ct
1483 1295 1567 1330 Bajuli
1592 1295 1677 1330 gratia
1695 1295 1746 1322 mi-

965 1342 1035 1370 sisse
1050 1342 1160 1370 dicitur.
1177 1341 1261 1377 Igitur
1274 1341 1359 1369 Filius
1380 1341 1528 1368 adveniens
1549 1348 1610 1368 sese
1630 1340 1747 1367 hominis

965 1387 992 1414 in
1007 1386 1121 1422 ﬁgurant
1137 1387 1288 1418 convertit.
1307 1390 1388 1422 atque
1408 1386 1528 1414 hominis
1547 1385 1644 1414 similis
1658 1385 1746 1412 homi-

964 1433 1046 1460 nibus
1060 1433 1200 1467 apparuit,
1215 1433 1279 1460 licet
1293 1433 1375 1460 homo
1390 1440 1445 1459 non
1459 1436 1533 1460 esset
1546 1441 1554 1464 ;
1567 1431 1746 1466 eumdemquc

964 1477 1086 1513 genitum
1101 1485 1163 1506 esse
1176 1477 1302 1505 homines
1315 1476 1397 1512 vulgo
1413 1475 1601 1503 crediderunt.

1000 1568 1093 1603 Itaque
1111 1576 1173 1595 mox
1189 1572 1218 1595 ut
1235 1567 1350 1596 accessit
1363 1588 1371 1601 ,
1392 1574 1460 1603 opus
1475 1567 1613 1603 quoddam
1633 1567 1666 1594 ad
1687 1567 1748 1595 ani-

964 1621 1071 1642 marum
1094 1614 1211 1642 salutem
1231 1614 1344 1642 molitus
1366 1618 1427 1647 est,
1452 1613 1661 1649 machinamque
1681 1621 1747 1641 con-

962 1659 1084 1693 struxit;
1100 1660 1128 1686 in
1151 1667 1204 1694 qua
1227 1659 1288 1687 cadi
1312 1664 1391 1687 erant
1412 1655 1574 1687 duodecimi
1593 1667 1654 1694 quae
1674 1660 1747 1695 globi

964 1704 1108 1739 cujusdam
1128 1704 1278 1739 agitatione
1292 1711 1426 1732 conversa
1448 1708 1617 1731 mortuorum
1640 1705 1747 1732 animas

963 1757 1072 1777 sursum
1084 1749 1188 1781 evehit,
1201 1756 1254 1784 qua
1268 1757 1396 1784 magnum
1412 1749 1477 1776 illud
1494 1749 1570 1777 sidus
1586 1749 1671 1777 radiis
1686 1750 1745 1778 suis

963 1798 1090 1831 exceptas
1104 1802 1137 1822 ac
1151 1799 1308 1830 repurgatas
1319 1795 1346 1822 in
1359 1795 1449 1822 lunam
1463 1798 1640 1829 transportat.
1651 1795 1690 1822 Ita
1706 1795 1745 1828 tit,

963 1846 993 1868 ut
1010 1841 1092 1875 hujus
1106 1841 1181 1869 orbis
1195 1840 1351 1876 impleatur,
1367 1840 1414 1876 qui
1431 1841 1524 1869 discus
1537 1848 1553 1868 a
1571 1841 1650 1868 nobis
1666 1841 1747 1876 vulgo

961 1887 1072 1915 dicitur.
1087 1886 1198 1923 Navigia
1212 1888 1312 1922 quippe
1327 1891 1353 1915 et
1366 1893 1502 1922 pontones
1515 1887 1569 1915 duo
1581 1894 1642 1915 esse
1657 1887 1747 1915 sidera

961 1933 1006 1960 illa
1017 1939 1120 1961 censet.
1131 1932 1235 1961 Onusta
1244 1941 1309 1960 vero
1329 1933 1392 1960 luna
1407 1933 1441 1961 ad
1460 1933 1636 1962 subsolanum
1655 1937 1746 1961 trans-

961 1979 1045 2006 vehit.
1070 1978 1108 2006 lta
1125 1979 1250 2014 deposito
1266 1987 1350 2006 onere
1372 1979 1487 2011 levatur,
1511 1986 1543 2006 ac
1569 1987 1678 2006 rursum
1698 1987 1747 2006 ua-

961 2024 1062 2059 vigium
1076 2024 1159 2061 6M
1174 2025 1308 2060 complet:
1329 2025 1394 2052 hinc
1416 2026 1494 2053 novis
1516 2033 1564 2060 per
1580 2025 1664 2052 cados
1683 2033 1748 2052 eve-

961 2071 1014 2097 ctis
1029 2071 1128 2098 animis
1143 2071 1242 2097 iterum
1259 2074 1433 2103 exoneratur,
1448 2071 1536 2098 donec
1556 2079 1632 2098 suam
1647 2079 1680 2098 ac
1698 2079 1745 2105 pe-

961 2116 1090 2144 culiarem
1113 2116 1212 2143 anima:
1238 2120 1341 2151 partem
1363 2116 1473 2151 eripiat.
1501 2116 1605 2143 Etenim
1627 2117 1745 2143 animum

961 2169 1079 2192 omnem,
1103 2165 1184 2196 atque
1209 2169 1290 2189 omne
1314 2161 1387 2195 quod
1410 2165 1534 2188 movetur
1555 2161 1656 2188 animal
1681 2161 1744 2188 boui

962 2207 1036 2234 illius
1049 2206 1134 2241 patris
1145 2210 1249 2233 natura:
1263 2207 1398 2241 particeps
1413 2213 1474 2233 esse
1485 2205 1572 2233 docet.
1585 2205 1671 2233 Porro
1683 2213 1744 2234 cum

962 2259 1031 2279 onus
1046 2251 1110 2278 illud
1123 2251 1274 2278 animarum
1288 2251 1321 2278 ad
1335 2251 1424 2277 Patris
1435 2250 1538 2278 Aﬁones
1548 2251 1611 2278 luna
1623 2255 1747 2278 transvo-

962 2297 1049 2328 xerit,
1070 2300 1181 2324 manent
1193 2304 1232 2324 eae
1247 2297 1273 2323 in
1291 2297 1383 2332 gloria:
1398 2296 1525 2323 columna
1540 2296 1586 2332 qui
1609 2297 1745 2332 perfectus

960 2349 1007 2369 aer
1021 2342 1132 2369 dicitur.
1147 2341 1195 2370 Est
1210 2347 1299 2369 autem
1319 2342 1362 2369 hic
1375 2349 1422 2369 aer
1439 2342 1509 2369 lucis
1523 2343 1650 2370 columna
1667 2352 1744 2379 qua:-

960 2388 1039 2421 dam‘;
1051 2388 1179 2423 quoniam
1193 2388 1336 2416 animabus
1348 2397 1407 2423 qum
1418 2393 1569 2424 purgantur
1580 2394 1622 2418 est
1634 2390 1744 2419 referta.

961 2435 1022 2462 Ilaec
1037 2434 1096 2470 ipsa
1108 2442 1191 2462 causa
1205 2438 1247 2463 est
1258 2442 1307 2470 per
1321 2443 1401 2471 quam
1413 2436 1527 2464 salutem
1539 2436 1636 2464 animm
1648 2445 1746 2466 conse-

959 2484 1089 2516 quantur.

995 2525 1102 2553 XXVII.
1122 2525 1178 2554 Cur
1198 2530 1288 2554 autem
1312 2527 1466 2555 moriantur
1488 2528 1613 2556 homines
1632 2535 1743 2556 causata

960 2572 1116 2608 hujusmodi
1137 2573 1265 2608 proponit
1278 2583 1284 2600 :
1297 2573 1380 2609 Virgo
1394 2573 1535 2609 quaedam,
1562 2574 1666 2608 inquit,
1688 2574 1744 2601 Ior-

960 2625 1037 2645 tnosa
1062 2622 1143 2653 atque
1163 2623 1270 2653 compta
1290 2618 1536 2652 hianditiarumque
1552 2618 1631 2652 plena
1646 2618 1744 2653 princi-

959 2670 1007 2697 pes
1021 2670 1036 2689 a
1052 2663 1113 2690 vivo
1125 2662 1229 2698 Spiritu
1243 2663 1269 2690 in
1285 2663 1483 2690 ﬁrmamentum
1498 2663 1610 2690 eductus
1624 2670 1657 2690 ac
1667 2670 1742 2689 eluci

959 2707 1070 2736 sufﬁxos
1090 2709 1147 2737 suis
1167 2709 1304 2737 illecebris
1321 2709 1429 2735 allicere
1444 2708 1619 2744 aggreditur;
1637 2715 1697 2742 qua:
1713 2715 1743 2735 se

960 2753 1083 2781 maribus
1110 2754 1299 2789 palchen-iuno
1322 2755 1443 2786 feminae,
1471 2754 1578 2781 I'eminis
1600 2761 1663 2781 vero
1684 2755 1743 2782 ele-

153 2828 161 2844 ¹
184 2827 239 2856 Vox
257 2827 300 2854 illa
317 2827 463 2862 ἐπιθυμίαν
485 2828 549 2854 mihi
569 2833 707 2864 suspecta,
727 2830 907 2864 conjiciebam

966 2830 1078 2865 ιτιμίαν.
1119 2832 1130 2847 ²
1147 2831 1209 2859 Cor.
1226 2834 1282 2858 τοῦ.

266 2875 391 2904 Parnm.
419 2877 476 2905 tiu.
494 2877 518 2905 Χ
527 2876 588 2905 LII.

1585 2879 1607 2920 3.
