1939 3036
211 161 244 189 75
908 162 936 190 S.
958 160 1125 189 EI’II’IIANII
1796 161 1830 188 76

209 219 298 256 gantis
314 226 345 246 ac
358 218 470 245 fornmsi
483 219 684 254 specie-juvenis
699 219 824 250 offerens.
840 221 989 255 principes,

1043 219 1089 246 καὶ
1105 217 1280 253 ἐπιθυμητὰς,
1299 217 1345 244 καὶ
1359 218 1382 243 οἱ
1399 218 1447 252 μὲν
1464 217 1602 252 ἄρχοντες.
1617 216 1717 242 ὁπόταν
1737 216 1830 244 ῐὸωσιν

210 273 271 292 utut
288 272 348 292 eam
372 269 425 291 tam
449 265 587 298 exquisito
608 269 706 292 ornatu
732 265 869 298 viderint,
889 266 921 292 ad
950 266 992 293 sui

212 310 374 338 desiderium
391 310 564 337 vehementer
579 309 712 337 accendit.
729 309 781 342 Qui
798 317 860 337 cum
875 317 934 338 eam
951 317 994 338 as-

210 357 287 391 sequi
305 360 455 390 nequeant,
483 360 558 382 extra
581 360 743 391 potestatem
769 361 914 387 exeuntes,
939 364 994 391 prae

210 409 303 428 arnore
317 409 349 427 ac
362 401 508 435 cupiditate
521 401 620 427 mirum
637 401 664 427 in
679 402 786 428 modum
801 402 1001 434 exardescunts

208 447 330 482 Cumque
340 447 545 477 accurrentibus
558 447 611 474 illis
623 447 697 482 virgo
710 455 740 474 se
751 455 783 474 ex
798 447 904 474 illorum
916 455 993 481 aspe-

210 497 255 519 ctu
273 492 448 522 subduxerit,
466 495 524 518 tum
542 499 656 527 magnus
672 491 803 526 Princeps
819 500 851 519 cx
869 499 929 519 sese
946 500 993 518 nu-

210 538 256 565 bes
281 537 396 569 emittit,
413 541 443 564 ut.
458 545 512 571 pra:
527 537 668 564 iracundia
685 537 784 564 mundo
805 537 933 564 tenebras
951 537 993 564 of-

210 583 315 610 fundat.
334 583 422 617 Atque
437 582 488 609 hoc
503 582 584 609 modo
598 583 620 609 si
637 583 823 611 vehementius
840 586 990 617 prematur,

209 627 327 654 hominis
342 626 428 654 instar
445 634 476 653 ex
489 627 589 654 sudore
603 627 732 660 lassatur,
748 628 794 662 qui
815 627 925 662 quidem
943 635 991 654 su-

207 673 258 700 dor
271 673 389 708 pluviam
413 673 504 700 cllicit.
527 673 573 700 Sic
586 676 613 700 et
637 673 764 708 princeps
787 673 867 706 alter,
887 672 992 700 Messor

208 719 377 752 appellatus,
400 718 423 745 si
447 717 561 751 virginis
581 717 707 745 illecebra
730 718 864 752 capiatur,
886 723 991 752 pestem

208 763 235 789 in
251 763 406 789 universam
420 765 519 789 terram
535 761 678 796 perdendis
692 761 846 789 hominibus
859 762 990 789 immittit.

209 807 346 842 Siquidem
370 814 471 841 corpus
483 805 555 832 istud
568 813 629 833 cum
654 806 756 840 majore
768 806 869 833 mundo
881 813 992 840 compa-

209 857 297 878 ratum
313 851 432 878 mundus
445 850 562 885 dicitur.
579 851 713 878 Caeterum
734 851 858 879 homines
870 851 990 878 universi

208 896 313 923 radices
329 896 429 923 habent
449 895 520 922 infra
542 903 603 922 cum
629 895 815 930 superioribus
840 903 988 923 connexas.
1007 893 1026 919 Β

209 943 292 977 Igitur
309 949 370 969 cum
395 949 409 968 a
435 941 540 975 virgine
563 941 695 975 pellectus
721 946 871 976 captusque
890 941 989 973 fuerit,

209 992 274 1014 tunc
298 987 436 1014 hominum
462 990 607 1020 amputare
626 985 732 1013 radices
753 986 866 1022 incipit;
889 987 990 1021 quibus

207 1032 341 1063 succisis,
360 1032 516 1067 pestilentia
540 1035 691 1065 grassatur,
718 1032 809 1066 itaque
824 1032 988 1059 moriuntur.

208 1078 286 1110 Quod
302 1078 325 1104 si
341 1077 484 1112 superiora
507 1077 608 1104 radicis
633 1084 688 1111 pra:
707 1077 800 1104 labore
820 1078 990 1112 quatiuntur,

208 1128 287 1150 terra:
300 1126 389 1150 tnotus
402 1122 591 1156 consequitur,
606 1129 660 1156 quo
671 1121 781 1157 Bajulus
796 1123 876 1150 etiam
889 1131 991 1150 concu-

208 1170 282 1195 titur.
302 1168 337 1194 F.a
351 1175 434 1194 causa
450 1168 545 1194 mortis
561 1172 614 1195 est.

243 1213 362 1240 XXVIII.
383 1213 462 1240 Nunc
475 1213 541 1240 illud
557 1213 635 1240 vobis
649 1221 781 1248 exponam
794 1233 801 1244 ,
815 1212 991 1248 quemadmo-

207 1259 272 1286 dum
289 1259 380 1285 auiina
405 1257 526 1292 quinque
542 1257 570 1284 in
586 1265 701 1292 corpora
724 1257 943 1284 transfundatur.
960 1256 989 1283 In

209 1305 303 1338 primis
329 1304 402 1330 enim
426 1310 488 1337 pars
509 1303 697 1337 illius-exigua
725 1307 896 1337 rcpurgatur.
920 1302 989 1328 Tum

209 1351 235 1376 in
250 1349 328 1376 canis
349 1348 390 1375 vel
413 1347 509 1375 cameli
535 1347 577 1374 vel
601 1339 715 1374 alterius
739 1347 866 1374 animalis
887 1354 989 1381 corpus

208 1394 382 1422 transfertur.
398 1393 437 1420 Ac
450 1393 474 1420 si
485 1392 662 1420 homicidium
676 1393 768 1420 anima
781 1392 988 1428 perpetraverit,

208 1441 234 1467 in
251 1439 428 1474 celephorum
463 1445 563 1472 corpus
584 1437 758 1465 transfertur.
786 1437 815 1464 Si
840 1437 990 1464 messuisse

207 1484 436 1520 deprehendatur,
464 1484 491 1510 in
517 1483 612 1510 balbos
637 1490 669 1510 ac
695 1483 786 1518 littgtta
814 1482 987 1517 eraqreditos.

207 1531 311 1558 Animae
325 1538 389 1557 vero
403 1529 461 1556 haec
476 1529 535 1564 ipsa
549 1528 660 1555 nomina
676 1533 740 1556 sunt
753 1536 760 1554 :
779 1534 856 1555 mens
866 1547 873 1559 ,
895 1528 970 1554 notio
980 1546 988 1559 ,

207 1577 384 1611 intelligentia
395 1596 402 1607 ,
515 1574 657 1610 cogitatio,
671 1574 853 1601 ratiocinatio.
869 1574 903 1600 At
918 1581 989 1601 mes-
1003 1558 1024 1587 θ

207 1630 301 1655 sares,
315 1622 471 1657 quicunque
483 1624 604 1652 metunt,
620 1619 774 1655 principum
793 1620 896 1647 similes
912 1623 988 1651 sunt,

205 1670 252 1704 qui
269 1669 296 1696 in
313 1667 433 1696 tenebris
453 1667 508 1702 jam
523 1670 580 1693 tum
598 1666 632 1693 ab
648 1666 726 1693 initio
749 1670 904 1698 versantur,
925 1673 988 1693 cum

206 1715 286 1750 primi
307 1713 427 1740 hominis
452 1715 619 1738 armaturam
642 1711 801 1739 adederunt.
819 1711 882 1738 Ideo
896 1715 988 1740 trans-

207 1761 310 1795 portari
328 1759 390 1786 illos
417 1758 444 1785 in
468 1757 558 1784 fenum
576 1760 623 1784 aut
639 1757 766 1792 phaselos
786 1761 833 1784 aut
856 1757 988 1785 hordeum

206 1812 252 1832 aut
265 1806 369 1840 spicam
384 1804 493 1831 oleravc
506 1810 619 1831 necesse
631 1806 689 1834 est,
706 1807 735 1829 ut
750 1803 814 1830 meti
829 1803 989 1838 succidique

206 1851 322 1885 possint.
340 1849 414 1876 Paue
432 1850 454 1876 si
472 1849 536 1883 quis
559 1848 690 1879 vescitur,
714 1855 811 1882 panem
836 1848 909 1875 hunc
929 1849 988 1875 Ileri

205 1899 313 1931 oportet
323 1915 330 1928 ,
343 1898 373 1922 ut
387 1899 414 1922 et
429 1894 487 1928 ipse
499 1891 673 1920 ‘comedatur.
689 1893 771 1920 Avem
783 1893 830 1928 qui
845 1893 987 1926 occiderit,

205 1943 263 1969 mis
280 1941 336 1968 ﬁet.
355 1940 488 1967 Similiter
506 1939 552 1974 qui
575 1946 680 1966 murctn
702 1939 853 1971 occiderit,
879 1939 906 1966 in
929 1947 989 1966 mtt-

206 1995 262 2016 rem
280 1985 505 2014 commutabitur.
522 1984 655 2012 Praeterea
674 1984 697 2011 si
717 1985 780 2019 quis
803 1984 830 2011 in
855 1985 906 2012 hac
932 1986 987 2012 vita

205 2035 281 2060 dives
298 2031 398 2062 fuerit,
415 2030 460 2057 ubi
475 2037 508 2056 ex
524 2036 640 2064 corpore
654 2029 813 2064 migraverit
827 2029 854 2056 iu
870 2029 987 2056 mendici

205 2086 304 2114 corpus
322 2076 513 2107 transferetur,
530 2079 558 2101 ut
571 2074 703 2102 oberrans
728 2073 827 2109 stipem
844 2078 986 2108 cov‘roget,

206 2126 324 2160 indeque
337 2123 536 2157 setnpiternnm
552 2121 583 2146 ad
601 2120 763 2155 supplicium
781 2120 930 2154 perveniat.
950 2120 988 2146 Ac

204 2178 267 2197 cum
282 2173 405 2196 nostratui
421 2166 493 2194 istud
511 2173 612 2199 corpus
628 2165 662 2191 ad
679 2165 817 2199 principes
831 2163 987 2191 materiatu-

204 2224 257 2251 que
266 2215 411 2250 pertineat,
425 2212 472 2248 qui
483 2211 621 2239 Persicam
633 2210 758 2237 arborem
772 2211 886 2245 plantat,
902 2209 985 2236 multa

204 2263 228 2290 ei
237 2267 352 2296 corpora
361 2258 485 2286 obeunda
491 2261 567 2290 sunt,
576 2257 663 2284 donec
670 2255 778 2283 Persica
789 2256 833 2282 illa
845 2255 986 2283 deciderit.

204 2307 257 2339 Qui
274 2306 327 2333 sibi
343 2305 394 2340 ipsi
411 2305 520 2331 domtnn
537 2302 669 2333 exstruit,
689 2301 716 2328 in
731 2301 857 2328 universa
871 2308 987 2335 corpora

205 2351 382 2379 distrahotur.
400 2349 451 2382 Qui
478 2349 505 2375 iu
531 2355 602 2383 aqua
628 2348 717 2379 lavat,
741 2349 876 2374 suainmct.
900 2345 989 2379 ipsius

205 2396 325 2423 animam
351 2394 487 2428 astringit.
513 2393 566 2425 Qui
582 2393 678 2420 electis
703 2393 789 2427 ipsius
806 2392 918 2427 pietatis
938 2391 988 2417 ali-

205 2441 278 2476 quod
296 2447 397 2467 munus
413 2446 466 2466 non
482 2437 604 2468 dederit,
621 2445 668 2472 per
684 2437 783 2470 multas
797 2437 988 2472 generationes

207 2492 301 2521 prunas
325 2483 476 2518 expendet,
499 2481 622 2516 atquein
646 2482 906 2508 catcchumenorum
925 2489 988 2509 cor-

207 2539 272 2566 pora
297 2529 441 2560 transibit,
466 2528 553 2555 donec
574 2535 687 2554 tnunera
708 2528 911 2563 quzunplurima
932 2529 987 2556 Iar-

206 2577 303 2612 giatur.
323 2574 365 2602 0b
384 2574 411 2601 id
433 2573 556 2600 ciborum
577 2572 728 2607 exquisitos
751 2581 875 2608 quosque
893 2573 988 2602 electis

205 2622 332 2649 uili-runt.

241 2667 342 2694 I‘anem
358 2669 503 2700 antequam
520 2663 664 2691 comedunt
675 2683 682 2695 ,
696 2663 846 2691 orationem
867 2665 902 2691 ita
921 2672 987 2692 con-

204 2715 309 2748 cipiunt
322 2712 355 2739 ad
371 2719 466 2747 panem
480 2718 606 2738 sermone
620 2717 753 2737 converso
769 2718 775 2736 :
793 2709 884 2744 Neque
896 2717 945 2744 ego
958 2715 986 2738 te

241 2811 296 2848 (29)
322 2812 410 2846 Ὁμοῦ
423 2811 471 2838 καὶ
486 2812 502 2848 ο
515 2809 653 2848 θερισμὸς
668 2809 783 2848 ᾑρχων.
803 2809 833 2848 Ἑλ
848 2809 986 2848 θερισςτής.

242 2845 297 2882 (5U)
316 2845 410 2881 Εῑίτις
437 2847 556 2874 λούεται
581 2847 620 2879 εις
644 2846 676 2872 τὸ
699 2845 786 2880 ὕδωρ.
815 2845 877 2873 Cor.
906 2845 932 2871 εἴ
945 2854 988 2878 τις

1043 265 1127 300 αὐτὴν
1154 263 1430 298 κεκαλλωπισμένην,
1455 261 1625 297 οἵστροῦνται
1649 261 1688 296 τῷ
1715 262 1830 298 φίλτρῳ,

1043 311 1090 338 καὶ
1118 310 1156 346 μὴ
1175 309 1317 345 δυνάμενοι
1341 309 1424 344 αὐτὴν
1448 309 1619 340 καταλαϐεῖν,
1651 309 1744 340 δεινῶς
1766 309 1829 344 φλέ.

1043 365 1135 390 γονται
1157 355 1196 390 τῷ
1219 354 1341 391 ἐρωτικῷ
1363 354 1446 389 πόθῳ,
1463 355 1508 381 τὸν
1523 354 1584 381 νοῦν
1604 354 1828 390 ὲξαρπασθέντες.

1043 403 1127 428 Ὅταν
1145 399 1202 433 οὖν,
1222 401 1372 435 τρεχόντων
1391 399 1490 432 αὐτῶν,
1515 401 1532 435 ἡ
1557 400 1689 435 παρθένος
1712 400 1830 433 ἄφαντος

1042 447 1164 482 γένηται,
1179 447 1239 472 τότε
1251 447 1265 472 ὁ
1275 447 1381 481 Ἀρχίου
1396 447 1410 472 ὁ
1420 446 1504 480 μέγας
1524 445 1668 481 προϐάλλει
1685 446 1734 477 τὰς
1752 446 1830 480 νεφέ-

1042 494 1091 525 λας
1106 493 1135 526 ἐξ
1150 492 1242 523 αὑτοῦ,
1257 494 1329 524 ὅπως
1344 493 1455 528 σκοτίσῃ
1473 493 1506 528 τῇ
1529 493 1597 528 ὀργῇ
1611 492 1693 518 αὑτοῦ
1716 493 1761 518 τὸν
1781 493 1813 519 κό
1823 508 1829 513 α

1043 547 1120 573 σμον.
1136 539 1190 565 Καὶ
1210 537 1296 570 οὕτως
1315 538 1363 564 ἑὰν
1377 537 1456 574 θλίὸῃ
1479 538 1560 569 πάνυ,
1584 537 1707 572 καθάπερ
1723 538 1829 572 ἄνθρω-

1042 593 1094 616 πος
1116 584 1195 619 ἱδρῶν
1216 582 1413 610 ἀποκοποῦται.
1435 583 1464 609 Ὁ
1492 583 1520 609 δὲ
1545 582 1624 618 ἱδρὼς
1651 582 1732 610 αὑτοῦ
1756 583 1830 609 ἐστιν

1043 630 1059 665 ἡ
1077 629 1170 664 βροχὴ.
1187 628 1270 663 Ὁμοῦ
1287 628 1334 654 καὶ
1347 628 1362 653 ὁ
1382 627 1511 663 θερισμὸς
1532 627 1624 662 ἄρχων
1641 627 1696 662 (29)
1715 627 1762 654 ἐὰν
1784 636 1831 653 συ-

1041 673 1109 708 ληθῇ
1127 673 1179 699 ὑπὸ
1199 673 1248 708 τῆς
1270 672 1414 708 παρθένου,
1433 672 1560 708 καταχέει
1586 672 1678 707 λοιμὸν
1699 673 1740 707 ἐφ’
1765 673 1831 707 ὅλης

1041 720 1090 754 τῆς
1109 719 1169 755 γῆς,
1185 719 1259 751 ὅπως
1278 719 1426 746 θανατώσει
1449 720 1511 751 τοὺς
1532 719 1700 755 ἀνθρώπους.
1722 720 1759 746 To
1775 720 1830 755 γὰρ

1043 765 1122 800 σῶμα
1147 764 1226 791 τοῦτο
1251 764 1353 799 κόσμος
1374 764 1496 791 καλεῖται
1519 764 1587 800 πρὸς
1611 765 1656 791 τὸν
1680 765 1764 800 μέγαν
1783 764 1829 791 κό-

1043 818 1121 844 σμον.
1137 810 1191 835 Καὶ
1208 809 1232 835 οἱ
1248 808 1386 844 ἄνθρωποι
1412 809 1512 840 πάντες
1533 808 1610 844 ῥίζας
1630 809 1730 844 ἔχουσι,
1753 809 1830 836 κάτω

1045 854 1214 886 συνδεθείσας
1238 855 1294 886 τοῖς
1312 855 1376 881 ἀνω.
1397 853 1512 881 Ὀπόταν
1529 851 1575 881 οὖν
1594 853 1694 889 συληθῇ
1710 854 1762 880 ὑπὸ
1778 853 1829 889 τῆς

1042 899 1187 935 παρθένου,
1202 900 1262 926 τότε
1281 899 1394 934 ἄρχεται
1418 898 1529 925 κόπτειν
1548 898 1597 930 τὰς
1617 897 1694 933 ῥίζας
1709 898 1764 925 τῶν
1778 899 1827 925 ἀν-

1041 944 1167 980 θρώπων.
1189 944 1245 971 Καὶ
1267 944 1330 970 ὅταν
1348 943 1468 970 κοπῶσιν
1489 943 1517 970 at
1546 943 1618 978 ῥίζαι
1643 942 1745 975 αὐτῶν,
1764 943 1826 970 τότε

1041 991 1153 1025 ἄρχεται
1175 990 1267 1025 λοιμὸς
1282 989 1414 1024 γίνεσθαι,
1432 989 1479 1016 καὶ
1495 989 1580 1021 οὕτως
1599 988 1826 1024 ἀποθνήσκουσιν.

1047 1035 1109 1062 Ἐὰν
1127 1035 1154 1062 δὲ
1179 1035 1212 1062 τὰ
1235 1034 1292 1062 ἄνω
1313 1034 1363 1070 τῆς
1388 1035 1466 1070 ῥίζης
1481 1034 1554 1069 πόνῳ
1575 1033 1702 1070 σαλεύσῃ,
1716 1034 1827 1069 σεισμὸς

1041 1081 1162 1114 γίγνεταί
1177 1089 1206 1107 τε
1222 1081 1268 1107 καὶ
1288 1080 1474 1113 ἐπακολουθεῖ,
1490 1079 1701 1115 συγκινουμένου
1715 1080 1765 1115 μὶν
1777 1079 1827 1106 τοῦ

1048 1125 1206 1161 Ὠμοφόρου.
1220 1125 1293 1162 Αὕτη
1307 1127 1325 1162 ἠ
1340 1126 1414 1154 αἰτία
1427 1126 1473 1153 τοῦ
1487 1126 1615 1154 θανάτου.

1076 1215 1142 1241 κη’.
1159 1214 1230 1249 Ἐρῶ
1253 1214 1282 1241 δὲ
1304 1215 1368 1250 ὑμῖν
1387 1214 1434 1241 καὶ
1455 1215 1544 1246 τοῦτο,
1562 1214 1620 1246 πῶς
1634 1214 1826 1250 μετατγίζεται

1042 1260 1058 1294 ἡ
1073 1259 1146 1293 ψυχὴ
1162 1260 1201 1290 είς
1216 1258 1296 1285 πέντε
1311 1257 1434 1293 σώματα.
1454 1258 1565 1293 Πρῶτον
1586 1257 1761 1294 καθαρίζεται
1778 1266 1826 1292 tu-

1041 1304 1106 1339 κρόν
1130 1312 1156 1330 τι
1178 1303 1225 1330 ἀπ’
1238 1303 1336 1338 αὒτῆς·
1358 1300 1417 1329 εἶτα
1434 1302 1626 1337 μεταγγίζεται
1645 1304 1687 1334 εἰς
1703 1303 1792 1335 κυνὸς.
1807 1303 1826 1338 ἦ

1041 1350 1080 1381 είς
1096 1348 1229 1384 καμήλου,
1245 1348 1262 1383 ἢ
1276 1348 1317 1380 είς
1330 1349 1422 1383 ἑτέρου
1440 1347 1509 1380 ζώου
1523 1348 1611 1383 σῶμα.
1632 1348 1695 1375 Ἐὰν
1706 1348 1734 1374 δὲ
1777 1356 1828 1375 πε-

1041 1394 1185 1428 φονευκυῖα
1207 1393 1291 1428 ψυχὴ,
1314 1394 1355 1425 είς
1379 1393 1500 1428 κελεφῶν
1523 1393 1602 1428 σῶμα
1626 1393 1825 1428 μεταφέρετα-

1040 1439 1087 1465 ὲὰν
1101 1439 1130 1465 δὲ
1143 1438 1274 1474 θερίσασα
1288 1439 1398 1474 εὑρεθῇ,
1413 1440 1452 1470 εἷς
1467 1438 1637 1474 μογιλάλους.
1654 1438 1708 1473 Τῆς
1725 1438 1753 1464 δὲ
1772 1438 1824 1473 ψυ-

1015 1502 1019 1505 -
1040 1485 1090 1520 χῆς
1104 1486 1161 1511 ἐστι
1177 1484 1211 1511 τά
1225 1484 1346 1519 ὀνόματα
1361 1484 1545 1517 ταῦτα’·νοῦς,
1567 1484 1666 1516 ἔννοια,
1684 1484 1825 1519 φρόνησις,

1041 1530 1198 1566 ἑνθύμησις,
1219 1529 1358 1565 λογισμός.
1376 1530 1407 1556 Οί
1431 1529 1461 1556 δὲ
1478 1529 1610 1565 θερισταὶ,
1627 1531 1683 1556 ὅσοι
1703 1529 1826 1564 θερίζου-

1044 1585 1096 1608 σιν,
1121 1577 1226 1603 ὲοίκασι
1249 1577 1304 1608 τοῖς
1330 1575 1443 1611 ἄρχουσι
1468 1576 1523 1606 τοῖς
1543 1575 1670 1610 ἀπαρχῆς
1686 1572 1761 1601 οὖσιν
1785 1575 1826 1606 εις

1043 1621 1147 1653 σκότος,
1164 1622 1207 1648 ὅτε
1225 1621 1326 1656 ἔφαγον
1351 1621 1382 1646 ἐκ
1406 1619 1456 1654 τῆς
1476 1619 1523 1646 τοῦ
1547 1619 1656 1655 πρώτου
1681 1619 1824 1654 ἀνθρώπου

1042 1667 1200 1699 πανοπλίας.
1225 1667 1270 1694 Διὸ
1296 1667 1402 1702 ἀνάγκη
1426 1667 1523 1698 αὐτοὺς
1551 1665 1763 1701 μεταγγισθῆναι
1785 1665 1825 1697 εις

1043 1713 1147 1749 χόρτον,
1171 1713 1188 1748 ἢ
1213 1712 1253 1744 είς
1281 1712 1409 1747 φασήλια,
1435 1711 1451 1746 ἢ
1478 1712 1517 1743 εἰς
1543 1711 1649 1746 κριθὴν,
1669 1710 1686 1745 ἢ
1701 1710 1742 1741 εις
1759 1710 1825 1736 στά-

1042 1757 1131 1793 χυν,ἦ
1150 1759 1189 1789 είς
1209 1757 1320 1793 λάχανα,
1341 1757 1382 1784 ἵνα
1401 1756 1545 1792 θερισθῶσι
1562 1756 1609 1782 καὶ
1629 1754 1741 1782 κοταῖδσι.
1770 1754 1825 1781 Καὶ

1043 1803 1068 1829 ετ
1093 1811 1135 1834 τις
1150 1802 1229 1829 πάλιν
1243 1802 1328 1828 ὲσθίει
1341 1802 1433 1837 ἄρτον,
1456 1802 1562 1836 ἀνάγκη
1583 1801 1630 1828 καὶ
1655 1800 1735 1827 αὐτὸν
1755 1799 1824 1835 βρω-

1043 1848 1122 1882 θῆναι
1143 1847 1223 1883 ᾶρτον
1245 1848 1398 1882 γενόμενον.
1425 1847 1461 1873 Εἴ
1487 1855 1528 1878 τις
1551 1847 1674 1881 φονεύσει
1697 1845 1823 1880 ὀρνίθιον,

1041 1893 1155 1928 ὀρνίθιον
1169 1893 1254 1920 ἔσται.
1279 1894 1312 1919 EI
1331 1901 1373 1924 τις
1396 1893 1519 1927 φονεύσει
1534 1892 1595 1928 μῦν,
1613 1893 1660 1919 καὶ
1677 1892 1756 1924 αὐτὸς
1773 1891 1823 1927 μῦς

1042 1939 1125 1968 ἔσται.
1143 1939 1177 1965 Εἴ
1188 1947 1230 1970 τις
1250 1939 1330 1966 πάλιν
1350 1938 1407 1964 ἐστὶ
1429 1938 1556 1969 πλούσιος
1579 1939 1607 1964 ἐν
1628 1937 1713 1973 τούτῳ
1724 1937 1763 1972 τῷ
1778 1937 1824 1964 κό-

1043 1993 1113 2020 σμῳ,
1139 1985 1187 2011 καὶ
1210 1984 1257 2010 ἐὰν
1276 1984 1371 2019 ἐξέλθῃ
1400 1985 1432 2010 ὲκ
1457 1983 1504 2010 τοῦ
1533 1983 1707 2018 σκηνώματας
1728 1982 1822 2013 αὑτοῦ,

1042 2030 1148 2064 ἀνάγκη
1173 2028 1254 2056 αὐτὸν
1286 2030 1324 2060 εἰς
1353 2028 1459 2063 πτωχοῦ
1490 2028 1571 2063 σῶμα
1599 2027 1824 2063 μεταγγισθῆναι.

1041 2076 1109 2102 ὥστε
1143 2073 1342 2110 περιπατοῦντα
1377 2074 1456 2100 αὑτὸν
1483 2073 1649 2108 ὲπαιτῆσαι.
1677 2072 1724 2099 καὶ
1755 2075 1822 2107 μετὰ

1041 2120 1125 2147 ταῦτα
1148 2120 1269 2147 ἀνελθεῖν
1288 2119 1368 2146 αὑτὸν
1391 2121 1432 2151 είς
1453 2119 1562 2146 κόλασιν
1580 2117 1698 2145 αἰώνιον,
1720 2118 1774 2145 Τοῦ
1794 2116 1821 2143 δὲ

1042 2166 1166 2202 σώματος
1188 2165 1281 2192 τούτου
1301 2166 1378 2197 aveo;
1393 2165 1446 2193 τῶν
1466 2165 1603 2200 ἀρχόντων
1617 2164 1663 2192 καὶ
1681 2163 1732 2198 τῆς
1746 2163 1822 2196 ὕλης,

1041 2210 1146 2245 ἀνάγκη
1164 2210 1210 2237 τὸν
1231 2209 1380 2244 φυτεύοντα
1399 2209 1518 2244 περσέαν
1538 2208 1650 2235 διελθεῖν
1671 2205 1754 2233 πολλά
1769 2207 1820 2231 σιτ-

1042 2265 1124 2291 ματα,
1141 2256 1192 2286 ἕως
1204 2255 1237 2282 ἂν
1249 2254 1404 2290 καταόληθῇ
1420 2256 1436 2289 ἡ
1456 2255 1559 2290 περσέα
1577 2253 1678 2288 ἐκείνη.
1691 2253 1722 2279 El
1738 2251 1766 2278 δέ
1782 2259 1822 2278 τις

1038 2301 1174 2336 οἰκοδομεῖ
1199 2300 1287 2335 ἑαυτῷ
1308 2298 1406 2332 οἰκίαν,
1432 2299 1698 2335 διασπαραχθήσεται
1721 2297 1761 2328 εις
1789 2295 1823 2322 τὰ

1038 2347 1086 2373 ὅλα
1101 2345 1223 2381 σώματα.
1248 2346 1280 2372 Εἰ
1301 2354 1342 2377 τις
1362 2345 1469 2372 λούεται
1485 2346 1525 2377 είς
1550 2345 1580 2372 τὸ
1601 2344 1672 2379 ὕδωρ
1688 2342 1757 2378 (50),
1775 2341 1822 2376 τὴν

1040 2392 1135 2419 ἑαυτοῦ
1148 2391 1235 2427 ψυχὴν
1253 2392 1359 2426 πήσσει.
1374 2391 1429 2418 Καὶ
1442 2391 1468 2417 εἴ
1481 2399 1522 2422 τις
1534 2391 1565 2417 οὺ
1580 2390 1669 2417 δίδωσι
1681 2390 1735 2420 τοῖς
1749 2387 1824 2414 ἐκλε-

1041 2439 1114 2468 κτοῖς
1131 2436 1212 2463 αὑτοῦ
1224 2436 1375 2473 εὐσέϐειαν,
1389 2435 1584 2470 κολασθήσεται
1602 2434 1640 2465 είς
1651 2433 1700 2463 τὰς
1717 2431 1822 2466 γενεὰς,

1041 2483 1088 2509 καὶ
1110 2481 1362 2517 μετενσωματοῦται
1390 2481 1431 2512 εἰς
1456 2479 1665 2515 κατηχουμένων
1692 2477 1824 2512 σώματα,

1040 2528 1093 2560 ἕως
1119 2524 1150 2554 οὗ
1175 2527 1212 2563 δῷ
1229 2528 1369 2559 εὐσεϐείας
1392 2526 1501 2558 πολλάς.
1516 2526 1572 2552 Καὶ
1592 2524 1636 2552 διὰ
1657 2523 1736 2550 τοῦτο
1757 2522 1824 2549 εἴτι

1041 2574 1183 2601 κάλλιστον
1205 2573 1234 2599 ὲν
1251 2572 1376 2608 βρώμασι
1397 2574 1453 2604 τοῖς
1475 2571 1611 2602 ἐκλεκτοῖς
1631 2568 1824 2604 προσφέρουσι.

1076 2664 1131 2692 Καὶ
1155 2665 1218 2692 ὅταν
1237 2663 1367 2700 μέλλωσιν
1389 2663 1489 2690 ἐσθίειν
1509 2662 1607 2698 ἄρτον.
1632 2658 1827 2696 προσεύχονται

1041 2710 1148 2746 πρῶτον
1171 2709 1242 2736 οὕτω
1265 2709 1390 2744 λέγοντες
1416 2708 1483 2744 πρὸς
1511 2707 1556 2734 τὸν
1584 2707 1681 2742 ἄρτον·
1704 2704 1773 2731 Οὔτε
1797 2711 1825 2729 σε

1041 2808 1159 2842 λούεται,
1172 2810 1211 2841 εἰς
1222 2810 1252 2837 τὸ
1266 2809 1345 2845 ὕδωρ.
1363 2808 1393 2837 Si
1405 2808 1462 2844 quis
1479 2808 1560 2842 lavat,
1583 2807 1611 2834 in
1636 2812 1730 2840 aquam
1752 2810 1824 2831 suam

1041 2845 1196 2880 constringit
1208 2845 1335 2872 animant.
