1939 3036
100 155 140 186 '27

399 163 584 193 ADVERSUS
604 163 774 192 [IERESES
793 162 856 191 Lm.
870 162 894 190 ll

951 162 1008 191 Olli.
1028 162 1060 190 Π.
1083 179 1109 184 -
1132 163 1269 193 ΠᾸΞΒΕΞ.
1287 164 1378 193 LXVI.

1687 169 1722 189 ’7η

95 223 154 257 ἐγὼ
166 222 287 258 ἐθέρισα,
302 222 363 249 οὔτε
384 223 478 259 maca,
498 223 559 250 οὔτε
589 223 685 258 tonos
710 232 750 256 σε,
769 222 831 250 οὕτε
848 223 887 254 εὶς

949 223 1052 250 nessui.
1068 231 1155 258 neque
1165 224 1258 257 molui,
1273 231 1323 252 nec
1332 224 1455 259 expressi
1466 244 1474 256 ,
1485 231 1535 251 nec
1546 222 1573 250 in
1586 222 1722 249 clibanum

95 268 226 296 κλίϐανον
249 268 354 296 ἔϐαλον.
369 269 451 296 Ἀλλὰ
473 270 551 301 ἄλλος
578 270 689 305 ἐποίησε
711 268 813 300 ταῦτα,
840 268 888 295 καὶ

97 315 198 349 ἤνεγκὲ
220 323 280 349 μοι·
303 315 358 349 ἐγὼ
380 315 507 348 ἀναιτίως
533 316 641 350 ἔφαγον.
665 316 719 342 Καὶ
740 315 803 341 ὅταν
828 314 888 340 καθ’

97 360 195 386 ἑαυτὸν
210 361 273 395 εἴπῃ
294 360 392 392 ταῦτα,
413 360 486 395 λέγει
510 361 548 396 τῷ
570 361 780 396 κατηχουμένῳ·
800 359 888 391 Ilii-Ei-

100 414 155 442 μην
177 406 248 442 ὑπὲρ
272 406 329 433 σοῦ.
356 407 410 433 Καὶ
432 406 517 439 οὕτως
544 407 689 441 ἀφίσταται
713 407 823 436 ἐκεῖνος.
846 405 903 441 Ὧς.

97 451 155 487 γὰρ
170 449 247 478 εἷπον
261 452 324 487 ὕων
339 452 393 488 πρὸ
406 453 506 488 ὀλίγου,
527 454 553 480 εί
568 462 611 484 τις
634 453 744 488 θερίζει,
764 451 890 486 θερισθῆ-

97 506 192 525 σεται·
208 497 295 530 οὓτως
317 498 365 525 ἐὰν
388 499 428 530 εἰς
448 499 572 534 μηχανὴν
597 500 667 526 σῖτον
682 497 777 533 βάλλῃ,
792 496 890 532 βληθή-

99 552 177 571 σεται
194 545 241 572 καὶ
256 544 346 576 αὐτὸς,
363 545 380 580 ἢ
405 545 529 580 φυράσας
547 545 744 580 φυραθήσεται,
762 543 779 578 ἢ
804 541 889 576 ὀπτή-

97 599 149 621 σας
165 591 247 626 ἄρτον
261 590 455 626 ὀπτηθήσεται,
472 591 526 616 Καὶ
538 590 582 616 διὰ
593 589 671 617 τοῦτο
685 589 830 624 ἀπείρηται
842 583 892 614 αἶς

97 638 155 668 τοῖς
174 636 256 672 ἔργον
275 636 397 671 ποιῆσαι.
420 636 474 662 Καὶ
495 635 576 663 πάλιν
599 635 668 662 εἰσιν
688 633 776 669 ἕτεροι
794 634 891 668 κόσμοι

98 684 171 713 τινὲς
194 681 248 707 τῶν
267 681 419 716 φωστήρων
439 680 574 706 δυνάντων
593 679 648 705 ἀπὸ
665 678 760 705 τούτου
782 678 830 704 τοῦ
847 678 887 704 κό-

98 735 181 762 σμου,
201 726 231 758 ἐξ
251 722 288 752 ὧν
299 725 483 753 ἀνατέλλουσι.
500 725 555 752 Καὶ
573 724 600 751 εί
617 733 658 756 τις
682 725 827 760 περιπατεῖ
841 732 890 758 χα-

98 774 160 808 μαὶ,
178 773 292 809 βλάπτει
305 773 356 808 τὴν
375 772 427 807 γῆν
437 781 443 787 ·
461 772 508 799 καὶ
529 773 544 798 6
559 771 640 799 κινῶν
656 771 705 806 τὴν
724 772 813 806 χεῖρα,
829 770 893 805 βλά-

97 828 162 846 πτει
175 819 222 846 τὸν
234 819 316 854 ἀέρα·
332 818 425 853 ἐπειδὴ
444 819 461 844 6
480 818 534 854 ἀὴρ
548 818 620 854 ψυχή
642 818 701 844 ἐστι
719 817 772 844 τῶν
785 816 888 852 ἀνθρὼ-

96 874 169 897 πων,
191 864 239 891 καὶ
259 865 313 891 τῶν
336 863 422 896 ζώων,
448 864 495 890 xa‘l
515 863 569 890 τῶν
595 862 737 895 πετεινῶν,
766 863 813 890 καὶ
838 862 893 889 τῶν

940 267 1070 303 imposui.
1085 269 1162 297 Alius
1177 270 1234 298 haec
1247 271 1341 298 omnia
1354 271 1496 306 praestitit,
1510 270 1632 304 mihique
1644 268 1724 294 obtu-

940 312 990 346 lit;
1009 321 1059 348 ego
1075 314 1108 342 ab
1122 315 1195 341 omni
1214 316 1293 350 culpa
1311 317 1444 344 innocens
1459 323 1565 343 vescor.
1581 315 1646 347 Quae
1661 321 1723 340 cum

941 360 1011 394 apud
1041 368 1070 387 se
1101 363 1307 395 pronuntiavit,
1333 367 1390 389 tum
1412 363 1609 390 catechumcno
1635 359 1723 387 dicit:

939 405 993 433 Pro
1010 410 1034 433 te
1050 409 1135 434 oravi.
1154 407 1191 434 ita
1206 408 1250 435 ille
1266 408 1392 436 discedit.
1408 408 1488 441 Nam,
1505 413 1532 435 ut
1549 407 1626 434 vobis
1643 405 1725 441 paulo

940 455 1005 478 aute
1019 452 1076 480 dixi
1093 473 1099 485 ,
1114 454 1160 488 qui
1175 455 1320 482 messucrit
1334 458 1361 483 et
1374 455 1465 491 ipsum
1475 462 1538 482 esse
1548 452 1705 481 metendum
1715 470 1724 482 ,

940 497 977 523 ita
989 497 1037 531 qui
1053 497 1079 524 in
1095 498 1308 527 instrumentum
1322 500 1431 536 aliquod
1445 501 1612 528 frumentum
1623 497 1725 532 injece-

939 548 991 574 rit,
1005 544 1172 578 injiciendus
1183 550 1206 573 et
1223 546 1280 581 ipse
1293 550 1351 579 est,
1369 551 1398 574 ut
1411 547 1458 582 qui
1475 552 1593 574 massam
1608 544 1724 577 subege-

940 589 990 620 τίι,
1009 590 1178 625 subigendos
1195 593 1407 628 coquendusque
1429 593 1476 628 qui
1500 599 1597 627 panem
1609 589 1724 617 coxerit.

941 633 1089 668 Propterea
1106 637 1179 663 onuii
1193 645 1274 672 opere
1288 638 1342 666 illis
1355 639 1540 666 interdicitur.
1557 637 1629 669 Quin
1643 635 1725 662 etiam

941 679 987 706 alii
1003 685 1067 707 sum
1079 700 1085 712 ,
1105 681 1250 716 inquiunt,
1269 684 1363 711 mundi
1379 692 1411 712 ex
1429 684 1529 719 quibus
1545 683 1672 710 oriuntur
1689 680 1728 706 si-

941 723 1023 757 dera,
1043 733 1102 759 qua:
1116 727 1150 754 ab
1171 727 1222 754 hoc
1248 732 1342 755 nostro
1368 729 1518 756 occidendo
1540 727 1681 755 recedant.
1698 726 1727 752 Si

941 769 1004 802 quis
1031 769 1107 798 humi
1135 772 1271 803 ambulet,
1300 777 1400 801 terram
1416 773 1509 805 latdit,
1537 778 1566 800 ut
1588 776 1616 800 et
1637 779 1727 799 aerem

941 812 1014 839 laedit
1032 814 1078 848 qui
1095 822 1205 842 manum
1222 817 1323 851 agitat,
1338 824 1400 844 cum
1418 824 1464 845 aer
1479 817 1621 844 hominum
1636 820 1663 843 et
1680 816 1727 844 be-

942 858 1057 885 stiarum
1071 867 1102 886 ac
1116 860 1256 887 volucrum
1272 865 1299 889 et
1314 862 1429 896 piscium
1441 866 1468 889 et
1479 862 1617 896 reptilium
1635 861 1726 887 anima

100 896 213 945 ιχούιυν,
228 910 274 936 καὶ
286 909 338 936 τῶν
349 909 482 945 ἑρπετῶν.
494 910 548 936 Kal
560 908 587 935 εἴ
597 917 638 940 τις
652 909 681 935 ὲν
699 908 793 943 κόσμῳ
808 908 891 939 ἐστὶν,

949 904 989 929 sit.
1005 903 1169 940 Quicunque
1182 913 1248 933 vero
1264 907 1291 934 in
1310 907 1412 934 mundo
1427 911 1470 941 est
1480 928 1488 939 ,
1504 908 1556 934 hoc
1571 907 1659 942 ipsum
1672 925 1680 937 ,
1698 909 1728 932 ut

97 954 177 982 εἶπον
194 956 269 991 ὑμῖν,
285 955 325 982 ὅτι
344 955 374 982 τὸ
390 955 470 991 σῶμα
493 955 573 981 τοῦτο
595 955 645 982 οὐκ
668 954 725 981 ἐστι
748 954 793 980 τοῦ
813 953 891 986 Θεοῦ,

99 1001 168 1027 ἀλλὰ
184 1000 235 1035 τῆς
252 1000 319 1035 ὕλης
334 1001 401 1033 ἐστὶ,
418 1001 466 1028 καὶ
482 1001 577 1032 σκότος
596 1002 666 1031 ἐστὶ,
681 1001 728 1027 καὶ
743 999 808 1026 αὐτὸ
831 1007 894 1025 σχο-

97 1047 220 1082 τωοῆναι
240 1047 291 1074 δεῖ.

134 1092 201 1120 KG'.
223 1093 291 1128 Περὶ
311 1092 340 1118 δὲ
366 1092 412 1118 τοῦ
442 1092 616 1127 παραδείσου,
633 1092 685 1124 (οὐ)
709 1093 830 1121 καλεῖται
849 1095 894 1120 κό-

100 1147 180 1174 σμος.
191 1138 275 1172 Ἐστι
286 1138 314 1165 δὲ
327 1138 360 1164 τὰ
379 1137 449 1172 φυτὰ
463 1138 498 1164 τὰ
509 1139 537 1163 ἐν
548 1138 622 1173 αὐτῷ
633 1138 773 1173 ἐπιθυμία,
790 1140 836 1166 καὶ
848 1140 894 1167 ἄλ-

99 1185 146 1212 λαι
161 1184 276 1215 ἀπάται,
288 1183 491 1218 διαφθείρουσαι
503 1183 565 1215 τοὺς
574 1183 720 1218 λογισμοὺς
729 1184 783 1211 τῶν
795 1185 895 1221 ἀνθρώ-

99 1239 160 1258 πων
171 1229 339 1257 ἐκείνων.Τὸ
355 1229 383 1255 δὲ
398 1229 427 1255 ὲν
438 1228 592 1264 παραδείσῳ
607 1229 699 1263 φυτὸν,
714 1229 744 1262 ἐξ
754 1226 785 1256 οὗ
801 1231 896 1266 γνωρί-

99 1275 177 1308 ζουσι
188 1275 219 1301 τὸ
230 1273 321 1306 καλὸν,
333 1273 399 1300 αὑτό
413 1274 485 1299 ἐστιν
495 1273 509 1298 6
519 1271 632 1306 Ἰησοῦς,
645 1272 661 1306 ὴ
675 1271 776 1306 γνῶσις
786 1273 867 1299 αὑτοῦ
877 1273 895 1308 ὴ

100 1323 130 1348 ὲν
147 1321 188 1356 τῷ
213 1320 321 1355 κόσμῳ·
343 1320 358 1346 6
385 1318 413 1344 δὲ
437 1318 582 1353 λαμϐάνων
605 1317 737 1353 διακρίνει
759 1318 789 1344 τὸ
815 1319 896 1345 καλὸν

99 1368 150 1394 καὶ
165 1366 198 1393 τὸ
218 1365 347 1400 πονηρόν.
370 1365 400 1391 '0
419 1363 511 1399 μέντοι
523 1364 636 1399 κόσμος,
659 1364 715 1390 οὐδ’
737 1364 818 1396 αὐτός
839 1364 896 1391 ἐστι

100 1412 148 1439 τοῦ
164 1411 243 1444 Θεοῦ,
256 1410 313 1438 ἀλλ’
328 1411 345 1447 ἢ
361 1410 415 1437 ἀπὸ
429 1410 528 1446 μέρους
549 1410 598 1446 τῆς
621 1409 686 1445 ὕλης
700 1410 832 1446 ἐπλάσθη,
850 1410 897 1438 καὶ

99 1458 145 1485 διὰ
159 1457 238 1484 τοῦτο
252 1457 340 1484 πάντα
355 1455 524 1491 ἀφανίζεται.
545 1457 578 1481 ’0
598 1455 626 1481 δὲ
648 1455 782 1490 ἐσύλησαν
802 1456 828 1481 οἱ
847 1457 897 1491 ἄρ-

101 1512 196 1539 χοντες
223 1503 277 1530 ἀπὺ
302 1502 350 1529 τοῦ
376 1501 485 1538 πρώτου
510 1500 665 1537 ἀνθρώπου,
688 1501 754 1527 αὑτό
778 1502 836 1528 ἐστι
867 1501 898 1528 τὸ

102 1550 217 1585 γεμίζον
239 1549 289 1584 τὴν
312 1548 439 1584 σελήνην,
459 1547 489 1574 τὸ
513 1547 726 1583 καθαριςὸμενον
744 1547 896 1583 καθημερι-
911 1559 932 1587 C

102 1596 149 1623 νὺν
179 1595 232 1622 ἀπὸ
253 1594 298 1621 τοῦ
326 1595 442 1629 κόσμου·
469 1593 517 1620 καὶ
542 1593 588 1620 ἐὰν
613 1594 707 1629 ἐξέλθῃ
725 1595 742 1628 ἡ
763 1593 836 1628 ψυχὴ
857 1594 895 1628 μὴ

103 1641 207 1676 γνοῦσα
239 1640 288 1676 τὴν
315 1639 459 1675 ἀλήθειαν,
486 1639 662 1674 παραδίδοται
685 1640 740 1670 τοῖς
763 1639 896 1673 δαίμοσιν,

104 1689 179 1719 ὅπως
191 1686 348 1722 δαμάσωσιν
370 1685 454 1720 αὐτὴν
470 1685 500 1711 ὲν
521 1686 580 1717 ταῖς
597 1685 719 1719 γεένναις
736 1684 783 1711 τοῦ
800 1685 896 1720 πυρός.

104 1733 160 1760 Καὶ
184 1731 252 1767 μετὰ
274 1731 323 1766 τὴν
343 1730 482 1757 παίδευσιν
500 1730 695 1765 μεταγγίζεται
711 1731 751 1761 εἰς
773 1730 897 1765 σώματα,

106 1779 150 1805 ἴνα
165 1776 306 1813 δαμασθῇ·
324 1777 371 1803 καὶ
395 1775 466 1802 οὕτω
492 1775 616 1811 βάλλεται
633 1776 673 1807 εἰς
693 1776 723 1802 τὸ
743 1776 814 1811 μέγα
830 1774 897 1810 πῦρ,

107 1823 172 1860 ἄχρι
187 1825 237 1859 τῆς
252 1821 418 1853 συντελείας.

141 1870 182 1896 A’.
197 1869 265 1904 Περὶ
284 1868 312 1895 δὲ
329 1868 384 1894 τῶν
402 1867 467 1902 παρ’
487 1867 551 1902 ὑμῖν
567 1867 575 1882 ¹
587 1867 733 1902 προφητῶν
752 1867 837 1899 οὕτως
854 1867 898 1894 λέ-

106 1923 168 1950 γει·
187 1914 299 1950 Πνεῦμα
320 1912 389 1941 εἶναι
408 1912 545 1944 ἀσεϐείας,
567 1914 626 1948 ἦτοι
642 1914 756 1948 ἀνομίας
773 1913 820 1940 τοῦ
838 1914 900 1940 σκό-

107 1969 182 1992 τους,
198 1959 244 1986 τοῦ
262 1959 309 1986 ἀπ’
325 1959 412 1994 ἀρχῆς
430 1958 602 1990 ἀνελθόντοςο
620 1959 666 1985 κατ¹
681 1959 725 1985 διὰ
738 1958 817 1986 τοῦτο
830 1959 900 1986 πλα-

107 2004 236 2041 νηθέντες
256 2004 305 2030 οὐκ
327 2005 337 2020 ¹
360 2004 504 2039 ἐλάλησαν.
519 2003 673 2038 Ἑτύφὶωσε
696 2003 750 2040 γὰρ
776 2004 865 2031 αὐτῶν
886 2005 900 2030 6

108 2050 201 2086 ἄρχων
224 2049 274 2085 τὴν
293 2049 423 2076 διάνοιαν.
447 2049 502 2076 Kal
521 2048 548 2075 εῐ
567 2057 609 2080 τις
624 2048 766 2076 ἀκολουθεῖ
790 2050 846 2081 τοῖς
861 2049 901 2075 λό-

109 2104 169 2130 γοις
181 2094 281 2127 αὐτῶν,
302 2093 469 2130 ἀποθνήσκει
491 2095 532 2126 εἰς
547 2094 614 2125 ’τοὺς
635 2094 746 2126 αἰῶνας,
763 2094 901 2129 δεδεμένος

108 2142 150 2173 εἰς
164 2140 213 2176 τὴν
232 2140 327 2175 βῶλον,
340 2141 382 2166 ὅτι
397 2140 447 2166 οὐκ
460 2139 544 2175 ἔμαθε
563 2140 612 2175 τὴν
628 2139 728 2173 γνῶσιν
742 2139 788 2166 τοῦ
808 2140 900 2175 Παρα-

109 2187 222 2221 κλήτου.
257 2185 422 2212 Ἐνετείλατο
445 2185 473 2211 δὲ
499 2187 554 2217 τοῖς
580 2184 716 2216 ἐκλεκτοῖς
739 2184 794 2218 (5|)
819 2185 900 2211 αὐτοῦ

944 948 1017 980 dixi,
1031 956 1132 983 corpus
1148 958 1201 977 non
1217 950 1262 978 Dei
1296 951 1343 978 sed
1359 952 1479 980 materiae
1493 955 1536 979 est
1546 970 1554 983 ,
1571 956 1596 978 et
1609 950 1730 977 tenebris

942 993 1041 1021 obduci
1057 1002 1170 1022 necesse
1184 999 1236 1023 cst.

977 1080 1060 1116 σω
1079 1080 1173 1107 XXIX.
1191 1081 1269 1114 Quod
1282 1082 1316 1109 ad
1330 1082 1486 1117 paradisum
1500 1082 1620 1117 pertinet
1631 1102 1638 1113 ,
1653 1089 1731 1109 mun-

945 1125 996 1152 dus
1014 1126 1038 1154 is
1059 1127 1222 1161 appellatur.
1243 1128 1364 1155 Arbores
1383 1135 1467 1163 porro
1484 1128 1512 1154 in
1531 1136 1564 1155 eo
1580 1131 1659 1160 sunt,
1679 1135 1731 1154 eu-

946 1170 1046 1205 piditas
1056 1192 1064 1204 ,
1079 1172 1193 1207 aliaeque
1208 1172 1337 1206 fraudes,
1352 1173 1452 1207 quibus
1466 1173 1574 1200 illorum
1589 1173 1730 1199 hominum

944 1223 1161 1253 corrumpuntur
1176 1218 1272 1245 animi.
1288 1218 1354 1251 Qua:
1369 1222 1461 1246 autem
1476 1219 1503 1245 in
1521 1218 1649 1253 paradiso
1664 1225 1731 1245 con-

945 1263 998 1290 sita
1014 1267 1056 1291 est
1077 1264 1169 1297 arbor,
1185 1264 1266 1298 cujus
1281 1264 1413 1292 beneﬁcio
1429 1265 1530 1292 bonum
1552 1264 1731 1296 discernitur,

946 1308 1024 1336 Jesus
1046 1314 1106 1342 est,
1124 1311 1238 1345 ejusque
1258 1311 1397 1346 cognitio,
1421 1318 1480 1345 qua:
1496 1311 1523 1337 in
1548 1311 1649 1338 mundo
1670 1315 1732 1345 est;

946 1362 1026 1389 quam
1052 1356 1099 1390 qui
1125 1357 1259 1391 percipit,
1287 1357 1388 1383 bonum
1411 1358 1569 1391 malumque
1589 1357 1732 1385 discernit.

949 1402 1000 1429 Sed
1016 1409 1065 1429 nec
1081 1402 1200 1430 iuundus
1218 1403 1275 1437 ipse
1288 1403 1323 1429 ad
1343 1402 1426 1430 Deum
1443 1403 1576 1438 pertinet.
1592 1411 1686 1431 verum
1699 1411 1733 1431 ex

948 1447 1069 1474 materia:
1086 1447 1156 1474 mole
1173 1447 1305 1474 l'orlnatus
1320 1450 1382 1479 cst;
1405 1448 1440 1477 ob
1462 1448 1488 1474 id
1514 1449 1642 1476 universa
1669 1456 1732 1483 per-

948 1496 1025 1518 eunt.
1042 1492 1119 1525 Quod
1135 1496 1224 1519 autem
1248 1493 1336 1526 ptimo
1351 1501 1384 1520 ex
1401 1493 1512 1521 homine
1530 1493 1669 1528 principes
1689 1501 1732 1520 ra-

950 1543 1084 1572 puerunt.
1101 1538 1172 1565 istud
1198 1538 1286 1573 ipsum
1311 1546 1382 1565 onus
1404 1542 1462 1571 est,
1489 1538 1562 1573 quod
1585 1539 1735 1574 imponitur

949 1584 1032 1614 hunc.
1049 1583 1175 1617 quodque
1188 1583 1306 1618 singulis
1328 1583 1424 1611 diebus
1436 1591 1450 1610 a
1470 1584 1563 1611 mundi
1575 1584 1736 1619 contagione

950 1635 1101 1664 purgatur;
1116 1630 1207 1656 anima
1221 1636 1300 1661 vero,
1315 1637 1376 1664 qua:
1388 1629 1511 1657 veritatis
1525 1638 1622 1665 expers
1634 1638 1666 1657 ex
1684 1631 1734 1658 hac

948 1675 1004 1701 vita
1020 1675 1136 1701 discedit
1146 1694 1153 1705 .
1168 1675 1339 1702 (la-monibus
1355 1674 1482 1706 traditur,
1496 1681 1525 1702 ut
1537 1683 1596 1702 eam
1611 1676 1735 1710 gehenna

949 1725 1030 1754 atque
1053 1719 1187 1747 incendiis
1206 1720 1342 1746 edument.
1369 1719 1469 1747 Deinde
1493 1720 1530 1747 ita
1549 1721 1682 1755 castigata
1706 1721 1735 1748 in

949 1773 1065 1800 corpora
1097 1765 1242 1792 edomandi
1273 1772 1380 1792 rursum
1407 1765 1494 1799 gratia
1519 1765 1734 1798 transmittitur;

950 1812 1021 1838 unde
1042 1811 1178 1846 ingentem
1197 1810 1224 1837 in
1257 1810 1346 1845 ignem
1363 1810 1396 1838 ad
1412 1810 1491 1838 linem
1508 1818 1596 1846 usque
1609 1810 1736 1839 mittitur.

987 1856 1070 1884 XXX.
1093 1856 1129 1883 De
1150 1856 1290 1890 prophetis
1315 1856 1418 1884 nostris
1436 1857 1474 1884 ita
1488 1856 1622 1884 disserit:
1641 1856 1737 1891 impie-

949 1904 1015 1930 tatis
1031 1903 1089 1930 sive
1103 1901 1288 1936 improbitatis
1313 1902 1486 1930 tenebrarum
1507 1909 1570 1930 esse
1592 1901 1737 1936 Spiritum,

950 1949 997 1983 qui
1018 1947 1140 1975 ascendit
1160 1948 1195 1974 ab
1214 1947 1315 1980 initio;
1340 1951 1367 1974 et
1389 1948 1425 1974 ob
1447 1947 1474 1974 id
1496 1947 1654 1975 aberrantes
1670 1948 1738 1974 nihil

951 1994 1035 2022 locuti
1052 1998 1131 2027 sunt.
1148 1994 1221 2029 quod
1239 1994 1346 2021 illorum
1363 1993 1490 2028 princeps
1501 1993 1659 2021 obcaecatus
1675 1993 1738 2020 ani-

952 2050 997 2069 mo
1013 2042 1105 2069 l‘uerit.
1131 2041 1253 2074 Quorum
1273 2042 1320 2077 qui
1347 2042 1520 2069 sermonibus
1540 2041 1694 2072 auscultat,
1711 2041 1738 2068 in

952 2091 1149 2124 sempiternum
1173 2090 1263 2125 perit,
1287 2088 1320 2115 ad
1343 2089 1449 2123 glebam
1473 2087 1609 2121 illigatus,
1635 2094 1686 2121 pro
1706 2094 1739 2113 eo

953 2135 1025 2170 quod
1051 2135 1186 2162 Paracleti
1214 2134 1358 2162 scientiam
1388 2133 1500 2159 minime
1537 2132 1643 2158 didicit.
1666 2132 1738 2164 Quin

953 2181 1036 2208 etiam
1064 2180 1132 2207 solis
1149 2179 1176 2206 id
1193 2179 1291 2206 electis
1313 2178 1371 2205 suis
1382 2198 1388 2209 ,
1412 2177 1458 2212 qui
1478 2184 1532 2203 non
1547 2177 1639 2211 plures
1655 2184 1737 2211 quam

111 2219 215 2268 μόνοις,
232 2231 262 2258 οὐ
276 2231 356 2259 πλέον
372 2231 443 2258 ἑπτὰ
458 2229 518 2258 οὖσι
533 2230 578 2257 τὸν
600 2230 726 2266 ἀριθμόν*
748 2229 810 2257 Ἐὰν
830 2230 896 2256 παῦε

954 2229 1056 2260 septem
1072 2224 1200 2256 fuerunt,
1221 2223 1274 2250 hoc
1291 2222 1449 2249 mandatum
1467 2220 1559 2248 dedit:
1580 2219 1629 2247 Ubi
1647 2220 1738 2247 cibum

111 2277 197 2314 σησοε
213 2277 358 2309 ἐσθίοντες,
373 2276 495 2312 εὔχεσθε,
508 2277 555 2303 καὶ
569 2275 681 2311 βάλλετε
696 2276 741 2301 ἐπὶ
757 2275 808 2310 τῆς
823 2284 904 2309 κεφα-

111 2323 163 2358 λῆς
176 2323 266 2350 ἔλαιον
282 2322 480 2358 ὲξωρκισμένον
494 2323 606 2357 ὀνόμασι
619 2322 736 2356 πολλοῖς,
754 2321 822 2357 πρὸς
838 2329 904 2356 atq-

111 2367 212 2404 ριγμλὺν
230 2368 279 2403 τῆς
294 2368 410 2400 πίστεως
424 2368 535 2403 ταύτης.
558 2367 598 2395 Τὰ
619 2367 648 2395 δὲ
662 2367 782 2402 ὀνόματά
797 2376 842 2402 μοι
856 2367 906 2394 οὐκ

113 2412 289 2449 ἐφανερώθη·
307 2414 381 2449 μόνοι
395 2414 450 2450 γὰρ
462 2415 487 2440 οἱ
501 2413 572 2440 ἑπτὰ
587 2413 691 2445 τούτοις
703 2412 832 2448 χρῶνται.
849 2413 906 2439 Kal

114 2459 198 2486 πάλιν
211 2459 241 2486 τὺ
258 2460 322 2494 παρ’
338 2460 402 2494 ἡμῖν
421 2459 511 2495 τίμιον
530 2458 576 2485 καὶ
595 2459 665 2494 μέγα
679 2459 764 2494 ὄνομα
780 2457 904 2492 meum,

114 2504 181 2531 αὐτὸ
194 2502 264 2530 εἶναι
276 2505 324 2539 τὴν
339 2505 419 2538 φύσιν
435 2503 482 2530 τοῦ
499 2503 653 2539 ἀνθρώπου,
668 2503 716 2529 καὶ
730 2502 837 2538 πατέρα
855 2502 906 2537 τῆς

115 2550 274 2585 ἐπιθυμίας.
301 2549 357 2576 Kal
380 2549 425 2576 διὰ
449 2549 527 2576 τοῦτο
551 2548 678 2584 ἀπλάριοι
697 2548 707 2564 ⁸
724 2547 906 2583 προσκυνοῦσι

115 2595 168 2630 τὴν
181 2594 339 2631 ἐπιθυμίαν,
354 2596 419 2622 Θεὸν
435 2595 519 2631 αὐτὴν
534 2594 691 2630 ἡγούμενοι.

152 2684 311 2721 Περὶδὲτοῦ
325 2683 421 2720 ’Δδὰμ,
438 2684 496 2716 πῶς
508 2684 630 2718 ἐκτίσθη,
644 2683 719 2718 λέγει
732 2682 828 2715 οὕτως’
839 2683 903 2709 Ὅτι

954 2270 1142 2305 Sumpseritis,
1158 2272 1245 2299 orate,
1262 2271 1290 2294 et
1302 2268 1390 2294 oleum
1404 2266 1550 2292 multorum
1565 2266 1739 2293 invocatione

955 2316 1095 2342 nominum
1109 2317 1299 2341 consecratum
1316 2313 1343 2338 in
1359 2315 1441 2346 caput
1454 2311 1617 2346 inspergite,
1635 2315 1664 2337 ut
1682 2311 1739 2338 haec

955 2362 983 2388 in
1008 2360 1085 2388 vobis
1109 2359 1176 2386 fides
1195 2358 1397 2386 corroboretur.
1414 2356 1452 2383 De
1466 2355 1566 2390 quibus
1584 2356 1741 2383 nominibus

955 2407 1023 2434 nihil
1041 2410 1082 2434 est
1097 2405 1164 2434 mihi
1185 2403 1387 2439 signiﬁcatum;
1411 2402 1462 2429 soli
1483 2402 1556 2429 enim
1578 2402 1617 2429 illi
1637 2406 1739 2437 septem

956 2453 1000 2481 his
1012 2456 1136 2480 utuntur.
1151 2450 1284 2478 Praeterea
1301 2457 1409 2477 sacrum
1425 2448 1491 2475 illud
1509 2456 1540 2475 ac
1554 2449 1740 2476 venerandum

957 2499 1027 2534 apud
1042 2506 1092 2524 nos
1107 2496 1226 2524 Sabaoth
1241 2502 1339 2522 nomen
1362 2495 1447 2528 ipsam
1463 2501 1525 2521 esse
1542 2493 1636 2520 dicunt
1653 2493 1742 2520 homi-

956 2545 1001 2572 nis
1026 2546 1171 2573 naturam,
1194 2540 1409 2574 cupiditatisque
1428 2542 1544 2571 patrem.
1569 2538 1742 2573 Quapropter

958 2609 965 2615 .
1020 2610 1026 2616 .
1080 2608 1086 2614 .
1139 2607 1147 2614 .
1191 2585 1367 2621 cupiditatem
1383 2585 1509 2616 adorant,
1528 2587 1625 2611 etesse
1637 2591 1740 2610 numen

958 2635 1135 2662 arbitrantur.

998 2680 1034 2706 De
1048 2679 1142 2706 Adami
1154 2677 1293 2706 creatione
1307 2676 1344 2703 ita
1357 2675 1439 2703 sentit
1453 2684 1460 2702 ε
1476 2675 1544 2702 Eum
1556 2673 1601 2710 qui
1617 2673 1653 2700 ita
1668 2673 1745 2699 locu-

154 2762 160 2776 '
177 2763 241 2790 Cor.
258 2763 334 2798 ἡμῖν.
372 2763 382 2778 '
395 2762 526 2798 Expungo
539 2762 600 2789 οὐκ,
636 2763 647 2777 ³
663 2761 700 2788 De
719 2762 769 2788 hac
789 2768 865 2792 voce,
879 2760 896 2787 ὰ

949 2768 1017 2795 μοι,
1034 2757 1152 2785 viderint
1165 2756 1275 2784 eruditi.

156 2840 212 2874 (51)
228 2839 414 2866 Ἐνετειλατω
435 2839 468 2866 δὲ
483 2839 545 2872 τοῖς
567 2838 727 2870 ἐκλεκτοῖς.
753 2837 904 2874 DehMani-

959 2837 1027 2864 locis
1040 2837 1207 2872 Augustinus
1236 2837 1387 2871 przcserttm
1402 2837 1492 2858 contra
1511 2829 1660 2862 Faustum;
1684 2831 1748 2859 item

121 2871 258 2903 ςΙιζευιῖιιιιι
280 2874 453 2902 audientibus
468 2878 494 2901 et
527 2871 622 2902 electis
650 2874 705 2909 agit
733 2872 856 2906 pluribus
873 2873 900 2900 in
955 2871 1003 2907 Ep.
1019 2872 1062 2900 75.
