1939 3036
215 175 250 202 79
919 162 946 190 S.
968 162 999 189 El

1052 162 1138 190 [lANll
1807 161 1842 188 80

216 233 260 255 tus
279 230 341 254 est:
364 224 473 257 Venite,
495 223 626 258 faciamus
650 222 779 248 hominem
803 221 836 247 ad
859 221 999 254 imaginem

1052 220 1065 245 ὁ
1089 218 1189 246 εἰπὼν·
1210 219 1310 251 Δεῦτε,
1337 219 1385 245 καὶ
1408 218 1581 253 ποιήσωμεν
1597 217 1755 252 ἄνθρωπον
1775 217 1842 244 κατ’

214 278 335 300 nostram
349 277 371 298 et
386 270 597 298 similitudinem’
608 289 616 301 ,
633 270 690 296 sive
706 268 740 295 ad
758 275 817 295 eam
833 273 914 302 quam
931 265 999 293 vidi-

216 325 277 344 mus
294 324 424 348 tormam,
441 315 595 350 Principem
611 322 683 346 esse,
706 313 752 349 qui
769 312 882 347 reliquis
898 311 999 346 princi-

217 362 296 397 pibus
310 361 424 388 dixerit:
437 360 546 391 Adeste,
561 359 622 386 date
637 359 702 385 mihi
717 366 750 386 ex
768 358 813 385 illa
827 357 887 385 luce
897 376 904 388 ,
918 363 999 391 quam

217 408 388 443 accepimus,
411 411 436 434 et
460 406 591 440 faciamus
604 405 734 432 hominem
750 404 784 432 ad
801 409 939 436 nostrum,
954 401 999 437 qui

217 453 352 488 principes
366 459 462 478 sumus
472 471 479 484 ,
493 449 606 485 elligiem
618 469 624 481 ,
639 450 746 484 qualem
761 449 917 484 aspeximus
929 457 937 480 ;
953 446 1000 482 qui

216 498 325 533 quidem
339 497 443 531 primus
457 496 538 522 homo
551 500 592 522 est
603 515 611 527 ,
627 495 665 522 ita
683 494 820 521 hominem
838 493 999 520 fabricasse.

217 543 315 570 l-hulem
330 547 357 569 et
382 542 464 569 Evam
491 542 596 568 ratione
619 540 795 572 condidisse,
814 539 896 575 647
920 538 1001 573 eique

215 590 249 616 de
264 596 314 617 sua
327 587 478 623 cupiditate
494 586 527 614 ad
543 587 676 613 Adamum
692 585 882 620 decipiendum
901 584 1000 618 imper-

214 635 302 662 tiisse.
322 634 363 660 Ab
386 634 421 661 iis
442 633 525 668 igitur
547 640 578 659 ex
603 631 734 667 principis
758 630 868 666 opiﬁcio
883 629 1001 657 mundus

215 682 265 708 iste
282 679 429 707 fabricatus
443 682 496 706 est.

249 725 345 753 XXXI.
371 725 411 752 Ad
439 724 497 750 lucc
523 723 606 750 Deum
633 722 701 749 nihil
728 721 828 748 habere
854 728 915 748 cum
947 721 1000 748 hoc

212 771 316 799 mundo
335 777 494 801 commune,
520 775 570 795 nec
591 775 625 794 eo
645 767 796 799 delectari;
817 766 889 801 quod
910 766 999 801 ipsum

215 815 362 851 deprtedati
387 816 442 843 sint
466 813 614 849 principes,
641 820 673 839 ac
698 812 849 838 molestiam
871 811 1001 838 exhibue-

213 862 279 889 rint.
294 861 442 895 Propterea
462 858 586 894 quotidie
600 865 649 892 per
669 857 760 883 sidera
778 857 841 893 ista,
863 856 949 883 solem
965 856 1001 882 vi-

215 907 312 934 delicet
328 913 358 932 ac
370 906 472 935 lunam,
494 904 611 930 animam
628 909 705 928 suam
721 901 837 935 eripere,
853 900 953 935 quibus
965 899 1000 927 ab

213 951 352 979 sideribus
370 949 489 978 mundus
503 949 659 979 universus,
676 954 708 974 ac
719 946 851 981 quidquid
864 949 906 973 est
920 953 998 974 crea-

215 1002 272 1025 tum
290 996 427 1031 diripitur.
444 995 512 1022 Eum
532 995 577 1030 qui
597 1001 659 1021 cum
677 993 778 1028 Moyse,
800 999 832 1018 ae
844 990 958 1022 ludatis,
972 995 1000 1018 et

215 1044 404 1072 sacerdotibus
426 1043 534 1070 locutus
550 1044 603 1071 est,
625 1039 799 1066 tenebrarum
823 1037 908 1065 fuisse
929 1037 1000 1072 prin-

213 1089 300 1125 cipem
316 1088 475 1116 existimat:
491 1094 524 1113 ex
540 1092 595 1120 quo
615 1084 731 1112 ellicilur
751 1082 923 1110 Christianos
937 1089 1000 1109 eum

212 1134 314 1162 Iudaeis
327 1141 359 1160 ac
374 1132 520 1168 gentilibus
533 1138 616 1158 unum
632 1134 659 1156 ct
674 1129 744 1156 idem
760 1136 830 1159 esse.
847 1132 940 1163 utpote
953 1128 1000 1163 qui

212 1181 338 1209 eundem
361 1179 446 1206 Deum
463 1181 636 1206 venerentur.
654 1176 706 1210 Qui
729 1183 778 1211 pro
799 1176 857 1203 suis
878 1175 939 1202 illos
952 1182 1001 1201 cu-

216 1226 376 1262 piditatibus
394 1224 505 1259 decipit,
527 1231 589 1250 eum
612 1223 680 1250 nihil
696 1223 787 1250 minus
803 1221 839 1248 sit
856 1229 939 1256 quam
955 1228 1001 1248 ve-

216 1272 306 1298 ritatis
321 1270 404 1297 Deus.
429 1269 520 1302 Quare
541 1269 588 1304 qui
613 1268 748 1303 ejusmodi
770 1267 825 1295 Deo
847 1267 999 1298 conﬁdunt,

216 1317 262 1352 qui
276 1324 337 1344 cum
354 1315 456 1350 Moyse,
472 1322 503 1341 ae
518 1313 657 1349 prophetis
673 1314 780 1340 locutus
797 1317 850 1345 est,
865 1312 1000 1339 vinciendi

214 1370 276 1390 eum
300 1362 347 1388 illo
366 1366 440 1394 sunt,
458 1360 586 1395 quoniam
611 1360 736 1398 veritatis
759 1360 785 1386 in
811 1358 866 1386 Deo
889 1358 1001 1385 minimc

215 1407 367 1436 conﬁdunt.
385 1407 452 1434 Nam
478 1407 524 1434 ille
552 1406 621 1433 alter
647 1413 695 1441 pro
723 1406 856 1441 ipsorum,
871 1405 910 1432 uti
933 1404 1000 1437 dixi,

215 1453 327 1482 libidine
358 1460 419 1480 cum
441 1453 481 1480 eis
508 1452 617 1479 locutus
649 1456 702 1479 est.
736 1451 802 1479 Post
827 1451 885 1478 lucc
909 1450 1001 1478 omnia

215 1504 354 1535 postremo
367 1504 396 1526 ut
405 1499 451 1525 ille
460 1497 582 1533 scripsit,
599 1498 645 1525 ubi
660 1505 744 1525 senex
759 1497 903 1533 imaginem
924 1503 1000 1523 suam

1050 267 1152 293 εἰκόνα
1175 267 1322 301 ἡμετέραν
1345 266 1395 293 καὶ
1423 267 1488 294 καθ’
1512 266 1665 300 ὁμοίωσιν,
1686 264 1702 300 ἦ
1723 264 1786 291 καθ’
1808 265 1843 299 ἣν

1050 312 1156 346 εῑδομεν
1176 312 1292 347 μορφὴν,
1309 313 1417 347 Ἄρχων
1431 311 1514 343 ἐστὶν,
1533 312 1547 337 6
1563 309 1648 337 εἰπὼν
1663 310 1718 342 τοῖς
1737 310 1843 345 ἑτέροις

1050 356 1189 392 ἄρχουσιν,
1204 357 1255 388 ὅτι,
1270 355 1362 388 Δεῦτε,
1376 356 1434 382 δότε
1453 365 1497 391 μοι
1516 357 1547 382 ἐκ
1567 355 1614 382 τοῦ
1629 354 1716 390 φωτὸς
1730 352 1761 382 οὗ
1779 355 1843 381 ἐλά-

1051 401 1148 436 ϐομεν,
1169 401 1218 428 καὶ
1235 401 1408 436 ποιήσωμεν
1431 401 1587 435 ἄνθρωπον
1606 400 1676 428 κατὰ
1696 400 1746 435 τὴν
1761 399 1842 435 ἡμῶν

1050 447 1105 474 τῶν
1119 448 1256 484 ἀρχόντων
1270 447 1386 483 μορφὴν.
1402 447 1462 474 καθ’
1475 447 1509 482 ἣν
1524 447 1639 482 εἴδομεν,
1655 447 1669 474 ὅ
1689 448 1747 473 ἐστι
1762 446 1839 482 πρῶ-

1026 512 1029 515 .
1050 501 1095 525 τος
1113 493 1270 529 ἄνθρωπος·
1285 493 1332 519 καὶ
1347 492 1435 524 οὕτως
1448 492 1538 519 ἔκτισε
1557 493 1602 519 τὸν
1614 492 1766 528 ἄνθρωπον.
1783 493 1841 527 Τὴν

1050 539 1078 565 δὲ
1091 538 1164 566 Εὒαν
1174 539 1274 574 ὁμοίως
1293 539 1413 570 ἔκτισαν,
1427 538 1517 569 δόντες
1540 538 1608 573 αὐτῇ
1623 539 1654 564 ὲκ
1677 537 1726 572 τῆς
1743 537 1838 563 ἐπιθυ-

1053 584 1117 618 μίας
1128 583 1228 616 αὐτῶν,
1246 583 1313 619 πρὸς
1329 583 1359 610 τὸ
1370 582 1539 618 ἐξαπατῆσαι
1551 582 1596 610 τὸν
1617 582 1702 618 ’Δδάμ
1713 591 1721 598 ·
1736 583 1783 609 καὶ
1797 582 1844 609 διὰ

1050 629 1152 656 τούτων
1179 630 1290 664 γέγονεν
1314 630 1331 664 ἡ
1348 629 1446 661 πλάσις
1469 628 1516 656 τοῦ
1537 628 1641 665 κόσμου
1664 629 1696 656 ὲκ
1720 629 1771 664 τῆς
1792 628 1843 656 τοῦ

1051 675 1178 711 ἄρχοντος
1191 675 1370 711 δημιουργίας

1086 721 1148 747 ΛΝ.
1161 721 1212 747 Τὸν
1234 720 1263 747 δὲ
1279 720 1345 747 Θεὸν
1364 721 1401 756 μὴ
1425 721 1498 756 ἔχειν
1521 720 1603 756 μέρος
1625 721 1683 756 μετ’
1694 720 1778 748 αὐτοῦ
1792 719 1844 746 τοῦ

1051 767 1165 802 κόσμου,
1183 766 1250 801 μηδὲ
1264 766 1369 802 χαίρειν
1386 767 1430 792 ἐπ’
1447 766 1532 801 αὐτῷ,
1554 766 1599 793 διὰ
1611 766 1642 793 τὸ
1652 766 1681 799 ἐξ
1695 766 1783 801 ἀρχῆς
1794 774 1844 792 σε·

1052 811 1182 846 συλῆσθαι
1191 811 1273 838 αὑτὸν
1287 811 1340 838 ὑπὸ
1353 811 1407 838 τῶν
1414 811 1562 847 ἀρχόντων,
1575 812 1621 838 καὶ
1630 811 1756 846 γενέσθαι
1766 811 1846 847 αὺτῷ

1052 855 1150 891 θλίψιν.
1164 856 1266 883 Τούτου
1276 857 1355 892 χάριν
1367 857 1470 892 πέμπει
1484 857 1531 883 καὶ
1547 857 1614 892 συλᾷ
1629 857 1676 883 ἀπ’
1692 857 1782 884 αὐτῶν
1790 857 1844 891 τὴν

1017 884 1037 914 Β
1051 884 1139 937 quin»:
1155 902 1236 928 αὑτοῦ
1252 884 1437 939 καθἸὴμέραν
1463 902 1508 929 διὰ
1533 902 1587 929 τῶν
1601 884 1756 938 τρωστήρων
1777 884 1841 928 102i-

1050 955 1115 980 των,
1128 947 1205 982 ἡλίου
1222 947 1270 974 καὶ
1295 948 1420 984 σελήνης,
1441 948 1487 983 ὑφ’
1501 945 1539 975 ὧν
1565 947 1624 980 ὅλος
1648 949 1662 974 6
1675 948 1776 983 κόσμος
1794 949 1845 975 καὶ

1051 994 1158 1029 πᾶσα-η
1183 993 1271 1026 κτίσις
1298 994 1461 1030 ἀρπάζεται,
1485 994 1535 1021 Τὸν
1550 994 1578 1020 δὲ
1606 994 1759 1030 λαλήσαντα
1772 994 1844 1030 μετὰ

1051 1039 1190 1072 Μωῡσὲως
1207 1039 1322 1066 καὶτῶν
1343 1040 1487 1073 Ἰουδαίων,
1516 1040 1563 1067 καὶ
1590 1040 1644 1066 τῶν
1663 1041 1768 1076 ἱερέων,
1794 1041 1844 1067 τὸν

1051 1084 1170 1120 ἄρχοντα
1184 1084 1258 1118 λέγει
1268 1082 1338 1112 εἶναι
1350 1085 1397 1112 τοῦ
1415 1086 1542 1117 σκότους·
1561 1086 1631 1113 ὥστε
1645 1086 1675 1113 ἐν
1686 1087 1738 1113 εῑσι
1750 1087 1798 1114 καὶ
1811 1087 1845 1114 τὺ

1050 1131 1117 1157 αὐτὸ
1131 1131 1158 1157 οἴ
1167 1139 1195 1157 τε
1208 1131 1365 1165 Χριστιανοὶ
1383 1132 1430 1159 καὶ
1443 1133 1466 1159 οἱ
1488 1133 1617 1162 Ἰουδαῖοι.
1629 1133 1676 1160 καὶ
1687 1134 1712 1160 οί
1728 1133 1843 1165 ἐθνικοὶ,

1051 1175 1095 1202 τὸν
1118 1176 1198 1202 αὑτὸν
1217 1177 1283 1203 Θεὸν
1302 1177 1435 1209 σέϐοντες.
1462 1178 1505 1204 Ἐν
1527 1178 1581 1213 γὰρ
1602 1180 1662 1210 ταῖς
1683 1179 1844 1213 ἐπιθυμίαις

1051 1220 1133 1247 αὐτοῦ
1159 1221 1285 1257 ἐξαπατᾷ
1309 1222 1419 1255 αὐτοὺς,
1433 1223 1481 1250 οὐκ
1493 1223 1531 1250 ὢν
1547 1223 1676 1260 ἀληθείας
1702 1224 1778 1256 Θεός.
1793 1226 1844 1252 Διὰ

1050 1266 1129 1294 τοῦτο
1151 1265 1197 1293 οὖν
1220 1268 1277 1295 ὅσοι
1299 1269 1341 1296 ἐπ’
1353 1270 1455 1296 ἐκεῖνον
1480 1269 1618 1302 ἐλπίζουσι
1641 1270 1685 1297 τὸν
1708 1270 1774 1297 Θεὸν
1795 1271 1843 1298 τὸν

1053 1313 1121 1348 μετὰ
1136 1314 1274 1346 Μωῡσέως
1299 1315 1452 1351 λαλήσαντα
1466 1316 1514 1342 καὶ
1537 1316 1591 1343 τῶν
1607 1317 1763 1352 προφητῶν,
1783 1319 1843 1352 μετ’

1051 1358 1133 1385 αὐτοῦ
1148 1358 1239 1394 έχουσι
1255 1360 1376 1395 δεθῆναι,
1389 1361 1431 1388 ὃτι
1452 1361 1502 1388 ούκ
1518 1361 1635 1397 ἤλπισαν
1654 1362 1699 1388 ἐπὶ
1717 1362 1762 1389 τὸν
1775 1363 1844 1390 Θεὸν

1050 1403 1100 1438 τῆς
1117 1403 1253 1438 ἀληθείας.
1274 1406 1392 1438 Ἐκεῖνος
1407 1406 1461 1442 γὰρ
1477 1407 1547 1434 κατὰ
1564 1407 1614 1438 τὰς
1627 1407 1774 1442 ἐπιθυμίας
1791 1409 1844 1434 αὺ-

1051 1447 1106 1473 τῶν
1122 1448 1236 1484 ὲλάλησε
1251 1450 1310 1484 μετ’
1330 1451 1430 1477 αὐτῶν.
1454 1452 1532 1479 Μετά
1553 1452 1581 1479 δὲ
1596 1452 1684 1479 πάντα
1695 1452 1781 1480 ταῦτα
1796 1453 1845 1480 ἐπὶ

1052 1492 1123 1519 τέλει
1133 1492 1218 1528 λέγει,
1235 1494 1326 1527 καθὼς
1334 1496 1414 1528 αὐτὸς
1429 1496 1558 1532 ἔγραψεν,
1571 1497 1585 1524 ὁ
1600 1497 1766 1534 πρεσὸύτης,
1777 1499 1844 1526 ὅταν

215 1545 373 1577 ostenderit,
394 1549 460 1572 tunc
482 1544 593 1578 Bajulus
607 1548 708 1571 terram
729 1548 806 1572 extra
833 1552 863 1572 se
877 1543 999 1574 dimittit.

1054 1540 1178 1574 προφανῇ
1196 1540 1277 1566 αὑτοῦ
1294 1541 1343 1576 τὴν
1359 1541 1461 1573 είκόνα,
1479 1543 1539 1569 τότε
1556 1543 1570 1569 ό
1588 1543 1735 1578 Ὡμοφόρος
1759 1544 1843 1580 ἀφίη-

215 1590 332 1626 indeque
351 1590 497 1618 vehemens
522 1589 592 1624 ignis
611 1597 759 1624 erumpens
779 1590 910 1616 mundum
938 1597 1002 1617 cou-

214 1637 297 1664 sumit
318 1636 486 1668 universum.
507 1635 607 1663 Deinde
628 1635 733 1670 glebam
751 1643 822 1663 novo
841 1643 904 1662 cum
926 1643 1002 1663 teonc

215 1682 309 1714 mittit,
329 1685 360 1709 ut
380 1689 476 1710 omnes
503 1686 677 1717 peccatorum
697 1682 795 1709 animae
819 1682 845 1709 in
869 1687 1001 1709 aeternum

214 1728 329 1755 vinculis
353 1727 508 1755 eonsuieta
525 1730 680 1754 teneantur.
704 1726 769 1760 Qute
787 1730 845 1754 tum
863 1726 999 1759 accident,

210 1781 276 1802 cum
300 1773 479 1801 simulacrum
501 1772 652 1800 advenerit.
669 1771 808 1807 Quidquid
828 1780 891 1800 vero
906 1780 1002 1808 propa-

208 1824 284 1855 gata:
300 1819 403 1847 sobolis
417 1823 471 1851 est.
495 1822 560 1853 puta
576 1817 668 1851 Jesus,
693 1818 740 1852 qui
765 1818 871 1846 minore
891 1819 1001 1854 navigio

214 1866 333 1896 vehitur,
348 1869 377 1892 et
392 1865 453 1892 vita:
468 1869 556 1892 mater
573 1868 599 1892 et
614 1864 810 1899 gubernatores
822 1871 871 1896 xu,
887 1868 914 1891 et
932 1865 1002 1892 lucis

215 1911 302 1945 virgo,
318 1913 346 1937 et
365 1910 465 1937 tertius
484 1917 578 1943 senex,
601 1909 648 1944 qui
667 1909 695 1936 in
714 1908 818 1944 majore
834 1908 943 1943 navigio
957 1917 1000 1936 rc-

207 1954 298 1986 sidot,
315 1961 368 1981 una
383 1961 445 1980 cum
459 1954 522 1981 vivo
534 1953 643 1990 spiritu,
655 1957 682 1980 et
695 1952 814 1988 ingentis
827 1952 898 1988 ignis
910 1960 999 1985 muro,

214 2000 343 2035 ventique
355 2000 458 2035 pariter
481 2006 570 2032 muro,
589 2002 617 2026 et
635 1998 718 2031 aeris,
734 2005 821 2033 aqum,
845 1997 954 2032 vivique
974 2003 1001 2025 et

213 2046 360 2073 exterioris
379 2045 460 2080 ignis,
479 2045 549 2079 apud
564 2043 692 2079 exiguum
712 2043 788 2071 sidus
804 2043 938 2076 habitant,
951 2044 1001 2071 do-

215 2099 266 2119 nec
291 2090 447 2118 incendium
468 2090 630 2117 universum
651 2088 782 2116 mundum
808 2088 952 2123 absumat;
974 2089 1000 2117 id

214 2137 287 2172 quod
306 2142 382 2164 certo
397 2143 531 2163 annorum
550 2135 639 2170 spatio
654 2134 804 2169 continget,
818 2142 936 2169 quorum
949 2143 1000 2162 nu-

214 2191 319 2211 merum
337 2181 441 2210 nescio.
460 2181 573 2215 Quibus
596 2181 727 2216 perfectis
746 2185 852 2208 natum
869 2180 929 2208 dua:
944 2181 998 2216 pri-

1053 1593 1096 1610 σιν
1110 1584 1163 1617 ἔξω
1172 1584 1220 1620 τὴν
1235 1587 1296 1621 γῆν,
1321 1587 1367 1614 καὶ
1381 1587 1466 1620 οὕτως
1485 1589 1631 1615 ἀπολύεται
1644 1589 1673 1616 τὸ
1691 1590 1762 1624 μέγα
1774 1590 1842 1626 τιῦρ,

1053 1631 1101 1657 καὶ
1123 1630 1184 1657 ὅλον
1208 1631 1348 1659 ἀναλίσκει
1362 1633 1408 1660 τὸν
1424 1635 1535 1669 κόσμον.
1556 1634 1622 1661 Εἶτα
1647 1635 1728 1662 πάλιν
1744 1636 1844 1671 ἀφίησι

1051 1676 1098 1703 τὸν
1114 1676 1199 1712 βῶλον
1219 1677 1289 1712 μετὰ
1301 1678 1347 1704 τοῦ
1361 1678 1421 1705 νέου
1437 1679 1550 1711 Δίῶνος,
1563 1680 1637 1712 ὅπως
1651 1681 1736 1707 πᾶσαι
1752 1682 1780 1707 al
1791 1681 1844 1716 ψυ-

1052 1724 1099 1759 χαὶ
1111 1724 1165 1752 τῶν
1184 1724 1354 1760 ἁμαρτωλῶν
1378 1725 1491 1752 δεθῶσιν
1505 1726 1546 1757 είς
1567 1725 1611 1752 τδν
1625 1726 1720 1753 αἰῶνα.
1736 1727 1803 1753 Τότε
1813 1727 1844 1753 δὲ

1052 1769 1138 1798 ταῦτα
1153 1771 1308 1806 γενήσεται,
1324 1771 1387 1798 ὅταν
1400 1772 1414 1798 ὸ
1428 1771 1539 1807 ἀνδριὰς
1551 1771 1625 1809 ἔλθῃ.
1647 1773 1680 1798 Δί
1694 1772 1722 1799 δὲ
1746 1772 1845 1808 προϐο-

1051 1815 1096 1843 λαὶ
1113 1817 1209 1850 πᾶσαι,
1237 1817 1252 1843 ὁ
1270 1815 1384 1852 Ἰησοῦς,
1404 1817 1418 1843 6
1432 1817 1461 1843 ὲν
1477 1816 1516 1853 τῷ
1530 1817 1621 1854 μικρῷ
1642 1817 1735 1854 πλοίῳ,
1764 1818 1812 1846 καὶ
1825 1819 1843 1854 ἠ

1053 1862 1146 1897 μήτηρ
1157 1862 1207 1896 τῆς
1218 1861 1300 1897 ζωῆς,
1332 1862 1378 1889 καὶ
1391 1862 1416 1889 oi
1439 1862 1543 1889 δώδεκα
1557 1863 1732 1900 κυὸερνῆται,
1758 1865 1805 1891 καὶ
1824 1866 1843 1901 ἡ

1051 1906 1186 1942 παρθένος
1196 1906 1243 1933 τοῦ
1255 1907 1354 1941 φωτὸς,
1377 1908 1424 1934 καὶ
1437 1907 1451 1934 6
1477 1908 1633 1945 πρεσϐύτης
1645 1909 1658 1936 6
1671 1909 1772 1945 τρίτος,
1787 1911 1802 1937 6
1813 1911 1844 1937 ἐν

1051 1953 1090 1988 τῷ
1105 1952 1215 1988 μεγάλῳ
1231 1952 1324 1988 πλοίῳ,
1339 1953 1386 1980 καὶ
1400 1953 1430 1980 τὸ
1443 1953 1498 1986 ζῶν
1525 1955 1634 1990 πνεῦμα
1649 1955 1696 1982 καὶ
1713 1956 1742 1982 τὺ
1754 1957 1844 1991 τεῖχος

1051 1997 1097 2024 τοῦ
1108 1998 1227 2034 μεγάλου
1242 1999 1338 2034 πυρὸς,
1362 1999 1408 2026 καὶ
1429 1999 1460 2026 τὸ
1486 2001 1575 2036 τεῖχος
1588 2001 1635 2028 τοῦ
1665 2001 1776 2037 ἀνέμου,
1795 2002 1843 2029 καὶ

1050 2043 1096 2070 τοῦ
1113 2043 1204 2079 ἀέρος.
1216 2044 1322 2070 καὶτοῦ
1337 2045 1441 2079 ὕδατος,
1456 2046 1502 2072 καὶ
1520 2046 1567 2072 τοῦ
1579 2046 1679 2073 ἔσωθεν
1692 2047 1777 2082 πυρὸς
1794 2047 1841 2073 τοῦ

1051 2088 1162 2121 ζῶντος,
1178 2089 1246 2124 πρὸς
1261 2089 1307 2116 τδν
1321 2090 1419 2126 μικρὸν
1446 2092 1578 2127 φωστῆρα
1601 2091 1730 2124 οἰκοῦσιν,
1761 2092 1842 2128 ἄχρις

1051 2135 1084 2162 ἂν
1095 2135 1125 2162 τὸ
1138 2135 1194 2171 πῦρ
1206 2136 1383 2172 καταναλώσῃ
1404 2137 1450 2163 τὸν
1474 2137 1574 2172 κόσμον
1604 2138 1673 2171 ὅλον,
1700 2139 1729 2165 ὲν
1747 2140 1842 2171 ποσοῖς

1052 2188 1116 2207 ποτε
1131 2180 1229 2213 ἔτεσιν,
1245 2178 1282 2208 ὧν
1295 2182 1344 2208 οὐκ
1357 2182 1457 2217 ἔμαθον
1477 2182 1527 2218 τὴν
1544 2184 1688 2218 ποσότητα.
1702 2184 1756 2210 Καὶ
1772 2184 1841 2218 μετὰ

213 2230 315 2257 stinum
335 2228 362 2255 in
385 2231 486 2256 statum
508 2227 684 2255 restituenda
709 2230 783 2260 sunt,
807 2233 840 2254 ac
859 2226 999 2261 principes

1052 2225 1139 2253 ταῦτα
1148 2226 1369 2259 ἀποκατάστασις
1385 2227 1460 2255 ἔσται
1476 2228 1531 2256 τῶν
1549 2229 1595 2256 δύο
1617 2229 1733 2264 φύσεων.
1746 2231 1802 2261 Καὶ
1814 2231 1840 2257 oi

212 2275 343 2303 inferiora
363 2274 468 2302 sedium
486 2281 597 2301 suarum
613 2273 742 2304 incolcnt,
765 2273 906 2308 superiora
920 2271 1000 2300 Pater

212 2321 369 2356 occupabit,
387 2328 420 2347 ac
439 2320 527 2347 locum
548 2326 627 2347 suum
654 2319 776 2353 recipiet.
795 2317 870 2346 llanc
889 2325 998 2345 onmem

214 2367 367 2394 doctrinam
391 2364 556 2392 Manichaeus
588 2365 677 2392 tribus
703 2363 845 2399 discipulis
867 2363 997 2395 tradidit,

212 2412 359 2446 variasque
379 2411 408 2438 in
432 2410 557 2446 regiones
571 2410 687 2438 dimisit.
709 2409 792 2437 Adda:
805 2408 902 2438 Oriens
923 2409 998 2437 obti-

214 2458 262 2492 git,
288 2456 399 2483 Thomm
425 2455 514 2491 Syria,
537 2455 669 2483 llermeas
700 2455 770 2484 alius
796 2456 824 2483 in
849 2455 996 2491 Egyptum

215 2500 353 2536 proiectus
364 2504 417 2532 est,
430 2499 530 2534 quibus
546 2499 573 2526 in
590 2500 657 2527 locis
675 2500 709 2527 ad
726 2500 887 2527 hodiernum
911 2508 998 2534 usque

212 2547 283 2574 diem
299 2550 418 2578 manent,
434 2545 533 2580 ubique
543 2544 734 2581 shadogma
751 2553 830 2574 suum
847 2554 880 2574 ac
894 2551 997 2575 sectam

212 2592 337 2620 stabilire
352 2590 530 2618 contendunt.

247 2677 355 2707 XXXII.
378 2677 440 2706 ihec
459 2686 510 2713 ego
534 2686 567 2706 ex
586 2678 712 2705 Archelai
730 2678 806 2706 libro
821 2679 997 2713 proponenda

211 2728 316 2761 putavi.
331 2729 419 2761 Atque
434 2724 490 2752 haec
507 2725 606 2752 scholae
623 2724 695 2751 illius
707 2724 914 2759 disciplinaque
931 2732 997 2752 con—

213 2772 357 2799 sumenda:
372 2771 442 2799 ratio
461 2770 522 2804 fuit,
537 2778 584 2806 per
603 2777 685 2805 quam
699 2770 793 2798 lolium
818 2771 845 2798 in
862 2771 995 2799 mundum

255 2855 262 2866 '
274 2857 342 2885 Gen.
358 2866 376 2892 I,
388 2859 430 2886 26.
475 2859 485 2874 ¹
495 2858 561 2895 Leg.
574 2859 703 2894 κλίματα.
745 2861 755 2876 ³
767 2859 796 2887 F.
819 2860 977 2893 συνέστησε.

1050 2272 1179 2307 ἄρχοντες
1195 2273 1334 2307 οἰκήσουσι
1345 2273 1379 2300 τὰ
1395 2273 1537 2310 κατώτερα
1555 2275 1624 2310 μέρη
1633 2275 1752 2307 «ἑαυτῶν,
1771 2276 1785 2302 ὁ
1810 2277 1838 2303 δι

1051 2317 1144 2353 Πατὴρ
1156 2318 1190 2345 τὰ
1205 2318 1339 2355 ἀνώτερα,
1369 2319 1399 2346 τὺ
1417 2319 1480 2346 ἴδιον
1500 2321 1654 2348 ἀπολαϐών.
1682 2322 1791 2357 Ταύτην
1809 2323 1837 2349 δὲ

1051 2364 1140 2390 πᾶσαν
1153 2364 1203 2398 τὴν
1223 2364 1395 2392 διδασκαλίαν
1421 2366 1562 2401 παρέδωκε
1576 2368 1632 2398 τοῖς
1655 2367 1744 2402 τρισὶν
1757 2367 1838 2394 αὑτοῦ

1052 2409 1194 2445 μαθηταῖς,
1207 2410 1336 2443 κελεύσας
1361 2411 1475 2438 ἕκαστον
1499 2413 1539 2444 είς
1566 2412 1712 2448 κλήματα¹
1725 2413 1836 2446 ὁδεύειν,

1049 2451 1104 2480 Καὶ
1117 2454 1133 2480 ὸ
1153 2454 1203 2489 μὲν
1225 2455 1316 2487 mssa;
1337 2456 1371 2483 τὰ
1392 2456 1441 2491 τῆς
1461 2456 1604 2491 ’Δνατολῆς
1620 2457 1690 2493 μέρη
1705 2457 1809 2492 ἔλαχεν,
1823 2457 1838 2482 ὁ

1051 2497 1079 2524 δὲ
1089 2499 1190 2534 Θωμᾶς
1205 2500 1254 2536 τὴν
1271 2500 1364 2535 Σύρων
1378 2501 1430 2536 γῆν
1451 2501 1639 2537 κεκλήρωται·
1670 2501 1798 2537 Ἑρμείας
1809 2501 1837 2528 δὲ

1051 2543 1130 2576 ἄλλος
1140 2543 1189 2580 τὴν
1202 2545 1242 2576 είς
1254 2545 1388 2579 Αἴγυπτον
1399 2546 1511 2582 πορείαν
1523 2547 1669 2582 ἐποιήσατο
1677 2554 1684 2561 ·
1697 2547 1744 2572 καὶ
1757 2546 1838 2582 μέχρι

1053 2590 1171 2625 σήμερον
1187 2591 1277 2617 ἐκεῖσε
1297 2590 1474 2626 διατρίϐουσι,
1499 2591 1549 2626 τὴν
1564 2590 1610 2618 τοῦ
1624 2591 1759 2627 δόγματος
1773 2591 1838 2618 ὑπό-

1053 2633 1125 2661 θεσιν
1137 2635 1233 2670 στῆσαι
1249 2635 1379 2669 θέλοντες.

1086 2680 1148 2707 ΛΒ¹.
1163 2681 1256 2708 Ταῦτά
1270 2683 1343 2709 ἐστιν
1354 2684 1426 2719 ἅπερ
1439 2683 1540 2718 ἐθέμην
1554 2682 1608 2710 ἀπὸ
1623 2681 1670 2709 τοῦ
1691 2680 1836 2718 ’Δρχελάου

1051 2725 1153 2761 βιϐλίου
1164 2727 1209 2754 τοῦ
1223 2728 1430 2764 προειρημένου.
1443 2729 1498 2756 Καὶ
1513 2729 1583 2757 οὕτω
1598 2728 1711 2764 συνέστη
1724 2728 1735 2743 ³
1746 2727 1777 2754 τλι
1790 2727 1837 2755 αὺ-

1049 2773 1096 2799 τοῦ
1108 2773 1292 2801 διδασκαλεῖον
1304 2774 1475 2806 ζιζανιώδους
1494 2775 1523 2801 ὲν
1547 2775 1643 2810 κόσμῳ
1660 2773 1775 2808 σπορᾶς,
1790 2771 1836 2798 καὶ
