1939 3036
92 150 126 180 8|
421 150 607 179 ADVERSUS
626 150 705 178 "(ER
711 150 795 178 ESES
814 149 878 178 LIB.

948 150 1028 178 TOM.
1049 150 1080 177 ll.
1100 167 1134 171 —
1152 150 1288 177 ll/ERES.
1306 149 1396 177 LXVI.
1691 151 1730 177 89.

92 209 128 237 τὰ
145 207 290 244 ζιζανιώδτι
307 207 356 244 τῆς
372 208 454 236 αὑτοῦ
467 209 641 241 διδασκαλίας
655 209 797 245 ὲξεμέσας.
811 209 884 236 Πόσα

941 208 1146 236 disseminatum
1170 213 1222 237 est.
1248 208 1316 235 Iluie
1339 207 1413 235 enim
1438 205 1536 234 semini
1559 204 1724 233 simillimam

91 254 122 280 δέ
136 262 178 285 τις
191 253 338 289 ὑπενέγκοι
351 254 420 289 πρὶς
434 255 483 289 τὴν
494 255 629 290 τοσαύτην
640 254 766 290 διαὸολὴν
775 254 822 280 τοῦ
839 263 884 290 μι-

94 299 211 334 μολόγου
223 299 328 333 τούτου,
346 300 384 332 ὼς
398 301 479 328 παντί
499 310 550 328 που
564 301 644 336 δῆλον
654 300 714 336 εῐηῐ
732 301 790 328 Κάν
799 309 829 327 τε
848 300 885 336 μὴ

91 344 273 376 ἐπιξεσθῶσιν
287 345 316 371 αι
343 345 430 378 λέξεις
456 345 525 382 πρὸς
544 346 709 382 ἀνατροπὴν,
725 346 886 382 ἀρκέσουσιν

92 391 134 422 εἰς
145 390 276 426 αἰσχύνην
291 391 371 426 μόνον
382 391 412 417 τὸ
429 392 538 425 εἰδέναι,
561 392 601 418 ὅτι
616 391 702 418 ταῦτα
717 392 783 427 παρ’
794 391 886 424 αὐτοῖς

92 436 283 472 νομιστεὺεται
300 436 440 464 ἀσύστατα
456 438 530 470 ὄντα,
548 438 596 465 καὶ
619 437 754 473 μηδεμίαν
773 437 886 472 δύναμιν

93 481 202 516 ἔχοντα.
218 482 259 508 Τὰ
275 483 325 517 μὲν
338 483 391 519 γὰρ
416 484 513 519 πρῶτα
530 485 558 511 ὲν
585 485 641 516 τοῖς
657 483 791 518 δευτέροις
803 492 887 510 κατα-

91 528 154 554 λύει
165 537 172 543 ·
190 528 226 555 τὰ
249 528 277 555 δὲ
292 529 407 565 δεύτερα
425 529 508 565 ἕτερα
522 531 597 566 παρά
609 531 644 558 τὰ
660 531 754 566 πρῶτα
769 531 885 566 φθέγγε-

91 581 150 601 ται.
172 573 232 601 ὀτὲ
249 574 299 608 μὲν
313 575 366 611 γὰρ
381 576 426 602 τὸν
442 576 543 611 κόσμον
561 577 594 603 ὲκ
610 576 678 603 Θεοῦ
690 577 762 603 θέλει
775 577 888 612 γεγενῆ-

93 618 169 649 σθαι,
187 618 232 644 ὁτὲ
245 618 274 645 δὲ
291 620 323 646 ὲκ
334 620 388 647 τῶν
401 621 550 656 ἀρχόντων,
567 620 668 648 καὶτὸν
681 621 748 648 Θεὸν
765 621 802 657 μὴ
815 621 887 657 ἔχειν

95 665 137 695 εἰς
153 663 200 690 τὸν
219 664 321 699 κόσμον
336 674 363 691 τι
387 666 483 698 αἴτιον,
507 665 576 693 ἀλλὰ
586 666 770 702 ἀπολλύμενον
781 667 826 693 τὸν
841 667 887 694 κό-

94 717 174 743 σμον.
203 710 272 736 Ποτὲ
287 709 316 736 δὲ
340 711 371 737 τὸ
388 711 532 747 στερέωμα
555 712 675 748 δέρματα
689 710 758 738 εἶναι
771 712 824 738 τῶν
839 712 889 748 ἁρ-

92 753 197 787 χὸντων
211 753 321 788 φάσκει,
334 754 399 781 ποτὲ
414 755 443 781 δὲ
461 755 642 791 σταυροῦσθαι
655 755 725 782 αὐτὰ
736 756 792 782 άνω
804 756 833 783 ὲν
850 755 888 791 τῷ

94 798 179 834 πόλῳ,
192 799 372 834 κατατρέχειν
395 800 442 826 καὶ
472 802 622 836 συννεφεῖν,
648 801 695 828 καὶ
718 801 814 836 ὀργᾷν,
841 803 889 828 καὶ¹

93 844 298 880 ὲξοιστροῦσθαι
315 845 385 881 πρὸς
405 845 455 881 τὴν
464 847 513 882 τῆς
525 847 660 882 παρθένου
673 846 747 881 θέαν,
758 847 806 874 καὶ
820 848 889 883 πρὸς

93 890 144 926 τὴν
158 890 313 926 ὡραιότητα
328 890 375 918 τοῦ
389 891 507 920 νεανίου.

130 1021 188 1048 Kal
202 1021 225 1048 ὣ
236 1021 335 1057 πολλῆς
345 1021 490 1058 αίσχὺνηςί
505 1023 537 1049 Τι
550 1022 603 1057 γὰρ
612 1023 707 1049 τούτου
723 1022 888 1058 μοχθηρότε-

97 1075 155 1102 ρον,
175 1067 338 1103 ἀηδέστερόν
365 1076 395 1094 τε
420 1068 467 1094 καὶ
489 1069 698 1105 αῑσχρότατον¹,
727 1067 758 1095 τὸ
780 1067 888 1103 θήλειαν

96 1112 185 1148 ἑαυτῷ
204 1112 358 1139 ἀνατυποῦν
380 1114 411 1140 τὸ
424 1113 536 1149 Πνεῦμα
552 1114 602 1149 τῆς
618 1113 763 1149 ἀληθείαςς
793 1113 836 1139 ότὲ
859 1112 887 1138 δὲ

96 1158 274 1194 άρῤενοειδῶς
284 1158 449 1186 όπτάνεσθαι
469 1161 526 1191 τοῖς
543 1159 687 1195 ἀρχουσινς
705 1158 821 1195 Aiaxpr
839 1158 888 1194 μὲν

96 1204 151 1240 γὰρ
166 1206 304 1240 παροινεῖν
323 1205 354 1232 τὸ
381 1205 464 1241 ἄνδρα
478 1205 687 1240 θηλυεύεσθαι¹,
713 1205 761 1231 καὶ
792 1205 820 1232 ὲν
841 1204 888 1240 θη-

96 1250 171 1281 λείας
191 1251 281 1286 μορφῇ
297 1250 447 1286 ὑπάρχειν·
467 1250 644 1286 αἰσχρότατον
666 1250 695 1276 δὲ
709 1250 790 1276 πάλιν
810 1249 840 1276 τὸ
854 1249 888 1276 τά

95 1293 196 1329 γύναια
213 1295 416 1330 ἀνδραῖζεσθαι,
437 1295 486 1322 καὶ
498 1295 546 1322 τοῦ
565 1295 659 1330 ἀνδρὸς
673 1295 766 1330 φέρειν
781 1295 811 1321 τὸ
823 1295 889 1330 σχῆ-

98 1349 145 1376 μα.
160 1340 215 1366 Kal
230 1340 290 1373 πῶς
305 1341 366 1376 οὐχὶ
381 1341 481 1376 ἀρετῆς
490 1341 520 1367 ὃν
531 1340 642 1376 Πνεῦμα
656 1341 704 1367 καὶ
719 1341 799 1377 θεῖον,
816 1341 889 1377 ὑϐρι-

96 1385 211 1420 ζόμενον
234 1385 334 1420 μᾶλλον
347 1386 525 1422 εὑρεθήσεται
547 1386 623 1422 παρὰ
642 1386 689 1413 τοῦ
702 1376 888 1422 πλαστουργοῦ

96 1430 191 1457 τούτου
200 1430 297 1466 Μάνη;
311 1431 372 1463 Πῶς
386 1431 414 1457 δὲ
422 1431 447 1458 οἱ
457 1431 617 1467 ὲκδαρέντες
632 1431 812 1467 οίστροῦνται,
826 1431 888 1465 λέγε

98 1486 154 1512 μοι,
170 1474 193 1504 ὢ
206 1474 297 1510 οὗτοςῖ,
316 1477 375 1509 πῶς
389 1477 418 1504 δὲ
432 1477 501 1513 μετὰ
511 1477 541 1504 τὸ
557 1477 744 1513 σταυρωθῆναι
761 1477 889 1513 ἐξεδάρη-

97 1531 146 1549 σαν
160 1530 167 1553 ;
183 1522 255 1548 Εἰδὲ
272 1522 319 1549 καὶ
343 1522 546 1558 ἐπαύρωνται,
568 1522 626 1554 πῶς
655 1523 827 1558 ἐπιτρέχουσι
854 1524 886 1558 τῇ

97 1567 289 1602 ἀῳαντουμένῃ
302 1575 309 1600 ;
324 1567 372 1598 Τίς
400 1567 429 1593 δὲ
447 1567 570 1600 ἀνέξεται
585 1567 632 1594 τοῦ
655 1568 824 1603 βλασφήμου,
841 1568 887 1596 τοῦ

97 1613 151 1639 ἀπὸ
165 1612 286 1648 ἱδρώτων
302 1613 439 1648 ἀρχόντων
455 1614 529 1648 ἡμᾶς
545 1614 693 1650 τρέφεσθαι
716 1614 887 1650 ὁριζομένου,

99 1659 144 1684 καὶ
156 1657 210 1684 ἀπὸ
223 1658 374 1693 ἐκκρίσεως
389 1658 567 1693 αἰσχρότηττκ
582 1658 625 1685 τὸν
638 1658 716 1685 ὑετὸν
729 1660 795 1694 ἡμῖν
806 1667 889 1685 κατα-

98 1702 274 1738 migrassem;
301 1703 386 1730 Πόθεν
407 1703 436 1730 δὲ
463 1703 543 1735 αὐτὸς
566 1704 642 1739 πόμα
669 1704 740 1730 πίνει
762 1704 792 1737 ἐξ
805 1705 889 1732 ὑετῶν

98 1749 250 1785 ἀρυόμενος
267 1749 337 1785 μετὰ
362 1749 417 1776 τῶν
433 1750 507 1776 ἰδίων
522 1750 605 1776 αὑτοῦ
619 1750 766 1785 μαθητῶν;
784 1750 846 1782 Πῶς
861 1751 890 1777 δὲ

98 1794 129 1820 οὑ
146 1795 348 1828 καταγέλαστος
360 1794 414 1829 εἴη,
434 1794 590 1830 ἡττώμενος
609 1796 640 1830 τῇ
657 1794 709 1821 τῶν
726 1794 890 1830 σωματικῶν

98 1840 188 1875 χρείᾳ,
204 1839 319 1876 ἱδρῶτας
331 1841 431 1871 πίνων;
445 1840 499 1867 Kal
509 1840 562 1877 γὰρ
572 1841 693 1876 ἁμαρτία
705 1840 831 1876 διάφορος
841 1841 891 1875 μὲν

100 1886 218 1922 ὑπάρχει
228 1895 234 1900 -
249 1886 280 1912 οὐ
289 1886 408 1921 τοσαύτη
422 1886 450 1912 δὲ
463 1885 538 1912 ἔσται
551 1887 567 1921 ἡ
579 1886 697 1922 τιμωρία
708 1885 747 1921 τῷ
757 1886 891 1917 ἀκουσίως

99 1931 295 1967 ἁμαρτάνοντι,
316 1932 354 1963 ὼς
369 1931 399 1958 τδ
413 1931 480 1967 μετὰ
494 1931 620 1963 ἑκουσίας
634 1931 746 1966 γνώμης
757 1931 788 1958 τὸ
799 1931 890 1967 ἀμάρ-

98 1985 175 2012 τημα
185 1977 362 2003 ἐπιτελοῦντι.
379 1977 411 2003 Ol
424 1976 474 2012 μὲν
486 1977 540 2013 γὰρ
557 1976 632 2004 ἄλλοι
644 1976 791 2012 ἀνθρωττοι,
810 1977 833 2003 sl
845 1976 892 2002 καὶ

99 2023 186 2054 οὑτως
200 2020 244 2057 ἦν,
258 2023 326 2057 ὅπερ
343 2022 380 2058 μὴ
396 2022 510 2056 γένοιτο,
527 2022 691 2056 φαντάζεται
705 2021 759 2057 γὰρ
775 2023 789 2048 ό
804 2023 892 2057 ἐμμα-

100 2068 164 2102 νής·
181 2067 251 2103 πλὴν
274 2068 297 2094 οι
314 2066 475 2101 ἀγνοοῦντες
504 2067 618 2101 ἱδρῶτας
633 2068 680 2094 καὶ
696 2066 834 2102 ἐκκρίσεις
847 2067 891 2093 αι-

101 2113 196 2149 σχράς,
210 2113 251 2139 ὃτι
265 2111 421 2148 ὑδρεύονται
439 2111 486 2139 καὶ
506 2112 624 2145 πίνουσι,
641 2112 809 2146 σύγγνωστοι
825 2106 893 2147 μᾶλ-

99 2158 145 2185 λον
160 2158 251 2190 ἐλέους
266 2158 432 2194 ὑπάρχουσιν
454 2158 527 2193 ἢπερ
541 2158 555 2184 ό
582 2157 651 2192 μετὰ
679 2156 726 2183 τοῦ
744 2157 892 2189 συνειδότος

937 253 1092 282 doctrinam
1117 254 1250 281 evomuit.
1272 253 1359 286 Quam
1381 252 1466 279 multa
1492 258 1575 286 porro
1592 249 1725 277 adversus

936 304 1040 327 tantam
1069 299 1213 327 histrionis
1237 299 1320 334 hujus
1344 297 1511 325 calumniam
1538 295 1638 330 opponi
1663 302 1726 329 pos-

936 349 1000 373 sunt
1017 355 1025 372 :
1040 345 1113 381 quod
1131 345 1279 380 unicuique
1300 347 1429 373 constare
1447 347 1545 378 potest.
1560 343 1599 369 Ac
1616 340 1723 368 tametsi

937 390 1073 425 perpolita
1094 391 1121 417 in
1141 389 1287 417 refutando
1303 395 1475 423 nequaquam
1493 386 1657 414 adhibeatur
1667 392 1727 412 ora-

936 436 987 469 tio,
1007 436 1075 464 satis
1099 436 1133 463 ad
1153 434 1342 463 ineutiendum
1364 434 1418 461 illis
1438 432 1568 468 pudorem
1587 431 1679 462 fuerit,
1699 436 1726 458 ut

936 482 964 510 id
988 481 1157 516 intelligatur
1179 480 1315 516 ejusmodi
1343 480 1377 506 ab
1397 479 1451 506 illis
1469 477 1578 505 decreta
1604 475 1724 508 defendi,

936 535 997 562 quae
1015 531 1144 554 constare
1161 526 1212 553 sibi
1235 528 1382 560 nequeant,
1397 531 1485 559 neque
1500 523 1555 550 vim
1575 522 1657 549 ullam
1679 525 1726 548 aut

937 573 1047 609 pondus
1062 573 1192 601 habeant.
1206 571 1314 599 Etenim
1331 571 1422 605 priora
1435 568 1634 605 posterioribus
1646 575 1724 595 ever-

937 608 979 650 tit,
992 619 1144 654 posteriora
1164 618 1244 653 longe
1269 625 1282 644 a
1295 608 1447 652 “prioribus
1463 615 1571 642 diversa
1587 613 1725 649 proponit.

938 663 1066 691 Mundum
1086 664 1153 692 alias
1178 671 1194 690 a
1220 662 1274 690 Deo
1296 661 1460 697 productum
1484 659 1593 692 asserit,
1619 659 1687 686 alias
1710 666 1726 685 ιι

938 709 1118 745 principibus,
1136 713 1166 736 ut
1179 709 1240 744 ejus
1254 709 1330 736 nulla
1346 716 1377 736 cx
1396 711 1474 743 parte
1486 713 1570 734 causa
1589 705 1624 733 sit
1643 703 1727 736 Deus,

938 754 985 782 sed
1006 760 1033 781 ct
1051 755 1110 789 ipse
1131 756 1250 782 mundus
1269 754 1395 781 intereat.
1419 751 1622 786 Nonnunquam
1638 750 1726 776 ﬁrma-

939 804 1058 827 mentum
1076 800 1160 835 pelles
1182 807 1243 828 esse
1260 799 1413 835 principum
1429 798 1525 829 docet,
1549 803 1619 832 quos
1644 795 1726 822 inter-

939 844 1003 872 dum
1018 852 1101 880 supra
1118 845 1145 872 in
1161 845 1223 880 polo
1242 845 1270 872 in
1286 851 1370 871 cruce
1390 842 1502 871 suliixos
1518 849 1580 870 esse
1598 840 1677 872 dicit,
1693 847 1726 867 ac

903 881 924 908 Β
938 887 1104 922 discurrere,
1121 891 1148 916 et
1165 888 1239 916 velut
1254 888 1342 916 nubes
1362 887 1511 919 obducere,
1529 885 1725 921 prorilarique,

939 936 966 960 et
984 933 1106 960 libidinis
1124 932 1244 961 stimulis
1264 933 1297 960 ad
1314 935 1455 967 aspectum
1474 931 1600 966 virginis,
1618 933 1646 957 et
1662 929 1727 957 ado-

938 977 1067 1005 lescentis
1078 977 1466 1012 pulchritudinem'concitari.

973 1021 996 1050 Ο
1014 1022 1155 1050 infamiam
1175 1022 1359 1059 singularem!
1374 1022 1445 1055 Quid
1461 1021 1533 1050 enim
1552 1020 1616 1056 tingi
1638 1023 1727 1055 potest

938 1067 1107 1103 improbius?
1118 1067 1185 1103 quid
1199 1068 1342 1096 molestius
1360 1075 1392 1095 ae
1412 1066 1520 1102 turpius
1534 1073 1614 1101 quam
1628 1065 1727 1092 verita-

938 1113 973 1141 tis
989 1113 1121 1148 Spiritum
1147 1113 1275 1140 muliebri
1293 1112 1344 1141 sibi
1362 1113 1448 1148 ligura
1465 1111 1633 1142 describere,
1647 1117 1726 1137 eum-

938 1158 1053 1193 demque
1066 1157 1158 1186 dicere
1172 1165 1368 1193 nonnunquam
1382 1157 1468 1185 maris
1484 1156 1575 1191 specie
1591 1154 1724 1191 principi-

937 1205 990 1233 bus
1003 1205 1152 1240 apparere?
1173 1204 1241 1232 Nam
1257 1212 1319 1232 cum
1338 1208 1418 1239 turpe
1433 1203 1469 1232 sit
1484 1203 1573 1230 virum
1589 1210 1622 1229 eo
1638 1205 1726 1229 tentu-

938 1251 1027 1278 lentiae
1044 1250 1252 1286 insolentimque
1268 1249 1406 1286 progredi,
1422 1253 1451 1277 ut
1469 1248 1628 1276 muliebrem
1649 1246 1727 1274 habi-

938 1300 995 1324 tum
1007 1303 1039 1324 ac
1055 1296 1171 1324 formam
1186 1295 1298 1330 induat;
1313 1299 1370 1323 tum
1385 1302 1451 1323 vero
1467 1293 1656 1328 turpissimum
1672 1295 1725 1325 est,

938 1341 1114 1369 mulierculas
1131 1341 1158 1368 in
1175 1341 1249 1370 viros
1262 1340 1436 1372 commutari,
1452 1347 1484 1367 ac
1501 1339 1607 1366 virilem
1624 1337 1726 1365 cultum

939 1386 1062 1414 induere.
1077 1386 1186 1419 Quanto
1201 1394 1267 1414 vero
1280 1385 1384 1421 majore
1403 1393 1418 1412 a
1431 1384 1551 1420 pessimo
1567 1383 1614 1410 illo
1635 1382 1737 1412 lictore,

940 1431 1088 1460 Manichaeo
1101 1432 1202 1467 injuria
1217 1432 1326 1459 divinus
1349 1431 1396 1459 ille
1412 1431 1535 1458 veritatis
1549 1429 1667 1464 Spiritus
1681 1428 1725 1458 at:

939 1478 1047 1506 ﬁcitur?
1063 1478 1117 1506 Sed
1137 1478 1205 1506 illud
1222 1478 1285 1505 volo
1299 1478 1365 1505 mihi
1378 1477 1464 1509 dicas,
1480 1475 1580 1512 quibus
1593 1475 1666 1502 cutis
1680 1474 1733 1501 ile-

939 1528 1025 1552 tracta
1047 1525 1097 1557 sit,
1123 1524 1249 1553 libidinis
1273 1523 1394 1551 stimulis
1416 1522 1514 1558 agitari
1528 1521 1576 1556 qui
1602 1519 1730 1556 possint!

939 1575 986 1598 aut
1000 1570 1149 1606 quomodo,
1165 1574 1314 1606 postquam
1329 1570 1357 1597 in
1371 1575 1482 1596 crucem
1501 1567 1554 1594 acti
1570 1572 1645 1598 sunt,
1660 1566 1729 1600 pelle

940 1615 1034 1643 nudati
1059 1616 1141 1643 sunt?
1166 1615 1221 1642 imo
1235 1622 1311 1647 vero,
1334 1615 1357 1642 si
1377 1613 1453 1641 cruci
1477 1612 1546 1642 δαὶ,κὶ
1569 1615 1643 1644 sunt,
1661 1618 1729 1646 qua-

939 1669 1003 1688 nam
1024 1661 1132 1688 ratione
1150 1661 1184 1689 ad
1203 1660 1334 1688 virtutem
1359 1659 1445 1690 illam,
1465 1665 1525 1693 quae
1546 1660 1657 1692 repente
1673 1656 1728 1683 dis-

940 1711 1043 1742 pareat,
1069 1711 1185 1742 possunt
1204 1705 1364 1734 accurrere?
1378 1705 1479 1732 Deinde
1501 1710 1565 1731 vero
1579 1702 1641 1737 quis
1663 1709 1731 1729 con.

943 1752 1116 1780 tumeliosum
1133 1752 1216 1780 istum
1241 1751 1269 1778 in
1287 1750 1371 1777 Deum
1388 1749 1526 1776 hominem
1545 1747 1614 1774 ferre
1630 1746 1734 1782 possit.,

940 1798 986 1832 qui
1015 1805 1065 1825 n05
1088 1797 1242 1833 principum
1272 1795 1422 1824 sudoribus
1444 1794 1480 1821 ali
1507 1794 1617 1826 sentiat,
1648 1795 1729 1826 atque

940 1850 973 1870 ex
995 1842 1153 1871 fmdissimis
1177 1843 1285 1870 illorum
1311 1841 1493 1870 excrementis
1512 1839 1626 1867 imbrem
1651 1837 1733 1866 nobis.

941 1888 1045 1916 emitti?
1062 1888 1119 1915 Cur
1133 1891 1225 1915 autem
1247 1891 1341 1923 potum
1355 1887 1414 1921 ipse
1426 1893 1488 1913 cum
1509 1883 1653 1918 discipulis
1671 1881 1730 1910 suis

942 1934 1033 1961 haurit
1049 1942 1080 1961 ex
1099 1934 1186 1961 imbre
1200 1933 1363 1961 collectum?
1381 1931 1476 1958 Nonne
1491 1930 1581 1958 statim
1595 1928 1728 1956 ridiculus

941 1984 994 2012 est,
1020 1981 1066 2015 qui
1090 1980 1214 2015 corporis
1245 1979 1454 2008 necessitatibus
1473 1977 1628 2011 obsequens
1646 1973 1729 2001 sudo-

942 2034 999 2054 rem
1020 2026 1113 2054 bibat?
1131 2026 1198 2053 Nam
1214 2029 1245 2054 ut
1261 2025 1355 2060 dispar
1371 2025 1407 2052 sit
1427 2028 1580 2059 peccatum,
1598 2028 1677 2056 poma
1694 2025 1737 2048 ta-,

942 2079 1003 2099 men
1019 2073 1044 2099 ei
1062 2072 1108 2107 qui
1128 2072 1231 2099 invitus
1251 2075 1345 2106 peccat
1367 2071 1446 2106 longe
1462 2069 1553 2096 minor
1568 2066 1733 2103 proponitur.

942 2125 1023 2152 quam
1037 2117 1061 2144 ei
1078 2117 1124 2152 qui
1140 2121 1239 2152 sponte
1257 2116 1437 2144 commiserit.
1456 2114 1531 2141 Licet
1551 2114 1636 2145 enim,
1656 2113 1728 2148 quod

942 2163 1035 2196 reipsa
1052 2170 1106 2190 non
1122 2166 1174 2194 est.
1190 2170 1283 2189 verum
1301 2166 1374 2190 esset
1385 2161 1456 2196 quod
1480 2160 1601 2187 furiosus
1613 2159 1662 2185 ille
1678 2158 1730 2187 lin-

100 2205 266 2239 νενυγμένος
281 2204 369 2240 μάτην
385 2203 429 2230 διὰ
444 2203 493 2239 τὴν
507 2201 592 2238 ἧτταν
613 2203 663 2238 τῆς
679 2202 819 2234 ἀσθενείας
841 2203 889 2229 αὑ-

942 2207 989 2242 git.
1009 2209 1100 2235 cmteri
1116 2207 1198 2244 649
1213 2207 1322 2243 quidem
1341 2207 1474 2239 homines,
1490 2206 1535 2241 qui
1561 2205 1676 2234 sudores
1696 2210 1729 2232 ac

101 2249 147 2276 τοῦ
161 2249 195 2276 ὲκ
208 2249 262 2276 τῶν
275 2248 357 2276 αὑτοῦ
373 2249 503 2284 πομάτων
517 2249 656 2284 χρώμενος
677 2248 724 2275 καὶ
736 2247 791 2275 τῶν
805 2248 891 2274 ἄλλων

99 2295 155 2322 τῶν
171 2295 204 2321 ὲκ
215 2295 264 2330 τῆς
285 2295 385 2331 σαρκδς
398 2295 534 2331 χρήσεων.

944 2253 1031 2281 foedas
1058 2254 1230 2281 excretiones
1253 2253 1389 2291 ignorant,
1415 2260 1476 2279 eum
1503 2255 1658 2288 aquantur,
1682 2254 1729 2277 aut

944 2302 1050 2332 potant,
1066 2299 1144 2326 venia
1166 2298 1252 2334 magis
1270 2298 1344 2333 digni
1368 2302 1540 2331 sun|,quam
1552 2296 1609 2330 qui,
1627 2294 1727 2323 frustra

100 2342 260 2370 stimulante
281 2343 460 2375 conscientia,
495 2341 674 2369 imbecillitati
709 2349 765 2370 suae
801 2344 995 2378 succumbens,
1020 2346 1157 2381 ejusmodi
1194 2349 1276 2381 pot‘tts
1300 2344 1422 2375 adhibet,
1447 2343 1610 2378 ezeterisquc
1633 2341 1728 2369 carnis

101 2389 312 2417 necessitatibus
327 2389 505 2425 obtemperat.

137 2435 199 2462 AI".
214 2435 268 2461 Kal
282 2435 367 2462 πολλά
380 2436 454 2462 ἔστιν
474 2436 503 2462 ὲν
519 2433 559 2466 οἷς
571 2431 648 2467 οὗτος
665 2435 779 2470 στόματι
795 2435 892 2471 ψευδη-

101 2480 199 2516 γορίας
229 2481 291 2513 τοὺς
308 2481 382 2517 αὑτῷ
411 2481 571 2513 πεισθέντας
594 2482 729 2516 ὴπάτησε.
747 2482 825 2508 Ποῖον
839 2481 893 2517 γὰρ

101 2527 168 2561 παρ’
184 2526 259 2562 αὐτῷ
286 2527 316 2553 οὐ
341 2527 556 2562 καταγέλαστον’;
577 2527 624 2559 Τὸ,
643 2526 768 2562 ἡγεῖσθαι
786 2527 836 2562 μὲν
860 2527 893 2553 τὰ

102 2571 250 2607 σπέρματα
262 2571 381 2606 βοτανῶν
394 2581 424 2599 τε
443 2573 490 2599 καὶ
517 2572 705 2608 γεννημάτων,
717 2572 764 2598 καὶ
774 2572 894 2607 ὀσπρίων

101 2616 191 2651 ψυχὰς
206 2614 285 2644 εἶναι.
315 2617 359 2649 Ὧς
388 2617 435 2644 καὶ
452 2617 555 2652 γελοῖον
577 2618 790 2653 ἐπιχειρήσομεν
804 2617 894 2651 λέγειν

102 2661 175 2688 κατὰ
207 2662 258 2697 τὴν
283 2662 366 2689 αὑτοῦ
387 2663 548 2698 μυθοποιίαν
575 2663 644 2698 πρὸς
664 2663 774 2698 ἔλεγχον
799 2661 893 2689 αὑτοῦ.

103 2707 168 2734 Ὅτι
181 2708 206 2734 ει
220 2708 306 2743 ψυχαὶ
321 2709 503 2744 τυγχάνουσαι
519 2709 614 2736 κόκκοι
630 2707 729 2742 φακοῦ,
744 2708 791 2735 καὶ
813 2708 894 2742 φασί-

104 2752 164 2786 ⁴λεος
173 2754 195 2787 ³,
217 2753 264 2781 καὶ
291 2754 441 2789 ἐρεϐίνθου,
457 2755 503 2781 καὶ
528 2755 581 2782 τῶν
596 2754 693 2788 ἀλλων,
717 2754 789 2790 ψυχὴ
806 2754 834 2781 δὲ
849 2755 895 2781 καὶ

142 2844 152 2860 ⁸
164 2843 194 2871 F.
214 2843 400 2880 αἰσχρότερον.
413 2846 446 2874 Et
463 2854 525 2875 mox
540 2847 619 2875 ἑαυτὸ
633 2847 711 2874 άνατ.

752 2848 761 2862 ¹
776 2845 805 2874 F.
824 2847 853 2873 τὸ
867 2846 1034 2879 οηλεύεσθαι.

980 2435 1100 2463 XXXIII.
1121 2436 1174 2464 Sed
1188 2435 1240 2462 alia
1266 2439 1330 2464 sunt
1352 2434 1563 2470 quamplurima,
1584 2433 1611 2460 in
1629 2433 1729 2468 quibus

945 2481 996 2509 istc
1010 2485 1160 2509 sectatores
1172 2488 1237 2508 suos
1249 2488 1296 2507 ore
1308 2479 1519 2507 mendacissimo
1529 2478 1646 2513 decepit.
1658 2478 1729 2512 Quid

945 2527 1018 2555 enim
1033 2527 1068 2554 ab
1085 2534 1118 2554 eo
1133 2534 1187 2554 non
1207 2526 1353 2553 ridiculum
1365 2529 1407 2553 est
1421 2525 1553 2552 allatum?
1567 2523 1727 2560 Cujusmodi

945 2578 988 2601 est
1002 2584 1008 2600 :
1027 2573 1172 2601 herbarum
1189 2572 1372 2607 stirpiumque
1390 2579 1423 2598 ac
1443 2571 1610 2606 leguminum
1625 2571 1728 2599 semina

946 2620 1052 2646 animas
1066 2626 1127 2646 csse
1141 2617 1262 2646 credere.
1279 2617 1356 2650 Quod
1375 2624 1456 2651 quant
1471 2615 1620 2643 absurdum
1633 2616 1678 2647 sit,
1697 2615 1729 2642 ad

945 2664 1017 2691 illius
1035 2664 1195 2692 refutandus
1211 2663 1541 2698 ineptias,.demonstrarc
1556 2660 1725 2687 conabimur.

945 2708 1050 2736 Etenim
1073 2710 1095 2736 si
1114 2709 1205 2740 lentis,
1234 2707 1349 2742 exempli
1369 2715 1462 2738 causa,
1489 2707 1530 2733 vel
1557 2705 1661 2737 faseoli,
1686 2704 1728 2732 vel

946 2755 1044 2782 ciceris
1065 2754 1173 2789 aliaque
1191 2762 1274 2790 grana
1291 2754 1316 2781 id
1330 2761 1416 2789 genus
1433 2753 1529 2779 animt?
1548 2754 1627 2784 sunt;
1647 2750 1723 2778 item—

1077 2846 1085 2859 '
1107 2844 1136 2871 F.
1155 2843 1269 2879 φασίλου
1286 2844 1324 2870 Vt‘l
1338 2842 1475 2878 φασιόλου.
