  <div class='ocr_page' id='page_1' title='image "/cluster/home/n/w/nwhite01/storage/ocr_20150623/42/njp.32101077772588/051.png"; bbox 0 0 1939 3036; ppageno 0'>
   <div class='ocr_carea' id='block_1_1' title="bbox 192 156 1817 205">
    <p class='ocr_par' dir='ltr' id='par_1_1' title="bbox 192 156 1817 205">
     <span class='ocr_line' id='line_1_1' title="bbox 192 156 1817 205; baseline 0.017 -19"><span class='ocrx_word' id='word_1_1' title='bbox 192 156 228 186; x_wconf 83' lang='lat'><strong>81</strong></span> <span class='ocrx_word' id='word_1_2' title='bbox 899 171 928 199; x_wconf 91' lang='lat' dir='ltr'><strong>s.</strong></span> <span class='ocrx_word' id='word_1_3' title='bbox 950 171 1118 201; x_wconf 71' lang='lat' dir='ltr'><strong>EPlPllANll</strong></span> <span class='ocrx_word' id='word_1_4' title='bbox 1778 176 1817 205; x_wconf 82' lang='lat'><strong>88</strong></span> 
     </span>
    </p>
   </div>
   <div class='ocr_carea' id='block_1_2' title="bbox 195 214 967 268">
    <p class='ocr_par' dir='ltr' id='par_1_2' title="bbox 195 214 967 262">
     <span class='ocr_line' id='line_1_2' title="bbox 195 214 967 262; baseline 0.021 -22"><span class='ocrx_word' id='word_1_5' title='bbox 195 214 246 247; x_wconf 86' lang='lat' dir='ltr'><strong>Qui</strong></span> <span class='ocrx_word' id='word_1_6' title='bbox 266 222 328 243; x_wconf 80' lang='lat' dir='ltr'><strong>cum</strong></span> <span class='ocrx_word' id='word_1_7' title='bbox 344 215 417 244; x_wconf 87' lang='lat' dir='ltr'><strong>hanc</strong></span> <span class='ocrx_word' id='word_1_8' title='bbox 434 224 448 244; x_wconf 88' lang='lat' dir='ltr'><strong>a</strong></span> <span class='ocrx_word' id='word_1_9' title='bbox 464 218 544 247; x_wconf 91' lang='lat' dir='ltr'><strong>nobis</strong></span> <span class='ocrx_word' id='word_1_10' title='bbox 560 220 796 251; x_wconf 77' lang='lat' dir='ltr'><strong>ratiocinationem</strong></span> <span class='ocrx_word' id='word_1_11' title='bbox 817 227 967 262; x_wconf 77' lang='lat' dir='ltr'><strong>accepisset</strong></span> 
     </span>
    </p>
   </div>
   <div class='ocr_carea' id='block_1_3' title="bbox 1021 214 1816 268">
    <p class='ocr_par' dir='ltr' id='par_1_3' title="bbox 1029 231 1816 268">
     <span class='ocr_line' id='line_1_3' title="bbox 1029 231 1816 268; baseline 0.003 -11"><span class='ocrx_word' id='word_1_12' title='bbox 1029 238 1068 266; x_wconf 88' lang='grc' dir='ltr'><strong>πη</strong></span> <span class='ocrx_word' id='word_1_13' title='bbox 1084 231 1137 267; x_wconf 76' lang='grc' dir='ltr'>ἄρα</span> <span class='ocrx_word' id='word_1_14' title='bbox 1158 231 1268 259; x_wconf 85' lang='grc' dir='ltr'>δύναται</span> <span class='ocrx_word' id='word_1_15' title='bbox 1294 231 1363 260; x_wconf 76' lang='grc' dir='ltr'>κατὰ</span> <span class='ocrx_word' id='word_1_16' title='bbox 1385 232 1434 268; x_wconf 83' lang='grc' dir='ltr'><strong>τῆς</strong></span> <span class='ocrx_word' id='word_1_17' title='bbox 1455 231 1502 259; x_wconf 83' lang='grc' dir='ltr'><strong>τοῦ</strong></span> <span class='ocrx_word' id='word_1_18' title='bbox 1524 231 1591 259; x_wconf 84' lang='grc' dir='ltr'><strong>Θεοῦ</strong></span> <span class='ocrx_word' id='word_1_19' title='bbox 1612 231 1740 268; x_wconf 77' lang='grc' dir='ltr'><strong>ἀληθείας</strong></span> <span class='ocrx_word' id='word_1_20' title='bbox 1765 233 1816 259; x_wconf 77' lang='grc' dir='ltr'><strong>καὶ</strong></span> 
     </span>
    </p>
   </div>
   <div class='ocr_carea' id='block_1_4' title="bbox 193 261 978 308">
    <p class='ocr_par' dir='ltr' id='par_1_4' title="bbox 193 261 978 308">
     <span class='ocr_line' id='line_1_4' title="bbox 193 261 978 308; baseline 0.018 -21"><span class='ocrx_word' id='word_1_21' title='bbox 193 267 347 289; x_wconf 81' lang='lat' dir='ltr'><strong>conversus</strong></span> <span class='ocrx_word' id='word_1_22' title='bbox 372 261 400 290; x_wconf 91' lang='lat' dir='ltr'><strong>in</strong></span> <span class='ocrx_word' id='word_1_23' title='bbox 421 271 482 292; x_wconf 83' lang='lat' dir='ltr'><strong>sese</strong></span> <span class='ocrx_word' id='word_1_24' title='bbox 501 266 616 299; x_wconf 83' lang='lat' dir='ltr'><strong>pecudis</strong></span> <span class='ocrx_word' id='word_1_25' title='bbox 629 267 710 296; x_wconf 89' lang='lat' dir='ltr'><strong>homo</strong></span> <span class='ocrx_word' id='word_1_26' title='bbox 736 269 834 299; x_wconf 82' lang='lat' dir='ltr'><strong>similis</strong></span> <span class='ocrx_word' id='word_1_27' title='bbox 857 261 978 308; x_wconf 79' lang='lat' dir='ltr'><strong>cogitare</strong></span> 
     </span>
    </p>
   </div>
   <div class='ocr_carea' id='block_1_5' title="bbox 193 303 976 344">
    <p class='ocr_par' dir='ltr' id='par_1_5' title="bbox 193 303 976 344">
     <span class='ocr_line' id='line_1_5' title="bbox 193 303 976 344; baseline 0.02 -15"><span class='ocrx_word' id='word_1_28' title='bbox 193 303 286 338; x_wconf 74' lang='lat' dir='ltr'><strong>cmpit,</strong></span> <span class='ocrx_word' id='word_1_29' title='bbox 312 305 410 340; x_wconf 85' lang='lat' dir='ltr'><strong>ecquid</strong></span> <span class='ocrx_word' id='word_1_30' title='bbox 434 307 565 336; x_wconf 89' lang='lat' dir='ltr'><strong>adversus</strong></span> <span class='ocrx_word' id='word_1_31' title='bbox 590 309 710 339; x_wconf 83' lang='lat' dir='ltr'><strong>divinam</strong></span> <span class='ocrx_word' id='word_1_32' title='bbox 733 313 808 341; x_wconf 89' lang='lat' dir='ltr'><strong>illam</strong></span> <span class='ocrx_word' id='word_1_33' title='bbox 835 303 976 344; x_wconf 64' lang='lat' dir='ltr'><strong>veriiatem</strong></span> 
     </span>
    </p>
   </div>
   <div class='ocr_carea' id='block_1_6' title="bbox 194 350 977 398">
    <p class='ocr_par' dir='ltr' id='par_1_6' title="bbox 194 350 977 398">
     <span class='ocr_line' id='line_1_6' title="bbox 194 350 977 398; baseline 0.02 -23"><span class='ocrx_word' id='word_1_34' title='bbox 194 354 286 382; x_wconf 88' lang='lat' dir='ltr'><strong>posset</strong></span> <span class='ocrx_word' id='word_1_35' title='bbox 301 350 430 386; x_wconf 74' lang='lat' dir='ltr'><strong>obiicere.</strong></span> <span class='ocrx_word' id='word_1_36' title='bbox 445 352 563 382; x_wconf 86' lang='lat' dir='ltr'><strong>Proinde</strong></span> <span class='ocrx_word' id='word_1_37' title='bbox 580 363 678 384; x_wconf 88' lang='lat' dir='ltr'><strong>vanum</strong></span> <span class='ocrx_word' id='word_1_38' title='bbox 694 365 726 386; x_wconf 87' lang='lat' dir='ltr'><strong>ac</strong></span> <span class='ocrx_word' id='word_1_39' title='bbox 739 359 884 388; x_wconf 89' lang='lat' dir='ltr'><strong>ridiculum</strong></span> <span class='ocrx_word' id='word_1_40' title='bbox 899 363 977 398; x_wconf 90' lang='lat' dir='ltr'><strong>quid-</strong></span> 
     </span>
    </p>
   </div>
   <div class='ocr_carea' id='block_1_7' title="bbox 193 393 978 434">
    <p class='ocr_par' dir='ltr' id='par_1_7' title="bbox 193 393 978 434">
     <span class='ocr_line' id='line_1_7' title="bbox 193 393 978 434; baseline 0.02 -16"><span class='ocrx_word' id='word_1_41' title='bbox 193 393 255 419; x_wconf 81' lang='lat' dir='ltr'><strong>dam</strong></span> <span class='ocrx_word' id='word_1_42' title='bbox 287 402 428 430; x_wconf 87' lang='lat' dir='ltr'><strong>opponens</strong></span> <span class='ocrx_word' id='word_1_43' title='bbox 463 399 605 427; x_wconf 85' lang='lat' dir='ltr'><strong>mendacio</strong></span> <span class='ocrx_word' id='word_1_44' title='bbox 634 402 774 430; x_wconf 85' lang='lat' dir='ltr'><strong>veritatem</strong></span> <span class='ocrx_word' id='word_1_45' title='bbox 802 393 924 433; x_wconf 72' lang='lat' dir='ltr'><strong>evertere</strong></span> <span class='ocrx_word' id='word_1_46' title='bbox 947 414 978 434; x_wconf 86' lang='lat' dir='ltr'><strong>se</strong></span> 
     </span>
    </p>
   </div>
   <div class='ocr_carea' id='block_1_8' title="bbox 193 439 976 478">
    <p class='ocr_par' dir='ltr' id='par_1_8' title="bbox 193 439 976 478">
     <span class='ocr_line' id='line_1_8' title="bbox 193 439 976 478; baseline 0.02 -15"><span class='ocrx_word' id='word_1_47' title='bbox 193 445 274 471; x_wconf 81' lang='lat' dir='ltr'><strong>posse</strong></span> <span class='ocrx_word' id='word_1_48' title='bbox 299 439 462 469; x_wconf 79' lang='lat' dir='ltr'><strong>crediderat.</strong></span> <span class='ocrx_word' id='word_1_49' title='bbox 499 442 546 470; x_wconf 89' lang='lat' dir='ltr'><strong>Sic</strong></span> <span class='ocrx_word' id='word_1_50' title='bbox 576 445 659 478; x_wconf 80' lang='lat' dir='ltr'><strong>igitur</strong></span> <span class='ocrx_word' id='word_1_51' title='bbox 681 448 821 477; x_wconf 82' lang='lat' dir='ltr'><strong>asserebat</strong></span> <span class='ocrx_word' id='word_1_52' title='bbox 846 459 852 476; x_wconf 95' lang='lat'><strong>:</strong></span> <span class='ocrx_word' id='word_1_53' title='bbox 877 449 976 478; x_wconf 90' lang='lat' dir='ltr'><strong>Utilem</strong></span> 
     </span>
    </p>
   </div>
   <div class='ocr_carea' id='block_1_9' title="bbox 194 484 976 531">
    <p class='ocr_par' dir='ltr' id='par_1_9' title="bbox 194 484 976 531">
     <span class='ocr_line' id='line_1_9' title="bbox 194 484 976 531; baseline 0.02 -22"><span class='ocrx_word' id='word_1_54' title='bbox 194 484 286 516; x_wconf 90' lang='lat' dir='ltr'><strong>porcis</strong></span> <span class='ocrx_word' id='word_1_55' title='bbox 309 490 426 514; x_wconf 86' lang='lat' dir='ltr'><strong>mortem</strong></span> <span class='ocrx_word' id='word_1_56' title='bbox 442 487 515 516; x_wconf 87' lang='lat' dir='ltr'><strong>illam</strong></span> <span class='ocrx_word' id='word_1_57' title='bbox 532 490 628 519; x_wconf 78' lang='lat' dir='ltr'><strong>fuisse.</strong></span> <span class='ocrx_word' id='word_1_58' title='bbox 645 492 682 519; x_wconf 84' lang='lat' dir='ltr'><strong>Ita</strong></span> <span class='ocrx_word' id='word_1_59' title='bbox 698 494 771 521; x_wconf 86' lang='lat' dir='ltr'><strong>enim</strong></span> <span class='ocrx_word' id='word_1_60' title='bbox 786 503 801 521; x_wconf 80' lang='grc' dir='ltr'><strong>ιι</strong></span> <span class='ocrx_word' id='word_1_61' title='bbox 816 497 976 531; x_wconf 83' lang='lat' dir='ltr'><strong>corporibus</strong></span> 
     </span>
    </p>
   </div>
   <div class='ocr_carea' id='block_1_10' title="bbox 192 528 686 565">
    <p class='ocr_par' dir='ltr' id='par_1_10' title="bbox 192 528 686 565">
     <span class='ocr_line' id='line_1_10' title="bbox 192 528 686 565; baseline 0.022 -11"><span class='ocrx_word' id='word_1_62' title='bbox 192 528 313 557; x_wconf 78' lang='lat' dir='ltr'><strong>liberatae</strong></span> <span class='ocrx_word' id='word_1_63' title='bbox 325 537 357 558; x_wconf 85' lang='lat' dir='ltr'><strong>ac</strong></span> <span class='ocrx_word' id='word_1_64' title='bbox 369 537 485 561; x_wconf 71' lang='lat' dir='ltr'><strong>servatae</strong></span> <span class='ocrx_word' id='word_1_65' title='bbox 497 540 562 563; x_wconf 92' lang='lat' dir='ltr'><strong>sunt</strong></span> <span class='ocrx_word' id='word_1_66' title='bbox 577 537 686 565; x_wconf 75' lang='lat' dir='ltr'><strong>animae.</strong></span> 
     </span>
    </p>
   </div>
   <div class='ocr_carea' id='block_1_11' title="bbox 229 573 977 619">
    <p class='ocr_par' dir='ltr' id='par_1_11' title="bbox 229 573 977 619">
     <span class='ocr_line' id='line_1_11' title="bbox 229 573 977 619; baseline 0.019 -18"><span class='ocrx_word' id='word_1_67' title='bbox 229 573 283 603; x_wconf 85' lang='lat' dir='ltr'><strong>Sed</strong></span> <span class='ocrx_word' id='word_1_68' title='bbox 308 576 463 606; x_wconf 87' lang='lat' dir='ltr'><strong>istiusmodi</strong></span> <span class='ocrx_word' id='word_1_69' title='bbox 487 580 649 614; x_wconf 82' lang='lat' dir='ltr'><strong>hominum,</strong></span> <span class='ocrx_word' id='word_1_70' title='bbox 675 585 721 619; x_wconf 86' lang='lat' dir='ltr'><strong>qui</strong></span> <span class='ocrx_word' id='word_1_71' title='bbox 747 586 816 613; x_wconf 87' lang='lat' dir='ltr'><strong>nihil</strong></span> <span class='ocrx_word' id='word_1_72' title='bbox 837 587 930 615; x_wconf 87' lang='lat' dir='ltr'><strong>vident</strong></span> <span class='ocrx_word' id='word_1_73' title='bbox 949 592 977 615; x_wconf 93' lang='lat' dir='ltr'><strong>et</strong></span> 
     </span>
    </p>
   </div>
   <div class='ocr_carea' id='block_1_12' title="bbox 191 623 976 668">
    <p class='ocr_par' dir='ltr' id='par_1_12' title="bbox 191 623 976 668">
     <span class='ocr_line' id='line_1_12' title="bbox 191 623 976 668; baseline 0.019 -22"><span class='ocrx_word' id='word_1_74' title='bbox 191 624 282 648; x_wconf 85' lang='lat' dir='ltr'><strong>mente</strong></span> <span class='ocrx_word' id='word_1_75' title='bbox 302 623 366 650; x_wconf 65' lang='lat' dir='ltr'><strong>caeci</strong></span> <span class='ocrx_word' id='word_1_76' title='bbox 392 628 465 657; x_wconf 87' lang='lat' dir='ltr'><strong>sunt,</strong></span> <span class='ocrx_word' id='word_1_77' title='bbox 494 634 582 661; x_wconf 89' lang='lat' dir='ltr'><strong>neque</strong></span> <span class='ocrx_word' id='word_1_78' title='bbox 607 629 674 663; x_wconf 89' lang='lat' dir='ltr'><strong>quid</strong></span> <span class='ocrx_word' id='word_1_79' title='bbox 690 629 781 658; x_wconf 82' lang='lat' dir='ltr'><strong>dicant</strong></span> <span class='ocrx_word' id='word_1_80' title='bbox 798 632 894 660; x_wconf 90' lang='lat' dir='ltr'><strong>audire</strong></span> <span class='ocrx_word' id='word_1_81' title='bbox 909 633 976 668; x_wconf 89' lang='lat' dir='ltr'><strong>ipsi-</strong></span> 
     </span>
    </p>
   </div>
   <div class='ocr_carea' id='block_1_13' title="bbox 190 667 976 706">
    <p class='ocr_par' dir='ltr' id='par_1_13' title="bbox 190 667 976 706">
     <span class='ocr_line' id='line_1_13' title="bbox 190 667 976 706; baseline 0.02 -16"><span class='ocrx_word' id='word_1_82' title='bbox 190 669 245 692; x_wconf 89' lang='lat' dir='ltr'><strong>mct</strong></span> <span class='ocrx_word' id='word_1_83' title='bbox 257 667 394 702; x_wconf 85' lang='lat' dir='ltr'><strong>videntur,</strong></span> <span class='ocrx_word' id='word_1_84' title='bbox 411 670 526 706; x_wconf 77' lang='lat' dir='ltr'><strong>insignis</strong></span> <span class='ocrx_word' id='word_1_85' title='bbox 538 678 579 701; x_wconf 87' lang='lat' dir='ltr'><strong>est</strong></span> <span class='ocrx_word' id='word_1_86' title='bbox 590 675 727 703; x_wconf 83' lang='lat' dir='ltr'><strong>vecordia.</strong></span> <span class='ocrx_word' id='word_1_87' title='bbox 740 676 808 705; x_wconf 87' lang='lat' dir='ltr'><strong>Nam</strong></span> <span class='ocrx_word' id='word_1_88' title='bbox 822 678 844 705; x_wconf 88' lang='lat' dir='ltr'><strong>si</strong></span> <span class='ocrx_word' id='word_1_89' title='bbox 858 667 976 706; x_wconf 79' lang='lat' dir='ltr'><strong>liberare</strong></span> 
     </span>
    </p>
   </div>
   <div class='ocr_carea' id='block_1_14' title="bbox 189 713 976 760">
    <p class='ocr_par' dir='ltr' id='par_1_14' title="bbox 189 713 976 760">
     <span class='ocr_line' id='line_1_14' title="bbox 189 713 976 760; baseline 0.02 -23"><span class='ocrx_word' id='word_1_90' title='bbox 189 717 204 737; x_wconf 95' lang='lat' dir='ltr'><strong>a</strong></span> <span class='ocrx_word' id='word_1_91' title='bbox 220 713 384 747; x_wconf 86' lang='lat' dir='ltr'><strong>corporibus</strong></span> <span class='ocrx_word' id='word_1_92' title='bbox 409 716 514 745; x_wconf 88' lang='lat' dir='ltr'><strong>animas</strong></span> <span class='ocrx_word' id='word_1_93' title='bbox 539 718 658 748; x_wconf 85' lang='lat' dir='ltr'><strong>salutare</strong></span> <span class='ocrx_word' id='word_1_94' title='bbox 685 728 746 750; x_wconf 87' lang='lat' dir='ltr'><strong>esse</strong></span> <span class='ocrx_word' id='word_1_95' title='bbox 775 727 869 758; x_wconf 82' lang='lat' dir='ltr'><strong>putat,</strong></span> <span class='ocrx_word' id='word_1_96' title='bbox 897 724 976 760; x_wconf 87' lang='lat' dir='ltr'><strong>longe</strong></span> 
     </span>
    </p>
   </div>
   <div class='ocr_carea' id='block_1_15' title="bbox 189 757 976 802">
    <p class='ocr_par' dir='ltr' id='par_1_15' title="bbox 189 757 976 802">
     <span class='ocr_line' id='line_1_15' title="bbox 189 757 976 802; baseline 0.02 -20"><span class='ocrx_word' id='word_1_97' title='bbox 189 757 342 786; x_wconf 87' lang='lat' dir='ltr'><strong>consultius</strong></span> <span class='ocrx_word' id='word_1_98' title='bbox 364 759 489 788; x_wconf 77' lang='lat' dir='ltr'><strong>Salvator</strong></span> <span class='ocrx_word' id='word_1_99' title='bbox 503 763 616 798; x_wconf 80' lang='lat' dir='ltr'><strong>egisset,</strong></span> <span class='ocrx_word' id='word_1_100' title='bbox 632 765 654 793; x_wconf 91' lang='lat' dir='ltr'><strong>si</strong></span> <span class='ocrx_word' id='word_1_101' title='bbox 669 757 827 802; x_wconf 71' lang='lat' dir='ltr'><strong>correptum</strong></span> <span class='ocrx_word' id='word_1_102' title='bbox 844 775 860 795; x_wconf 87' lang='lat' dir='ltr'><strong>a</strong></span> <span class='ocrx_word' id='word_1_103' title='bbox 875 757 976 797; x_wconf 68' lang='lat' dir='ltr'><strong>daemo-</strong></span> 
     </span>
    </p>
   </div>
   <div class='ocr_carea' id='block_1_16' title="bbox 190 800 975 845">
    <p class='ocr_par' dir='ltr' id='par_1_16' title="bbox 190 800 975 845">
     <span class='ocr_line' id='line_1_16' title="bbox 190 800 975 845; baseline 0.019 -18"><span class='ocrx_word' id='word_1_104' title='bbox 190 800 273 828; x_wconf 89' lang='lat' dir='ltr'><strong>nibus</strong></span> <span class='ocrx_word' id='word_1_105' title='bbox 287 801 424 832; x_wconf 89' lang='lat' dir='ltr'><strong>hominem</strong></span> <span class='ocrx_word' id='word_1_106' title='bbox 449 805 611 842; x_wconf 78' lang='lat' dir='ltr'><strong>ablegasset,</strong></span> <span class='ocrx_word' id='word_1_107' title='bbox 635 809 717 845; x_wconf 70' lang='lat'><strong>652</strong></span> <span class='ocrx_word' id='word_1_108' title='bbox 743 800 772 838; x_wconf 80' lang='lat' dir='ltr'><strong>ut</strong></span> <span class='ocrx_word' id='word_1_109' title='bbox 794 812 829 839; x_wconf 91' lang='lat' dir='ltr'><strong>ab</strong></span> <span class='ocrx_word' id='word_1_110' title='bbox 855 813 975 842; x_wconf 83' lang='lat' dir='ltr'><strong>hominis</strong></span> 
     </span>
    </p>
   </div>
   <div class='ocr_carea' id='block_1_17' title="bbox 188 849 973 888">
    <p class='ocr_par' dir='ltr' id='par_1_17' title="bbox 188 849 973 888">
     <span class='ocr_line' id='line_1_17' title="bbox 188 849 973 888; baseline 0.02 -16"><span class='ocrx_word' id='word_1_111' title='bbox 188 853 304 881; x_wconf 86' lang='lat' dir='ltr'><strong>corpore</strong></span> <span class='ocrx_word' id='word_1_112' title='bbox 319 849 433 877; x_wconf 80' lang='lat' dir='ltr'><strong>llbcrata</strong></span> <span class='ocrx_word' id='word_1_113' title='bbox 450 852 560 881; x_wconf 88' lang='lat' dir='ltr'><strong>tandem</strong></span> <span class='ocrx_word' id='word_1_114' title='bbox 577 854 666 882; x_wconf 88' lang='lat' dir='ltr'><strong>anima</strong></span> <span class='ocrx_word' id='word_1_115' title='bbox 689 856 806 885; x_wconf 84' lang='lat' dir='ltr'><strong>salutem</strong></span> <span class='ocrx_word' id='word_1_116' title='bbox 828 859 973 888; x_wconf 79' lang='lat' dir='ltr'><strong>obtineret.</strong></span> 
     </span>
    </p>
   </div>
   <div class='ocr_carea' id='block_1_18' title="bbox 1028 276 1816 314">
    <p class='ocr_par' dir='ltr' id='par_1_18' title="bbox 1028 276 1816 314">
     <span class='ocr_line' id='line_1_18' title="bbox 1028 276 1816 314; baseline 0.004 -12"><span class='ocrx_word' id='word_1_117' title='bbox 1028 276 1136 311; x_wconf 82' lang='grc' dir='ltr'><strong>χλεύης,</strong></span> <span class='ocrx_word' id='word_1_118' title='bbox 1156 277 1261 312; x_wconf 81' lang='grc' dir='ltr'><strong>ἔμπλεα</strong></span> <span class='ocrx_word' id='word_1_119' title='bbox 1275 278 1384 313; x_wconf 83' lang='grc' dir='ltr'>ῥήματα</span> <span class='ocrx_word' id='word_1_120' title='bbox 1398 277 1487 314; x_wconf 77' lang='grc' dir='ltr'>ἑαυτῷ</span> <span class='ocrx_word' id='word_1_121' title='bbox 1501 278 1726 314; x_wconf 87' lang='grc' dir='ltr'>προϐαλλόμενος,</span> <span class='ocrx_word' id='word_1_122' title='bbox 1744 278 1816 314; x_wconf 76' lang='grc' dir='ltr'>[ἑνό-</span> 
     </span>
    </p>
   </div>
   <div class='ocr_carea' id='block_1_19' title="bbox 1029 322 1812 359">
    <p class='ocr_par' dir='ltr' id='par_1_19' title="bbox 1029 322 1812 359">
     <span class='ocr_line' id='line_1_19' title="bbox 1029 322 1812 359; baseline 0.003 -11"><span class='ocrx_word' id='word_1_123' title='bbox 1029 322 1103 358; x_wconf 89' lang='grc' dir='ltr'>μισε]</span> <span class='ocrx_word' id='word_1_124' title='bbox 1119 323 1152 350; x_wconf 86' lang='grc' dir='ltr'><strong>τὰ</strong></span> <span class='ocrx_word' id='word_1_125' title='bbox 1166 322 1280 358; x_wconf 81' lang='grc' dir='ltr'>ἀληθινὰ</span> <span class='ocrx_word' id='word_1_126' title='bbox 1294 323 1332 358; x_wconf 84' lang='grc' dir='ltr'>τῷ</span> <span class='ocrx_word' id='word_1_127' title='bbox 1344 323 1436 358; x_wconf 78' lang='grc' dir='ltr'>ψεύδει</span> <span class='ocrx_word' id='word_1_128' title='bbox 1448 323 1630 359; x_wconf 78' lang='grc' dir='ltr'><strong>μηχανᾶσθαι,</strong></span> <span class='ocrx_word' id='word_1_129' title='bbox 1646 323 1693 350; x_wconf 84' lang='grc' dir='ltr'><strong>καί</strong></span> <span class='ocrx_word' id='word_1_130' title='bbox 1707 332 1790 358; x_wconf 85' lang='grc' dir='ltr'>φησιν</span> <span class='ocrx_word' id='word_1_131' title='bbox 1804 331 1812 338; x_wconf 82' lang='lat'><strong>&#39;</strong></span> 
     </span>
    </p>
   </div>
   <div class='ocr_carea' id='block_1_20' title="bbox 1035 367 1814 405">
    <p class='ocr_par' dir='ltr' id='par_1_20' title="bbox 1035 367 1814 405">
     <span class='ocr_line' id='line_1_20' title="bbox 1035 367 1814 405; baseline 0.003 -11"><span class='ocrx_word' id='word_1_132' title='bbox 1035 367 1114 395; x_wconf 84' lang='grc' dir='ltr'>’Λλλὰ</span> <span class='ocrx_word' id='word_1_133' title='bbox 1127 368 1261 404; x_wconf 83' lang='grc' dir='ltr'><strong>διενήνοχε</strong></span> <span class='ocrx_word' id='word_1_134' title='bbox 1285 370 1340 401; x_wconf 86' lang='grc' dir='ltr'>τοῖς</span> <span class='ocrx_word' id='word_1_135' title='bbox 1356 369 1457 405; x_wconf 75' lang='grc' dir='ltr'>χαίροις</span> <span class='ocrx_word' id='word_1_136' title='bbox 1471 369 1501 395; x_wconf 81' lang='grc' dir='ltr'>τὸ</span> <span class='ocrx_word' id='word_1_137' title='bbox 1515 369 1653 396; x_wconf 87' lang='grc' dir='ltr'>τεθνάναι.</span> <span class='ocrx_word' id='word_1_138' title='bbox 1677 368 1814 404; x_wconf 70' lang='grc' dir='ltr'>Ἄπη).λά-</span> 
     </span>
    </p>
   </div>
   <div class='ocr_carea' id='block_1_21' title="bbox 1027 414 1815 451">
    <p class='ocr_par' dir='ltr' id='par_1_21' title="bbox 1027 414 1815 451">
     <span class='ocr_line' id='line_1_21' title="bbox 1027 414 1815 451; baseline 0.001 -10"><span class='ocrx_word' id='word_1_139' title='bbox 1027 422 1115 449; x_wconf 88' lang='grc' dir='ltr'>γησαν</span> <span class='ocrx_word' id='word_1_140' title='bbox 1130 414 1185 451; x_wconf 85' lang='grc' dir='ltr'><strong>γάρ</strong></span> <span class='ocrx_word' id='word_1_141' title='bbox 1203 415 1232 441; x_wconf 77' lang='grc' dir='ltr'>αἱ</span> <span class='ocrx_word' id='word_1_142' title='bbox 1248 415 1332 451; x_wconf 75' lang='grc' dir='ltr'>ψυχαὶ</span> <span class='ocrx_word' id='word_1_143' title='bbox 1349 415 1403 443; x_wconf 82' lang='grc' dir='ltr'>ἀπὸ</span> <span class='ocrx_word' id='word_1_144' title='bbox 1420 415 1474 442; x_wconf 83' lang='grc' dir='ltr'>τῶν</span> <span class='ocrx_word' id='word_1_145' title='bbox 1487 415 1632 451; x_wconf 84' lang='grc' dir='ltr'>σωμάτων,</span> <span class='ocrx_word' id='word_1_146' title='bbox 1650 415 1696 442; x_wconf 77' lang='grc' dir='ltr'><strong>καὶ</strong></span> <span class='ocrx_word' id='word_1_147' title='bbox 1709 415 1815 450; x_wconf 76' lang='grc' dir='ltr'>ἐσώθη-</span> 
     </span>
    </p>
   </div>
   <div class='ocr_carea' id='block_1_22' title="bbox 1028 468 1086 488">
    <p class='ocr_par' dir='ltr' id='par_1_22' title="bbox 1028 468 1086 488">
     <span class='ocr_line' id='line_1_22' title="bbox 1028 468 1086 488; baseline 0.052 -3"><span class='ocrx_word' id='word_1_148' title='bbox 1028 468 1086 488; x_wconf 79' lang='grc' dir='ltr'>σαν.</span> 
     </span>
    </p>
   </div>
   <div class='ocr_carea' id='block_1_23' title="bbox 1062 592 1814 629">
    <p class='ocr_par' dir='ltr' id='par_1_23' title="bbox 1062 592 1814 629">
     <span class='ocr_line' id='line_1_23' title="bbox 1062 592 1814 629; baseline -0.001 -10"><span class='ocrx_word' id='word_1_149' title='bbox 1062 592 1118 619; x_wconf 74' lang='grc' dir='ltr'><strong>Καὶ</strong></span> <span class='ocrx_word' id='word_1_150' title='bbox 1134 592 1218 629; x_wconf 83' lang='grc' dir='ltr'>πολλὴ</span> <span class='ocrx_word' id='word_1_151' title='bbox 1234 593 1310 620; x_wconf 80' lang='grc' dir='ltr'>ἄνοια</span> <span class='ocrx_word' id='word_1_152' title='bbox 1326 593 1380 623; x_wconf 83' lang='grc' dir='ltr'>τῶν</span> <span class='ocrx_word' id='word_1_153' title='bbox 1395 593 1432 629; x_wconf 85' lang='grc' dir='ltr'>μὴ</span> <span class='ocrx_word' id='word_1_154' title='bbox 1449 593 1611 628; x_wconf 84' lang='grc' dir='ltr'>βλεπόντων,</span> <span class='ocrx_word' id='word_1_155' title='bbox 1629 592 1676 619; x_wconf 75' lang='grc' dir='ltr'>καὶ</span> <span class='ocrx_word' id='word_1_156' title='bbox 1693 592 1742 628; x_wconf 85' lang='grc' dir='ltr'>τὴν</span> <span class='ocrx_word' id='word_1_157' title='bbox 1756 592 1814 619; x_wconf 79' lang='grc' dir='ltr'>διὰ·</span> 
     </span>
    </p>
   </div>
   <div class='ocr_carea' id='block_1_24' title="bbox 1027 637 1815 673">
    <p class='ocr_par' dir='ltr' id='par_1_24' title="bbox 1027 637 1815 673">
     <span class='ocr_line' id='line_1_24' title="bbox 1027 637 1815 673; baseline 0 -9"><span class='ocrx_word' id='word_1_158' title='bbox 1027 646 1101 664; x_wconf 82' lang='grc' dir='ltr'>νοιαν</span> <span class='ocrx_word' id='word_1_159' title='bbox 1126 638 1345 673; x_wconf 84' lang='grc' dir='ltr'>τυφλωττόντων,</span> <span class='ocrx_word' id='word_1_160' title='bbox 1375 638 1442 673; x_wconf 75' lang='grc' dir='ltr'>μηδὲ</span> <span class='ocrx_word' id='word_1_161' title='bbox 1457 639 1497 670; x_wconf 79' lang='grc' dir='ltr'><strong>είς</strong></span> <span class='ocrx_word' id='word_1_162' title='bbox 1521 637 1646 673; x_wconf 82' lang='grc' dir='ltr'>αἴσθησιν</span> <span class='ocrx_word' id='word_1_163' title='bbox 1670 638 1753 673; x_wconf 86' lang='grc' dir='ltr'>ἀκοῆς</span> <span class='ocrx_word' id='word_1_164' title='bbox 1778 638 1815 664; x_wconf 77' lang='grc' dir='ltr'>τὰ</span> 
     </span>
    </p>
   </div>
   <div class='ocr_carea' id='block_1_25' title="bbox 1027 682 1815 718">
    <p class='ocr_par' dir='ltr' id='par_1_25' title="bbox 1027 682 1815 718">
     <span class='ocr_line' id='line_1_25' title="bbox 1027 682 1815 718; baseline 0.001 -10"><span class='ocrx_word' id='word_1_165' title='bbox 1027 682 1074 708; x_wconf 82' lang='grc' dir='ltr'><strong>ὑπ’</strong></span> <span class='ocrx_word' id='word_1_166' title='bbox 1096 682 1186 709; x_wconf 86' lang='grc' dir='ltr'>αὐτῶν</span> <span class='ocrx_word' id='word_1_167' title='bbox 1209 682 1342 717; x_wconf 84' lang='grc' dir='ltr'>λεγόμενα</span> <span class='ocrx_word' id='word_1_168' title='bbox 1359 682 1560 717; x_wconf 87' lang='grc' dir='ltr'>λαμϐανόντων.</span> <span class='ocrx_word' id='word_1_169' title='bbox 1577 683 1608 709; x_wconf 82' lang='grc' dir='ltr'><strong>Εἰ</strong></span> <span class='ocrx_word' id='word_1_170' title='bbox 1628 682 1681 718; x_wconf 83' lang='grc' dir='ltr'>γὰρ</span> <span class='ocrx_word' id='word_1_171' title='bbox 1700 682 1767 714; x_wconf 81' lang='grc' dir='ltr'>ὅλως</span> <span class='ocrx_word' id='word_1_172' title='bbox 1781 683 1815 709; x_wconf 81' lang='grc' dir='ltr'>τὸ</span> 
     </span>
    </p>
   </div>
   <div class='ocr_carea' id='block_1_26' title="bbox 1026 726 1813 764">
    <p class='ocr_par' dir='ltr' id='par_1_26' title="bbox 1026 726 1813 764">
     <span class='ocr_line' id='line_1_26' title="bbox 1026 726 1813 764; baseline 0 -10"><span class='ocrx_word' id='word_1_173' title='bbox 1026 727 1079 754; x_wconf 81' lang='grc' dir='ltr'>ἀπὸ</span> <span class='ocrx_word' id='word_1_174' title='bbox 1091 726 1138 754; x_wconf 82' lang='grc' dir='ltr'><strong>τοῦ</strong></span> <span class='ocrx_word' id='word_1_175' title='bbox 1160 727 1286 763; x_wconf 85' lang='grc' dir='ltr'>σώματος</span> <span class='ocrx_word' id='word_1_176' title='bbox 1301 727 1489 763; x_wconf 79' lang='grc' dir='ltr'>ἀπαλλαγῆναι</span> <span class='ocrx_word' id='word_1_177' title='bbox 1505 728 1554 760; x_wconf 84' lang='grc' dir='ltr'><strong>τὰς</strong></span> <span class='ocrx_word' id='word_1_178' title='bbox 1571 726 1660 763; x_wconf 80' lang='grc' dir='ltr'>ψυχὰς</span> <span class='ocrx_word' id='word_1_179' title='bbox 1675 728 1813 764; x_wconf 78' lang='grc' dir='ltr'><strong>σωτηρίαν</strong></span> 
     </span>
    </p>
   </div>
   <div class='ocr_carea' id='block_1_27' title="bbox 1025 772 1814 809">
    <p class='ocr_par' dir='ltr' id='par_1_27' title="bbox 1025 772 1814 809">
     <span class='ocr_line' id='line_1_27' title="bbox 1025 772 1814 809; baseline 0 -10"><span class='ocrx_word' id='word_1_180' title='bbox 1025 773 1142 808; x_wconf 79' lang='grc' dir='ltr'>ἡγεῖται,</span> <span class='ocrx_word' id='word_1_181' title='bbox 1158 773 1211 800; x_wconf 75' lang='grc' dir='ltr'>ἔδει</span> <span class='ocrx_word' id='word_1_182' title='bbox 1234 773 1334 809; x_wconf 82' lang='grc' dir='ltr'>μᾶλλον</span> <span class='ocrx_word' id='word_1_183' title='bbox 1358 773 1405 800; x_wconf 80' lang='grc' dir='ltr'>τὸν</span> <span class='ocrx_word' id='word_1_184' title='bbox 1421 773 1537 809; x_wconf 81' lang='grc' dir='ltr'>Σωτῆρα</span> <span class='ocrx_word' id='word_1_185' title='bbox 1552 772 1709 800; x_wconf 81' lang='grc' dir='ltr'>ἀποστεῖλαι</span> <span class='ocrx_word' id='word_1_186' title='bbox 1732 773 1743 788; x_wconf 84' lang='grc'><strong>⁷</strong></span> <span class='ocrx_word' id='word_1_187' title='bbox 1765 772 1814 799; x_wconf 75' lang='grc' dir='ltr'><strong>τὸν</strong></span> 
     </span>
    </p>
   </div>
   <div class='ocr_carea' id='block_1_28' title="bbox 1024 817 1813 854">
    <p class='ocr_par' dir='ltr' id='par_1_28' title="bbox 1024 817 1813 854">
     <span class='ocr_line' id='line_1_28' title="bbox 1024 817 1813 854; baseline -0.001 -9"><span class='ocrx_word' id='word_1_188' title='bbox 1024 818 1194 854; x_wconf 81' lang='grc' dir='ltr'>δαιμονῶντα</span> <span class='ocrx_word' id='word_1_189' title='bbox 1210 818 1363 854; x_wconf 78' lang='grc' dir='ltr'>ἄνθρωπον,</span> <span class='ocrx_word' id='word_1_190' title='bbox 1378 818 1421 845; x_wconf 75' lang='grc' dir='ltr'>ἵνα</span> <span class='ocrx_word' id='word_1_191' title='bbox 1436 818 1508 854; x_wconf 83' lang='grc' dir='ltr'><strong>σωθῇ</strong></span> <span class='ocrx_word' id='word_1_192' title='bbox 1527 819 1544 854; x_wconf 85' lang='grc' dir='ltr'>ὴ</span> <span class='ocrx_word' id='word_1_193' title='bbox 1562 818 1634 854; x_wconf 78' lang='grc' dir='ltr'>ψυχὴ</span> <span class='ocrx_word' id='word_1_194' title='bbox 1648 817 1703 844; x_wconf 75' lang='grc' dir='ltr'><strong>ἀπὸ</strong></span> <span class='ocrx_word' id='word_1_195' title='bbox 1716 817 1813 853; x_wconf 88' lang='grc' dir='ltr'>σώμα-</span> 
     </span>
    </p>
   </div>
   <div class='ocr_carea' id='block_1_29' title="bbox 1025 862 1814 899">
    <p class='ocr_par' dir='ltr' id='par_1_29' title="bbox 1025 862 1814 899">
     <span class='ocr_line' id='line_1_29' title="bbox 1025 862 1814 899; baseline -0.001 -10"><span class='ocrx_word' id='word_1_196' title='bbox 1025 871 1070 895; x_wconf 87' lang='grc' dir='ltr'><strong>τος</strong></span> <span class='ocrx_word' id='word_1_197' title='bbox 1091 863 1235 899; x_wconf 87' lang='grc' dir='ltr'>ἀνθρώπου</span> <span class='ocrx_word' id='word_1_198' title='bbox 1259 863 1456 898; x_wconf 80' lang='grc' dir='ltr'>ἀπαλλαγεῖσα.</span> <span class='ocrx_word' id='word_1_199' title='bbox 1476 862 1579 890; x_wconf 79' lang='grc' dir='ltr'>Οὐκοῦν</span> <span class='ocrx_word' id='word_1_200' title='bbox 1597 863 1693 898; x_wconf 76' lang='grc' dir='ltr'>ἠγάπα</span> <span class='ocrx_word' id='word_1_201' title='bbox 1712 862 1814 898; x_wconf 75' lang='grc' dir='ltr'>μᾶλλον</span> 
     </span>
    </p>
   </div>
   <div class='ocr_carea' id='block_1_30' title="bbox 188 890 967 944">
    <p class='ocr_par' dir='ltr' id='par_1_30' title="bbox 188 890 967 940">
     <span class='ocr_line' id='line_1_30' title="bbox 188 890 967 940; baseline 0.018 -22"><span class='ocrx_word' id='word_1_202' title='bbox 188 890 260 927; x_wconf 79' lang='lat' dir='ltr'><strong>Ergo</strong></span> <span class='ocrx_word' id='word_1_203' title='bbox 276 894 382 922; x_wconf 84' lang='lat' dir='ltr'><strong>animas</strong></span> <span class='ocrx_word' id='word_1_204' title='bbox 405 896 477 929; x_wconf 81' lang='lat' dir='ltr'><strong>illas.</strong></span> <span class='ocrx_word' id='word_1_205' title='bbox 502 905 563 932; x_wconf 84' lang='lat' dir='ltr'><strong>quae</strong></span> <span class='ocrx_word' id='word_1_206' title='bbox 583 899 611 926; x_wconf 90' lang='lat' dir='ltr'><strong>in</strong></span> <span class='ocrx_word' id='word_1_207' title='bbox 635 901 728 934; x_wconf 86' lang='lat' dir='ltr'><strong>porcis</strong></span> <span class='ocrx_word' id='word_1_208' title='bbox 749 902 867 937; x_wconf 90' lang='lat' dir='ltr'><strong>inerant,</strong></span> <span class='ocrx_word' id='word_1_209' title='bbox 890 904 967 940; x_wconf 82' lang='lat' dir='ltr'><strong>pluri:</strong></span> 
     </span>
    </p>
   </div>
   <div class='ocr_carea' id='block_1_31' title="bbox 1021 890 1814 944">
    <p class='ocr_par' dir='ltr' id='par_1_31' title="bbox 1025 890 1814 944">
     <span class='ocr_line' id='line_1_31' title="bbox 1025 890 1814 944; baseline -0.001 -10"><span class='ocrx_word' id='word_1_210' title='bbox 1025 890 1075 939; x_wconf 64' lang='grc' dir='ltr'><strong>τάξ</strong></span> <span class='ocrx_word' id='word_1_211' title='bbox 1086 890 1174 943; x_wconf 79' lang='grc' dir='ltr'>ψυχάς</span> <span class='ocrx_word' id='word_1_212' title='bbox 1189 907 1240 940; x_wconf 86' lang='grc' dir='ltr'>τὰς</span> <span class='ocrx_word' id='word_1_213' title='bbox 1260 909 1289 935; x_wconf 80' lang='grc' dir='ltr'>ὲν</span> <span class='ocrx_word' id='word_1_214' title='bbox 1303 890 1360 940; x_wconf 79' lang='grc' dir='ltr'>τοῖς</span> <span class='ocrx_word' id='word_1_215' title='bbox 1373 890 1474 944; x_wconf 70' lang='grc' dir='ltr'>χοίροις</span> <span class='ocrx_word' id='word_1_216' title='bbox 1496 908 1566 943; x_wconf 87' lang='grc' dir='ltr'>ὑπὲρ</span> <span class='ocrx_word' id='word_1_217' title='bbox 1649 890 1738 943; x_wconf 53' lang='grc' dir='ltr'>ψυχήν</span> <span class='ocrx_word' id='word_1_218' title='bbox 1762 907 1814 942; x_wconf 84' lang='grc' dir='ltr'>τὴν</span> 
     </span>
    </p>
   </div>
   <div class='ocr_carea' id='block_1_32' title="bbox 188 937 975 979">
    <p class='ocr_par' dir='ltr' id='par_1_32' title="bbox 188 937 975 979">
     <span class='ocr_line' id='line_1_32' title="bbox 188 937 975 979; baseline 0.019 -15"><span class='ocrx_word' id='word_1_219' title='bbox 188 937 308 967; x_wconf 87' lang='lat' dir='ltr'><strong>hominis</strong></span> <span class='ocrx_word' id='word_1_220' title='bbox 331 941 423 968; x_wconf 85' lang='lat' dir='ltr'><strong>anima</strong></span> <span class='ocrx_word' id='word_1_221' title='bbox 449 941 574 971; x_wconf 81' lang='lat' dir='ltr'><strong>iaciebat.</strong></span> <span class='ocrx_word' id='word_1_222' title='bbox 599 945 654 972; x_wconf 82' lang='lat' dir='ltr'><strong>Cur</strong></span> <span class='ocrx_word' id='word_1_223' title='bbox 677 946 750 974; x_wconf 91' lang='lat' dir='ltr'><strong>enim</strong></span> <span class='ocrx_word' id='word_1_224' title='bbox 773 955 828 976; x_wconf 89' lang='lat' dir='ltr'><strong>non</strong></span> <span class='ocrx_word' id='word_1_225' title='bbox 845 954 872 977; x_wconf 90' lang='lat' dir='ltr'><strong>et</strong></span> <span class='ocrx_word' id='word_1_226' title='bbox 888 950 975 979; x_wconf 89' lang='lat' dir='ltr'><strong>homi-</strong></span> 
     </span>
    </p>
   </div>
   <div class='ocr_carea' id='block_1_33' title="bbox 188 983 975 1030">
    <p class='ocr_par' dir='ltr' id='par_1_33' title="bbox 188 983 975 1030">
     <span class='ocr_line' id='line_1_33' title="bbox 188 983 975 1030; baseline 0.019 -22"><span class='ocrx_word' id='word_1_227' title='bbox 188 989 250 1009; x_wconf 90' lang='lat' dir='ltr'><strong>nem</strong></span> <span class='ocrx_word' id='word_1_228' title='bbox 269 983 297 1011; x_wconf 91' lang='lat' dir='ltr'><strong>in</strong></span> <span class='ocrx_word' id='word_1_229' title='bbox 314 992 389 1013; x_wconf 88' lang='lat' dir='ltr'><strong>mare</strong></span> <span class='ocrx_word' id='word_1_230' title='bbox 403 993 465 1013; x_wconf 89' lang='lat' dir='ltr'><strong>cum</strong></span> <span class='ocrx_word' id='word_1_231' title='bbox 481 988 574 1022; x_wconf 83' lang='lat' dir='ltr'><strong>porcis</strong></span> <span class='ocrx_word' id='word_1_232' title='bbox 598 990 768 1026; x_wconf 66' lang='lat' dir='ltr'><strong>praecipitare</strong></span> <span class='ocrx_word' id='word_1_233' title='bbox 789 997 817 1021; x_wconf 89' lang='lat' dir='ltr'><strong>et</strong></span> <span class='ocrx_word' id='word_1_234' title='bbox 837 995 975 1030; x_wconf 74' lang='lat' dir='ltr'><strong>exstingui</strong></span> 
     </span>
    </p>
   </div>
   <div class='ocr_carea' id='block_1_34' title="bbox 187 1033 974 1069">
    <p class='ocr_par' dir='ltr' id='par_1_34' title="bbox 187 1033 974 1069">
     <span class='ocr_line' id='line_1_34' title="bbox 187 1033 974 1069; baseline 0.018 -15"><span class='ocrx_word' id='word_1_235' title='bbox 187 1035 286 1062; x_wconf 79' lang='lat' dir='ltr'><strong>passus</strong></span> <span class='ocrx_word' id='word_1_236' title='bbox 311 1034 364 1063; x_wconf 85' lang='lat' dir='ltr'><strong>est,</strong></span> <span class='ocrx_word' id='word_1_237' title='bbox 389 1039 444 1066; x_wconf 88' lang='lat' dir='ltr'><strong>quo</strong></span> <span class='ocrx_word' id='word_1_238' title='bbox 469 1033 612 1062; x_wconf 87' lang='lat' dir='ltr'><strong>universas</strong></span> <span class='ocrx_word' id='word_1_239' title='bbox 637 1036 753 1068; x_wconf 84' lang='lat' dir='ltr'><strong>animas,</strong></span> <span class='ocrx_word' id='word_1_240' title='bbox 777 1043 831 1066; x_wconf 90' lang='lat' dir='ltr'><strong>tam</strong></span> <span class='ocrx_word' id='word_1_241' title='bbox 855 1039 974 1069; x_wconf 86' lang='lat' dir='ltr'><strong>hominis</strong></span> 
     </span>
    </p>
   </div>
   <div class='ocr_carea' id='block_1_35' title="bbox 185 1073 972 1117">
    <p class='ocr_par' dir='ltr' id='par_1_35' title="bbox 185 1073 972 1117">
     <span class='ocr_line' id='line_1_35' title="bbox 185 1073 972 1117; baseline 0.015 -16"><span class='ocrx_word' id='word_1_242' title='bbox 185 1073 291 1102; x_wconf 76' lang='lat' dir='ltr'><strong>scilicet</strong></span> <span class='ocrx_word' id='word_1_243' title='bbox 306 1082 386 1110; x_wconf 81' lang='lat' dir='ltr'><strong>quam</strong></span> <span class='ocrx_word' id='word_1_244' title='bbox 405 1085 566 1113; x_wconf 88' lang='lat' dir='ltr'><strong>porcorum,</strong></span> <span class='ocrx_word' id='word_1_245' title='bbox 591 1086 750 1117; x_wconf 87' lang='lat' dir='ltr'><strong>repurgaret</strong></span> <span class='ocrx_word' id='word_1_246' title='bbox 772 1090 805 1111; x_wconf 90' lang='lat' dir='ltr'><strong>ac</strong></span> <span class='ocrx_word' id='word_1_247' title='bbox 829 1087 972 1113; x_wconf 80' lang='lat' dir='ltr'><strong>servaret?</strong></span> 
     </span>
    </p>
   </div>
   <div class='ocr_carea' id='block_1_36' title="bbox 186 1113 972 1166">
    <p class='ocr_par' dir='ltr' id='par_1_36' title="bbox 186 1113 972 1166">
     <span class='ocr_line' id='line_1_36' title="bbox 186 1113 972 1166; baseline 0.018 -20"><span class='ocrx_word' id='word_1_248' title='bbox 186 1113 286 1148; x_wconf 70' lang='lat' dir='ltr'><strong>Verum</strong></span> <span class='ocrx_word' id='word_1_249' title='bbox 312 1121 391 1158; x_wconf 81' lang='lat' dir='ltr'><strong>longe</strong></span> <span class='ocrx_word' id='word_1_250' title='bbox 416 1124 496 1152; x_wconf 79' lang='lat' dir='ltr'><strong>aliter</strong></span> <span class='ocrx_word' id='word_1_251' title='bbox 518 1125 592 1154; x_wconf 85' lang='lat' dir='ltr'><strong>istud</strong></span> <span class='ocrx_word' id='word_1_252' title='bbox 619 1113 814 1165; x_wconf 71' lang='lat' dir='ltr'><strong>inteiligimus;</strong></span> <span class='ocrx_word' id='word_1_253' title='bbox 837 1131 972 1166; x_wconf 80' lang='lat' dir='ltr'><strong>siquidem</strong></span> 
     </span>
    </p>
   </div>
   <div class='ocr_carea' id='block_1_37' title="bbox 185 1164 972 1213">
    <p class='ocr_par' dir='ltr' id='par_1_37' title="bbox 185 1164 972 1213">
     <span class='ocr_line' id='line_1_37' title="bbox 185 1164 972 1213; baseline 0.018 -20"><span class='ocrx_word' id='word_1_254' title='bbox 185 1164 318 1194; x_wconf 84' lang='lat' dir='ltr'><strong>Lazarum</strong></span> <span class='ocrx_word' id='word_1_255' title='bbox 333 1176 348 1196; x_wconf 90' lang='lat' dir='ltr'><strong>e</strong></span> <span class='ocrx_word' id='word_1_256' title='bbox 361 1175 539 1213; x_wconf 73' lang='lat' dir='ltr'><strong>monumento</strong></span> <span class='ocrx_word' id='word_1_257' title='bbox 551 1164 762 1207; x_wconf 84' lang='lat' dir='ltr'><strong>quatriduanum</strong></span> <span class='ocrx_word' id='word_1_258' title='bbox 771 1181 877 1210; x_wconf 87' lang='lat' dir='ltr'><strong>evocat,</strong></span> <span class='ocrx_word' id='word_1_259' title='bbox 891 1182 972 1213; x_wconf 87' lang='lat' dir='ltr'><strong>atque</strong></span> 
     </span>
    </p>
   </div>
   <div class='ocr_carea' id='block_1_38' title="bbox 185 1209 971 1256">
    <p class='ocr_par' dir='ltr' id='par_1_38' title="bbox 185 1209 971 1256">
     <span class='ocr_line' id='line_1_38' title="bbox 185 1209 971 1256; baseline 0.017 -19"><span class='ocrx_word' id='word_1_260' title='bbox 185 1211 298 1246; x_wconf 86' lang='lat' dir='ltr'><strong>excitat,</strong></span> <span class='ocrx_word' id='word_1_261' title='bbox 312 1216 340 1240; x_wconf 91' lang='lat' dir='ltr'><strong>et</strong></span> <span class='ocrx_word' id='word_1_262' title='bbox 363 1213 390 1240; x_wconf 91' lang='lat' dir='ltr'><strong>in</strong></span> <span class='ocrx_word' id='word_1_263' title='bbox 414 1209 546 1243; x_wconf 74' lang='lat' dir='ltr'><strong>mundum</strong></span> <span class='ocrx_word' id='word_1_264' title='bbox 572 1217 698 1252; x_wconf 84' lang='lat' dir='ltr'><strong>reducit;</strong></span> <span class='ocrx_word' id='word_1_265' title='bbox 717 1227 768 1247; x_wconf 87' lang='lat' dir='ltr'><strong>nec</strong></span> <span class='ocrx_word' id='word_1_266' title='bbox 790 1221 885 1256; x_wconf 82' lang='lat' dir='ltr'><strong>utique</strong></span> <span class='ocrx_word' id='word_1_267' title='bbox 907 1223 971 1250; x_wconf 89' lang='lat' dir='ltr'><strong>mali</strong></span> 
     </span>
    </p>
   </div>
   <div class='ocr_carea' id='block_1_39' title="bbox 184 1256 969 1296">
    <p class='ocr_par' dir='ltr' id='par_1_39' title="bbox 184 1256 969 1296">
     <span class='ocr_line' id='line_1_39' title="bbox 184 1256 969 1296; baseline 0.018 -14"><span class='ocrx_word' id='word_1_268' title='bbox 184 1256 334 1292; x_wconf 88' lang='lat' dir='ltr'><strong>quidquam</strong></span> <span class='ocrx_word' id='word_1_269' title='bbox 349 1265 382 1286; x_wconf 89' lang='lat' dir='ltr'><strong>eo</strong></span> <span class='ocrx_word' id='word_1_270' title='bbox 399 1259 471 1288; x_wconf 82' lang='lat' dir='ltr'><strong>facto</strong></span> <span class='ocrx_word' id='word_1_271' title='bbox 486 1262 633 1290; x_wconf 86' lang='lat' dir='ltr'><strong>conciliare</strong></span> <span class='ocrx_word' id='word_1_272' title='bbox 646 1264 742 1296; x_wconf 85' lang='lat' dir='ltr'><strong>voluit,</strong></span> <span class='ocrx_word' id='word_1_273' title='bbox 759 1270 807 1293; x_wconf 87' lang='lat' dir='ltr'><strong>aut</strong></span> <span class='ocrx_word' id='word_1_274' title='bbox 821 1267 969 1296; x_wconf 87' lang='lat' dir='ltr'><strong>absurdum</strong></span> 
     </span>
    </p>
   </div>
   <div class='ocr_carea' id='block_1_40' title="bbox 184 1302 969 1342">
    <p class='ocr_par' dir='ltr' id='par_1_40' title="bbox 184 1302 969 1342">
     <span class='ocr_line' id='line_1_40' title="bbox 184 1302 969 1342; baseline 0.017 -14"><span class='ocrx_word' id='word_1_275' title='bbox 184 1302 210 1329; x_wconf 90' lang='lat' dir='ltr'><strong>ei</strong></span> <span class='ocrx_word' id='word_1_276' title='bbox 226 1302 330 1338; x_wconf 83' lang='lat' dir='ltr'><strong>aliquid</strong></span> <span class='ocrx_word' id='word_1_277' title='bbox 353 1304 530 1341; x_wconf 88' lang='lat' dir='ltr'><strong>ineptumque</strong></span> <span class='ocrx_word' id='word_1_278' title='bbox 545 1307 644 1336; x_wconf 81' lang='lat' dir='ltr'><strong>facere.</strong></span> <span class='ocrx_word' id='word_1_279' title='bbox 662 1309 777 1338; x_wconf 75' lang='lat' dir='ltr'><strong>Amabat</strong></span> <span class='ocrx_word' id='word_1_280' title='bbox 793 1314 863 1340; x_wconf 85' lang='lat' dir='ltr'><strong>enim</strong></span> <span class='ocrx_word' id='word_1_281' title='bbox 879 1313 969 1342; x_wconf 78' lang='lat' dir='ltr'><strong>Laza-</strong></span> 
     </span>
    </p>
   </div>
   <div class='ocr_carea' id='block_1_41' title="bbox 184 1348 969 1392">
    <p class='ocr_par' dir='ltr' id='par_1_41' title="bbox 184 1348 969 1392">
     <span class='ocr_line' id='line_1_41' title="bbox 184 1348 969 1392; baseline 0.019 -19"><span class='ocrx_word' id='word_1_282' title='bbox 184 1355 254 1380; x_wconf 85' lang='lat' dir='ltr'><strong>rum,</strong></span> <span class='ocrx_word' id='word_1_283' title='bbox 275 1349 313 1375; x_wconf 87' lang='lat' dir='ltr'><strong>ait</strong></span> <span class='ocrx_word' id='word_1_284' title='bbox 331 1348 473 1386; x_wconf 88' lang='lat' dir='ltr'><strong>Scriptura</strong></span> <span class='ocrx_word' id='word_1_285' title='bbox 485 1353 506 1379; x_wconf 91' lang='grc'><strong>¹.</strong></span> <span class='ocrx_word' id='word_1_286' title='bbox 531 1353 616 1386; x_wconf 85' lang='lat' dir='ltr'><strong>Quem</strong></span> <span class='ocrx_word' id='word_1_287' title='bbox 635 1354 719 1390; x_wconf 88' lang='lat' dir='ltr'><strong>igitur</strong></span> <span class='ocrx_word' id='word_1_288' title='bbox 734 1358 853 1392; x_wconf 85' lang='lat' dir='ltr'><strong>amabat,</strong></span> <span class='ocrx_word' id='word_1_289' title='bbox 877 1367 927 1387; x_wconf 90' lang='lat' dir='ltr'><strong>cur</strong></span> <span class='ocrx_word' id='word_1_290' title='bbox 941 1360 969 1388; x_wconf 90' lang='lat' dir='ltr'><strong>in</strong></span> 
     </span>
    </p>
   </div>
   <div class='ocr_carea' id='block_1_42' title="bbox 183 1394 968 1436">
    <p class='ocr_par' dir='ltr' id='par_1_42' title="bbox 183 1394 968 1436">
     <span class='ocr_line' id='line_1_42' title="bbox 183 1394 968 1436; baseline 0.019 -17"><span class='ocrx_word' id='word_1_291' title='bbox 183 1400 305 1428; x_wconf 86' lang='lat' dir='ltr'><strong>carnem,</strong></span> <span class='ocrx_word' id='word_1_292' title='bbox 325 1394 348 1422; x_wconf 88' lang='lat' dir='ltr'><strong>si</strong></span> <span class='ocrx_word' id='word_1_293' title='bbox 373 1403 404 1423; x_wconf 87' lang='lat' dir='ltr'><strong>ea</strong></span> <span class='ocrx_word' id='word_1_294' title='bbox 426 1397 497 1425; x_wconf 90' lang='lat' dir='ltr'><strong>mala</strong></span> <span class='ocrx_word' id='word_1_295' title='bbox 516 1404 568 1431; x_wconf 83' lang='lat' dir='ltr'><strong>est,</strong></span> <span class='ocrx_word' id='word_1_296' title='bbox 594 1401 700 1436; x_wconf 81' lang='lat' dir='ltr'><strong>regredi</strong></span> <span class='ocrx_word' id='word_1_297' title='bbox 722 1403 830 1431; x_wconf 82' lang='lat' dir='ltr'><strong>voluit?</strong></span> <span class='ocrx_word' id='word_1_298' title='bbox 846 1412 896 1432; x_wconf 93' lang='lat' dir='ltr'><strong>cur</strong></span> <span class='ocrx_word' id='word_1_299' title='bbox 913 1414 968 1434; x_wconf 89' lang='lat' dir='ltr'><strong>non</strong></span> 
     </span>
    </p>
   </div>
   <div class='ocr_carea' id='block_1_43' title="bbox 183 1439 969 1483">
    <p class='ocr_par' dir='ltr' id='par_1_43' title="bbox 183 1439 969 1483">
     <span class='ocr_line' id='line_1_43' title="bbox 183 1439 969 1483; baseline 0.018 -19"><span class='ocrx_word' id='word_1_300' title='bbox 183 1443 321 1466; x_wconf 86' lang='lat' dir='ltr'><strong>mortuum</strong></span> <span class='ocrx_word' id='word_1_301' title='bbox 335 1439 410 1467; x_wconf 89' lang='lat' dir='ltr'><strong>illum</strong></span> <span class='ocrx_word' id='word_1_302' title='bbox 431 1443 515 1470; x_wconf 86' lang='lat' dir='ltr'><strong>semel</strong></span> <span class='ocrx_word' id='word_1_303' title='bbox 531 1445 740 1482; x_wconf 80' lang='lat' dir='ltr'><strong>exsolutumque</strong></span> <span class='ocrx_word' id='word_1_304' title='bbox 751 1455 866 1483; x_wconf 89' lang='lat' dir='ltr'><strong>corpore</strong></span> <span class='ocrx_word' id='word_1_305' title='bbox 879 1450 916 1477; x_wconf 91' lang='lat' dir='ltr'><strong>ita</strong></span> <span class='ocrx_word' id='word_1_306' title='bbox 931 1452 969 1479; x_wconf 91' lang='lat' dir='ltr'><strong>uti</strong></span> 
     </span>
    </p>
   </div>
   <div class='ocr_carea' id='block_1_44' title="bbox 183 1483 968 1527">
    <p class='ocr_par' dir='ltr' id='par_1_44' title="bbox 183 1483 968 1527">
     <span class='ocr_line' id='line_1_44' title="bbox 183 1483 968 1527; baseline 0.015 -19"><span class='ocrx_word' id='word_1_307' title='bbox 183 1486 244 1509; x_wconf 83' lang='lat' dir='ltr'><strong>erat</strong></span> <span class='ocrx_word' id='word_1_308' title='bbox 265 1483 398 1519; x_wconf 86' lang='lat' dir='ltr'><strong>reliquit?</strong></span> <span class='ocrx_word' id='word_1_309' title='bbox 412 1485 467 1513; x_wconf 86' lang='lat' dir='ltr'><strong>Nec</strong></span> <span class='ocrx_word' id='word_1_310' title='bbox 484 1492 526 1515; x_wconf 89' lang='lat' dir='ltr'><strong>est</strong></span> <span class='ocrx_word' id='word_1_311' title='bbox 540 1488 612 1522; x_wconf 91' lang='lat' dir='ltr'><strong>quod</strong></span> <span class='ocrx_word' id='word_1_312' title='bbox 626 1489 678 1517; x_wconf 87' lang='lat' dir='ltr'><strong>sibi</strong></span> <span class='ocrx_word' id='word_1_313' title='bbox 694 1490 837 1526; x_wconf 89' lang='lat' dir='ltr'><strong>quisquam</strong></span> <span class='ocrx_word' id='word_1_314' title='bbox 851 1499 968 1527; x_wconf 71' lang='lat' dir='ltr'><strong>persua-</strong></span> 
     </span>
    </p>
   </div>
   <div class='ocr_carea' id='block_1_45' title="bbox 182 1528 966 1567">
    <p class='ocr_par' dir='ltr' id='par_1_45' title="bbox 182 1528 966 1567">
     <span class='ocr_line' id='line_1_45' title="bbox 182 1528 966 1567; baseline 0.015 -12"><span class='ocrx_word' id='word_1_315' title='bbox 182 1528 246 1556; x_wconf 83' lang='lat' dir='ltr'><strong>deat</strong></span> <span class='ocrx_word' id='word_1_316' title='bbox 266 1529 402 1558; x_wconf 83' lang='lat' dir='ltr'><strong>Lazarum</strong></span> <span class='ocrx_word' id='word_1_317' title='bbox 430 1532 546 1561; x_wconf 86' lang='lat' dir='ltr'><strong>subinde</strong></span> <span class='ocrx_word' id='word_1_318' title='bbox 570 1542 631 1563; x_wconf 88' lang='lat' dir='ltr'><strong>esse</strong></span> <span class='ocrx_word' id='word_1_319' title='bbox 656 1540 805 1564; x_wconf 84' lang='lat' dir='ltr'><strong>mortuum.</strong></span> <span class='ocrx_word' id='word_1_320' title='bbox 821 1537 879 1566; x_wconf 88' lang='lat' dir='ltr'><strong>Hoc</strong></span> <span class='ocrx_word' id='word_1_321' title='bbox 894 1539 966 1567; x_wconf 77' lang='lat' dir='ltr'><strong>enim</strong></span> 
     </span>
    </p>
   </div>
   <div class='ocr_carea' id='block_1_46' title="bbox 181 1573 1002 1619">
    <p class='ocr_par' dir='ltr' id='par_1_46' title="bbox 181 1573 1002 1619">
     <span class='ocr_line' id='line_1_46' title="bbox 181 1573 1002 1619; baseline 0.016 -18"><span class='ocrx_word' id='word_1_322' title='bbox 181 1573 357 1611; x_wconf 78' lang='lat' dir='ltr'><strong>Evangelium</strong></span> <span class='ocrx_word' id='word_1_323' title='bbox 373 1583 467 1613; x_wconf 87' lang='lat' dir='ltr'><strong>aperte</strong></span> <span class='ocrx_word' id='word_1_324' title='bbox 480 1579 611 1614; x_wconf 86' lang='lat' dir='ltr'><strong>declarat,</strong></span> <span class='ocrx_word' id='word_1_325' title='bbox 633 1582 796 1612; x_wconf 87' lang='lat' dir='ltr'><strong>accubuisse</strong></span> <span class='ocrx_word' id='word_1_326' title='bbox 809 1589 905 1619; x_wconf 86' lang='lat' dir='ltr'><strong>postea</strong></span> <span class='ocrx_word' id='word_1_327' title='bbox 920 1585 967 1613; x_wconf 80' lang='lat' dir='ltr'><strong>Je-</strong></span> <span class='ocrx_word' id='word_1_328' title='bbox 981 1580 1002 1607; x_wconf 64' lang='grc' dir='ltr'><strong>(ἒ</strong></span> 
     </span>
    </p>
   </div>
   <div class='ocr_carea' id='block_1_47' title="bbox 180 1625 965 1667">
    <p class='ocr_par' dir='ltr' id='par_1_47' title="bbox 180 1625 965 1667">
     <span class='ocr_line' id='line_1_47' title="bbox 180 1625 965 1667; baseline 0.015 -19"><span class='ocrx_word' id='word_1_329' title='bbox 180 1629 261 1654; x_wconf 84' lang='lat' dir='ltr'><strong>sum,</strong></span> <span class='ocrx_word' id='word_1_330' title='bbox 285 1628 313 1650; x_wconf 88' lang='lat' dir='ltr'><strong>et</strong></span> <span class='ocrx_word' id='word_1_331' title='bbox 334 1630 396 1651; x_wconf 81' lang='lat' dir='ltr'><strong>cuin</strong></span> <span class='ocrx_word' id='word_1_332' title='bbox 420 1632 454 1652; x_wconf 87' lang='lat' dir='ltr'><strong>eo</strong></span> <span class='ocrx_word' id='word_1_333' title='bbox 476 1625 610 1654; x_wconf 85' lang='lat' dir='ltr'><strong>Lazarum</strong></span> <span class='ocrx_word' id='word_1_334' title='bbox 636 1627 766 1657; x_wconf 81' lang='lat' dir='ltr'><strong>similiter</strong></span> <span class='ocrx_word' id='word_1_335' title='bbox 792 1631 965 1667; x_wconf 75' lang='lat' dir='ltr'><strong>accubpisse.</strong></span> 
     </span>
    </p>
   </div>
   <div class='ocr_carea' id='block_1_48' title="bbox 181 1666 966 1713">
    <p class='ocr_par' dir='ltr' id='par_1_48' title="bbox 181 1666 966 1713">
     <span class='ocr_line' id='line_1_48' title="bbox 181 1666 966 1713; baseline 0.015 -20"><span class='ocrx_word' id='word_1_336' title='bbox 181 1666 253 1700; x_wconf 80' lang='lat' dir='ltr'><strong>Quin</strong></span> <span class='ocrx_word' id='word_1_337' title='bbox 266 1672 294 1696; x_wconf 92' lang='lat' dir='ltr'><strong>et</strong></span> <span class='ocrx_word' id='word_1_338' title='bbox 310 1668 377 1696; x_wconf 90' lang='lat' dir='ltr'><strong>illud</strong></span> <span class='ocrx_word' id='word_1_339' title='bbox 394 1669 465 1698; x_wconf 84' lang='lat' dir='ltr'><strong>inter</strong></span> <span class='ocrx_word' id='word_1_340' title='bbox 479 1670 652 1701; x_wconf 86' lang='lat' dir='ltr'><strong>Traditiones</strong></span> <span class='ocrx_word' id='word_1_341' title='bbox 669 1675 832 1710; x_wconf 88' lang='lat' dir='ltr'><strong>reperimus,</strong></span> <span class='ocrx_word' id='word_1_342' title='bbox 856 1666 966 1713; x_wconf 82' lang='lat' dir='ltr'><strong>triginta</strong></span> 
     </span>
    </p>
   </div>
   <div class='ocr_carea' id='block_1_49' title="bbox 179 1716 966 1752">
    <p class='ocr_par' dir='ltr' id='par_1_49' title="bbox 179 1716 966 1752">
     <span class='ocr_line' id='line_1_49' title="bbox 179 1716 966 1752; baseline 0.015 -13"><span class='ocrx_word' id='word_1_343' title='bbox 179 1716 237 1741; x_wconf 87' lang='lat' dir='ltr'><strong>tum</strong></span> <span class='ocrx_word' id='word_1_344' title='bbox 257 1721 345 1742; x_wconf 89' lang='lat' dir='ltr'><strong>annos</strong></span> <span class='ocrx_word' id='word_1_345' title='bbox 365 1720 459 1743; x_wconf 87' lang='lat' dir='ltr'><strong>natum</strong></span> <span class='ocrx_word' id='word_1_346' title='bbox 485 1716 571 1746; x_wconf 82' lang='lat' dir='ltr'><strong>fuisse</strong></span> <span class='ocrx_word' id='word_1_347' title='bbox 586 1717 730 1752; x_wconf 88' lang='lat' dir='ltr'><strong>Lazarum,</strong></span> <span class='ocrx_word' id='word_1_348' title='bbox 744 1727 806 1748; x_wconf 91' lang='lat' dir='ltr'><strong>curn</strong></span> <span class='ocrx_word' id='word_1_349' title='bbox 821 1729 836 1748; x_wconf 88' lang='lat' dir='ltr'><strong>a</strong></span> <span class='ocrx_word' id='word_1_350' title='bbox 851 1723 966 1751; x_wconf 84' lang='lat' dir='ltr'><strong>mortuis</strong></span> 
     </span>
    </p>
   </div>
   <div class='ocr_carea' id='block_1_50' title="bbox 177 1758 962 1802">
    <p class='ocr_par' dir='ltr' id='par_1_50' title="bbox 177 1758 962 1802">
     <span class='ocr_line' id='line_1_50' title="bbox 177 1758 962 1802; baseline 0.014 -17"><span class='ocrx_word' id='word_1_351' title='bbox 177 1758 314 1787; x_wconf 84' lang='lat' dir='ltr'><strong>excitatus</strong></span> <span class='ocrx_word' id='word_1_352' title='bbox 322 1764 375 1788; x_wconf 87' lang='lat' dir='ltr'><strong>est.</strong></span> <span class='ocrx_word' id='word_1_353' title='bbox 387 1760 475 1796; x_wconf 82' lang='lat' dir='ltr'><strong>Atque</strong></span> <span class='ocrx_word' id='word_1_354' title='bbox 484 1763 553 1790; x_wconf 84' lang='lat' dir='ltr'><strong>idem</strong></span> <span class='ocrx_word' id='word_1_355' title='bbox 565 1763 610 1790; x_wconf 87' lang='lat' dir='ltr'><strong>ille</strong></span> <span class='ocrx_word' id='word_1_356' title='bbox 621 1768 715 1799; x_wconf 83' lang='lat' dir='ltr'><strong>postea</strong></span> <span class='ocrx_word' id='word_1_357' title='bbox 727 1766 838 1802; x_wconf 85' lang='lat' dir='ltr'><strong>triginta</strong></span> <span class='ocrx_word' id='word_1_358' title='bbox 848 1767 909 1796; x_wconf 92' lang='lat' dir='ltr'><strong>aliis</strong></span> <span class='ocrx_word' id='word_1_359' title='bbox 918 1776 962 1796; x_wconf 87' lang='lat' dir='ltr'><strong>an-</strong></span> 
     </span>
    </p>
   </div>
   <div class='ocr_carea' id='block_1_51' title="bbox 176 1802 963 1846">
    <p class='ocr_par' dir='ltr' id='par_1_51' title="bbox 176 1802 963 1846">
     <span class='ocr_line' id='line_1_51' title="bbox 176 1802 963 1846; baseline 0.015 -17"><span class='ocrx_word' id='word_1_360' title='bbox 176 1802 221 1831; x_wconf 91' lang='lat' dir='ltr'><strong>nis</strong></span> <span class='ocrx_word' id='word_1_361' title='bbox 236 1803 314 1831; x_wconf 86' lang='lat' dir='ltr'><strong>vixit.</strong></span> <span class='ocrx_word' id='word_1_362' title='bbox 334 1806 423 1840; x_wconf 80' lang='lat' dir='ltr'><strong>Atque</strong></span> <span class='ocrx_word' id='word_1_363' title='bbox 441 1807 478 1833; x_wconf 89' lang='lat' dir='ltr'><strong>ita</strong></span> <span class='ocrx_word' id='word_1_364' title='bbox 497 1812 623 1836; x_wconf 92' lang='lat' dir='ltr'><strong>mortuus</strong></span> <span class='ocrx_word' id='word_1_365' title='bbox 646 1809 681 1837; x_wconf 89' lang='lat' dir='ltr'><strong>ad</strong></span> <span class='ocrx_word' id='word_1_366' title='bbox 705 1809 851 1839; x_wconf 91' lang='lat' dir='ltr'><strong>Dominum</strong></span> <span class='ocrx_word' id='word_1_367' title='bbox 873 1813 963 1846; x_wconf 85' lang='lat' dir='ltr'><strong>rediit,</strong></span> 
     </span>
    </p>
   </div>
   <div class='ocr_carea' id='block_1_52' title="bbox 175 1850 965 1890">
    <p class='ocr_par' dir='ltr' id='par_1_52' title="bbox 175 1850 965 1890">
     <span class='ocr_line' id='line_1_52' title="bbox 175 1850 965 1890; baseline 0.014 -15"><span class='ocrx_word' id='word_1_368' title='bbox 175 1852 203 1875; x_wconf 88' lang='lat' dir='ltr'><strong>et</strong></span> <span class='ocrx_word' id='word_1_369' title='bbox 226 1855 288 1876; x_wconf 91' lang='lat' dir='ltr'><strong>cum</strong></span> <span class='ocrx_word' id='word_1_370' title='bbox 315 1850 415 1878; x_wconf 85' lang='lat' dir='ltr'><strong>illustri</strong></span> <span class='ocrx_word' id='word_1_371' title='bbox 439 1853 560 1881; x_wconf 88' lang='lat' dir='ltr'><strong>nominis</strong></span> <span class='ocrx_word' id='word_1_372' title='bbox 585 1853 657 1882; x_wconf 81' lang='lat' dir='ltr'><strong>fama</strong></span> <span class='ocrx_word' id='word_1_373' title='bbox 682 1860 795 1884; x_wconf 81' lang='lat' dir='ltr'><strong>vocatus</strong></span> <span class='ocrx_word' id='word_1_374' title='bbox 814 1861 866 1890; x_wconf 84' lang='lat' dir='ltr'><strong>est,</strong></span> <span class='ocrx_word' id='word_1_375' title='bbox 891 1862 965 1887; x_wconf 86' lang='lat' dir='ltr'><strong>utet</strong></span> 
     </span>
    </p>
   </div>
   <div class='ocr_carea' id='block_1_53' title="bbox 175 1893 965 1936">
    <p class='ocr_par' dir='ltr' id='par_1_53' title="bbox 175 1893 965 1936">
     <span class='ocr_line' id='line_1_53' title="bbox 175 1893 965 1936; baseline 0.014 -17"><span class='ocrx_word' id='word_1_376' title='bbox 175 1893 266 1920; x_wconf 66' lang='lat' dir='ltr'><strong>ceteri</strong></span> <span class='ocrx_word' id='word_1_377' title='bbox 284 1900 380 1922; x_wconf 88' lang='lat' dir='ltr'><strong>omnes</strong></span> <span class='ocrx_word' id='word_1_378' title='bbox 396 1895 547 1924; x_wconf 74' lang='lat' dir='ltr'><strong>adultiina:</strong></span> <span class='ocrx_word' id='word_1_379' title='bbox 565 1899 777 1928; x_wconf 88' lang='lat' dir='ltr'><strong>resurrectionis</strong></span> <span class='ocrx_word' id='word_1_380' title='bbox 792 1909 879 1936; x_wconf 88' lang='lat' dir='ltr'><strong>usque</strong></span> <span class='ocrx_word' id='word_1_381' title='bbox 895 1906 965 1930; x_wconf 90' lang='lat' dir='ltr'><strong>tem-</strong></span> 
     </span>
    </p>
   </div>
   <div class='ocr_carea' id='block_1_54' title="bbox 175 1939 964 1979">
    <p class='ocr_par' dir='ltr' id='par_1_54' title="bbox 175 1939 964 1979">
     <span class='ocr_line' id='line_1_54' title="bbox 175 1939 964 1979; baseline 0.015 -17"><span class='ocrx_word' id='word_1_382' title='bbox 175 1943 237 1970; x_wconf 89' lang='lat' dir='ltr'><strong>pus,</strong></span> <span class='ocrx_word' id='word_1_383' title='bbox 255 1939 374 1972; x_wconf 87' lang='lat' dir='ltr'><strong>quando,</strong></span> <span class='ocrx_word' id='word_1_384' title='bbox 393 1943 423 1966; x_wconf 86' lang='lat' dir='ltr'><strong>ut</strong></span> <span class='ocrx_word' id='word_1_385' title='bbox 439 1940 576 1974; x_wconf 66' lang='lat' dir='ltr'><strong>pollicitus</strong></span> <span class='ocrx_word' id='word_1_386' title='bbox 601 1946 654 1976; x_wconf 88' lang='lat' dir='ltr'><strong>est,</strong></span> <span class='ocrx_word' id='word_1_387' title='bbox 681 1945 840 1979; x_wconf 83' lang='lat' dir='ltr'><strong>unigenitus</strong></span> <span class='ocrx_word' id='word_1_388' title='bbox 858 1946 905 1974; x_wconf 89' lang='lat' dir='ltr'><strong>Dei</strong></span> <span class='ocrx_word' id='word_1_389' title='bbox 922 1947 964 1975; x_wconf 87' lang='lat' dir='ltr'><strong>Fi-</strong></span> 
     </span>
    </p>
   </div>
   <div class='ocr_carea' id='block_1_55' title="bbox 174 1980 962 2027">
    <p class='ocr_par' dir='ltr' id='par_1_55' title="bbox 174 1980 962 2027">
     <span class='ocr_line' id='line_1_55' title="bbox 174 1980 962 2027; baseline 0.016 -20"><span class='ocrx_word' id='word_1_390' title='bbox 174 1980 228 2008; x_wconf 85' lang='lat' dir='ltr'><strong>lius</strong></span> <span class='ocrx_word' id='word_1_391' title='bbox 250 1988 351 2017; x_wconf 87' lang='lat' dir='ltr'><strong>corpus</strong></span> <span class='ocrx_word' id='word_1_392' title='bbox 373 1984 481 2017; x_wconf 70' lang='lat' dir='ltr'><strong>animae,</strong></span> <span class='ocrx_word' id='word_1_393' title='bbox 509 1987 674 2022; x_wconf 86' lang='lat' dir='ltr'><strong>corporique</strong></span> <span class='ocrx_word' id='word_1_394' title='bbox 691 1990 817 2017; x_wconf 85' lang='lat' dir='ltr'><strong>restituet</strong></span> <span class='ocrx_word' id='word_1_395' title='bbox 832 1992 962 2027; x_wconf 85' lang='lat' dir='ltr'><strong>animam,</strong></span> 
     </span>
    </p>
   </div>
   <div class='ocr_carea' id='block_1_56' title="bbox 173 2027 961 2068">
    <p class='ocr_par' dir='ltr' id='par_1_56' title="bbox 173 2027 961 2068">
     <span class='ocr_line' id='line_1_56' title="bbox 173 2027 961 2068; baseline 0.016 -15"><span class='ocrx_word' id='word_1_396' title='bbox 173 2031 200 2054; x_wconf 88' lang='lat' dir='ltr'><strong>et</strong></span> <span class='ocrx_word' id='word_1_397' title='bbox 214 2027 363 2063; x_wconf 89' lang='lat' dir='ltr'><strong>unicuique</strong></span> <span class='ocrx_word' id='word_1_398' title='bbox 379 2034 460 2064; x_wconf 84' lang='lat' dir='ltr'><strong>prout</strong></span> <span class='ocrx_word' id='word_1_399' title='bbox 474 2033 569 2067; x_wconf 80' lang='lat' dir='ltr'><strong>gessit,</strong></span> <span class='ocrx_word' id='word_1_400' title='bbox 587 2033 645 2061; x_wconf 85' lang='lat' dir='ltr'><strong>sive</strong></span> <span class='ocrx_word' id='word_1_401' title='bbox 657 2035 769 2068; x_wconf 86' lang='lat' dir='ltr'><strong>bonum,</strong></span> <span class='ocrx_word' id='word_1_402' title='bbox 785 2037 843 2065; x_wconf 87' lang='lat' dir='ltr'><strong>sive</strong></span> <span class='ocrx_word' id='word_1_403' title='bbox 860 2039 961 2066; x_wconf 90' lang='lat' dir='ltr'><strong>malum</strong></span> 
     </span>
    </p>
   </div>
   <div class='ocr_carea' id='block_1_57' title="bbox 174 2073 336 2108">
    <p class='ocr_par' dir='ltr' id='par_1_57' title="bbox 174 2073 336 2108">
     <span class='ocr_line' id='line_1_57' title="bbox 174 2073 336 2108; baseline 0.006 -8"><span class='ocrx_word' id='word_1_404' title='bbox 174 2073 304 2108; x_wconf 88' lang='lat' dir='ltr'><strong>rependet</strong></span> <span class='ocrx_word' id='word_1_405' title='bbox 313 2075 336 2101; x_wconf 73' lang='grc' dir='ltr'><strong>ί.</strong></span> 
     </span>
    </p>
   </div>
   <div class='ocr_carea' id='block_1_58' title="bbox 207 2117 960 2159">
    <p class='ocr_par' dir='ltr' id='par_1_58' title="bbox 207 2117 960 2159">
     <span class='ocr_line' id='line_1_58' title="bbox 207 2117 960 2159; baseline 0.017 -15"><span class='ocrx_word' id='word_1_406' title='bbox 207 2117 316 2146; x_wconf 79' lang='lat' dir='ltr'><strong>XXXV.</strong></span> <span class='ocrx_word' id='word_1_407' title='bbox 338 2119 445 2148; x_wconf 83' lang='lat' dir='ltr'><strong>Etenim</strong></span> <span class='ocrx_word' id='word_1_408' title='bbox 467 2122 519 2150; x_wconf 90' lang='lat' dir='ltr'><strong>nisi</strong></span> <span class='ocrx_word' id='word_1_409' title='bbox 542 2131 689 2159; x_wconf 84' lang='lat' dir='ltr'><strong>corporum</strong></span> <span class='ocrx_word' id='word_1_410' title='bbox 713 2126 806 2155; x_wconf 76' lang='lat' dir='ltr'><strong>futura</strong></span> <span class='ocrx_word' id='word_1_411' title='bbox 823 2133 897 2157; x_wconf 86' lang='lat' dir='ltr'><strong>esset</strong></span> <span class='ocrx_word' id='word_1_412' title='bbox 910 2130 960 2157; x_wconf 85' lang='lat' dir='ltr'><strong>ali-</strong></span> 
     </span>
    </p>
   </div>
   <div class='ocr_carea' id='block_1_59' title="bbox 172 2165 960 2204">
    <p class='ocr_par' dir='ltr' id='par_1_59' title="bbox 172 2165 960 2204">
     <span class='ocr_line' id='line_1_59' title="bbox 172 2165 960 2204; baseline 0.016 -13"><span class='ocrx_word' id='word_1_413' title='bbox 172 2165 283 2199; x_wconf 79' lang='lat' dir='ltr'><strong>quando</strong></span> <span class='ocrx_word' id='word_1_414' title='bbox 301 2167 475 2199; x_wconf 82' lang='lat' dir='ltr'><strong>resurrectio,</strong></span> <span class='ocrx_word' id='word_1_415' title='bbox 498 2169 565 2204; x_wconf 86' lang='lat' dir='ltr'><strong>quid</strong></span> <span class='ocrx_word' id='word_1_416' title='bbox 590 2171 637 2198; x_wconf 91' lang='lat' dir='ltr'><strong>ille</strong></span> <span class='ocrx_word' id='word_1_417' title='bbox 661 2171 712 2199; x_wconf 89' lang='lat' dir='ltr'><strong>sibi</strong></span> <span class='ocrx_word' id='word_1_418' title='bbox 733 2174 815 2201; x_wconf 80' lang='lat' dir='ltr'><strong>veilct</strong></span> <span class='ocrx_word' id='word_1_419' title='bbox 838 2175 960 2204; x_wconf 85' lang='lat' dir='ltr'><strong>dentium</strong></span> 
     </span>
    </p>
   </div>
   <div class='ocr_carea' id='block_1_60' title="bbox 170 2211 960 2251">
    <p class='ocr_par' dir='ltr' id='par_1_60' title="bbox 170 2211 960 2251">
     <span class='ocr_line' id='line_1_60' title="bbox 170 2211 960 2251; baseline 0.015 -14"><span class='ocrx_word' id='word_1_420' title='bbox 170 2211 319 2239; x_wconf 78' lang='lat' dir='ltr'><strong>stridor&quot;?</strong></span> <span class='ocrx_word' id='word_1_421' title='bbox 334 2212 390 2241; x_wconf 80' lang='lat' dir='ltr'><strong>Nec</strong></span> <span class='ocrx_word' id='word_1_422' title='bbox 401 2215 530 2250; x_wconf 85' lang='lat' dir='ltr'><strong>estquod</strong></span> <span class='ocrx_word' id='word_1_423' title='bbox 546 2217 630 2251; x_wconf 82' lang='lat' dir='ltr'><strong>aliqui</strong></span> <span class='ocrx_word' id='word_1_424' title='bbox 651 2218 757 2247; x_wconf 87' lang='lat' dir='ltr'><strong>insanis</strong></span> <span class='ocrx_word' id='word_1_425' title='bbox 776 2220 829 2247; x_wconf 88' lang='lat' dir='ltr'><strong>illis</strong></span> <span class='ocrx_word' id='word_1_426' title='bbox 846 2222 960 2249; x_wconf 88' lang='lat' dir='ltr'><strong>vocibus</strong></span> 
     </span>
    </p>
   </div>
   <div class='ocr_carea' id='block_1_61' title="bbox 171 2258 960 2296">
    <p class='ocr_par' dir='ltr' id='par_1_61' title="bbox 171 2258 960 2296">
     <span class='ocr_line' id='line_1_61' title="bbox 171 2258 960 2296; baseline 0.014 -12"><span class='ocrx_word' id='word_1_427' title='bbox 171 2258 351 2294; x_wconf 85' lang='lat' dir='ltr'><strong>obstrepant:</strong></span> <span class='ocrx_word' id='word_1_428' title='bbox 374 2259 473 2289; x_wconf 84' lang='lat' dir='ltr'><strong>Dentes</strong></span> <span class='ocrx_word' id='word_1_429' title='bbox 492 2262 573 2291; x_wconf 86' lang='lat' dir='ltr'><strong>nobis</strong></span> <span class='ocrx_word' id='word_1_430' title='bbox 590 2264 623 2291; x_wconf 87' lang='lat' dir='ltr'><strong>ad</strong></span> <span class='ocrx_word' id='word_1_431' title='bbox 638 2265 821 2293; x_wconf 82' lang='lat' dir='ltr'><strong>mandendum</strong></span> <span class='ocrx_word' id='word_1_432' title='bbox 839 2275 900 2296; x_wconf 90' lang='lat' dir='ltr'><strong>esse</strong></span> <span class='ocrx_word' id='word_1_433' title='bbox 920 2268 960 2295; x_wconf 84' lang='lat' dir='ltr'><strong>fa-</strong></span> 
     </span>
    </p>
   </div>
   <div class='ocr_carea' id='block_1_62' title="bbox 172 2302 959 2344">
    <p class='ocr_par' dir='ltr' id='par_1_62' title="bbox 172 2302 959 2344">
     <span class='ocr_line' id='line_1_62' title="bbox 172 2302 959 2344; baseline 0.015 -15"><span class='ocrx_word' id='word_1_434' title='bbox 172 2302 304 2332; x_wconf 86' lang='lat' dir='ltr'><strong>bricatos.</strong></span> <span class='ocrx_word' id='word_1_435' title='bbox 322 2304 426 2340; x_wconf 82' lang='lat' dir='ltr'><strong>Ecquid</strong></span> <span class='ocrx_word' id='word_1_436' title='bbox 446 2315 511 2335; x_wconf 88' lang='lat' dir='ltr'><strong>vero</strong></span> <span class='ocrx_word' id='word_1_437' title='bbox 531 2309 584 2336; x_wconf 87' lang='lat' dir='ltr'><strong>cibi</strong></span> <span class='ocrx_word' id='word_1_438' title='bbox 601 2314 663 2344; x_wconf 91' lang='lat' dir='ltr'><strong>post</strong></span> <span class='ocrx_word' id='word_1_439' title='bbox 678 2316 849 2339; x_wconf 86' lang='lat' dir='ltr'><strong>mortuorum</strong></span> <span class='ocrx_word' id='word_1_440' title='bbox 864 2321 959 2341; x_wconf 88' lang='lat' dir='ltr'><strong>resur-</strong></span> 
     </span>
    </p>
   </div>
   <div class='ocr_carea' id='block_1_63' title="bbox 171 2349 959 2392">
    <p class='ocr_par' dir='ltr' id='par_1_63' title="bbox 171 2349 959 2392">
     <span class='ocr_line' id='line_1_63' title="bbox 171 2349 959 2392; baseline 0.015 -17"><span class='ocrx_word' id='word_1_441' title='bbox 171 2349 320 2378; x_wconf 85' lang='lat' dir='ltr'><strong>rectionem</strong></span> <span class='ocrx_word' id='word_1_442' title='bbox 336 2353 530 2381; x_wconf 84' lang='lat' dir='ltr'><strong>comedemus?</strong></span> <span class='ocrx_word' id='word_1_443' title='bbox 549 2354 649 2383; x_wconf 85' lang='lat' dir='ltr'><strong>Verum</strong></span> <span class='ocrx_word' id='word_1_444' title='bbox 672 2364 733 2384; x_wconf 90' lang='lat' dir='ltr'><strong>cum</strong></span> <span class='ocrx_word' id='word_1_445' title='bbox 755 2363 817 2392; x_wconf 87' lang='lat' dir='ltr'><strong>post</strong></span> <span class='ocrx_word' id='word_1_446' title='bbox 832 2366 959 2388; x_wconf 89' lang='lat' dir='ltr'><strong>resurre-</strong></span> 
     </span>
    </p>
   </div>
   <div class='ocr_carea' id='block_1_64' title="bbox 168 2394 959 2438">
    <p class='ocr_par' dir='ltr' id='par_1_64' title="bbox 168 2394 959 2438">
     <span class='ocr_line' id='line_1_64' title="bbox 168 2394 959 2438; baseline 0.015 -17"><span class='ocrx_word' id='word_1_447' title='bbox 168 2394 287 2422; x_wconf 87' lang='lat' dir='ltr'><strong>ctionem</strong></span> <span class='ocrx_word' id='word_1_448' title='bbox 309 2395 389 2425; x_wconf 77' lang='lat' dir='ltr'><strong>Jesus</strong></span> <span class='ocrx_word' id='word_1_449' title='bbox 407 2399 528 2426; x_wconf 89' lang='lat' dir='ltr'><strong>secundo</strong></span> <span class='ocrx_word' id='word_1_450' title='bbox 555 2400 646 2427; x_wconf 88' lang='lat' dir='ltr'><strong>cibum</strong></span> <span class='ocrx_word' id='word_1_451' title='bbox 675 2403 896 2438; x_wconf 83' lang='lat' dir='ltr'><strong>manducaverit,</strong></span> <span class='ocrx_word' id='word_1_452' title='bbox 927 2412 959 2434; x_wconf 92' lang='lat' dir='ltr'><strong>ac</strong></span> 
     </span>
    </p>
   </div>
   <div class='ocr_carea' id='block_1_65' title="bbox 168 2439 957 2483">
    <p class='ocr_par' dir='ltr' id='par_1_65' title="bbox 168 2439 957 2483">
     <span class='ocr_line' id='line_1_65' title="bbox 168 2439 957 2483; baseline 0.016 -17"><span class='ocrx_word' id='word_1_453' title='bbox 168 2439 203 2467; x_wconf 88' lang='lat' dir='ltr'><strong>de</strong></span> <span class='ocrx_word' id='word_1_454' title='bbox 224 2445 318 2468; x_wconf 86' lang='lat' dir='ltr'><strong>assato</strong></span> <span class='ocrx_word' id='word_1_455' title='bbox 335 2443 421 2477; x_wconf 90' lang='lat' dir='ltr'><strong>pisce,</strong></span> <span class='ocrx_word' id='word_1_456' title='bbox 437 2448 464 2472; x_wconf 90' lang='lat' dir='ltr'><strong>et</strong></span> <span class='ocrx_word' id='word_1_457' title='bbox 490 2444 552 2472; x_wconf 80' lang='lat' dir='ltr'><strong>favo</strong></span> <span class='ocrx_word' id='word_1_458' title='bbox 574 2447 663 2474; x_wconf 89' lang='lat' dir='ltr'><strong>mellis</strong></span> <span class='ocrx_word' id='word_1_459' title='bbox 686 2448 876 2483; x_wconf 75' lang='lat' dir='ltr'><strong>comederit‘;</strong></span> <span class='ocrx_word' id='word_1_460' title='bbox 892 2458 957 2478; x_wconf 83' lang='lat' dir='ltr'><strong>nec-</strong></span> 
     </span>
    </p>
   </div>
   <div class='ocr_carea' id='block_1_66' title="bbox 167 2488 955 2528">
    <p class='ocr_par' dir='ltr' id='par_1_66' title="bbox 167 2488 955 2528">
     <span class='ocr_line' id='line_1_66' title="bbox 167 2488 955 2528; baseline 0.018 -17"><span class='ocrx_word' id='word_1_461' title='bbox 167 2492 224 2512; x_wconf 88' lang='lat' dir='ltr'><strong>non</strong></span> <span class='ocrx_word' id='word_1_462' title='bbox 248 2489 276 2513; x_wconf 86' lang='lat' dir='ltr'><strong>et</strong></span> <span class='ocrx_word' id='word_1_463' title='bbox 292 2494 355 2514; x_wconf 90' lang='lat' dir='ltr'><strong>cum</strong></span> <span class='ocrx_word' id='word_1_464' title='bbox 381 2488 525 2524; x_wconf 87' lang='lat' dir='ltr'><strong>discipulis</strong></span> <span class='ocrx_word' id='word_1_465' title='bbox 551 2491 732 2528; x_wconf 84' lang='lat' dir='ltr'><strong>quadraginta</strong></span> <span class='ocrx_word' id='word_1_466' title='bbox 751 2494 848 2524; x_wconf 86' lang='lat' dir='ltr'><strong>diebus</strong></span> <span class='ocrx_word' id='word_1_467' title='bbox 863 2496 955 2524; x_wconf 89' lang='lat' dir='ltr'><strong>cibum</strong></span> 
     </span>
    </p>
   </div>
   <div class='ocr_carea' id='block_1_67' title="bbox 167 2532 955 2576">
    <p class='ocr_par' dir='ltr' id='par_1_67' title="bbox 167 2532 955 2576">
     <span class='ocr_line' id='line_1_67' title="bbox 167 2532 955 2576; baseline 0.015 -19"><span class='ocrx_word' id='word_1_468' title='bbox 167 2532 351 2566; x_wconf 72' lang='lat' dir='ltr'><strong>sumpserit“,</strong></span> <span class='ocrx_word' id='word_1_469' title='bbox 369 2541 461 2562; x_wconf 90' lang='lat' dir='ltr'><strong>nonne</strong></span> <span class='ocrx_word' id='word_1_470' title='bbox 474 2535 566 2563; x_wconf 76' lang='lat' dir='ltr'><strong>cibum</strong></span> <span class='ocrx_word' id='word_1_471' title='bbox 586 2537 634 2564; x_wconf 90' lang='lat' dir='ltr'><strong>illo</strong></span> <span class='ocrx_word' id='word_1_472' title='bbox 651 2545 760 2574; x_wconf 89' lang='lat' dir='ltr'><strong>quoque</strong></span> <span class='ocrx_word' id='word_1_473' title='bbox 778 2543 900 2576; x_wconf 89' lang='lat' dir='ltr'><strong>tempore</strong></span> <span class='ocrx_word' id='word_1_474' title='bbox 913 2541 955 2568; x_wconf 89' lang='lat' dir='ltr'><strong>l&#39;u-</strong></span> 
     </span>
    </p>
   </div>
   <div class='ocr_carea' id='block_1_68' title="bbox 167 2579 954 2622">
    <p class='ocr_par' dir='ltr' id='par_1_68' title="bbox 167 2579 954 2622">
     <span class='ocr_line' id='line_1_68' title="bbox 167 2579 954 2622; baseline 0.014 -18"><span class='ocrx_word' id='word_1_475' title='bbox 167 2581 259 2606; x_wconf 90' lang='lat' dir='ltr'><strong>turum</strong></span> <span class='ocrx_word' id='word_1_476' title='bbox 281 2579 461 2614; x_wconf 87' lang='lat' dir='ltr'><strong>putabimus?</strong></span> <span class='ocrx_word' id='word_1_477' title='bbox 477 2580 637 2618; x_wconf 82' lang='lat' dir='ltr'><strong>Quanquam</strong></span> <span class='ocrx_word' id='word_1_478' title='bbox 652 2584 686 2612; x_wconf 88' lang='lat' dir='ltr'><strong>de</strong></span> <span class='ocrx_word' id='word_1_479' title='bbox 698 2585 761 2612; x_wconf 88' lang='lat' dir='ltr'><strong>cibo</strong></span> <span class='ocrx_word' id='word_1_480' title='bbox 779 2587 954 2622; x_wconf 86' lang='lat' dir='ltr'><strong>perspicuum</strong></span> 
     </span>
    </p>
   </div>
   <div class='ocr_carea' id='block_1_69' title="bbox 165 2625 955 2666">
    <p class='ocr_par' dir='ltr' id='par_1_69' title="bbox 165 2625 955 2666">
     <span class='ocr_line' id='line_1_69' title="bbox 165 2625 955 2666; baseline 0.01 -14"><span class='ocrx_word' id='word_1_481' title='bbox 165 2625 230 2653; x_wconf 87' lang='lat' dir='ltr'><strong>inde</strong></span> <span class='ocrx_word' id='word_1_482' title='bbox 247 2630 300 2656; x_wconf 88' lang='lat' dir='ltr'><strong>cst,</strong></span> <span class='ocrx_word' id='word_1_483' title='bbox 322 2626 394 2661; x_wconf 87' lang='lat' dir='ltr'><strong>quod</strong></span> <span class='ocrx_word' id='word_1_484' title='bbox 425 2628 577 2655; x_wconf 87' lang='lat' dir='ltr'><strong>scribitur:</strong></span> <span class='ocrx_word' id='word_1_485' title='bbox 595 2629 692 2658; x_wconf 75' lang='lat' dir='ltr'><strong>Beatus</strong></span> <span class='ocrx_word' id='word_1_486' title='bbox 712 2632 757 2666; x_wconf 83' lang='lat' dir='ltr'><strong>qui</strong></span> <span class='ocrx_word' id='word_1_487' title='bbox 784 2633 955 2660; x_wconf 80' lang='lat' dir='ltr'><strong>manducabit</strong></span> 
     </span>
    </p>
   </div>
   <div class='ocr_carea' id='block_1_70' title="bbox 164 2672 954 2712">
    <p class='ocr_par' dir='ltr' id='par_1_70' title="bbox 164 2672 954 2712">
     <span class='ocr_line' id='line_1_70' title="bbox 164 2672 954 2712; baseline 0.011 -15"><span class='ocrx_word' id='word_1_488' title='bbox 164 2677 258 2703; x_wconf 79' lang='lat' dir='ltr'><strong>partem</strong></span> <span class='ocrx_word' id='word_1_489' title='bbox 285 2672 312 2698; x_wconf 77' lang='lat' dir='ltr'><strong>in</strong></span> <span class='ocrx_word' id='word_1_490' title='bbox 339 2680 417 2708; x_wconf 82' lang='lat' dir='ltr'><strong>regno</strong></span> <span class='ocrx_word' id='word_1_491' title='bbox 439 2673 596 2702; x_wconf 62' lang='lat' dir='ltr'><strong>caelorum“.</strong></span> <span class='ocrx_word' id='word_1_492' title='bbox 617 2675 673 2702; x_wconf 87' lang='lat' dir='ltr'><strong>lmo</strong></span> <span class='ocrx_word' id='word_1_493' title='bbox 693 2680 720 2703; x_wconf 85' lang='lat' dir='ltr'><strong>et</strong></span> <span class='ocrx_word' id='word_1_494' title='bbox 740 2677 826 2712; x_wconf 90' lang='lat' dir='ltr'><strong>ipsius</strong></span> <span class='ocrx_word' id='word_1_495' title='bbox 846 2678 954 2706; x_wconf 87' lang='lat' dir='ltr'><strong>Domini</strong></span> 
     </span>
    </p>
   </div>
   <div class='ocr_carea' id='block_1_71' title="bbox 164 2715 956 2753">
    <p class='ocr_par' dir='ltr' id='par_1_71' title="bbox 164 2715 956 2753">
     <span class='ocr_line' id='line_1_71' title="bbox 164 2715 956 2753; baseline 0.013 -11"><span class='ocrx_word' id='word_1_496' title='bbox 164 2715 235 2743; x_wconf 79' lang='lat' dir='ltr'><strong>haud</strong></span> <span class='ocrx_word' id='word_1_497' title='bbox 259 2718 375 2745; x_wconf 85' lang='lat' dir='ltr'><strong>obscura</strong></span> <span class='ocrx_word' id='word_1_498' title='bbox 395 2720 557 2753; x_wconf 82' lang='lat' dir='ltr'><strong>promissio:</strong></span> <span class='ocrx_word' id='word_1_499' title='bbox 577 2720 706 2748; x_wconf 81' lang='lat' dir='ltr'><strong>Sedcbitis</strong></span> <span class='ocrx_word' id='word_1_500' title='bbox 724 2723 758 2749; x_wconf 82' lang='lat' dir='ltr'><strong>ad</strong></span> <span class='ocrx_word' id='word_1_501' title='bbox 774 2731 892 2751; x_wconf 76' lang='lat' dir='ltr'><strong>mensam</strong></span> <span class='ocrx_word' id='word_1_502' title='bbox 904 2724 956 2752; x_wconf 84' lang='grc' dir='ltr'><strong>Ρα-</strong></span> 
     </span>
    </p>
   </div>
   <div class='ocr_carea' id='block_1_72' title="bbox 199 2805 685 2841">
    <p class='ocr_par' dir='ltr' id='par_1_72' title="bbox 199 2805 685 2841">
     <span class='ocr_line' id='line_1_72' title="bbox 199 2805 685 2841; baseline 0.014 -10"><span class='ocrx_word' id='word_1_503' title='bbox 199 2807 206 2820; x_wconf 87' lang='lat'><strong><em>‘</em></strong></span> <span class='ocrx_word' id='word_1_504' title='bbox 224 2805 302 2835; x_wconf 73' lang='lat' dir='ltr'><strong>Ioan.</strong></span> <span class='ocrx_word' id='word_1_505' title='bbox 320 2816 357 2839; x_wconf 82' lang='lat' dir='ltr'><strong>xi,</strong></span> <span class='ocrx_word' id='word_1_506' title='bbox 373 2809 418 2836; x_wconf 81' lang='lat'><strong>&#39;56.</strong></span> <span class='ocrx_word' id='word_1_507' title='bbox 458 2811 467 2825; x_wconf 75' lang='grc'><strong><em>⁸</em></strong></span> <span class='ocrx_word' id='word_1_508' title='bbox 482 2811 502 2836; x_wconf 91' lang='lat' dir='ltr'><strong>ll</strong></span> <span class='ocrx_word' id='word_1_509' title='bbox 518 2810 580 2837; x_wconf 83' lang='lat' dir='ltr'><strong>Cor.</strong></span> <span class='ocrx_word' id='word_1_510' title='bbox 603 2812 685 2841; x_wconf 74' lang='lat' dir='ltr'><strong>v.10.</strong></span> 
     </span>
    </p>
   </div>
   <div class='ocr_carea' id='block_1_73' title="bbox 164 2840 676 2883">
    <p class='ocr_par' dir='ltr' id='par_1_73' title="bbox 164 2840 676 2883">
     <span class='ocr_line' id='line_1_73' title="bbox 164 2840 676 2883; baseline 0.012 -16"><span class='ocrx_word' id='word_1_511' title='bbox 164 2840 170 2854; x_wconf 83' lang='lat'>&#39;</span> <span class='ocrx_word' id='word_1_512' title='bbox 189 2841 216 2867; x_wconf 85' lang='lat' dir='ltr'><strong>l-‘.</strong></span> <span class='ocrx_word' id='word_1_513' title='bbox 232 2845 397 2870; x_wconf 80' lang='grc' dir='ltr'>αποκτεῖναι.</span> <span class='ocrx_word' id='word_1_514' title='bbox 436 2845 446 2860; x_wconf 76' lang='grc'><strong><em>⁸</em></strong></span> <span class='ocrx_word' id='word_1_515' title='bbox 461 2845 524 2881; x_wconf 78' lang='lat' dir='ltr'><strong>Leg.</strong></span> <span class='ocrx_word' id='word_1_516' title='bbox 543 2846 588 2873; x_wconf 69' lang='grc' dir='ltr'><strong>καὶ</strong></span> <span class='ocrx_word' id='word_1_517' title='bbox 603 2855 676 2883; x_wconf 81' lang='grc' dir='ltr'>κοιμ.</span> 
     </span>
    </p>
   </div>
   <div class='ocr_carea' id='block_1_74' title="bbox 744 2814 1005 2848">
    <p class='ocr_par' dir='ltr' id='par_1_74' title="bbox 744 2814 1005 2848">
     <span class='ocr_line' id='line_1_74' title="bbox 744 2814 1005 2848; baseline 0.011 -7"><span class='ocrx_word' id='word_1_518' title='bbox 744 2815 753 2830; x_wconf 83' lang='grc'>³</span> <span class='ocrx_word' id='word_1_519' title='bbox 770 2814 864 2842; x_wconf 74' lang='lat' dir='ltr'><strong>Matth.</strong></span> <span class='ocrx_word' id='word_1_520' title='bbox 883 2824 941 2848; x_wconf 80' lang='lat' dir='ltr'><strong>vni,</strong></span> <span class='ocrx_word' id='word_1_521' title='bbox 964 2817 1005 2844; x_wconf 75' lang='lat' dir='ltr'><strong>l2.</strong></span> 
     </span>
    </p>
   </div>
   <div class='ocr_carea' id='block_1_75' title="bbox 1024 951 1811 989">
    <p class='ocr_par' dir='ltr' id='par_1_75' title="bbox 1024 951 1811 989">
     <span class='ocr_line' id='line_1_75' title="bbox 1024 951 1811 989; baseline -0.003 -9"><span class='ocrx_word' id='word_1_522' title='bbox 1024 953 1071 980; x_wconf 84' lang='grc' dir='ltr'>τοῦ</span> <span class='ocrx_word' id='word_1_523' title='bbox 1092 953 1247 989; x_wconf 83' lang='grc' dir='ltr'>ἀνθρώπου.</span> <span class='ocrx_word' id='word_1_524' title='bbox 1268 953 1328 980; x_wconf 90' lang='grc' dir='ltr'>Τίνι</span> <span class='ocrx_word' id='word_1_525' title='bbox 1343 954 1398 988; x_wconf 83' lang='grc' dir='ltr'><strong>γὰρ</strong></span> <span class='ocrx_word' id='word_1_526' title='bbox 1415 952 1454 988; x_wconf 87' lang='grc' dir='ltr'>τῷ</span> <span class='ocrx_word' id='word_1_527' title='bbox 1469 952 1540 988; x_wconf 85' lang='grc' dir='ltr'>λόγῳ</span> <span class='ocrx_word' id='word_1_528' title='bbox 1560 952 1621 987; x_wconf 87' lang='grc' dir='ltr'>οὐχὶ</span> <span class='ocrx_word' id='word_1_529' title='bbox 1641 952 1747 979; x_wconf 76' lang='grc' dir='ltr'>καὶτὸν</span> <span class='ocrx_word' id='word_1_530' title='bbox 1762 951 1811 978; x_wconf 81' lang='grc' dir='ltr'>ἀν-</span> 
     </span>
    </p>
   </div>
   <div class='ocr_carea' id='block_1_76' title="bbox 1025 997 1813 1034">
    <p class='ocr_par' dir='ltr' id='par_1_76' title="bbox 1025 997 1813 1034">
     <span class='ocr_line' id='line_1_76' title="bbox 1025 997 1813 1034; baseline -0.003 -9"><span class='ocrx_word' id='word_1_531' title='bbox 1025 998 1133 1032; x_wconf 85' lang='grc' dir='ltr'>θρωπον</span> <span class='ocrx_word' id='word_1_532' title='bbox 1145 999 1213 1034; x_wconf 78' lang='grc' dir='ltr'>μετὰ</span> <span class='ocrx_word' id='word_1_533' title='bbox 1237 998 1291 1025; x_wconf 85' lang='grc' dir='ltr'><strong>τῶν</strong></span> <span class='ocrx_word' id='word_1_534' title='bbox 1305 999 1403 1034; x_wconf 79' lang='grc' dir='ltr'>χοίρων</span> <span class='ocrx_word' id='word_1_535' title='bbox 1418 998 1566 1034; x_wconf 72' lang='grc' dir='ltr'>ἐπέτρεψεν</span> <span class='ocrx_word' id='word_1_536' title='bbox 1586 997 1756 1033; x_wconf 74' lang='grc' dir='ltr'>ἐμϐληθῆναι</span> <span class='ocrx_word' id='word_1_537' title='bbox 1771 997 1813 1029; x_wconf 83' lang='grc' dir='ltr'>εἰς</span> 
     </span>
    </p>
   </div>
   <div class='ocr_carea' id='block_1_77' title="bbox 1024 1042 1812 1079">
    <p class='ocr_par' dir='ltr' id='par_1_77' title="bbox 1024 1042 1812 1079">
     <span class='ocr_line' id='line_1_77' title="bbox 1024 1042 1812 1079; baseline -0.004 -7"><span class='ocrx_word' id='word_1_538' title='bbox 1024 1044 1172 1077; x_wconf 80' lang='grc' dir='ltr'>Θάλασσαν,</span> <span class='ocrx_word' id='word_1_539' title='bbox 1186 1045 1234 1072; x_wconf 77' lang='grc' dir='ltr'>καὶ</span> <span class='ocrx_word' id='word_1_540' title='bbox 1247 1045 1403 1078; x_wconf 80' lang='grc' dir='ltr'>ἀποθανεῖν,</span> <span class='ocrx_word' id='word_1_541' title='bbox 1420 1045 1461 1077; x_wconf 81' lang='grc' dir='ltr'><strong>είς</strong></span> <span class='ocrx_word' id='word_1_542' title='bbox 1473 1044 1503 1071; x_wconf 82' lang='grc' dir='ltr'><strong>τὸ</strong></span> <span class='ocrx_word' id='word_1_543' title='bbox 1519 1043 1567 1076; x_wconf 85' lang='grc' dir='ltr'><strong>τὰς</strong></span> <span class='ocrx_word' id='word_1_544' title='bbox 1579 1043 1668 1079; x_wconf 80' lang='grc' dir='ltr'>ψυχὰς</span> <span class='ocrx_word' id='word_1_545' title='bbox 1679 1043 1744 1075; x_wconf 76' lang='grc' dir='ltr'>ὅλας</span> <span class='ocrx_word' id='word_1_546' title='bbox 1761 1042 1812 1069; x_wconf 80' lang='grc' dir='ltr'>τοῦ</span> 
     </span>
    </p>
   </div>
   <div class='ocr_carea' id='block_1_78' title="bbox 1022 1088 1811 1126">
    <p class='ocr_par' dir='ltr' id='par_1_78' title="bbox 1022 1088 1811 1126">
     <span class='ocr_line' id='line_1_78' title="bbox 1022 1088 1811 1126; baseline -0.001 -10"><span class='ocrx_word' id='word_1_547' title='bbox 1022 1098 1052 1116; x_wconf 84' lang='grc' dir='ltr'><strong>τε</strong></span> <span class='ocrx_word' id='word_1_548' title='bbox 1065 1090 1210 1126; x_wconf 84' lang='grc' dir='ltr'>ἀνθρώπου</span> <span class='ocrx_word' id='word_1_549' title='bbox 1225 1091 1273 1117; x_wconf 82' lang='grc' dir='ltr'>καὶ</span> <span class='ocrx_word' id='word_1_550' title='bbox 1285 1090 1339 1118; x_wconf 87' lang='grc' dir='ltr'>τῶν</span> <span class='ocrx_word' id='word_1_551' title='bbox 1356 1090 1454 1126; x_wconf 83' lang='grc' dir='ltr'>χοίρων</span> <span class='ocrx_word' id='word_1_552' title='bbox 1465 1089 1623 1125; x_wconf 79' lang='grc' dir='ltr'>καθαρίσαι,</span> <span class='ocrx_word' id='word_1_553' title='bbox 1645 1088 1692 1116; x_wconf 81' lang='grc' dir='ltr'>καὶ</span> <span class='ocrx_word' id='word_1_554' title='bbox 1707 1088 1811 1121; x_wconf 84' lang='grc' dir='ltr'>σῶσαι;</span> 
     </span>
    </p>
   </div>
   <div class='ocr_carea' id='block_1_79' title="bbox 1029 1133 1813 1171">
    <p class='ocr_par' dir='ltr' id='par_1_79' title="bbox 1029 1133 1813 1171">
     <span class='ocr_line' id='line_1_79' title="bbox 1029 1133 1813 1171; baseline -0.001 -10"><span class='ocrx_word' id='word_1_555' title='bbox 1029 1135 1100 1161; x_wconf 81' lang='grc' dir='ltr'>Ἀλλ’</span> <span class='ocrx_word' id='word_1_556' title='bbox 1124 1135 1174 1170; x_wconf 87' lang='grc' dir='ltr'>οὐχ</span> <span class='ocrx_word' id='word_1_557' title='bbox 1196 1134 1283 1167; x_wconf 78' lang='grc' dir='ltr'>οὕτως</span> <span class='ocrx_word' id='word_1_558' title='bbox 1306 1135 1430 1171; x_wconf 63' lang='grc' dir='ltr'>εἴδομεν</span> <span class='ocrx_word' id='word_1_559' title='bbox 1456 1134 1524 1162; x_wconf 87' lang='grc' dir='ltr'><strong>ἀλλά</strong></span> <span class='ocrx_word' id='word_1_560' title='bbox 1546 1134 1671 1170; x_wconf 76' lang='grc' dir='ltr'>Λάζαρον</span> <span class='ocrx_word' id='word_1_561' title='bbox 1691 1134 1739 1169; x_wconf 81' lang='grc' dir='ltr'>μὲν</span> <span class='ocrx_word' id='word_1_562' title='bbox 1750 1133 1813 1160; x_wconf 83' lang='grc' dir='ltr'>’ἀπὸ</span> 
     </span>
    </p>
   </div>
   <div class='ocr_carea' id='block_1_80' title="bbox 1023 1179 1812 1217">
    <p class='ocr_par' dir='ltr' id='par_1_80' title="bbox 1023 1179 1812 1217">
     <span class='ocr_line' id='line_1_80' title="bbox 1023 1179 1812 1217; baseline -0.003 -10"><span class='ocrx_word' id='word_1_563' title='bbox 1023 1181 1158 1216; x_wconf 88' lang='grc' dir='ltr'>μνημείου</span> <span class='ocrx_word' id='word_1_564' title='bbox 1169 1182 1327 1217; x_wconf 80' lang='grc' dir='ltr'>τεταρταῖον</span> <span class='ocrx_word' id='word_1_565' title='bbox 1345 1181 1433 1213; x_wconf 81' lang='grc' dir='ltr'>καλεῖ,</span> <span class='ocrx_word' id='word_1_566' title='bbox 1448 1180 1496 1208; x_wconf 77' lang='grc' dir='ltr'>καὶ</span> <span class='ocrx_word' id='word_1_567' title='bbox 1513 1180 1627 1217; x_wconf 79' lang='grc' dir='ltr'>ἐγείρει,</span> <span class='ocrx_word' id='word_1_568' title='bbox 1642 1179 1688 1206; x_wconf 80' lang='grc' dir='ltr'>καὶ</span> <span class='ocrx_word' id='word_1_569' title='bbox 1702 1180 1741 1209; x_wconf 80' lang='grc' dir='ltr'><strong>είς</strong></span> <span class='ocrx_word' id='word_1_570' title='bbox 1763 1179 1812 1206; x_wconf 83' lang='grc' dir='ltr'>κό-</span> 
     </span>
    </p>
   </div>
   <div class='ocr_carea' id='block_1_81' title="bbox 1023 1224 1812 1263">
    <p class='ocr_par' dir='ltr' id='par_1_81' title="bbox 1023 1224 1812 1263">
     <span class='ocr_line' id='line_1_81' title="bbox 1023 1224 1812 1263; baseline -0.001 -11"><span class='ocrx_word' id='word_1_571' title='bbox 1023 1234 1091 1261; x_wconf 88' lang='grc' dir='ltr'>σμον</span> <span class='ocrx_word' id='word_1_572' title='bbox 1105 1226 1275 1262; x_wconf 72' lang='grc' dir='ltr'>ἐπιστρέφει,</span> <span class='ocrx_word' id='word_1_573' title='bbox 1292 1227 1322 1253; x_wconf 81' lang='grc' dir='ltr'>οὗ</span> <span class='ocrx_word' id='word_1_574' title='bbox 1344 1227 1475 1263; x_wconf 83' lang='grc' dir='ltr'>πονηρίαν</span> <span class='ocrx_word' id='word_1_575' title='bbox 1492 1225 1566 1262; x_wconf 82' lang='grc' dir='ltr'>αὐτῷ</span> <span class='ocrx_word' id='word_1_576' title='bbox 1587 1225 1735 1262; x_wconf 79' lang='grc' dir='ltr'>προξενῶν,</span> <span class='ocrx_word' id='word_1_577' title='bbox 1749 1224 1812 1251; x_wconf 79' lang='grc' dir='ltr'>οὐδέ</span> 
     </span>
    </p>
   </div>
   <div class='ocr_carea' id='block_1_82' title="bbox 1021 1270 1812 1309">
    <p class='ocr_par' dir='ltr' id='par_1_82' title="bbox 1021 1270 1812 1309">
     <span class='ocr_line' id='line_1_82' title="bbox 1021 1270 1812 1309; baseline -0.003 -10"><span class='ocrx_word' id='word_1_578' title='bbox 1021 1281 1048 1299; x_wconf 88' lang='grc' dir='ltr'><strong>τι</strong></span> <span class='ocrx_word' id='word_1_579' title='bbox 1064 1272 1209 1309; x_wconf 83' lang='grc' dir='ltr'>ἀϐέλτερον</span> <span class='ocrx_word' id='word_1_580' title='bbox 1226 1272 1301 1308; x_wconf 87' lang='grc' dir='ltr'><strong>αὑτῷ</strong></span> <span class='ocrx_word' id='word_1_581' title='bbox 1327 1271 1519 1308; x_wconf 72' lang='grc' dir='ltr'>ἐργαζόμενος.</span> <span class='ocrx_word' id='word_1_582' title='bbox 1551 1273 1662 1306; x_wconf 77' lang='grc' dir='ltr'>Ὴτὰπα</span> <span class='ocrx_word' id='word_1_583' title='bbox 1681 1271 1736 1306; x_wconf 79' lang='grc' dir='ltr'><strong>τὰρ</strong></span> <span class='ocrx_word' id='word_1_584' title='bbox 1755 1270 1812 1298; x_wconf 79' lang='grc' dir='ltr'><strong>τὸν</strong></span> 
     </span>
    </p>
   </div>
   <div class='ocr_carea' id='block_1_83' title="bbox 1021 1317 1812 1354">
    <p class='ocr_par' dir='ltr' id='par_1_83' title="bbox 1021 1317 1812 1354">
     <span class='ocr_line' id='line_1_83' title="bbox 1021 1317 1812 1354; baseline -0.003 -8"><span class='ocrx_word' id='word_1_585' title='bbox 1021 1318 1163 1353; x_wconf 74' lang='grc' dir='ltr'>Λάζαρον,</span> <span class='ocrx_word' id='word_1_586' title='bbox 1177 1318 1258 1354; x_wconf 76' lang='grc' dir='ltr'>φησὶν</span> <span class='ocrx_word' id='word_1_587' title='bbox 1273 1319 1290 1354; x_wconf 86' lang='grc' dir='ltr'><strong>ή</strong></span> <span class='ocrx_word' id='word_1_588' title='bbox 1304 1319 1409 1354; x_wconf 84' lang='grc' dir='ltr'>Γραφή.</span> <span class='ocrx_word' id='word_1_589' title='bbox 1427 1319 1476 1346; x_wconf 87' lang='grc' dir='ltr'>Ὃν</span> <span class='ocrx_word' id='word_1_590' title='bbox 1489 1318 1584 1353; x_wconf 76' lang='grc' dir='ltr'>ἠγάπα</span> <span class='ocrx_word' id='word_1_591' title='bbox 1597 1318 1697 1349; x_wconf 82' lang='grc' dir='ltr'>τοίνυν,</span> <span class='ocrx_word' id='word_1_592' title='bbox 1708 1317 1768 1349; x_wconf 84' lang='grc' dir='ltr'><strong>πῶς</strong></span> <span class='ocrx_word' id='word_1_593' title='bbox 1782 1317 1812 1344; x_wconf 70' lang='grc' dir='ltr'>ἓν</span> 
     </span>
    </p>
   </div>
   <div class='ocr_carea' id='block_1_84' title="bbox 1019 1361 1810 1399">
    <p class='ocr_par' dir='ltr' id='par_1_84' title="bbox 1019 1361 1810 1399">
     <span class='ocr_line' id='line_1_84' title="bbox 1019 1361 1810 1399; baseline 0.001 -11"><span class='ocrx_word' id='word_1_594' title='bbox 1019 1363 1052 1397; x_wconf 84' lang='grc' dir='ltr'><strong>τῇ</strong></span> <span class='ocrx_word' id='word_1_595' title='bbox 1070 1362 1152 1398; x_wconf 79' lang='grc' dir='ltr'>σαρκὶ</span> <span class='ocrx_word' id='word_1_596' title='bbox 1168 1362 1327 1398; x_wconf 81' lang='grc' dir='ltr'>ἀνακάμψαι</span> <span class='ocrx_word' id='word_1_597' title='bbox 1346 1363 1443 1395; x_wconf 68' lang='grc' dir='ltr'>ἐποίει,</span> <span class='ocrx_word' id='word_1_598' title='bbox 1463 1362 1543 1399; x_wconf 73' lang='grc' dir='ltr'>εἴπερ</span> <span class='ocrx_word' id='word_1_599' title='bbox 1564 1362 1670 1398; x_wconf 87' lang='grc' dir='ltr'>πονηρά</span> <span class='ocrx_word' id='word_1_600' title='bbox 1691 1361 1810 1398; x_wconf 78' lang='grc' dir='ltr'>ήσάρξ;</span> 
     </span>
    </p>
   </div>
   <div class='ocr_carea' id='block_1_85' title="bbox 1022 1407 1811 1444">
    <p class='ocr_par' dir='ltr' id='par_1_85' title="bbox 1022 1407 1811 1444">
     <span class='ocr_line' id='line_1_85' title="bbox 1022 1407 1811 1444; baseline 0.003 -10"><span class='ocrx_word' id='word_1_601' title='bbox 1022 1407 1080 1439; x_wconf 86' lang='grc' dir='ltr'>πῶς</span> <span class='ocrx_word' id='word_1_602' title='bbox 1094 1408 1122 1435; x_wconf 87' lang='grc' dir='ltr'>δὲ</span> <span class='ocrx_word' id='word_1_603' title='bbox 1137 1408 1187 1435; x_wconf 85' lang='grc' dir='ltr'>οὐκ</span> <span class='ocrx_word' id='word_1_604' title='bbox 1201 1409 1276 1435; x_wconf 70' lang='grc' dir='ltr'>εἴασε</span> <span class='ocrx_word' id='word_1_605' title='bbox 1294 1408 1394 1444; x_wconf 85' lang='grc' dir='ltr'>μᾶλλον</span> <span class='ocrx_word' id='word_1_606' title='bbox 1408 1409 1455 1436; x_wconf 83' lang='grc' dir='ltr'>τὸν</span> <span class='ocrx_word' id='word_1_607' title='bbox 1471 1409 1544 1441; x_wconf 80' lang='grc' dir='ltr'>ἀπαξ</span> <span class='ocrx_word' id='word_1_608' title='bbox 1564 1409 1743 1440; x_wconf 85' lang='grc' dir='ltr'>ἀποθανόντα,</span> <span class='ocrx_word' id='word_1_609' title='bbox 1761 1409 1811 1436; x_wconf 72' lang='grc' dir='ltr'>καὶ</span> 
     </span>
    </p>
   </div>
   <div class='ocr_carea' id='block_1_86' title="bbox 1020 1452 1809 1489">
    <p class='ocr_par' dir='ltr' id='par_1_86' title="bbox 1020 1452 1809 1489">
     <span class='ocr_line' id='line_1_86' title="bbox 1020 1452 1809 1489; baseline 0.003 -10"><span class='ocrx_word' id='word_1_610' title='bbox 1020 1452 1074 1479; x_wconf 81' lang='grc' dir='ltr'>ἀπὸ</span> <span class='ocrx_word' id='word_1_611' title='bbox 1098 1452 1224 1488; x_wconf 84' lang='grc' dir='ltr'>σώματος</span> <span class='ocrx_word' id='word_1_612' title='bbox 1238 1453 1376 1485; x_wconf 77' lang='grc' dir='ltr'>σωθέντας</span> <span class='ocrx_word' id='word_1_613' title='bbox 1392 1453 1447 1480; x_wconf 79' lang='grc' dir='ltr'><strong>Καὶ</strong></span> <span class='ocrx_word' id='word_1_614' title='bbox 1469 1454 1506 1489; x_wconf 85' lang='grc' dir='ltr'>μή</span> <span class='ocrx_word' id='word_1_615' title='bbox 1529 1461 1572 1485; x_wconf 89' lang='grc' dir='ltr'><strong>τις</strong></span> <span class='ocrx_word' id='word_1_616' title='bbox 1585 1453 1682 1489; x_wconf 85' lang='grc' dir='ltr'>νομίσῃ</span> <span class='ocrx_word' id='word_1_617' title='bbox 1694 1453 1740 1480; x_wconf 78' lang='grc' dir='ltr'>τὸν</span> <span class='ocrx_word' id='word_1_618' title='bbox 1753 1453 1809 1481; x_wconf 71' lang='grc' dir='ltr'><strong>Λάρ-</strong></span> 
     </span>
    </p>
   </div>
   <div class='ocr_carea' id='block_1_87' title="bbox 1021 1495 1809 1532">
    <p class='ocr_par' dir='ltr' id='par_1_87' title="bbox 1021 1495 1809 1532">
     <span class='ocr_line' id='line_1_87' title="bbox 1021 1495 1809 1532; baseline -0.001 -9"><span class='ocrx_word' id='word_1_619' title='bbox 1021 1497 1104 1531; x_wconf 82' lang='grc' dir='ltr'>ζαρον</span> <span class='ocrx_word' id='word_1_620' title='bbox 1130 1496 1212 1529; x_wconf 82' lang='grc' dir='ltr'>εὐθὺς</span> <span class='ocrx_word' id='word_1_621' title='bbox 1236 1497 1318 1524; x_wconf 79' lang='grc' dir='ltr'>πάλιν</span> <span class='ocrx_word' id='word_1_622' title='bbox 1340 1496 1571 1531; x_wconf 77' lang='grc' dir='ltr'>τετελευτηκέναι.</span> <span class='ocrx_word' id='word_1_623' title='bbox 1598 1497 1722 1523; x_wconf 79' lang='grc' dir='ltr'>Δείκνυσι</span> <span class='ocrx_word' id='word_1_624' title='bbox 1743 1495 1809 1532; x_wconf 81' lang='grc' dir='ltr'>γὰρ,</span> 
     </span>
    </p>
   </div>
   <div class='ocr_carea' id='block_1_88' title="bbox 1022 1541 1808 1577">
    <p class='ocr_par' dir='ltr' id='par_1_88' title="bbox 1022 1541 1808 1577">
     <span class='ocr_line' id='line_1_88' title="bbox 1022 1541 1808 1577; baseline 0 -9"><span class='ocrx_word' id='word_1_625' title='bbox 1022 1541 1116 1576; x_wconf 83' lang='grc' dir='ltr'>σαφῶς</span> <span class='ocrx_word' id='word_1_626' title='bbox 1133 1541 1164 1568; x_wconf 78' lang='grc' dir='ltr'>τὸ</span> <span class='ocrx_word' id='word_1_627' title='bbox 1181 1541 1257 1576; x_wconf 73' lang='grc' dir='ltr'>ἅγιον</span> <span class='ocrx_word' id='word_1_628' title='bbox 1273 1542 1448 1577; x_wconf 83' lang='grc' dir='ltr'>Εὑαγγέλιον,</span> <span class='ocrx_word' id='word_1_629' title='bbox 1465 1542 1506 1569; x_wconf 80' lang='grc' dir='ltr'>ὅτι</span> <span class='ocrx_word' id='word_1_630' title='bbox 1523 1541 1646 1569; x_wconf 84' lang='grc' dir='ltr'>ἀνέκειτο</span> <span class='ocrx_word' id='word_1_631' title='bbox 1659 1542 1674 1568; x_wconf 81' lang='grc' dir='ltr'><strong>ὁ</strong></span> <span class='ocrx_word' id='word_1_632' title='bbox 1693 1541 1808 1577; x_wconf 82' lang='grc' dir='ltr'>Ἰησοῦς,</span> 
     </span>
    </p>
   </div>
   <div class='ocr_carea' id='block_1_89' title="bbox 1021 1587 1810 1624">
    <p class='ocr_par' dir='ltr' id='par_1_89' title="bbox 1021 1587 1810 1624">
     <span class='ocr_line' id='line_1_89' title="bbox 1021 1587 1810 1624; baseline 0 -10"><span class='ocrx_word' id='word_1_633' title='bbox 1021 1587 1067 1614; x_wconf 69' lang='grc' dir='ltr'><strong>κα)⁸</strong></span> <span class='ocrx_word' id='word_1_634' title='bbox 1084 1588 1099 1614; x_wconf 79' lang='grc' dir='ltr'>ὁ</span> <span class='ocrx_word' id='word_1_635' title='bbox 1118 1587 1243 1624; x_wconf 80' lang='grc' dir='ltr'>Λάζαρος</span> <span class='ocrx_word' id='word_1_636' title='bbox 1264 1588 1388 1615; x_wconf 82' lang='grc' dir='ltr'>ἀνέκειτο</span> <span class='ocrx_word' id='word_1_637' title='bbox 1412 1588 1470 1623; x_wconf 76' lang='grc' dir='ltr'>μετ’</span> <span class='ocrx_word' id='word_1_638' title='bbox 1485 1587 1579 1615; x_wconf 74' lang='grc' dir='ltr'>αὑτοῦ.</span> <span class='ocrx_word' id='word_1_639' title='bbox 1610 1587 1691 1614; x_wconf 84' lang='grc' dir='ltr'>Ἀλλά</span> <span class='ocrx_word' id='word_1_640' title='bbox 1713 1587 1760 1614; x_wconf 74' lang='grc' dir='ltr'>καὶ</span> <span class='ocrx_word' id='word_1_641' title='bbox 1779 1587 1810 1614; x_wconf 83' lang='grc' dir='ltr'>ὲν</span> 
     </span>
    </p>
   </div>
   <div class='ocr_carea' id='block_1_90' title="bbox 1020 1631 1808 1670">
    <p class='ocr_par' dir='ltr' id='par_1_90' title="bbox 1020 1631 1808 1670">
     <span class='ocr_line' id='line_1_90' title="bbox 1020 1631 1808 1670; baseline -0.003 -9"><span class='ocrx_word' id='word_1_642' title='bbox 1020 1634 1203 1670; x_wconf 84' lang='grc' dir='ltr'>Παραδόσεσιν</span> <span class='ocrx_word' id='word_1_643' title='bbox 1218 1634 1345 1670; x_wconf 80' lang='grc' dir='ltr'>εὕρομεν,</span> <span class='ocrx_word' id='word_1_644' title='bbox 1367 1635 1408 1661; x_wconf 83' lang='grc' dir='ltr'>ὅτι</span> <span class='ocrx_word' id='word_1_645' title='bbox 1430 1634 1577 1669; x_wconf 81' lang='grc' dir='ltr'>τριάκοντα</span> <span class='ocrx_word' id='word_1_646' title='bbox 1590 1633 1658 1661; x_wconf 73' lang='grc' dir='ltr'>ἑτῶν</span> <span class='ocrx_word' id='word_1_647' title='bbox 1671 1631 1706 1669; x_wconf 85' lang='grc' dir='ltr'>ἦν</span> <span class='ocrx_word' id='word_1_648' title='bbox 1720 1633 1782 1660; x_wconf 72' lang='grc' dir='ltr'>τότε</span> <span class='ocrx_word' id='word_1_649' title='bbox 1795 1634 1808 1660; x_wconf 77' lang='grc' dir='ltr'><strong>ό</strong></span> 
     </span>
    </p>
   </div>
   <div class='ocr_carea' id='block_1_91' title="bbox 1019 1677 1806 1716">
    <p class='ocr_par' dir='ltr' id='par_1_91' title="bbox 1019 1677 1806 1716">
     <span class='ocr_line' id='line_1_91' title="bbox 1019 1677 1806 1716; baseline -0.003 -10"><span class='ocrx_word' id='word_1_650' title='bbox 1019 1679 1154 1715; x_wconf 79' lang='grc' dir='ltr'>Λάζαρος,</span> <span class='ocrx_word' id='word_1_651' title='bbox 1171 1680 1216 1706; x_wconf 84' lang='grc' dir='ltr'>ὅτε</span> <span class='ocrx_word' id='word_1_652' title='bbox 1232 1680 1392 1716; x_wconf 80' lang='grc' dir='ltr'>ἐγήγερται.</span> <span class='ocrx_word' id='word_1_653' title='bbox 1407 1679 1483 1706; x_wconf 81' lang='grc' dir='ltr'>Μετὰ</span> <span class='ocrx_word' id='word_1_654' title='bbox 1495 1679 1524 1706; x_wconf 84' lang='grc' dir='ltr'>δὲ</span> <span class='ocrx_word' id='word_1_655' title='bbox 1543 1679 1573 1706; x_wconf 78' lang='grc' dir='ltr'>τὸ</span> <span class='ocrx_word' id='word_1_656' title='bbox 1591 1677 1738 1714; x_wconf 72' lang='grc' dir='ltr'>ἀναστῆσαι</span> <span class='ocrx_word' id='word_1_657' title='bbox 1759 1679 1806 1704; x_wconf 87' lang='grc' dir='ltr'><strong>αὐ-</strong></span> 
     </span>
    </p>
   </div>
   <div class='ocr_carea' id='block_1_92' title="bbox 1017 1723 1812 1761">
    <p class='ocr_par' dir='ltr' id='par_1_92' title="bbox 1017 1723 1812 1761">
     <span class='ocr_line' id='line_1_92' title="bbox 1017 1723 1812 1761; baseline -0.001 -10"><span class='ocrx_word' id='word_1_658' title='bbox 1017 1724 1063 1751; x_wconf 73' lang='grc' dir='ltr'>τὸν</span> <span class='ocrx_word' id='word_1_659' title='bbox 1084 1725 1151 1752; x_wconf 73' lang='grc' dir='ltr'>ἄλλα</span> <span class='ocrx_word' id='word_1_660' title='bbox 1167 1725 1314 1761; x_wconf 76' lang='grc' dir='ltr'>τριάκοντα</span> <span class='ocrx_word' id='word_1_661' title='bbox 1336 1725 1384 1760; x_wconf 77' lang='grc' dir='ltr'>ἔτη</span> <span class='ocrx_word' id='word_1_662' title='bbox 1398 1725 1478 1760; x_wconf 68' lang='grc' dir='ltr'>ἔζησε</span> <span class='ocrx_word' id='word_1_663' title='bbox 1489 1733 1496 1739; x_wconf 95' lang='grc'><strong>·</strong></span> <span class='ocrx_word' id='word_1_664' title='bbox 1517 1724 1563 1751; x_wconf 74' lang='grc' dir='ltr'><strong>καὶ</strong></span> <span class='ocrx_word' id='word_1_665' title='bbox 1585 1723 1656 1751; x_wconf 78' lang='grc' dir='ltr'>οὕτω</span> <span class='ocrx_word' id='word_1_666' title='bbox 1672 1723 1739 1759; x_wconf 75' lang='grc' dir='ltr'>πρὸς</span> <span class='ocrx_word' id='word_1_667' title='bbox 1755 1723 1812 1750; x_wconf 83' lang='grc' dir='ltr'><strong>Κύ-</strong></span> 
     </span>
    </p>
   </div>
   <div class='ocr_carea' id='block_1_93' title="bbox 1017 1769 1806 1806">
    <p class='ocr_par' dir='ltr' id='par_1_93' title="bbox 1017 1769 1806 1806">
     <span class='ocr_line' id='line_1_93' title="bbox 1017 1769 1806 1806; baseline -0.001 -9"><span class='ocrx_word' id='word_1_668' title='bbox 1017 1779 1074 1806; x_wconf 82' lang='grc' dir='ltr'>ριον</span> <span class='ocrx_word' id='word_1_669' title='bbox 1089 1771 1239 1806; x_wconf 78' lang='grc' dir='ltr'>ἐξεδήμησε</span> <span class='ocrx_word' id='word_1_670' title='bbox 1256 1770 1418 1806; x_wconf 77' lang='grc' dir='ltr'>κοιμηθεὶς³</span> <span class='ocrx_word' id='word_1_671' title='bbox 1435 1770 1535 1806; x_wconf 72' lang='grc' dir='ltr'>ἐκλήοη</span> <span class='ocrx_word' id='word_1_672' title='bbox 1553 1769 1621 1805; x_wconf 83' lang='grc' dir='ltr'><strong>μετά</strong></span> <span class='ocrx_word' id='word_1_673' title='bbox 1637 1769 1736 1805; x_wconf 85' lang='grc' dir='ltr'>σεμνοῦ</span> <span class='ocrx_word' id='word_1_674' title='bbox 1747 1770 1806 1796; x_wconf 88' lang='grc' dir='ltr'>ὀνό-</span> 
     </span>
    </p>
   </div>
   <div class='ocr_carea' id='block_1_94' title="bbox 1018 1815 1809 1853">
    <p class='ocr_par' dir='ltr' id='par_1_94' title="bbox 1018 1815 1809 1853">
     <span class='ocr_line' id='line_1_94' title="bbox 1018 1815 1809 1853; baseline -0.003 -9"><span class='ocrx_word' id='word_1_675' title='bbox 1018 1826 1113 1852; x_wconf 80' lang='grc' dir='ltr'>ματος,</span> <span class='ocrx_word' id='word_1_676' title='bbox 1139 1817 1263 1853; x_wconf 83' lang='grc' dir='ltr'>καθάπερ</span> <span class='ocrx_word' id='word_1_677' title='bbox 1285 1817 1386 1849; x_wconf 87' lang='grc' dir='ltr'>πάντες</span> <span class='ocrx_word' id='word_1_678' title='bbox 1401 1817 1454 1849; x_wconf 75' lang='grc' dir='ltr'>ἕως</span> <span class='ocrx_word' id='word_1_679' title='bbox 1468 1817 1516 1851; x_wconf 83' lang='grc' dir='ltr'>τῆς</span> <span class='ocrx_word' id='word_1_680' title='bbox 1535 1816 1609 1851; x_wconf 86' lang='grc' dir='ltr'>ὥρας</span> <span class='ocrx_word' id='word_1_681' title='bbox 1620 1816 1671 1851; x_wconf 86' lang='grc' dir='ltr'>τῆς</span> <span class='ocrx_word' id='word_1_682' title='bbox 1689 1815 1809 1842; x_wconf 75' lang='grc' dir='ltr'>ἀναστά-</span> 
     </span>
    </p>
   </div>
   <div class='ocr_carea' id='block_1_95' title="bbox 1018 1861 1801 1897">
    <p class='ocr_par' dir='ltr' id='par_1_95' title="bbox 1018 1861 1801 1897">
     <span class='ocr_line' id='line_1_95' title="bbox 1018 1861 1801 1897; baseline -0.001 -9"><span class='ocrx_word' id='word_1_683' title='bbox 1018 1870 1096 1894; x_wconf 85' lang='grc' dir='ltr'>σεως,</span> <span class='ocrx_word' id='word_1_684' title='bbox 1113 1862 1157 1888; x_wconf 75' lang='grc' dir='ltr'>ὅτε</span> <span class='ocrx_word' id='word_1_685' title='bbox 1172 1861 1264 1897; x_wconf 82' lang='grc' dir='ltr'>μέλλει</span> <span class='ocrx_word' id='word_1_686' title='bbox 1287 1862 1302 1887; x_wconf 83' lang='grc' dir='ltr'><strong>ὀ</strong></span> <span class='ocrx_word' id='word_1_687' title='bbox 1315 1862 1483 1897; x_wconf 84' lang='grc' dir='ltr'>Μονογενὴς,</span> <span class='ocrx_word' id='word_1_688' title='bbox 1494 1861 1531 1893; x_wconf 85' lang='grc' dir='ltr'><strong>ὡς</strong></span> <span class='ocrx_word' id='word_1_689' title='bbox 1542 1861 1686 1896; x_wconf 82' lang='grc' dir='ltr'>ὑπέσχετο,</span> <span class='ocrx_word' id='word_1_690' title='bbox 1699 1861 1801 1888; x_wconf 76' lang='grc' dir='ltr'>ἀποκα-</span> 
     </span>
    </p>
   </div>
   <div class='ocr_carea' id='block_1_96' title="bbox 1017 1906 1805 1944">
    <p class='ocr_par' dir='ltr' id='par_1_96' title="bbox 1017 1906 1805 1944">
     <span class='ocr_line' id='line_1_96' title="bbox 1017 1906 1805 1944; baseline -0.003 -10"><span class='ocrx_word' id='word_1_691' title='bbox 1017 1907 1111 1943; x_wconf 85' lang='grc' dir='ltr'>θιστᾷν</span> <span class='ocrx_word' id='word_1_692' title='bbox 1124 1908 1154 1934; x_wconf 80' lang='grc' dir='ltr'>τὸ</span> <span class='ocrx_word' id='word_1_693' title='bbox 1170 1908 1249 1944; x_wconf 72' lang='grc' dir='ltr'>σῶμα</span> <span class='ocrx_word' id='word_1_694' title='bbox 1262 1910 1294 1944; x_wconf 82' lang='grc' dir='ltr'><strong>τῇ</strong></span> <span class='ocrx_word' id='word_1_695' title='bbox 1307 1908 1391 1944; x_wconf 80' lang='grc' dir='ltr'>ψυχῇ,</span> <span class='ocrx_word' id='word_1_696' title='bbox 1407 1908 1453 1934; x_wconf 75' lang='grc' dir='ltr'>καὶ</span> <span class='ocrx_word' id='word_1_697' title='bbox 1466 1907 1514 1943; x_wconf 81' lang='grc' dir='ltr'>τὴν</span> <span class='ocrx_word' id='word_1_698' title='bbox 1529 1907 1618 1942; x_wconf 82' lang='grc' dir='ltr'>ψυχὴν</span> <span class='ocrx_word' id='word_1_699' title='bbox 1633 1906 1672 1942; x_wconf 89' lang='grc' dir='ltr'>τῷ</span> <span class='ocrx_word' id='word_1_700' title='bbox 1686 1907 1805 1942; x_wconf 85' lang='grc' dir='ltr'>σώματι,</span> 
     </span>
    </p>
   </div>
   <div class='ocr_carea' id='block_1_97' title="bbox 1016 1952 1804 1990">
    <p class='ocr_par' dir='ltr' id='par_1_97' title="bbox 1016 1952 1804 1990">
     <span class='ocr_line' id='line_1_97' title="bbox 1016 1952 1804 1990; baseline -0.001 -10"><span class='ocrx_word' id='word_1_701' title='bbox 1016 1954 1063 1980; x_wconf 79' lang='grc' dir='ltr'><strong>καὶ</strong></span> <span class='ocrx_word' id='word_1_702' title='bbox 1080 1953 1179 1981; x_wconf 79' lang='grc' dir='ltr'>διδόναι</span> <span class='ocrx_word' id='word_1_703' title='bbox 1194 1954 1303 1990; x_wconf 79' lang='grc' dir='ltr'>ἑκάστῳ</span> <span class='ocrx_word' id='word_1_704' title='bbox 1318 1954 1389 1982; x_wconf 79' lang='grc' dir='ltr'>καθὰ</span> <span class='ocrx_word' id='word_1_705' title='bbox 1403 1953 1531 1989; x_wconf 73' lang='grc' dir='ltr'>ἔπραξεν,</span> <span class='ocrx_word' id='word_1_706' title='bbox 1546 1954 1606 1989; x_wconf 78' lang='grc' dir='ltr'>ἦτοι</span> <span class='ocrx_word' id='word_1_707' title='bbox 1620 1952 1731 1987; x_wconf 75' lang='grc' dir='ltr'>ἀγαθὸν,</span> <span class='ocrx_word' id='word_1_708' title='bbox 1745 1953 1804 1988; x_wconf 74' lang='grc' dir='ltr'>ἦτοι</span> 
     </span>
    </p>
   </div>
   <div class='ocr_carea' id='block_1_98' title="bbox 1015 1998 1117 2035">
    <p class='ocr_par' dir='ltr' id='par_1_98' title="bbox 1015 1998 1117 2035">
     <span class='ocr_line' id='line_1_98' title="bbox 1015 1998 1117 2035; baseline 0.02 -12"><span class='ocrx_word' id='word_1_709' title='bbox 1015 1998 1117 2035; x_wconf 78' lang='grc' dir='ltr'>φαῦλον</span> 
     </span>
    </p>
   </div>
   <div class='ocr_carea' id='block_1_99' title="bbox 1049 2127 1803 2165">
    <p class='ocr_par' dir='ltr' id='par_1_99' title="bbox 1049 2127 1803 2165">
     <span class='ocr_line' id='line_1_99' title="bbox 1049 2127 1803 2165; baseline 0 -9"><span class='ocrx_word' id='word_1_710' title='bbox 1049 2129 1111 2156; x_wconf 87' lang='grc' dir='ltr'>ΛΕ¹.</span> <span class='ocrx_word' id='word_1_711' title='bbox 1135 2129 1166 2156; x_wconf 82' lang='grc' dir='ltr'><strong>Εἰ</strong></span> <span class='ocrx_word' id='word_1_712' title='bbox 1190 2129 1227 2165; x_wconf 84' lang='grc' dir='ltr'><strong>μὴ</strong></span> <span class='ocrx_word' id='word_1_713' title='bbox 1245 2128 1299 2164; x_wconf 80' lang='grc' dir='ltr'>γὰρ</span> <span class='ocrx_word' id='word_1_714' title='bbox 1319 2129 1452 2164; x_wconf 83' lang='grc' dir='ltr'>σωμάτων</span> <span class='ocrx_word' id='word_1_715' title='bbox 1477 2129 1625 2162; x_wconf 83' lang='grc' dir='ltr'>ἀνάστασις</span> <span class='ocrx_word' id='word_1_716' title='bbox 1646 2127 1695 2165; x_wconf 79' lang='grc' dir='ltr'>ἦν,</span> <span class='ocrx_word' id='word_1_717' title='bbox 1721 2129 1803 2156; x_wconf 86' lang='grc' dir='ltr'>πόθεν</span> 
     </span>
    </p>
   </div>
   <div class='ocr_carea' id='block_1_100' title="bbox 1015 2174 1802 2212">
    <p class='ocr_par' dir='ltr' id='par_1_100' title="bbox 1015 2174 1802 2212">
     <span class='ocr_line' id='line_1_100' title="bbox 1015 2174 1802 2212; baseline 0.001 -11"><span class='ocrx_word' id='word_1_718' title='bbox 1015 2174 1137 2210; x_wconf 82' lang='grc' dir='ltr'>βρυγμὸς</span> <span class='ocrx_word' id='word_1_719' title='bbox 1151 2174 1281 2208; x_wconf 79' lang='grc' dir='ltr'>ὀδόντων;</span> <span class='ocrx_word' id='word_1_720' title='bbox 1303 2175 1381 2202; x_wconf 82' lang='grc' dir='ltr'>Ἀλλὰ</span> <span class='ocrx_word' id='word_1_721' title='bbox 1397 2175 1435 2211; x_wconf 85' lang='grc' dir='ltr'>μὴ</span> <span class='ocrx_word' id='word_1_722' title='bbox 1450 2175 1531 2202; x_wconf 87' lang='grc' dir='ltr'>πάλιν</span> <span class='ocrx_word' id='word_1_723' title='bbox 1544 2175 1578 2202; x_wconf 86' lang='grc' dir='ltr'><strong>τά</strong></span> <span class='ocrx_word' id='word_1_724' title='bbox 1592 2175 1642 2211; x_wconf 83' lang='grc' dir='ltr'>τῆς</span> <span class='ocrx_word' id='word_1_725' title='bbox 1655 2176 1802 2212; x_wconf 81' lang='grc' dir='ltr'>φρενοϐλα-</span> 
     </span>
    </p>
   </div>
   <div class='ocr_carea' id='block_1_101' title="bbox 1012 2221 1802 2258">
    <p class='ocr_par' dir='ltr' id='par_1_101' title="bbox 1012 2221 1802 2258">
     <span class='ocr_line' id='line_1_101' title="bbox 1012 2221 1802 2258; baseline 0.003 -11"><span class='ocrx_word' id='word_1_726' title='bbox 1012 2221 1090 2253; x_wconf 78' lang='grc' dir='ltr'>ϐείας</span> <span class='ocrx_word' id='word_1_727' title='bbox 1106 2221 1179 2254; x_wconf 79' lang='grc' dir='ltr'>τινὲς</span> <span class='ocrx_word' id='word_1_728' title='bbox 1202 2221 1327 2254; x_wconf 81' lang='grc' dir='ltr'>εἴπωσιν,</span> <span class='ocrx_word' id='word_1_729' title='bbox 1348 2222 1389 2248; x_wconf 76' lang='grc' dir='ltr'>ὅτι</span> <span class='ocrx_word' id='word_1_730' title='bbox 1412 2222 1517 2254; x_wconf 80' lang='grc' dir='ltr'>ὀδόντες</span> <span class='ocrx_word' id='word_1_731' title='bbox 1541 2222 1588 2249; x_wconf 77' lang='grc' dir='ltr'><strong>ἐπὶ</strong></span> <span class='ocrx_word' id='word_1_732' title='bbox 1611 2223 1642 2249; x_wconf 72' lang='grc' dir='ltr'><strong>τὺ</strong></span> <span class='ocrx_word' id='word_1_733' title='bbox 1664 2222 1802 2258; x_wconf 83' lang='grc' dir='ltr'>μασᾶσθαι</span> 
     </span>
    </p>
   </div>
   <div class='ocr_carea' id='block_1_102' title="bbox 1014 2268 1802 2304">
    <p class='ocr_par' dir='ltr' id='par_1_102' title="bbox 1014 2268 1802 2304">
     <span class='ocr_line' id='line_1_102' title="bbox 1014 2268 1802 2304; baseline 0.001 -10"><span class='ocrx_word' id='word_1_734' title='bbox 1014 2268 1080 2303; x_wconf 83' lang='grc' dir='ltr'>ἡμῖν</span> <span class='ocrx_word' id='word_1_735' title='bbox 1108 2268 1162 2294; x_wconf 84' lang='grc' dir='ltr'>είσι</span> <span class='ocrx_word' id='word_1_736' title='bbox 1195 2268 1455 2304; x_wconf 84' lang='grc' dir='ltr'>κατεσκευασμένοι.</span> <span class='ocrx_word' id='word_1_737' title='bbox 1481 2268 1565 2295; x_wconf 88' lang='grc' dir='ltr'>Ποίαν</span> <span class='ocrx_word' id='word_1_738' title='bbox 1587 2269 1675 2296; x_wconf 86' lang='grc' dir='ltr'>τοίνυν</span> <span class='ocrx_word' id='word_1_739' title='bbox 1702 2269 1802 2304; x_wconf 82' lang='grc' dir='ltr'>ἐδωδὴν</span> 
     </span>
    </p>
   </div>
   <div class='ocr_carea' id='block_1_103' title="bbox 1015 2313 1800 2351">
    <p class='ocr_par' dir='ltr' id='par_1_103' title="bbox 1015 2313 1800 2351">
     <span class='ocr_line' id='line_1_103' title="bbox 1015 2313 1800 2351; baseline 0.003 -12"><span class='ocrx_word' id='word_1_740' title='bbox 1015 2313 1147 2349; x_wconf 85' lang='grc' dir='ltr'>μέλλομεν</span> <span class='ocrx_word' id='word_1_741' title='bbox 1168 2314 1270 2341; x_wconf 80' lang='grc' dir='ltr'>ἐσθίειν</span> <span class='ocrx_word' id='word_1_742' title='bbox 1287 2315 1356 2349; x_wconf 85' lang='grc' dir='ltr'>μετὰ</span> <span class='ocrx_word' id='word_1_743' title='bbox 1378 2314 1426 2350; x_wconf 86' lang='grc' dir='ltr'>τὴν</span> <span class='ocrx_word' id='word_1_744' title='bbox 1445 2314 1499 2341; x_wconf 84' lang='grc' dir='ltr'><strong>τῶν</strong></span> <span class='ocrx_word' id='word_1_745' title='bbox 1514 2315 1619 2351; x_wconf 83' lang='grc' dir='ltr'>νεκρῶν</span> <span class='ocrx_word' id='word_1_746' title='bbox 1635 2315 1800 2348; x_wconf 74' lang='grc' dir='ltr'>ἀνάστασινς</span> 
     </span>
    </p>
   </div>
   <div class='ocr_carea' id='block_1_104' title="bbox 1014 2359 1802 2397">
    <p class='ocr_par' dir='ltr' id='par_1_104' title="bbox 1014 2359 1802 2397">
     <span class='ocr_line' id='line_1_104' title="bbox 1014 2359 1802 2397; baseline 0.004 -12"><span class='ocrx_word' id='word_1_747' title='bbox 1014 2359 1045 2386; x_wconf 76' lang='lat' dir='ltr'><strong>Et</strong></span> <span class='ocrx_word' id='word_1_748' title='bbox 1061 2359 1115 2394; x_wconf 84' lang='grc' dir='ltr'><strong>γὰρ</strong></span> <span class='ocrx_word' id='word_1_749' title='bbox 1146 2360 1214 2394; x_wconf 88' lang='grc' dir='ltr'>μετὰ</span> <span class='ocrx_word' id='word_1_750' title='bbox 1238 2360 1385 2387; x_wconf 84' lang='grc' dir='ltr'>ἀνάστασιν</span> <span class='ocrx_word' id='word_1_751' title='bbox 1406 2360 1532 2396; x_wconf 83' lang='grc' dir='ltr'>δεύτερον</span> <span class='ocrx_word' id='word_1_752' title='bbox 1554 2361 1690 2396; x_wconf 81' lang='grc' dir='ltr'>βέϐρωκεν</span> <span class='ocrx_word' id='word_1_753' title='bbox 1714 2362 1728 2388; x_wconf 78' lang='grc' dir='ltr'><strong><em>ὁ</em></strong></span> <span class='ocrx_word' id='word_1_754' title='bbox 1753 2361 1802 2397; x_wconf 77' lang='grc' dir='ltr'><strong>’ἰη-</strong></span> 
     </span>
    </p>
   </div>
   <div class='ocr_carea' id='block_1_105' title="bbox 1014 2404 1800 2442">
    <p class='ocr_par' dir='ltr' id='par_1_105' title="bbox 1014 2404 1800 2442">
     <span class='ocr_line' id='line_1_105' title="bbox 1014 2404 1800 2442; baseline 0.003 -11"><span class='ocrx_word' id='word_1_755' title='bbox 1014 2404 1088 2437; x_wconf 82' lang='grc' dir='ltr'>σοῦς,</span> <span class='ocrx_word' id='word_1_756' title='bbox 1105 2405 1152 2431; x_wconf 81' lang='grc' dir='ltr'>καὶ</span> <span class='ocrx_word' id='word_1_757' title='bbox 1167 2406 1196 2438; x_wconf 73' lang='grc' dir='ltr'>εξ</span> <span class='ocrx_word' id='word_1_758' title='bbox 1210 2405 1300 2441; x_wconf 72' lang='grc' dir='ltr'>ἰχθύος</span> <span class='ocrx_word' id='word_1_759' title='bbox 1320 2405 1404 2432; x_wconf 84' lang='grc' dir='ltr'>ὀπτοῦ</span> <span class='ocrx_word' id='word_1_760' title='bbox 1421 2406 1514 2442; x_wconf 80' lang='grc' dir='ltr'>μέρος,</span> <span class='ocrx_word' id='word_1_761' title='bbox 1529 2407 1578 2433; x_wconf 76' lang='grc' dir='ltr'>καὶ</span> <span class='ocrx_word' id='word_1_762' title='bbox 1591 2407 1645 2433; x_wconf 83' lang='grc' dir='ltr'>ἀπὸ</span> <span class='ocrx_word' id='word_1_763' title='bbox 1661 2406 1800 2442; x_wconf 84' lang='grc' dir='ltr'>μελισσίου</span> 
     </span>
    </p>
   </div>
   <div class='ocr_carea' id='block_1_106' title="bbox 1011 2451 1799 2489">
    <p class='ocr_par' dir='ltr' id='par_1_106' title="bbox 1011 2451 1799 2489">
     <span class='ocr_line' id='line_1_106' title="bbox 1011 2451 1799 2489; baseline 0.004 -12"><span class='ocrx_word' id='word_1_764' title='bbox 1011 2451 1123 2486; x_wconf 83' lang='grc' dir='ltr'>κηρίον,</span> <span class='ocrx_word' id='word_1_765' title='bbox 1148 2451 1365 2487; x_wconf 59' lang='grc' dir='ltr'>καὶνσυνηλίσθη</span> <span class='ocrx_word' id='word_1_766' title='bbox 1389 2453 1444 2484; x_wconf 77' lang='grc' dir='ltr'>τοῖς</span> <span class='ocrx_word' id='word_1_767' title='bbox 1472 2452 1607 2488; x_wconf 86' lang='grc' dir='ltr'>μαθηταῖς</span> <span class='ocrx_word' id='word_1_768' title='bbox 1632 2453 1665 2480; x_wconf 78' lang='grc' dir='ltr'>δι’</span> <span class='ocrx_word' id='word_1_769' title='bbox 1687 2453 1799 2489; x_wconf 83' lang='grc' dir='ltr'>ἠμερῶν</span> 
     </span>
    </p>
   </div>
   <div class='ocr_carea' id='block_1_107' title="bbox 1009 2497 1798 2536">
    <p class='ocr_par' dir='ltr' id='par_1_107' title="bbox 1009 2497 1798 2536">
     <span class='ocr_line' id='line_1_107' title="bbox 1009 2497 1798 2536; baseline 0.004 -13"><span class='ocrx_word' id='word_1_770' title='bbox 1009 2497 1229 2532; x_wconf 84' lang='grc' dir='ltr'>τεσσαράκοντα·</span> <span class='ocrx_word' id='word_1_771' title='bbox 1256 2497 1311 2534; x_wconf 82' lang='grc' dir='ltr'>ἆρα</span> <span class='ocrx_word' id='word_1_772' title='bbox 1331 2499 1381 2525; x_wconf 86' lang='grc' dir='ltr'>οὐκ</span> <span class='ocrx_word' id='word_1_773' title='bbox 1407 2498 1484 2526; x_wconf 75' lang='grc' dir='ltr'>ἔσται</span> <span class='ocrx_word' id='word_1_774' title='bbox 1514 2500 1630 2536; x_wconf 86' lang='grc' dir='ltr'>βρῶσις;</span> <span class='ocrx_word' id='word_1_775' title='bbox 1656 2500 1711 2526; x_wconf 79' lang='grc' dir='ltr'><strong>Καὶ</strong></span> <span class='ocrx_word' id='word_1_776' title='bbox 1733 2499 1798 2534; x_wconf 73' lang='grc' dir='ltr'>περὶ</span> 
     </span>
    </p>
   </div>
   <div class='ocr_carea' id='block_1_108' title="bbox 1011 2543 1799 2580">
    <p class='ocr_par' dir='ltr' id='par_1_108' title="bbox 1011 2543 1799 2580">
     <span class='ocr_line' id='line_1_108' title="bbox 1011 2543 1799 2580; baseline 0.003 -10"><span class='ocrx_word' id='word_1_777' title='bbox 1011 2543 1060 2578; x_wconf 85' lang='grc' dir='ltr'>μὲν</span> <span class='ocrx_word' id='word_1_778' title='bbox 1074 2543 1201 2579; x_wconf 85' lang='grc' dir='ltr'>βρώσεως</span> <span class='ocrx_word' id='word_1_779' title='bbox 1216 2544 1301 2579; x_wconf 86' lang='grc' dir='ltr'>σαφές</span> <span class='ocrx_word' id='word_1_780' title='bbox 1312 2545 1396 2578; x_wconf 75' lang='grc' dir='ltr'>ἐστιν,</span> <span class='ocrx_word' id='word_1_781' title='bbox 1407 2545 1448 2572; x_wconf 84' lang='grc' dir='ltr'>ὅτι</span> <span class='ocrx_word' id='word_1_782' title='bbox 1462 2545 1614 2580; x_wconf 79' lang='grc' dir='ltr'>Μακάριος</span> <span class='ocrx_word' id='word_1_783' title='bbox 1630 2546 1664 2578; x_wconf 82' lang='grc' dir='ltr'>ὃς</span> <span class='ocrx_word' id='word_1_784' title='bbox 1676 2545 1799 2580; x_wconf 70' lang='grc' dir='ltr'>φάγεται</span> 
     </span>
    </p>
   </div>
   <div class='ocr_carea' id='block_1_109' title="bbox 1009 2589 1796 2626">
    <p class='ocr_par' dir='ltr' id='par_1_109' title="bbox 1009 2589 1796 2626">
     <span class='ocr_line' id='line_1_109' title="bbox 1009 2589 1796 2626; baseline 0.003 -10"><span class='ocrx_word' id='word_1_785' title='bbox 1009 2589 1100 2624; x_wconf 74' lang='grc' dir='ltr'>ἄρτον</span> <span class='ocrx_word' id='word_1_786' title='bbox 1119 2591 1154 2617; x_wconf 83' lang='grc' dir='ltr'>ἐν</span> <span class='ocrx_word' id='word_1_787' title='bbox 1166 2590 1203 2625; x_wconf 80' lang='grc' dir='ltr'>τῇ</span> <span class='ocrx_word' id='word_1_788' title='bbox 1221 2591 1366 2626; x_wconf 73' lang='grc' dir='ltr'>βασιλείῃ</span> <span class='ocrx_word' id='word_1_789' title='bbox 1386 2591 1446 2619; x_wconf 76' lang='grc' dir='ltr'>τῶν</span> <span class='ocrx_word' id='word_1_790' title='bbox 1471 2592 1616 2626; x_wconf 79' lang='grc' dir='ltr'>οὐρανῶν.</span> <span class='ocrx_word' id='word_1_791' title='bbox 1638 2593 1693 2620; x_wconf 77' lang='grc' dir='ltr'><strong>Καὶ</strong></span> <span class='ocrx_word' id='word_1_792' title='bbox 1714 2591 1796 2619; x_wconf 76' lang='grc' dir='ltr'>αὐτοῦ</span> 
     </span>
    </p>
   </div>
   <div class='ocr_carea' id='block_1_110' title="bbox 1007 2634 1796 2672">
    <p class='ocr_par' dir='ltr' id='par_1_110' title="bbox 1007 2634 1796 2672">
     <span class='ocr_line' id='line_1_110' title="bbox 1007 2634 1796 2672; baseline 0.004 -12"><span class='ocrx_word' id='word_1_793' title='bbox 1007 2634 1055 2660; x_wconf 82' lang='grc' dir='ltr'>τοῦ</span> <span class='ocrx_word' id='word_1_794' title='bbox 1082 2635 1183 2670; x_wconf 80' lang='grc' dir='ltr'>Κυρίου</span> <span class='ocrx_word' id='word_1_795' title='bbox 1209 2636 1226 2670; x_wconf 87' lang='grc' dir='ltr'>ὴ</span> <span class='ocrx_word' id='word_1_796' title='bbox 1244 2636 1399 2671; x_wconf 80' lang='grc' dir='ltr'>ὑπόσχεσις,</span> <span class='ocrx_word' id='word_1_797' title='bbox 1424 2637 1465 2664; x_wconf 82' lang='grc' dir='ltr'>ὃτι</span> <span class='ocrx_word' id='word_1_798' title='bbox 1488 2638 1614 2665; x_wconf 76' lang='grc' dir='ltr'>Ἕσεσθε</span> <span class='ocrx_word' id='word_1_799' title='bbox 1636 2637 1796 2672; x_wconf 74' lang='grc' dir='ltr'>καθήμενοι</span> 
     </span>
    </p>
   </div>
   <div class='ocr_carea' id='block_1_111' title="bbox 1007 2679 1795 2717">
    <p class='ocr_par' dir='ltr' id='par_1_111' title="bbox 1007 2679 1795 2717">
     <span class='ocr_line' id='line_1_111' title="bbox 1007 2679 1795 2717; baseline 0.006 -12"><span class='ocrx_word' id='word_1_800' title='bbox 1007 2679 1057 2706; x_wconf 80' lang='grc' dir='ltr'><strong>ἐπὶ</strong></span> <span class='ocrx_word' id='word_1_801' title='bbox 1073 2679 1128 2713; x_wconf 84' lang='grc' dir='ltr'><strong>τῆς</strong></span> <span class='ocrx_word' id='word_1_802' title='bbox 1143 2680 1288 2716; x_wconf 79' lang='grc' dir='ltr'>τραπέζης</span> <span class='ocrx_word' id='word_1_803' title='bbox 1300 2682 1354 2709; x_wconf 83' lang='grc' dir='ltr'>τοῦ</span> <span class='ocrx_word' id='word_1_804' title='bbox 1374 2683 1489 2716; x_wconf 81' lang='grc' dir='ltr'>Πατρός</span> <span class='ocrx_word' id='word_1_805' title='bbox 1501 2691 1561 2717; x_wconf 85' lang='grc' dir='ltr'>μου</span> <span class='ocrx_word' id='word_1_806' title='bbox 1579 2683 1734 2717; x_wconf 71' lang='grc' dir='ltr'>ἐσθίοντες</span> <span class='ocrx_word' id='word_1_807' title='bbox 1748 2683 1795 2710; x_wconf 75' lang='grc' dir='ltr'>καὶ</span> 
     </span>
    </p>
   </div>
   <div class='ocr_carea' id='block_1_112' title="bbox 1007 2726 1795 2766">
    <p class='ocr_par' dir='ltr' id='par_1_112' title="bbox 1007 2726 1795 2766">
     <span class='ocr_line' id='line_1_112' title="bbox 1007 2726 1795 2766; baseline 0.005 -13"><span class='ocrx_word' id='word_1_808' title='bbox 1007 2726 1156 2761; x_wconf 80' lang='grc' dir='ltr'>πίνοντες.</span> <span class='ocrx_word' id='word_1_809' title='bbox 1178 2728 1233 2754; x_wconf 80' lang='grc' dir='ltr'><strong>Καὶ</strong></span> <span class='ocrx_word' id='word_1_810' title='bbox 1247 2728 1278 2754; x_wconf 80' lang='grc' dir='ltr'>τὸ</span> <span class='ocrx_word' id='word_1_811' title='bbox 1291 2728 1341 2764; x_wconf 81' lang='grc' dir='ltr'>μὲν</span> <span class='ocrx_word' id='word_1_812' title='bbox 1353 2728 1454 2755; x_wconf 80' lang='grc' dir='ltr'>ἐσθίειν</span> <span class='ocrx_word' id='word_1_813' title='bbox 1467 2729 1513 2756; x_wconf 85' lang='grc' dir='ltr'>καὶ</span> <span class='ocrx_word' id='word_1_814' title='bbox 1527 2730 1615 2756; x_wconf 75' lang='grc' dir='ltr'>πίνειν</span> <span class='ocrx_word' id='word_1_815' title='bbox 1634 2730 1708 2765; x_wconf 67' lang='grc' dir='ltr'>αὐτῴ</span> <span class='ocrx_word' id='word_1_816' title='bbox 1723 2729 1795 2766; x_wconf 80' lang='grc' dir='ltr'>μόνῳ</span> 
     </span>
    </p>
   </div>
   <div class='ocr_carea' id='block_1_113' title="bbox 1574 2819 1792 2855">
    <p class='ocr_par' dir='ltr' id='par_1_113' title="bbox 1574 2819 1792 2855">
     <span class='ocr_line' id='line_1_113' title="bbox 1574 2819 1792 2855; baseline 0.009 -9"><span class='ocrx_word' id='word_1_817' title='bbox 1574 2819 1584 2835; x_wconf 84' lang='grc'>⁶</span> <span class='ocrx_word' id='word_1_818' title='bbox 1597 2819 1663 2847; x_wconf 82' lang='lat' dir='ltr'><strong>Luc.</strong></span> <span class='ocrx_word' id='word_1_819' title='bbox 1680 2827 1735 2855; x_wconf 69' lang='lat' dir='ltr'><strong>xiv,</strong></span> <span class='ocrx_word' id='word_1_820' title='bbox 1751 2819 1792 2851; x_wconf 73' lang='lat'><strong>15.</strong></span> 
     </span>
    </p>
   </div>
   <div class='ocr_carea' id='block_1_114' title="bbox 1063 2819 1524 2852">
    <p class='ocr_par' dir='ltr' id='par_1_114' title="bbox 1063 2819 1524 2852">
     <span class='ocr_line' id='line_1_114' title="bbox 1063 2819 1524 2852; baseline -0.002 -5"><span class='ocrx_word' id='word_1_821' title='bbox 1063 2819 1072 2833; x_wconf 77' lang='lat'><strong>‘</strong></span> <span class='ocrx_word' id='word_1_822' title='bbox 1088 2819 1154 2847; x_wconf 85' lang='lat' dir='ltr'><strong>Luc.</strong></span> <span class='ocrx_word' id='word_1_823' title='bbox 1171 2828 1243 2852; x_wconf 70' lang='lat' dir='ltr'><strong>xxiv,</strong></span> <span class='ocrx_word' id='word_1_824' title='bbox 1257 2820 1302 2848; x_wconf 71' lang='lat'><strong>4&#39;2.</strong></span> <span class='ocrx_word' id='word_1_825' title='bbox 1357 2820 1367 2836; x_wconf 84' lang='grc'><em>⁸</em></span> <span class='ocrx_word' id='word_1_826' title='bbox 1380 2821 1441 2848; x_wconf 79' lang='lat' dir='ltr'><strong>Act.</strong></span> <span class='ocrx_word' id='word_1_827' title='bbox 1460 2829 1479 2852; x_wconf 87' lang='grc' dir='ltr'><strong>ι,</strong></span> <span class='ocrx_word' id='word_1_828' title='bbox 1493 2819 1524 2850; x_wconf 78' lang='grc'><strong>5.,</strong></span> 
     </span>
    </p>
   </div>
  </div>
