  <div class='ocr_page' id='page_1' title='image "/cluster/home/n/w/nwhite01/storage/ocr_20150623/42/njp.32101077772588/052.png"; bbox 0 0 1939 3036; ppageno 0'>
   <div class='ocr_carea' id='block_1_1' title="bbox 109 146 1728 182">
    <p class='ocr_par' dir='ltr' id='par_1_1' title="bbox 109 146 1728 182">
     <span class='ocr_line' id='line_1_1' title="bbox 109 146 1728 182; baseline 0.002 -5"><span class='ocrx_word' id='word_1_1' title='bbox 109 149 145 177; x_wconf 79' lang='lat'><strong><em>89</em></strong></span> <span class='ocrx_word' id='word_1_2' title='bbox 426 146 612 178; x_wconf 79' lang='lat' dir='ltr'><strong>ADVERSUS</strong></span> <span class='ocrx_word' id='word_1_3' title='bbox 629 149 800 179; x_wconf 68' lang='lat' dir='ltr'><strong>HAEIlESES</strong></span> <span class='ocrx_word' id='word_1_4' title='bbox 817 150 881 180; x_wconf 78' lang='lat' dir='ltr'><strong>LIB.</strong></span> <span class='ocrx_word' id='word_1_5' title='bbox 903 151 934 180; x_wconf 90' lang='lat' dir='ltr'><strong>ll.</strong></span> <span class='ocrx_word' id='word_1_6' title='bbox 954 152 1035 182; x_wconf 83' lang='lat' dir='ltr'><strong>TOM.</strong></span> <span class='ocrx_word' id='word_1_7' title='bbox 1055 153 1087 182; x_wconf 92' lang='lat' dir='ltr'><strong>ll.</strong></span> <span class='ocrx_word' id='word_1_8' title='bbox 1105 169 1139 174; x_wconf 92' lang='lat'>—</span> <span class='ocrx_word' id='word_1_9' title='bbox 1159 153 1294 182; x_wconf 65' lang='lat' dir='ltr'><strong>HERES.</strong></span> <span class='ocrx_word' id='word_1_10' title='bbox 1315 153 1407 182; x_wconf 78' lang='lat' dir='ltr'><strong>LXVI.</strong></span> <span class='ocrx_word' id='word_1_11' title='bbox 1694 155 1728 181; x_wconf 80' lang='lat'><strong>90</strong></span> 
     </span>
    </p>
   </div>
   <div class='ocr_carea' id='block_1_2' title="bbox 106 206 895 247">
    <p class='ocr_par' dir='ltr' id='par_1_2' title="bbox 106 206 890 244">
     <span class='ocr_line' id='line_1_2' title="bbox 106 206 890 244; baseline 0.005 -11"><span class='ocrx_word' id='word_1_12' title='bbox 106 209 259 242; x_wconf 80' lang='grc' dir='ltr'>ιγνωσται·</span> <span class='ocrx_word' id='word_1_13' title='bbox 277 206 371 243; x_wconf 71' lang='grc' dir='ltr'>ἐπειδὴ</span> <span class='ocrx_word' id='word_1_14' title='bbox 387 207 408 234; x_wconf 82' lang='lat' dir='ltr'><strong>d</strong></span> <span class='ocrx_word' id='word_1_15' title='bbox 425 208 577 244; x_wconf 59' lang='grc' dir='ltr'>ὀφθαλμὸς</span> <span class='ocrx_word' id='word_1_16' title='bbox 595 210 650 236; x_wconf 79' lang='grc' dir='ltr'><strong>οὐκ</strong></span> <span class='ocrx_word' id='word_1_17' title='bbox 668 207 740 242; x_wconf 75' lang='grc' dir='ltr'>εἶδε,</span> <span class='ocrx_word' id='word_1_18' title='bbox 764 210 814 237; x_wconf 73' lang='grc' dir='ltr'>καὶ</span> <span class='ocrx_word' id='word_1_19' title='bbox 836 208 890 242; x_wconf 84' lang='grc' dir='ltr'>οὖς</span> 
     </span>
    </p>
   </div>
   <div class='ocr_carea' id='block_1_3' title="bbox 946 206 1729 247">
    <p class='ocr_par' dir='ltr' id='par_1_3' title="bbox 946 211 1729 247">
     <span class='ocr_line' id='line_1_3' title="bbox 946 211 1729 247; baseline 0.001 -9"><span class='ocrx_word' id='word_1_20' title='bbox 946 212 988 239; x_wconf 75' lang='lat' dir='ltr'><strong>&#39;ris</strong></span> <span class='ocrx_word' id='word_1_21' title='bbox 1005 213 1064 244; x_wconf 85' lang='lat' dir='ltr'><strong>mei,</strong></span> <span class='ocrx_word' id='word_1_22' title='bbox 1081 213 1242 240; x_wconf 81' lang='lat' dir='ltr'><strong>comedentes</strong></span> <span class='ocrx_word' id='word_1_23' title='bbox 1260 217 1284 240; x_wconf 82' lang='lat' dir='ltr'><strong>et</strong></span> <span class='ocrx_word' id='word_1_24' title='bbox 1304 213 1417 240; x_wconf 79' lang='lat' dir='ltr'><strong>bibentes</strong></span> <span class='ocrx_word' id='word_1_25' title='bbox 1430 212 1450 240; x_wconf 89' lang='lat'><strong>&#39;.</strong></span> <span class='ocrx_word' id='word_1_26' title='bbox 1466 211 1519 239; x_wconf 87' lang='lat' dir='ltr'><strong>Sed</strong></span> <span class='ocrx_word' id='word_1_27' title='bbox 1536 212 1607 247; x_wconf 89' lang='lat' dir='ltr'><strong>quod</strong></span> <span class='ocrx_word' id='word_1_28' title='bbox 1632 211 1665 239; x_wconf 88' lang='lat' dir='ltr'><strong>ad</strong></span> <span class='ocrx_word' id='word_1_29' title='bbox 1690 214 1729 239; x_wconf 90' lang='lat' dir='ltr'><strong>ci-</strong></span> 
     </span>
    </p>
   </div>
   <div class='ocr_carea' id='block_1_4' title="bbox 109 253 897 292">
    <p class='ocr_par' dir='ltr' id='par_1_4' title="bbox 109 253 897 292">
     <span class='ocr_line' id='line_1_4' title="bbox 109 253 897 292; baseline 0.006 -12"><span class='ocrx_word' id='word_1_30' title='bbox 109 255 167 281; x_wconf 77' lang='grc' dir='ltr'>οὐκ</span> <span class='ocrx_word' id='word_1_31' title='bbox 183 253 328 288; x_wconf 74' lang='grc' dir='ltr'>ἤκουσεν,</span> <span class='ocrx_word' id='word_1_32' title='bbox 345 254 414 281; x_wconf 84' lang='grc' dir='ltr'>οὔτε</span> <span class='ocrx_word' id='word_1_33' title='bbox 427 255 476 282; x_wconf 74' lang='grc' dir='ltr'><strong>ἐπὶ</strong></span> <span class='ocrx_word' id='word_1_34' title='bbox 491 255 617 290; x_wconf 76' lang='grc' dir='ltr'><strong>καρδίαν</strong></span> <span class='ocrx_word' id='word_1_35' title='bbox 629 257 783 291; x_wconf 82' lang='grc' dir='ltr'>ἀνθρώπου</span> <span class='ocrx_word' id='word_1_36' title='bbox 794 257 897 292; x_wconf 78' lang='grc' dir='ltr'>ἀνέϐη,</span> 
     </span>
    </p>
   </div>
   <div class='ocr_carea' id='block_1_5' title="bbox 109 299 896 337">
    <p class='ocr_par' dir='ltr' id='par_1_5' title="bbox 109 299 896 337">
     <span class='ocr_line' id='line_1_5' title="bbox 109 299 896 337; baseline 0.006 -12"><span class='ocrx_word' id='word_1_37' title='bbox 109 299 170 326; x_wconf 83' lang='grc' dir='ltr'>ὅσα</span> <span class='ocrx_word' id='word_1_38' title='bbox 199 299 365 334; x_wconf 76' lang='grc' dir='ltr'><strong>ἡτοίμασεν</strong></span> <span class='ocrx_word' id='word_1_39' title='bbox 390 301 408 327; x_wconf 81' lang='grc' dir='ltr'><em>ὁ</em></span> <span class='ocrx_word' id='word_1_40' title='bbox 438 300 510 334; x_wconf 80' lang='grc' dir='ltr'>Θεὸς</span> <span class='ocrx_word' id='word_1_41' title='bbox 531 301 593 334; x_wconf 82' lang='grc' dir='ltr'>τοῖς</span> <span class='ocrx_word' id='word_1_42' title='bbox 613 301 771 337; x_wconf 78' lang='grc' dir='ltr'><strong>ἀγαπῶσιν</strong></span> <span class='ocrx_word' id='word_1_43' title='bbox 793 303 896 331; x_wconf 83' lang='grc' dir='ltr'>αὐτόν.</span> 
     </span>
    </p>
   </div>
   <div class='ocr_carea' id='block_1_6' title="bbox 115 343 897 383">
    <p class='ocr_par' dir='ltr' id='par_1_6' title="bbox 115 343 897 383">
     <span class='ocr_line' id='line_1_6' title="bbox 115 343 897 383; baseline 0.005 -13"><span class='ocrx_word' id='word_1_44' title='bbox 115 343 186 370; x_wconf 79' lang='grc' dir='ltr'>Ἀλλ’</span> <span class='ocrx_word' id='word_1_45' title='bbox 199 343 293 379; x_wconf 76' lang='grc' dir='ltr'>ἐπειδὴ</span> <span class='ocrx_word' id='word_1_46' title='bbox 305 344 463 380; x_wconf 72' lang='grc' dir='ltr'><strong>ἐφθάσαμεν</strong></span> <span class='ocrx_word' id='word_1_47' title='bbox 478 345 525 372; x_wconf 68' lang='grc' dir='ltr'><strong>ἐπὶ</strong></span> <span class='ocrx_word' id='word_1_48' title='bbox 541 346 579 381; x_wconf 85' lang='grc' dir='ltr'>τῷ</span> <span class='ocrx_word' id='word_1_49' title='bbox 598 346 684 382; x_wconf 81' lang='grc' dir='ltr'>τόπῳ,</span> <span class='ocrx_word' id='word_1_50' title='bbox 701 347 750 379; x_wconf 86' lang='grc' dir='ltr'><strong>τὰς</strong></span> <span class='ocrx_word' id='word_1_51' title='bbox 768 348 897 383; x_wconf 85' lang='grc' dir='ltr'>διαφορὰς</span> 
     </span>
    </p>
   </div>
   <div class='ocr_carea' id='block_1_7' title="bbox 108 388 898 428">
    <p class='ocr_par' dir='ltr' id='par_1_7' title="bbox 108 388 898 428">
     <span class='ocr_line' id='line_1_7' title="bbox 108 388 898 428; baseline 0.006 -14"><span class='ocrx_word' id='word_1_52' title='bbox 108 388 165 415; x_wconf 77' lang='grc' dir='ltr'><strong>τῶν</strong></span> <span class='ocrx_word' id='word_1_53' title='bbox 179 389 273 424; x_wconf 77' lang='grc' dir='ltr'>ψυχῶν</span> <span class='ocrx_word' id='word_1_54' title='bbox 287 389 482 425; x_wconf 81' lang='grc' dir='ltr'><strong>ὑφηγούμενοι,</strong></span> <span class='ocrx_word' id='word_1_55' title='bbox 506 391 554 417; x_wconf 75' lang='grc' dir='ltr'>καὶ</span> <span class='ocrx_word' id='word_1_56' title='bbox 567 391 602 418; x_wconf 82' lang='grc' dir='ltr'>τὰ</span> <span class='ocrx_word' id='word_1_57' title='bbox 622 391 652 423; x_wconf 81' lang='grc' dir='ltr'><strong>ὲξ</strong></span> <span class='ocrx_word' id='word_1_58' title='bbox 672 392 756 427; x_wconf 78' lang='grc' dir='ltr'>αὐτῆς</span> <span class='ocrx_word' id='word_1_59' title='bbox 769 392 818 427; x_wconf 86' lang='grc' dir='ltr'>τῆς</span> <span class='ocrx_word' id='word_1_60' title='bbox 832 392 898 428; x_wconf 82' lang='grc' dir='ltr'>ἀλη-</span> 
     </span>
    </p>
   </div>
   <div class='ocr_carea' id='block_1_8' title="bbox 109 435 896 473">
    <p class='ocr_par' dir='ltr' id='par_1_8' title="bbox 109 435 896 473">
     <span class='ocr_line' id='line_1_8' title="bbox 109 435 896 473; baseline 0.003 -12"><span class='ocrx_word' id='word_1_61' title='bbox 109 435 196 467; x_wconf 80' lang='grc' dir='ltr'>θείας,</span> <span class='ocrx_word' id='word_1_62' title='bbox 209 435 255 461; x_wconf 77' lang='grc' dir='ltr'>καὶ</span> <span class='ocrx_word' id='word_1_63' title='bbox 264 435 312 461; x_wconf 82' lang='grc' dir='ltr'>τοῦ</span> <span class='ocrx_word' id='word_1_64' title='bbox 327 435 527 471; x_wconf 81' lang='grc' dir='ltr'>ὑποδείγματος</span> <span class='ocrx_word' id='word_1_65' title='bbox 540 436 661 469; x_wconf 71' lang='grc' dir='ltr'>ἐντελοῦς</span> <span class='ocrx_word' id='word_1_66' title='bbox 672 437 765 469; x_wconf 71' lang='grc' dir='ltr'>ὅντως,</span> <span class='ocrx_word' id='word_1_67' title='bbox 778 438 818 464; x_wconf 83' lang='grc' dir='ltr'>ὅτι</span> <span class='ocrx_word' id='word_1_68' title='bbox 830 437 896 473; x_wconf 81' lang='grc' dir='ltr'>ἄλλη</span> 
     </span>
    </p>
   </div>
   <div class='ocr_carea' id='block_1_9' title="bbox 110 479 897 518">
    <p class='ocr_par' dir='ltr' id='par_1_9' title="bbox 110 479 897 518">
     <span class='ocr_line' id='line_1_9' title="bbox 110 479 897 518; baseline 0.003 -12"><span class='ocrx_word' id='word_1_69' title='bbox 110 480 161 516; x_wconf 71' lang='grc' dir='ltr'>μὲν</span> <span class='ocrx_word' id='word_1_70' title='bbox 173 480 246 516; x_wconf 76' lang='grc' dir='ltr'>ψυχὴ</span> <span class='ocrx_word' id='word_1_71' title='bbox 258 479 412 516; x_wconf 83' lang='grc' dir='ltr'>ἀνθρώπου,</span> <span class='ocrx_word' id='word_1_72' title='bbox 427 479 494 516; x_wconf 76' lang='grc' dir='ltr'>ἄλλη</span> <span class='ocrx_word' id='word_1_73' title='bbox 510 481 539 508; x_wconf 75' lang='grc' dir='ltr'>δὲ</span> <span class='ocrx_word' id='word_1_74' title='bbox 550 482 666 517; x_wconf 80' lang='grc' dir='ltr'><strong>κτήνους</strong></span> <span class='ocrx_word' id='word_1_75' title='bbox 677 489 684 497; x_wconf 85' lang='grc'>·</span> <span class='ocrx_word' id='word_1_76' title='bbox 699 482 747 509; x_wconf 76' lang='grc' dir='ltr'>καὶ</span> <span class='ocrx_word' id='word_1_77' title='bbox 767 483 817 509; x_wconf 80' lang='grc' dir='ltr'>οὐκ</span> <span class='ocrx_word' id='word_1_78' title='bbox 831 480 897 518; x_wconf 78' lang='grc' dir='ltr'>ἦλθε</span> 
     </span>
    </p>
   </div>
   <div class='ocr_carea' id='block_1_10' title="bbox 109 528 893 564">
    <p class='ocr_par' dir='ltr' id='par_1_10' title="bbox 109 528 893 564">
     <span class='ocr_line' id='line_1_10' title="bbox 109 528 893 564; baseline 0.001 -9"><span class='ocrx_word' id='word_1_79' title='bbox 109 528 197 555; x_wconf 78' lang='grc' dir='ltr'>σῶσαι</span> <span class='ocrx_word' id='word_1_80' title='bbox 211 528 260 564; x_wconf 75' lang='grc' dir='ltr'><strong>τὴν</strong></span> <span class='ocrx_word' id='word_1_81' title='bbox 274 528 363 564; x_wconf 82' lang='grc' dir='ltr'>ψυχὴν</span> <span class='ocrx_word' id='word_1_82' title='bbox 375 528 423 555; x_wconf 84' lang='grc' dir='ltr'><strong>τοῦ</strong></span> <span class='ocrx_word' id='word_1_83' title='bbox 441 528 566 564; x_wconf 80' lang='grc' dir='ltr'><strong>κτήνους,</strong></span> <span class='ocrx_word' id='word_1_84' title='bbox 586 528 656 556; x_wconf 81' lang='grc' dir='ltr'>ἀλλὰ</span> <span class='ocrx_word' id='word_1_85' title='bbox 669 528 716 556; x_wconf 80' lang='grc' dir='ltr'>τοῦ</span> <span class='ocrx_word' id='word_1_86' title='bbox 734 529 877 564; x_wconf 80' lang='grc' dir='ltr'>ἀνθρώπου</span> <span class='ocrx_word' id='word_1_87' title='bbox 887 537 893 544; x_wconf 95' lang='grc'><strong>·</strong></span> 
     </span>
    </p>
   </div>
   <div class='ocr_carea' id='block_1_11' title="bbox 107 573 896 610">
    <p class='ocr_par' dir='ltr' id='par_1_11' title="bbox 107 573 896 610">
     <span class='ocr_line' id='line_1_11' title="bbox 107 573 896 610; baseline 0.001 -10"><span class='ocrx_word' id='word_1_88' title='bbox 107 575 177 601; x_wconf 79' lang='grc' dir='ltr'>διότι</span> <span class='ocrx_word' id='word_1_89' title='bbox 200 573 236 601; x_wconf 83' lang='grc' dir='ltr'><strong>τὰ</strong></span> <span class='ocrx_word' id='word_1_90' title='bbox 261 573 346 609; x_wconf 80' lang='grc' dir='ltr'><strong>κτήνη</strong></span> <span class='ocrx_word' id='word_1_91' title='bbox 371 573 402 600; x_wconf 84' lang='grc' dir='ltr'>οὐ</span> <span class='ocrx_word' id='word_1_92' title='bbox 426 574 560 609; x_wconf 88' lang='grc' dir='ltr'>κρίνεται.</span> <span class='ocrx_word' id='word_1_93' title='bbox 589 574 743 610; x_wconf 76' lang='grc' dir='ltr'><strong>Ἄνθρωποι</strong></span> <span class='ocrx_word' id='word_1_94' title='bbox 771 574 820 609; x_wconf 83' lang='grc' dir='ltr'>μὲν</span> <span class='ocrx_word' id='word_1_95' title='bbox 842 574 896 609; x_wconf 84' lang='grc' dir='ltr'><strong>γὰρ</strong></span> 
     </span>
    </p>
   </div>
   <div class='ocr_carea' id='block_1_12' title="bbox 108 619 895 656">
    <p class='ocr_par' dir='ltr' id='par_1_12' title="bbox 108 619 895 656">
     <span class='ocr_line' id='line_1_12' title="bbox 108 619 895 656; baseline 0 -10"><span class='ocrx_word' id='word_1_96' title='bbox 108 619 307 655; x_wconf 79' lang='grc' dir='ltr'><strong>κληρονομοῦσι</strong></span> <span class='ocrx_word' id='word_1_97' title='bbox 329 619 467 654; x_wconf 80' lang='grc' dir='ltr'>βασιλείαν</span> <span class='ocrx_word' id='word_1_98' title='bbox 478 619 611 655; x_wconf 83' lang='grc' dir='ltr'>οὐρανῶν,</span> <span class='ocrx_word' id='word_1_99' title='bbox 627 620 674 647; x_wconf 76' lang='grc' dir='ltr'>καὶ</span> <span class='ocrx_word' id='word_1_100' title='bbox 687 620 825 656; x_wconf 69' lang='grc' dir='ltr'>ἄνθρωποι</span> <span class='ocrx_word' id='word_1_101' title='bbox 835 620 895 654; x_wconf 80' lang='grc' dir='ltr'>κρί-</span> 
     </span>
    </p>
   </div>
   <div class='ocr_carea' id='block_1_13' title="bbox 107 662 896 699">
    <p class='ocr_par' dir='ltr' id='par_1_13' title="bbox 107 662 896 699">
     <span class='ocr_line' id='line_1_13' title="bbox 107 662 896 699; baseline 0.001 -8"><span class='ocrx_word' id='word_1_102' title='bbox 107 673 210 692; x_wconf 82' lang='grc' dir='ltr'>νονται.</span> <span class='ocrx_word' id='word_1_103' title='bbox 233 664 465 692; x_wconf 72' lang='grc' dir='ltr'>Ἀπελεύσονται</span> <span class='ocrx_word' id='word_1_104' title='bbox 481 664 537 699; x_wconf 61' lang='grc' dir='ltr'><strong>γὰρ</strong></span> <span class='ocrx_word' id='word_1_105' title='bbox 559 662 644 693; x_wconf 81' lang='grc' dir='ltr'>οὗτοι</span> <span class='ocrx_word' id='word_1_106' title='bbox 657 666 701 698; x_wconf 81' lang='grc' dir='ltr'>εις</span> <span class='ocrx_word' id='word_1_107' title='bbox 716 665 816 699; x_wconf 78' lang='grc' dir='ltr'>κρίσιν</span> <span class='ocrx_word' id='word_1_108' title='bbox 830 664 896 692; x_wconf 68' lang='lat' dir='ltr'><strong>alti)-</strong></span> 
     </span>
    </p>
   </div>
   <div class='ocr_carea' id='block_1_14' title="bbox 107 706 896 745">
    <p class='ocr_par' dir='ltr' id='par_1_14' title="bbox 107 706 896 745">
     <span class='ocr_line' id='line_1_14' title="bbox 107 706 896 745; baseline 0 -9"><span class='ocrx_word' id='word_1_109' title='bbox 107 717 187 740; x_wconf 83' lang='grc' dir='ltr'>νιον.</span> <span class='ocrx_word' id='word_1_110' title='bbox 208 709 258 736; x_wconf 75' lang='grc' dir='ltr'><strong>καὶ</strong></span> <span class='ocrx_word' id='word_1_111' title='bbox 274 706 357 737; x_wconf 79' lang='grc' dir='ltr'>οὗτοι</span> <span class='ocrx_word' id='word_1_112' title='bbox 379 709 423 742; x_wconf 78' lang='grc' dir='ltr'><strong>είς</strong></span> <span class='ocrx_word' id='word_1_113' title='bbox 439 707 519 743; x_wconf 81' lang='grc' dir='ltr'>ζωὴν</span> <span class='ocrx_word' id='word_1_114' title='bbox 534 708 664 741; x_wconf 73' lang='grc' dir='ltr'>αἰώνιον,</span> <span class='ocrx_word' id='word_1_115' title='bbox 682 710 764 745; x_wconf 82' lang='grc' dir='ltr'>φησὶν</span> <span class='ocrx_word' id='word_1_116' title='bbox 782 710 797 736; x_wconf 85' lang='grc' dir='ltr'><strong>ό</strong></span> <span class='ocrx_word' id='word_1_117' title='bbox 812 710 896 737; x_wconf 86' lang='grc' dir='ltr'>Μονο-</span> 
     </span>
    </p>
   </div>
   <div class='ocr_carea' id='block_1_15' title="bbox 106 755 203 791">
    <p class='ocr_par' dir='ltr' id='par_1_15' title="bbox 106 755 203 791">
     <span class='ocr_line' id='line_1_15' title="bbox 106 755 203 791; baseline 0.01 -1"><span class='ocrx_word' id='word_1_118' title='bbox 106 755 203 791; x_wconf 78' lang='grc' dir='ltr'>γενής-</span> 
     </span>
    </p>
   </div>
   <div class='ocr_carea' id='block_1_16' title="bbox 949 257 1726 293">
    <p class='ocr_par' dir='ltr' id='par_1_16' title="bbox 949 257 1726 293">
     <span class='ocr_line' id='line_1_16' title="bbox 949 257 1726 293; baseline 0 -9"><span class='ocrx_word' id='word_1_119' title='bbox 949 257 1012 285; x_wconf 87' lang='lat' dir='ltr'><strong>bum</strong></span> <span class='ocrx_word' id='word_1_120' title='bbox 1027 258 1102 285; x_wconf 74' lang='lat' dir='ltr'><strong>illiilli</strong></span> <span class='ocrx_word' id='word_1_121' title='bbox 1126 262 1275 293; x_wconf 84' lang='lat' dir='ltr'><strong>potumque</strong></span> <span class='ocrx_word' id='word_1_122' title='bbox 1301 258 1434 293; x_wconf 85' lang='lat' dir='ltr'><strong>pertinet,</strong></span> <span class='ocrx_word' id='word_1_123' title='bbox 1463 257 1539 285; x_wconf 90' lang='lat' dir='ltr'><strong>solus</strong></span> <span class='ocrx_word' id='word_1_124' title='bbox 1562 258 1607 285; x_wconf 90' lang='lat' dir='ltr'><strong>ille</strong></span> <span class='ocrx_word' id='word_1_125' title='bbox 1629 258 1726 284; x_wconf 86' lang='lat' dir='ltr'><strong>novit:</strong></span> 
     </span>
    </p>
   </div>
   <div class='ocr_carea' id='block_1_17' title="bbox 947 302 1729 339">
    <p class='ocr_par' dir='ltr' id='par_1_17' title="bbox 947 302 1729 339">
     <span class='ocr_line' id='line_1_17' title="bbox 947 302 1729 339; baseline 0.001 -10"><span class='ocrx_word' id='word_1_126' title='bbox 947 302 1165 339; x_wconf 80' lang='lat' dir='ltr'><strong>quandoquidem</strong></span> <span class='ocrx_word' id='word_1_127' title='bbox 1183 311 1241 338; x_wconf 64' lang='lat' dir='ltr'><strong>quae</strong></span> <span class='ocrx_word' id='word_1_128' title='bbox 1255 311 1301 330; x_wconf 85' lang='lat' dir='ltr'><strong>nec</strong></span> <span class='ocrx_word' id='word_1_129' title='bbox 1318 302 1409 330; x_wconf 81' lang='lat' dir='ltr'><strong>oculus</strong></span> <span class='ocrx_word' id='word_1_130' title='bbox 1430 303 1505 336; x_wconf 66' lang='lat' dir='ltr'><strong>vidit,</strong></span> <span class='ocrx_word' id='word_1_131' title='bbox 1526 312 1572 331; x_wconf 80' lang='lat' dir='ltr'><strong>nec</strong></span> <span class='ocrx_word' id='word_1_132' title='bbox 1590 305 1662 331; x_wconf 69' lang='lat' dir='ltr'><strong>auiis</strong></span> <span class='ocrx_word' id='word_1_133' title='bbox 1680 313 1729 330; x_wconf 85' lang='lat' dir='ltr'><strong>au-</strong></span> 
     </span>
    </p>
   </div>
   <div class='ocr_carea' id='block_1_18' title="bbox 947 348 1729 385">
    <p class='ocr_par' dir='ltr' id='par_1_18' title="bbox 947 348 1729 385">
     <span class='ocr_line' id='line_1_18' title="bbox 947 348 1729 385; baseline 0.001 -10"><span class='ocrx_word' id='word_1_134' title='bbox 947 348 1022 380; x_wconf 81' lang='lat' dir='ltr'><strong>divit,</strong></span> <span class='ocrx_word' id='word_1_135' title='bbox 1036 357 1082 376; x_wconf 81' lang='lat' dir='ltr'><strong>nec</strong></span> <span class='ocrx_word' id='word_1_136' title='bbox 1096 349 1123 376; x_wconf 81' lang='lat' dir='ltr'><strong>in</strong></span> <span class='ocrx_word' id='word_1_137' title='bbox 1135 358 1180 376; x_wconf 78' lang='lat' dir='ltr'><strong>cor</strong></span> <span class='ocrx_word' id='word_1_138' title='bbox 1190 349 1301 376; x_wconf 77' lang='lat' dir='ltr'><strong>hominis</strong></span> <span class='ocrx_word' id='word_1_139' title='bbox 1316 349 1497 382; x_wconf 79' lang='lat' dir='ltr'><strong>ascenderunt,</strong></span> <span class='ocrx_word' id='word_1_140' title='bbox 1521 358 1578 385; x_wconf 74' lang='lat' dir='ltr'><strong>qua:</strong></span> <span class='ocrx_word' id='word_1_141' title='bbox 1593 357 1729 385; x_wconf 82' lang='lat' dir='ltr'><strong>prwpara-</strong></span> 
     </span>
    </p>
   </div>
   <div class='ocr_carea' id='block_1_19' title="bbox 947 393 1728 430">
    <p class='ocr_par' dir='ltr' id='par_1_19' title="bbox 947 393 1728 430">
     <span class='ocr_line' id='line_1_19' title="bbox 947 393 1728 430; baseline 0.001 -9"><span class='ocrx_word' id='word_1_142' title='bbox 947 394 982 421; x_wconf 78' lang='lat' dir='ltr'><strong>uit</strong></span> <span class='ocrx_word' id='word_1_143' title='bbox 999 393 1066 422; x_wconf 76' lang='lat' dir='ltr'><strong>Deus</strong></span> <span class='ocrx_word' id='word_1_144' title='bbox 1087 394 1168 430; x_wconf 77' lang='lat'><strong>653</strong></span> <span class='ocrx_word' id='word_1_145' title='bbox 1181 394 1349 430; x_wconf 75' lang='lat' dir='ltr'><strong>diligentibus</strong></span> <span class='ocrx_word' id='word_1_146' title='bbox 1361 403 1389 422; x_wconf 77' lang='lat' dir='ltr'><strong>se</strong></span> <span class='ocrx_word' id='word_1_147' title='bbox 1399 396 1420 422; x_wconf 79' lang='lat'><strong>&#39;.</strong></span> <span class='ocrx_word' id='word_1_148' title='bbox 1439 395 1492 423; x_wconf 85' lang='lat' dir='ltr'><strong>Sed</strong></span> <span class='ocrx_word' id='word_1_149' title='bbox 1509 396 1565 423; x_wconf 71' lang='lat' dir='ltr'><strong>haec</strong></span> <span class='ocrx_word' id='word_1_150' title='bbox 1577 396 1664 424; x_wconf 86' lang='lat' dir='ltr'><strong>obiter</strong></span> <span class='ocrx_word' id='word_1_151' title='bbox 1676 396 1728 422; x_wconf 92' lang='lat' dir='ltr'><strong>loci</strong></span> 
     </span>
    </p>
   </div>
   <div class='ocr_carea' id='block_1_20' title="bbox 947 439 1729 475">
    <p class='ocr_par' dir='ltr' id='par_1_20' title="bbox 947 439 1729 475">
     <span class='ocr_line' id='line_1_20' title="bbox 947 439 1729 475; baseline 0.001 -9"><span class='ocrx_word' id='word_1_152' title='bbox 947 439 1027 474; x_wconf 82' lang='lat' dir='ltr'><strong>hujus</strong></span> <span class='ocrx_word' id='word_1_153' title='bbox 1044 442 1188 467; x_wconf 84' lang='lat' dir='ltr'><strong>occasione</strong></span> <span class='ocrx_word' id='word_1_154' title='bbox 1202 440 1403 475; x_wconf 78' lang='lat' dir='ltr'><strong>proposuimus,</strong></span> <span class='ocrx_word' id='word_1_155' title='bbox 1418 447 1481 467; x_wconf 91' lang='lat' dir='ltr'><strong>cum</strong></span> <span class='ocrx_word' id='word_1_156' title='bbox 1499 440 1651 467; x_wconf 89' lang='lat' dir='ltr'><strong>animarum</strong></span> <span class='ocrx_word' id='word_1_157' title='bbox 1673 440 1729 467; x_wconf 89' lang='lat' dir='ltr'><strong>dis-</strong></span> 
     </span>
    </p>
   </div>
   <div class='ocr_carea' id='block_1_21' title="bbox 946 485 1727 521">
    <p class='ocr_par' dir='ltr' id='par_1_21' title="bbox 946 485 1727 521">
     <span class='ocr_line' id='line_1_21' title="bbox 946 485 1727 521; baseline 0 -9"><span class='ocrx_word' id='word_1_158' title='bbox 946 485 1049 512; x_wconf 80' lang='lat' dir='ltr'><strong>crimen</strong></span> <span class='ocrx_word' id='word_1_159' title='bbox 1083 486 1302 520; x_wconf 80' lang='lat' dir='ltr'><strong>explicaremus;</strong></span> <span class='ocrx_word' id='word_1_160' title='bbox 1323 485 1405 521; x_wconf 83' lang='lat' dir='ltr'><strong>idque</strong></span> <span class='ocrx_word' id='word_1_161' title='bbox 1427 493 1458 512; x_wconf 92' lang='lat' dir='ltr'><strong>ex</strong></span> <span class='ocrx_word' id='word_1_162' title='bbox 1484 486 1522 512; x_wconf 88' lang='lat' dir='ltr'><strong>rei</strong></span> <span class='ocrx_word' id='word_1_163' title='bbox 1553 486 1681 517; x_wconf 88' lang='lat' dir='ltr'><strong>veritate,</strong></span> <span class='ocrx_word' id='word_1_164' title='bbox 1701 489 1727 512; x_wconf 82' lang='lat' dir='ltr'><strong>et</strong></span> 
     </span>
    </p>
   </div>
   <div class='ocr_carea' id='block_1_22' title="bbox 945 531 1728 566">
    <p class='ocr_par' dir='ltr' id='par_1_22' title="bbox 945 531 1728 566">
     <span class='ocr_line' id='line_1_22' title="bbox 945 531 1728 566; baseline -0.001 -8"><span class='ocrx_word' id='word_1_165' title='bbox 945 531 1069 566; x_wconf 88' lang='lat' dir='ltr'><strong>exemplo</strong></span> <span class='ocrx_word' id='word_1_166' title='bbox 1086 531 1132 558; x_wconf 93' lang='lat' dir='ltr'><strong>illo</strong></span> <span class='ocrx_word' id='word_1_167' title='bbox 1148 531 1228 565; x_wconf 84' lang='lat' dir='ltr'><strong>longe</strong></span> <span class='ocrx_word' id='word_1_168' title='bbox 1248 531 1391 566; x_wconf 91' lang='lat' dir='ltr'><strong>aptissimo</strong></span> <span class='ocrx_word' id='word_1_169' title='bbox 1417 531 1666 566; x_wconf 83' lang='lat' dir='ltr'><strong>comprobarcmus,</strong></span> <span class='ocrx_word' id='word_1_170' title='bbox 1684 531 1728 557; x_wconf 90' lang='lat' dir='ltr'><strong>ni-</strong></span> 
     </span>
    </p>
   </div>
   <div class='ocr_carea' id='block_1_23' title="bbox 945 575 1727 611">
    <p class='ocr_par' dir='ltr' id='par_1_23' title="bbox 945 575 1727 611">
     <span class='ocr_line' id='line_1_23' title="bbox 945 575 1727 611; baseline -0.001 -9"><span class='ocrx_word' id='word_1_171' title='bbox 945 576 1043 602; x_wconf 89' lang='lat' dir='ltr'><strong>mirum</strong></span> <span class='ocrx_word' id='word_1_172' title='bbox 1057 576 1138 603; x_wconf 85' lang='lat' dir='ltr'><strong>aliam</strong></span> <span class='ocrx_word' id='word_1_173' title='bbox 1153 583 1214 604; x_wconf 90' lang='lat' dir='ltr'><strong>esse</strong></span> <span class='ocrx_word' id='word_1_174' title='bbox 1229 575 1358 608; x_wconf 86' lang='lat' dir='ltr'><strong>hominis,</strong></span> <span class='ocrx_word' id='word_1_175' title='bbox 1374 576 1454 603; x_wconf 89' lang='lat' dir='ltr'><strong>aliam</strong></span> <span class='ocrx_word' id='word_1_176' title='bbox 1469 576 1579 611; x_wconf 84' lang='lat' dir='ltr'><strong>pecudis</strong></span> <span class='ocrx_word' id='word_1_177' title='bbox 1593 576 1727 608; x_wconf 83' lang='lat' dir='ltr'><strong>animam;</strong></span> 
     </span>
    </p>
   </div>
   <div class='ocr_carea' id='block_1_24' title="bbox 944 620 1729 656">
    <p class='ocr_par' dir='ltr' id='par_1_24' title="bbox 944 620 1729 656">
     <span class='ocr_line' id='line_1_24' title="bbox 944 620 1729 656; baseline -0.001 -8"><span class='ocrx_word' id='word_1_178' title='bbox 944 629 994 648; x_wconf 87' lang='lat' dir='ltr'><strong>nec</strong></span> <span class='ocrx_word' id='word_1_179' title='bbox 1008 625 1036 649; x_wconf 90' lang='lat' dir='ltr'><strong>ut</strong></span> <span class='ocrx_word' id='word_1_180' title='bbox 1051 621 1162 656; x_wconf 87' lang='lat' dir='ltr'><strong>pecudis</strong></span> <span class='ocrx_word' id='word_1_181' title='bbox 1179 620 1297 648; x_wconf 89' lang='lat' dir='ltr'><strong>animam</strong></span> <span class='ocrx_word' id='word_1_182' title='bbox 1313 625 1445 654; x_wconf 77' lang='lat' dir='ltr'><strong>servaret,</strong></span> <span class='ocrx_word' id='word_1_183' title='bbox 1461 621 1511 650; x_wconf 86' lang='lat' dir='ltr'><strong>sed</strong></span> <span class='ocrx_word' id='word_1_184' title='bbox 1527 621 1643 649; x_wconf 85' lang='lat' dir='ltr'><strong>hominis</strong></span> <span class='ocrx_word' id='word_1_185' title='bbox 1658 621 1729 648; x_wconf 89' lang='lat' dir='ltr'><strong>dun-</strong></span> 
     </span>
    </p>
   </div>
   <div class='ocr_carea' id='block_1_25' title="bbox 947 666 1730 702">
    <p class='ocr_par' dir='ltr' id='par_1_25' title="bbox 947 666 1730 702">
     <span class='ocr_line' id='line_1_25' title="bbox 947 666 1730 702; baseline -0.001 -8"><span class='ocrx_word' id='word_1_186' title='bbox 947 671 1032 699; x_wconf 87' lang='lat' dir='ltr'><strong>taxat,</strong></span> <span class='ocrx_word' id='word_1_187' title='bbox 1054 667 1199 695; x_wconf 85' lang='lat' dir='ltr'><strong>advenisse</strong></span> <span class='ocrx_word' id='word_1_188' title='bbox 1220 667 1369 699; x_wconf 79' lang='lat' dir='ltr'><strong>Christum,</strong></span> <span class='ocrx_word' id='word_1_189' title='bbox 1389 667 1518 702; x_wconf 88' lang='lat' dir='ltr'><strong>quoniam</strong></span> <span class='ocrx_word' id='word_1_190' title='bbox 1542 667 1660 701; x_wconf 83' lang='lat' dir='ltr'><strong>pecudes</strong></span> <span class='ocrx_word' id='word_1_191' title='bbox 1677 666 1730 693; x_wconf 82' lang='lat' dir='ltr'><strong>mi-</strong></span> 
     </span>
    </p>
   </div>
   <div class='ocr_carea' id='block_1_26' title="bbox 943 711 1730 748">
    <p class='ocr_par' dir='ltr' id='par_1_26' title="bbox 943 711 1730 748">
     <span class='ocr_line' id='line_1_26' title="bbox 943 711 1730 748; baseline -0.001 -9"><span class='ocrx_word' id='word_1_192' title='bbox 943 712 1193 748; x_wconf 86' lang='lat' dir='ltr'><strong>nimejudicantur.</strong></span> <span class='ocrx_word' id='word_1_193' title='bbox 1207 711 1274 739; x_wconf 84' lang='lat' dir='ltr'><strong>Nam</strong></span> <span class='ocrx_word' id='word_1_194' title='bbox 1288 712 1412 740; x_wconf 87' lang='lat' dir='ltr'><strong>homines</strong></span> <span class='ocrx_word' id='word_1_195' title='bbox 1424 713 1533 748; x_wconf 85' lang='lat' dir='ltr'><strong>quidem</strong></span> <span class='ocrx_word' id='word_1_196' title='bbox 1545 717 1572 740; x_wconf 90' lang='lat' dir='ltr'><strong>et</strong></span> <span class='ocrx_word' id='word_1_197' title='bbox 1584 713 1660 748; x_wconf 81' lang='lat' dir='ltr'><strong>regni</strong></span> <span class='ocrx_word' id='word_1_198' title='bbox 1673 719 1730 739; x_wconf 80' lang='lat' dir='ltr'><strong>cm-</strong></span> 
     </span>
    </p>
   </div>
   <div class='ocr_carea' id='block_1_27' title="bbox 943 758 1728 793">
    <p class='ocr_par' dir='ltr' id='par_1_27' title="bbox 943 758 1728 793">
     <span class='ocr_line' id='line_1_27' title="bbox 943 758 1728 793; baseline -0.003 -7"><span class='ocrx_word' id='word_1_199' title='bbox 943 758 1032 786; x_wconf 84' lang='lat' dir='ltr'><strong>lorum</strong></span> <span class='ocrx_word' id='word_1_200' title='bbox 1060 758 1248 786; x_wconf 60' lang='lat' dir='ltr'><strong>hereditatem</strong></span> <span class='ocrx_word' id='word_1_201' title='bbox 1275 762 1472 793; x_wconf 84' lang='lat' dir='ltr'><strong>assequuntur,</strong></span> <span class='ocrx_word' id='word_1_202' title='bbox 1500 762 1527 786; x_wconf 88' lang='lat' dir='ltr'><strong>et</strong></span> <span class='ocrx_word' id='word_1_203' title='bbox 1548 759 1574 785; x_wconf 92' lang='lat' dir='ltr'><strong>in</strong></span> <span class='ocrx_word' id='word_1_204' title='bbox 1594 758 1728 793; x_wconf 80' lang='lat' dir='ltr'><strong>judicium</strong></span> 
     </span>
    </p>
   </div>
   <div class='ocr_carea' id='block_1_28' title="bbox 942 803 1730 839">
    <p class='ocr_par' dir='ltr' id='par_1_28' title="bbox 942 803 1730 839">
     <span class='ocr_line' id='line_1_28' title="bbox 942 803 1730 839; baseline -0.003 -7"><span class='ocrx_word' id='word_1_205' title='bbox 942 809 1088 832; x_wconf 83' lang='lat' dir='ltr'><strong>vocantur.</strong></span> <span class='ocrx_word' id='word_1_206' title='bbox 1128 803 1209 830; x_wconf 87' lang='lat' dir='ltr'><strong>Ibunt</strong></span> <span class='ocrx_word' id='word_1_207' title='bbox 1228 804 1309 836; x_wconf 85' lang='lat' dir='ltr'><strong>enim,</strong></span> <span class='ocrx_word' id='word_1_208' title='bbox 1323 803 1424 838; x_wconf 87' lang='lat' dir='ltr'><strong>inquit,</strong></span> <span class='ocrx_word' id='word_1_209' title='bbox 1442 804 1463 831; x_wconf 96' lang='lat' dir='ltr'><strong>ii</strong></span> <span class='ocrx_word' id='word_1_210' title='bbox 1476 804 1503 831; x_wconf 84' lang='lat' dir='ltr'><strong>in</strong></span> <span class='ocrx_word' id='word_1_211' title='bbox 1513 804 1647 839; x_wconf 82' lang='lat' dir='ltr'><strong>judicium</strong></span> <span class='ocrx_word' id='word_1_212' title='bbox 1656 809 1730 831; x_wconf 71' lang='lat' dir='ltr'><strong>aeter-</strong></span> 
     </span>
    </p>
   </div>
   <div class='ocr_carea' id='block_1_29' title="bbox 944 849 1383 883">
    <p class='ocr_par' dir='ltr' id='par_1_29' title="bbox 944 849 1383 883">
     <span class='ocr_line' id='line_1_29' title="bbox 944 849 1383 883; baseline 0 -7"><span class='ocrx_word' id='word_1_213' title='bbox 944 857 1017 883; x_wconf 83' lang='lat' dir='ltr'><strong>num,</strong></span> <span class='ocrx_word' id='word_1_214' title='bbox 1028 854 1053 876; x_wconf 89' lang='lat' dir='ltr'><strong>et</strong></span> <span class='ocrx_word' id='word_1_215' title='bbox 1062 849 1081 876; x_wconf 90' lang='lat' dir='ltr'><strong>ii</strong></span> <span class='ocrx_word' id='word_1_216' title='bbox 1095 849 1122 875; x_wconf 83' lang='lat' dir='ltr'><strong>in</strong></span> <span class='ocrx_word' id='word_1_217' title='bbox 1134 849 1214 876; x_wconf 81' lang='lat' dir='ltr'><strong>vitam</strong></span> <span class='ocrx_word' id='word_1_218' title='bbox 1229 853 1354 876; x_wconf 74' lang='lat' dir='ltr'><strong>mternam</strong></span> <span class='ocrx_word' id='word_1_219' title='bbox 1362 849 1383 876; x_wconf 88' lang='grc'><strong>³.</strong></span> 
     </span>
    </p>
   </div>
   <div class='ocr_carea' id='block_1_30' title="bbox 143 881 895 930">
    <p class='ocr_par' dir='ltr' id='par_1_30' title="bbox 143 888 893 924">
     <span class='ocr_line' id='line_1_30' title="bbox 143 888 893 924; baseline 0.001 -9"><span class='ocrx_word' id='word_1_220' title='bbox 143 888 264 923; x_wconf 62' lang='grc' dir='ltr'><strong>Δεῖ-Μ’.</strong></span> <span class='ocrx_word' id='word_1_221' title='bbox 275 888 309 916; x_wconf 86' lang='grc' dir='ltr'>Τί</span> <span class='ocrx_word' id='word_1_222' title='bbox 315 888 344 916; x_wconf 80' lang='grc' dir='ltr'>δὲ</span> <span class='ocrx_word' id='word_1_223' title='bbox 352 889 375 915; x_wconf 85' lang='lat' dir='ltr'><strong>ot</strong></span> <span class='ocrx_word' id='word_1_224' title='bbox 382 888 415 916; x_wconf 76' lang='grc' dir='ltr'><strong>τὰ</strong></span> <span class='ocrx_word' id='word_1_225' title='bbox 421 888 565 924; x_wconf 81' lang='grc' dir='ltr'>ζητήματα</span> <span class='ocrx_word' id='word_1_226' title='bbox 570 889 780 921; x_wconf 83' lang='grc' dir='ltr'>κατοπτεύοντες</span> <span class='ocrx_word' id='word_1_227' title='bbox 789 898 795 922; x_wconf 90' lang='grc'><strong>;</strong></span> <span class='ocrx_word' id='word_1_228' title='bbox 811 889 893 916; x_wconf 80' lang='grc' dir='ltr'>Ἐπὰν</span> 
     </span>
    </p>
   </div>
   <div class='ocr_carea' id='block_1_31' title="bbox 946 881 1731 930">
    <p class='ocr_par' dir='ltr' id='par_1_31' title="bbox 979 881 1731 930">
     <span class='ocr_line' id='line_1_31' title="bbox 979 881 1731 930; baseline 0.001 -10"><span class='ocrx_word' id='word_1_229' title='bbox 979 881 1159 920; x_wconf 63' lang='lat' dir='ltr'><strong>XXXVI-XL.</strong></span> <span class='ocrx_word' id='word_1_230' title='bbox 1169 893 1238 926; x_wconf 87' lang='lat' dir='ltr'><strong>Quid</strong></span> <span class='ocrx_word' id='word_1_231' title='bbox 1245 893 1278 920; x_wconf 89' lang='lat' dir='ltr'><strong>ad</strong></span> <span class='ocrx_word' id='word_1_232' title='bbox 1284 893 1341 920; x_wconf 69' lang='lat' dir='ltr'><strong>haec</strong></span> <span class='ocrx_word' id='word_1_233' title='bbox 1348 893 1392 921; x_wconf 88' lang='lat' dir='ltr'><strong>isti</strong></span> <span class='ocrx_word' id='word_1_234' title='bbox 1401 893 1581 928; x_wconf 62' lang='lat' dir='ltr'><strong>quaestionum</strong></span> <span class='ocrx_word' id='word_1_235' title='bbox 1590 894 1731 930; x_wconf 85' lang='lat' dir='ltr'><strong>indagato-</strong></span> 
     </span>
    </p>
   </div>
   <div class='ocr_carea' id='block_1_32' title="bbox 106 934 893 971">
    <p class='ocr_par' dir='ltr' id='par_1_32' title="bbox 106 934 893 971">
     <span class='ocr_line' id='line_1_32' title="bbox 106 934 893 971; baseline -0.001 -9"><span class='ocrx_word' id='word_1_236' title='bbox 106 935 243 970; x_wconf 75' lang='grc' dir='ltr'>φθάσωσι,</span> <span class='ocrx_word' id='word_1_237' title='bbox 262 935 309 962; x_wconf 82' lang='grc' dir='ltr'>καὶ</span> <span class='ocrx_word' id='word_1_238' title='bbox 330 935 369 970; x_wconf 81' lang='grc' dir='ltr'>μὴ</span> <span class='ocrx_word' id='word_1_239' title='bbox 389 934 563 962; x_wconf 74' lang='grc' dir='ltr'>καταλάϐωσι</span> <span class='ocrx_word' id='word_1_240' title='bbox 584 934 631 961; x_wconf 81' lang='grc' dir='ltr'>τοῦ</span> <span class='ocrx_word' id='word_1_241' title='bbox 644 935 727 971; x_wconf 77' lang='grc' dir='ltr'>ῥητοῦ</span> <span class='ocrx_word' id='word_1_242' title='bbox 741 936 791 970; x_wconf 85' lang='grc' dir='ltr'>τὴν</span> <span class='ocrx_word' id='word_1_243' title='bbox 805 936 893 971; x_wconf 82' lang='grc' dir='ltr'>σαφή-</span> 
     </span>
    </p>
   </div>
   <div class='ocr_carea' id='block_1_33' title="bbox 105 980 892 1017">
    <p class='ocr_par' dir='ltr' id='par_1_33' title="bbox 105 980 892 1017">
     <span class='ocr_line' id='line_1_33' title="bbox 105 980 892 1017; baseline 0.001 -10"><span class='ocrx_word' id='word_1_244' title='bbox 105 989 199 1014; x_wconf 82' lang='grc' dir='ltr'>νειαν,</span> <span class='ocrx_word' id='word_1_245' title='bbox 213 980 392 1017; x_wconf 77' lang='grc' dir='ltr'><strong>ἀσχάλλουσιν</strong></span> <span class='ocrx_word' id='word_1_246' title='bbox 417 980 544 1008; x_wconf 79' lang='grc' dir='ltr'>ἀντίθετα</span> <span class='ocrx_word' id='word_1_247' title='bbox 567 981 675 1013; x_wconf 79' lang='grc' dir='ltr'><strong>ἑαυτοῖς</strong></span> <span class='ocrx_word' id='word_1_248' title='bbox 697 981 892 1017; x_wconf 80' lang='grc' dir='ltr'>διανοούμενοι,</span> 
     </span>
    </p>
   </div>
   <div class='ocr_carea' id='block_1_34' title="bbox 106 1026 895 1064">
    <p class='ocr_par' dir='ltr' id='par_1_34' title="bbox 106 1026 895 1064">
     <span class='ocr_line' id='line_1_34' title="bbox 106 1026 895 1064; baseline 0.001 -11"><span class='ocrx_word' id='word_1_249' title='bbox 106 1027 182 1064; x_wconf 72' lang='grc' dir='ltr'>ἤπερ</span> <span class='ocrx_word' id='word_1_250' title='bbox 202 1027 326 1062; x_wconf 85' lang='grc' dir='ltr'>χρήσιμα</span> <span class='ocrx_word' id='word_1_251' title='bbox 353 1027 459 1059; x_wconf 78' lang='grc' dir='ltr'><strong>ἑαυτοῖς</strong></span> <span class='ocrx_word' id='word_1_252' title='bbox 484 1026 647 1062; x_wconf 85' lang='grc' dir='ltr'>θηρώμενοι.</span> <span class='ocrx_word' id='word_1_253' title='bbox 680 1027 788 1063; x_wconf 85' lang='grc' dir='ltr'>Ἐπειδὴ</span> <span class='ocrx_word' id='word_1_254' title='bbox 808 1027 862 1063; x_wconf 83' lang='grc' dir='ltr'><strong>γὰρ</strong></span> <span class='ocrx_word' id='word_1_255' title='bbox 880 1027 895 1053; x_wconf 86' lang='lat'><em>6</em></span> 
     </span>
    </p>
   </div>
   <div class='ocr_carea' id='block_1_35' title="bbox 106 1072 895 1108">
    <p class='ocr_par' dir='ltr' id='par_1_35' title="bbox 106 1072 895 1108">
     <span class='ocr_line' id='line_1_35' title="bbox 106 1072 895 1108; baseline -0.001 -8"><span class='ocrx_word' id='word_1_256' title='bbox 106 1072 248 1104; x_wconf 82' lang='grc' dir='ltr'>Ματθαίός</span> <span class='ocrx_word' id='word_1_257' title='bbox 263 1072 320 1108; x_wconf 74' lang='grc'><strong>(55)</strong></span> <span class='ocrx_word' id='word_1_258' title='bbox 344 1081 421 1108; x_wconf 79' lang='grc' dir='ltr'>φησι,</span> <span class='ocrx_word' id='word_1_259' title='bbox 436 1073 483 1099; x_wconf 86' lang='grc' dir='ltr'><strong>δύο</strong></span> <span class='ocrx_word' id='word_1_260' title='bbox 497 1072 712 1108; x_wconf 81' lang='grc' dir='ltr'>δαιμονιζόμενοι</span> <span class='ocrx_word' id='word_1_261' title='bbox 722 1081 729 1088; x_wconf 91' lang='grc'><strong>·</strong></span> <span class='ocrx_word' id='word_1_262' title='bbox 745 1073 759 1099; x_wconf 84' lang='grc' dir='ltr'><strong>ό</strong></span> <span class='ocrx_word' id='word_1_263' title='bbox 778 1073 806 1099; x_wconf 82' lang='grc' dir='ltr'>δὲ</span> <span class='ocrx_word' id='word_1_264' title='bbox 827 1073 895 1099; x_wconf 88' lang='grc' dir='ltr'>Λου-</span> 
     </span>
    </p>
   </div>
   <div class='ocr_carea' id='block_1_36' title="bbox 106 1116 895 1154">
    <p class='ocr_par' dir='ltr' id='par_1_36' title="bbox 106 1116 895 1154">
     <span class='ocr_line' id='line_1_36' title="bbox 106 1116 895 1154; baseline -0.001 -9"><span class='ocrx_word' id='word_1_265' title='bbox 106 1119 160 1150; x_wconf 77' lang='grc' dir='ltr'><strong>κᾶς</strong></span> <span class='ocrx_word' id='word_1_266' title='bbox 186 1118 251 1154; x_wconf 78' lang='grc' dir='ltr'>περὶ</span> <span class='ocrx_word' id='word_1_267' title='bbox 266 1118 324 1150; x_wconf 79' lang='grc' dir='ltr'>ἑνὸς</span> <span class='ocrx_word' id='word_1_268' title='bbox 345 1118 488 1153; x_wconf 82' lang='grc' dir='ltr'>διηγεῖται.</span> <span class='ocrx_word' id='word_1_269' title='bbox 509 1118 565 1145; x_wconf 82' lang='grc' dir='ltr'><strong>Καὶ</strong></span> <span class='ocrx_word' id='word_1_270' title='bbox 577 1118 632 1154; x_wconf 80' lang='grc' dir='ltr'>γὰρ</span> <span class='ocrx_word' id='word_1_271' title='bbox 647 1116 688 1150; x_wconf 78' lang='grc' dir='ltr'>εἷς</span> <span class='ocrx_word' id='word_1_272' title='bbox 703 1118 757 1145; x_wconf 84' lang='grc' dir='ltr'><strong>τῶν</strong></span> <span class='ocrx_word' id='word_1_273' title='bbox 779 1118 895 1153; x_wconf 84' lang='grc' dir='ltr'>εὐαγγε-</span> 
     </span>
    </p>
   </div>
   <div class='ocr_carea' id='block_1_37' title="bbox 105 1163 894 1199">
    <p class='ocr_par' dir='ltr' id='par_1_37' title="bbox 105 1163 894 1199">
     <span class='ocr_line' id='line_1_37' title="bbox 105 1163 894 1199; baseline 0 -9"><span class='ocrx_word' id='word_1_274' title='bbox 105 1163 207 1190; x_wconf 84' lang='grc' dir='ltr'>λιστῶν</span> <span class='ocrx_word' id='word_1_275' title='bbox 221 1163 305 1198; x_wconf 75' lang='grc' dir='ltr'>λέγει,</span> <span class='ocrx_word' id='word_1_276' title='bbox 328 1164 369 1190; x_wconf 82' lang='grc' dir='ltr'>ὅτι</span> <span class='ocrx_word' id='word_1_277' title='bbox 386 1164 418 1190; x_wconf 82' lang='grc' dir='ltr'><strong>οι</strong></span> <span class='ocrx_word' id='word_1_278' title='bbox 438 1164 550 1198; x_wconf 72' lang='grc' dir='ltr'>λῃσταὶ</span> <span class='ocrx_word' id='word_1_279' title='bbox 571 1165 598 1191; x_wconf 80' lang='lat' dir='ltr'><strong>ot</strong></span> <span class='ocrx_word' id='word_1_280' title='bbox 617 1163 894 1199; x_wconf 74' lang='grc' dir='ltr'>συνεσταυρωμένοι</span> 
     </span>
    </p>
   </div>
   <div class='ocr_carea' id='block_1_38' title="bbox 105 1209 894 1245">
    <p class='ocr_par' dir='ltr' id='par_1_38' title="bbox 105 1209 894 1245">
     <span class='ocr_line' id='line_1_38' title="bbox 105 1209 894 1245; baseline -0.004 -7"><span class='ocrx_word' id='word_1_281' title='bbox 105 1211 327 1245; x_wconf 65' lang='grc' dir='ltr'>ἐϐλασφήμουν</span> <span class='ocrx_word' id='word_1_282' title='bbox 345 1210 454 1238; x_wconf 81' lang='grc' dir='ltr'>αὐτόν·</span> <span class='ocrx_word' id='word_1_283' title='bbox 478 1209 493 1236; x_wconf 81' lang='grc' dir='ltr'><strong>ό</strong></span> <span class='ocrx_word' id='word_1_284' title='bbox 516 1209 543 1236; x_wconf 79' lang='grc' dir='ltr'>δὲ</span> <span class='ocrx_word' id='word_1_285' title='bbox 566 1209 644 1240; x_wconf 76' lang='grc' dir='ltr'>ἄλλος</span> <span class='ocrx_word' id='word_1_286' title='bbox 667 1209 727 1244; x_wconf 76' lang='grc' dir='ltr'><strong>οὐχὶ</strong></span> <span class='ocrx_word' id='word_1_287' title='bbox 750 1209 791 1236; x_wconf 81' lang='grc' dir='ltr'>ὅτι</span> <span class='ocrx_word' id='word_1_288' title='bbox 815 1209 894 1244; x_wconf 85' lang='grc' dir='ltr'>μόνον</span> 
     </span>
    </p>
   </div>
   <div class='ocr_carea' id='block_1_39' title="bbox 105 1253 895 1291">
    <p class='ocr_par' dir='ltr' id='par_1_39' title="bbox 105 1253 895 1291">
     <span class='ocr_line' id='line_1_39' title="bbox 105 1253 895 1291; baseline -0.003 -9"><span class='ocrx_word' id='word_1_289' title='bbox 105 1256 160 1282; x_wconf 71' lang='grc' dir='ltr'><strong>οὒκ</strong></span> <span class='ocrx_word' id='word_1_290' title='bbox 177 1256 367 1291; x_wconf 63' lang='grc' dir='ltr'>ἐϐλασφήμουν</span> <span class='ocrx_word' id='word_1_291' title='bbox 382 1255 407 1282; x_wconf 73' lang='lat' dir='ltr'><strong>ot</strong></span> <span class='ocrx_word' id='word_1_292' title='bbox 421 1255 581 1290; x_wconf 78' lang='grc' dir='ltr'>ἀμφότεροι,</span> <span class='ocrx_word' id='word_1_293' title='bbox 598 1254 665 1281; x_wconf 81' lang='grc' dir='ltr'>ἀλλὰ</span> <span class='ocrx_word' id='word_1_294' title='bbox 681 1254 728 1282; x_wconf 74' lang='grc' dir='ltr'><strong>καὶ</strong></span> <span class='ocrx_word' id='word_1_295' title='bbox 748 1253 895 1289; x_wconf 79' lang='grc' dir='ltr'>ἀπολογίαν</span> 
     </span>
    </p>
   </div>
   <div class='ocr_carea' id='block_1_40' title="bbox 105 1299 893 1337">
    <p class='ocr_par' dir='ltr' id='par_1_40' title="bbox 105 1299 893 1337">
     <span class='ocr_line' id='line_1_40' title="bbox 105 1299 893 1337; baseline 0 -9"><span class='ocrx_word' id='word_1_296' title='bbox 105 1301 155 1328; x_wconf 83' lang='grc' dir='ltr'>τοῦ</span> <span class='ocrx_word' id='word_1_297' title='bbox 171 1302 230 1334; x_wconf 78' lang='grc' dir='ltr'>ὲνὺς</span> <span class='ocrx_word' id='word_1_298' title='bbox 246 1301 382 1337; x_wconf 83' lang='grc' dir='ltr'>σημαίνει.</span> <span class='ocrx_word' id='word_1_299' title='bbox 398 1301 453 1328; x_wconf 81' lang='grc' dir='ltr'><strong>Καὶ</strong></span> <span class='ocrx_word' id='word_1_300' title='bbox 465 1301 520 1336; x_wconf 57' lang='grc' dir='ltr'><strong>γὰρ</strong></span> <span class='ocrx_word' id='word_1_301' title='bbox 539 1301 663 1336; x_wconf 77' lang='grc' dir='ltr'>ἐπετίμα</span> <span class='ocrx_word' id='word_1_302' title='bbox 675 1300 715 1333; x_wconf 84' lang='grc' dir='ltr'>τῷ</span> <span class='ocrx_word' id='word_1_303' title='bbox 728 1300 825 1335; x_wconf 78' lang='grc' dir='ltr'>ἑτέρῳ,</span> <span class='ocrx_word' id='word_1_304' title='bbox 843 1299 893 1328; x_wconf 74' lang='grc' dir='ltr'>καὶ</span> 
     </span>
    </p>
   </div>
   <div class='ocr_carea' id='block_1_41' title="bbox 106 1345 894 1382">
    <p class='ocr_par' dir='ltr' id='par_1_41' title="bbox 106 1345 894 1382">
     <span class='ocr_line' id='line_1_41' title="bbox 106 1345 894 1382; baseline -0.004 -7"><span class='ocrx_word' id='word_1_305' title='bbox 106 1348 224 1382; x_wconf 72' lang='grc' dir='ltr'>ἔλεγεν,</span> <span class='ocrx_word' id='word_1_306' title='bbox 248 1347 303 1378; x_wconf 85' lang='grc' dir='ltr'>ὅτι,</span> <span class='ocrx_word' id='word_1_307' title='bbox 331 1348 373 1374; x_wconf 82' lang='grc' dir='ltr'><strong>Οὐ</strong></span> <span class='ocrx_word' id='word_1_308' title='bbox 397 1346 474 1382; x_wconf 75' lang='grc' dir='ltr'>φοϐῇ</span> <span class='ocrx_word' id='word_1_309' title='bbox 495 1346 536 1373; x_wconf 77' lang='grc' dir='ltr'>σὺ</span> <span class='ocrx_word' id='word_1_310' title='bbox 560 1346 614 1373; x_wconf 82' lang='grc' dir='ltr'>τὸν</span> <span class='ocrx_word' id='word_1_311' title='bbox 638 1346 722 1378; x_wconf 85' lang='grc' dir='ltr'>Θεὸν,</span> <span class='ocrx_word' id='word_1_312' title='bbox 747 1345 791 1372; x_wconf 85' lang='grc' dir='ltr'><strong>ὅτι</strong></span> <span class='ocrx_word' id='word_1_313' title='bbox 804 1346 839 1372; x_wconf 78' lang='grc' dir='ltr'>ἐν</span> <span class='ocrx_word' id='word_1_314' title='bbox 853 1345 894 1379; x_wconf 81' lang='grc' dir='ltr'>τῷ</span> 
     </span>
    </p>
   </div>
   <div class='ocr_carea' id='block_1_42' title="bbox 105 1389 894 1426">
    <p class='ocr_par' dir='ltr' id='par_1_42' title="bbox 105 1389 894 1426">
     <span class='ocr_line' id='line_1_42' title="bbox 105 1389 894 1426; baseline -0.003 -7"><span class='ocrx_word' id='word_1_315' title='bbox 105 1391 189 1424; x_wconf 76' lang='grc' dir='ltr'>αὐτῷ</span> <span class='ocrx_word' id='word_1_316' title='bbox 212 1392 330 1426; x_wconf 80' lang='grc' dir='ltr'>κρίματι</span> <span class='ocrx_word' id='word_1_317' title='bbox 351 1391 461 1426; x_wconf 81' lang='grc' dir='ltr'>ἐσμεν·</span> <span class='ocrx_word' id='word_1_318' title='bbox 487 1389 577 1424; x_wconf 81' lang='grc' dir='ltr'>οὗτος</span> <span class='ocrx_word' id='word_1_319' title='bbox 600 1391 635 1418; x_wconf 76' lang='grc' dir='ltr'>δὲ</span> <span class='ocrx_word' id='word_1_320' title='bbox 657 1393 674 1418; x_wconf 88' lang='grc' dir='ltr'><em>ὁ</em></span> <span class='ocrx_word' id='word_1_321' title='bbox 697 1391 780 1425; x_wconf 76' lang='grc' dir='ltr'>ἅγιος</span> <span class='ocrx_word' id='word_1_322' title='bbox 804 1391 894 1418; x_wconf 78' lang='grc' dir='ltr'>οὐδὲν</span> 
     </span>
    </p>
   </div>
   <div class='ocr_carea' id='block_1_43' title="bbox 105 1435 892 1472">
    <p class='ocr_par' dir='ltr' id='par_1_43' title="bbox 105 1435 892 1472">
     <span class='ocr_line' id='line_1_43' title="bbox 105 1435 892 1472; baseline -0.001 -9"><span class='ocrx_word' id='word_1_323' title='bbox 105 1437 251 1470; x_wconf 67' lang='grc' dir='ltr'>ἐποίησε·</span> <span class='ocrx_word' id='word_1_324' title='bbox 272 1436 319 1463; x_wconf 66' lang='lat' dir='ltr'><strong>nat</strong></span> <span class='ocrx_word' id='word_1_325' title='bbox 337 1436 406 1472; x_wconf 88' lang='grc' dir='ltr'>πρὸς</span> <span class='ocrx_word' id='word_1_326' title='bbox 433 1436 480 1462; x_wconf 74' lang='grc' dir='ltr'><strong>ἐπὶ</strong></span> <span class='ocrx_word' id='word_1_327' title='bbox 498 1435 602 1467; x_wconf 84' lang='grc' dir='ltr'>τούτοις</span> <span class='ocrx_word' id='word_1_328' title='bbox 627 1435 761 1470; x_wconf 71' lang='grc' dir='ltr'>ἐπεφώνει</span> <span class='ocrx_word' id='word_1_329' title='bbox 789 1435 892 1470; x_wconf 73' lang='grc' dir='ltr'>λέγων’</span> 
     </span>
    </p>
   </div>
   <div class='ocr_carea' id='block_1_44' title="bbox 107 1480 894 1516">
    <p class='ocr_par' dir='ltr' id='par_1_44' title="bbox 107 1480 894 1516">
     <span class='ocr_line' id='line_1_44' title="bbox 107 1480 894 1516; baseline -0.004 -6"><span class='ocrx_word' id='word_1_330' title='bbox 107 1482 267 1516; x_wconf 83' lang='grc' dir='ltr'>Μνήσθητί</span> <span class='ocrx_word' id='word_1_331' title='bbox 277 1491 346 1516; x_wconf 86' lang='grc' dir='ltr'>μου,</span> <span class='ocrx_word' id='word_1_332' title='bbox 368 1481 481 1516; x_wconf 84' lang='grc' dir='ltr'>Ἰησοῦ,</span> <span class='ocrx_word' id='word_1_333' title='bbox 495 1481 569 1508; x_wconf 80' lang='grc' dir='ltr'>ὅταν</span> <span class='ocrx_word' id='word_1_334' title='bbox 583 1480 676 1515; x_wconf 77' lang='grc' dir='ltr'>ἔλθῃς</span> <span class='ocrx_word' id='word_1_335' title='bbox 697 1481 732 1507; x_wconf 78' lang='grc' dir='ltr'>ἐν</span> <span class='ocrx_word' id='word_1_336' title='bbox 748 1480 785 1514; x_wconf 81' lang='grc' dir='ltr'>τῇ</span> <span class='ocrx_word' id='word_1_337' title='bbox 807 1481 894 1513; x_wconf 73' lang='grc' dir='ltr'>,βασι-</span> 
     </span>
    </p>
   </div>
   <div class='ocr_carea' id='block_1_45' title="bbox 105 1525 928 1569">
    <p class='ocr_par' dir='ltr' id='par_1_45' title="bbox 105 1525 928 1569">
     <span class='ocr_line' id='line_1_45' title="bbox 105 1525 928 1569; baseline -0.001 -15"><span class='ocrx_word' id='word_1_338' title='bbox 105 1528 176 1560; x_wconf 61' lang='grc' dir='ltr'>λείᾳ</span> <span class='ocrx_word' id='word_1_339' title='bbox 199 1535 274 1554; x_wconf 83' lang='grc' dir='ltr'>σου·</span> <span class='ocrx_word' id='word_1_340' title='bbox 296 1527 346 1554; x_wconf 78' lang='grc' dir='ltr'><strong>καὶ</strong></span> <span class='ocrx_word' id='word_1_341' title='bbox 371 1527 424 1554; x_wconf 85' lang='grc' dir='ltr'>τοῦ</span> <span class='ocrx_word' id='word_1_342' title='bbox 445 1525 581 1561; x_wconf 75' lang='grc' dir='ltr'><strong>Σωτῆρος</strong></span> <span class='ocrx_word' id='word_1_343' title='bbox 594 1526 668 1560; x_wconf 81' lang='grc' dir='ltr'>πρὸς</span> <span class='ocrx_word' id='word_1_344' title='bbox 686 1527 780 1553; x_wconf 83' lang='grc' dir='ltr'>αὑτὸν</span> <span class='ocrx_word' id='word_1_345' title='bbox 797 1527 895 1553; x_wconf 76' lang='grc' dir='ltr'>εἰπόν·</span> <span class='ocrx_word' id='word_1_346' title='bbox 908 1542 928 1569; x_wconf 78' lang='lat' dir='ltr'>c</span> 
     </span>
    </p>
   </div>
   <div class='ocr_carea' id='block_1_46' title="bbox 107 1571 896 1608">
    <p class='ocr_par' dir='ltr' id='par_1_46' title="bbox 107 1571 896 1608">
     <span class='ocr_line' id='line_1_46' title="bbox 107 1571 896 1608; baseline 0 -9"><span class='ocrx_word' id='word_1_347' title='bbox 107 1582 169 1606; x_wconf 81' lang='grc' dir='ltr'>τος,</span> <span class='ocrx_word' id='word_1_348' title='bbox 184 1572 229 1599; x_wconf 82' lang='grc' dir='ltr'>ὅτι</span> <span class='ocrx_word' id='word_1_349' title='bbox 248 1572 337 1607; x_wconf 75' lang='grc' dir='ltr'>Ἀμὴν</span> <span class='ocrx_word' id='word_1_350' title='bbox 354 1571 432 1608; x_wconf 63' lang='grc' dir='ltr'><strong>λέγω</strong></span> <span class='ocrx_word' id='word_1_351' title='bbox 444 1580 504 1605; x_wconf 88' lang='grc' dir='ltr'>σοι,</span> <span class='ocrx_word' id='word_1_352' title='bbox 525 1572 659 1607; x_wconf 80' lang='grc' dir='ltr'>σήμερον</span> <span class='ocrx_word' id='word_1_353' title='bbox 669 1572 732 1607; x_wconf 78' lang='grc' dir='ltr'>μετ’</span> <span class='ocrx_word' id='word_1_354' title='bbox 754 1572 826 1607; x_wconf 85' lang='grc' dir='ltr'>ἐμοῦ</span> <span class='ocrx_word' id='word_1_355' title='bbox 838 1572 896 1607; x_wconf 81' lang='grc' dir='ltr'><strong>ἔσῃ</strong></span> 
     </span>
    </p>
   </div>
   <div class='ocr_carea' id='block_1_47' title="bbox 107 1615 897 1651">
    <p class='ocr_par' dir='ltr' id='par_1_47' title="bbox 107 1615 897 1651">
     <span class='ocr_line' id='line_1_47' title="bbox 107 1615 897 1651; baseline -0.003 -7"><span class='ocrx_word' id='word_1_356' title='bbox 107 1617 143 1644; x_wconf 76' lang='grc' dir='ltr'>ἐν</span> <span class='ocrx_word' id='word_1_357' title='bbox 162 1616 203 1649; x_wconf 83' lang='grc' dir='ltr'>τῷ</span> <span class='ocrx_word' id='word_1_358' title='bbox 222 1616 403 1651; x_wconf 78' lang='grc' dir='ltr'>παραδείσῳ.</span> <span class='ocrx_word' id='word_1_359' title='bbox 427 1616 520 1643; x_wconf 86' lang='grc' dir='ltr'>Ἐοικε</span> <span class='ocrx_word' id='word_1_360' title='bbox 538 1616 566 1642; x_wconf 85' lang='grc' dir='ltr'>δὲ</span> <span class='ocrx_word' id='word_1_361' title='bbox 588 1615 674 1642; x_wconf 79' lang='grc' dir='ltr'>ταῦτα</span> <span class='ocrx_word' id='word_1_362' title='bbox 695 1616 733 1647; x_wconf 87' lang='grc' dir='ltr'>ὡς</span> <span class='ocrx_word' id='word_1_363' title='bbox 750 1615 897 1650; x_wconf 79' lang='grc' dir='ltr'>διαφωνίαν</span> 
     </span>
    </p>
   </div>
   <div class='ocr_carea' id='block_1_48' title="bbox 108 1661 895 1697">
    <p class='ocr_par' dir='ltr' id='par_1_48' title="bbox 108 1661 895 1697">
     <span class='ocr_line' id='line_1_48' title="bbox 108 1661 895 1697; baseline 0 -9"><span class='ocrx_word' id='word_1_364' title='bbox 108 1662 205 1697; x_wconf 76' lang='grc' dir='ltr'>ἔχοντα</span> <span class='ocrx_word' id='word_1_365' title='bbox 227 1663 256 1688; x_wconf 82' lang='grc' dir='ltr'>ὲν</span> <span class='ocrx_word' id='word_1_366' title='bbox 281 1663 314 1697; x_wconf 87' lang='grc' dir='ltr'><strong>τῇ</strong></span> <span class='ocrx_word' id='word_1_367' title='bbox 335 1662 442 1697; x_wconf 80' lang='grc' dir='ltr'>Γραφῇ.</span> <span class='ocrx_word' id='word_1_368' title='bbox 476 1661 556 1688; x_wconf 83' lang='grc' dir='ltr'>Ἀλλὰ</span> <span class='ocrx_word' id='word_1_369' title='bbox 572 1662 660 1689; x_wconf 83' lang='grc' dir='ltr'>πάντα</span> <span class='ocrx_word' id='word_1_370' title='bbox 682 1661 743 1688; x_wconf 86' lang='grc' dir='ltr'>λεῖα</span> <span class='ocrx_word' id='word_1_371' title='bbox 769 1662 895 1697; x_wconf 79' lang='grc' dir='ltr'><strong>ὑπάρχει.</strong></span> 
     </span>
    </p>
   </div>
   <div class='ocr_carea' id='block_1_49' title="bbox 109 1707 896 1744">
    <p class='ocr_par' dir='ltr' id='par_1_49' title="bbox 109 1707 896 1744">
     <span class='ocr_line' id='line_1_49' title="bbox 109 1707 896 1744; baseline -0.004 -8"><span class='ocrx_word' id='word_1_372' title='bbox 109 1708 168 1736; x_wconf 72' lang='grc' dir='ltr'>Κᾶν</span> <span class='ocrx_word' id='word_1_373' title='bbox 183 1717 213 1735; x_wconf 81' lang='grc' dir='ltr'><strong>τε</strong></span> <span class='ocrx_word' id='word_1_374' title='bbox 225 1708 279 1744; x_wconf 81' lang='grc' dir='ltr'><strong>γὰρ</strong></span> <span class='ocrx_word' id='word_1_375' title='bbox 295 1709 325 1735; x_wconf 78' lang='grc' dir='ltr'>ἐν</span> <span class='ocrx_word' id='word_1_376' title='bbox 341 1708 379 1743; x_wconf 84' lang='grc' dir='ltr'>τῷ</span> <span class='ocrx_word' id='word_1_377' title='bbox 393 1707 524 1743; x_wconf 73' lang='grc' dir='ltr'>Ματθαίῳ</span> <span class='ocrx_word' id='word_1_378' title='bbox 539 1707 586 1735; x_wconf 83' lang='grc' dir='ltr'><strong>δύο</strong></span> <span class='ocrx_word' id='word_1_379' title='bbox 606 1708 658 1734; x_wconf 69' lang='lat' dir='ltr'><strong>stat</strong></span> <span class='ocrx_word' id='word_1_380' title='bbox 672 1707 896 1742; x_wconf 79' lang='grc' dir='ltr'>δαιμονιζόμενοι,</span> 
     </span>
    </p>
   </div>
   <div class='ocr_carea' id='block_1_50' title="bbox 108 1752 896 1791">
    <p class='ocr_par' dir='ltr' id='par_1_50' title="bbox 108 1752 896 1791">
     <span class='ocr_line' id='line_1_50' title="bbox 108 1752 896 1791; baseline -0.004 -10"><span class='ocrx_word' id='word_1_381' title='bbox 108 1755 185 1791; x_wconf 75' lang='grc' dir='ltr'>παρὰ</span> <span class='ocrx_word' id='word_1_382' title='bbox 203 1754 242 1790; x_wconf 86' lang='grc' dir='ltr'>τῷ</span> <span class='ocrx_word' id='word_1_383' title='bbox 257 1755 348 1790; x_wconf 79' lang='grc' dir='ltr'>Λουκᾷ</span> <span class='ocrx_word' id='word_1_384' title='bbox 371 1754 396 1781; x_wconf 78' lang='grc' dir='ltr'>οἱ</span> <span class='ocrx_word' id='word_1_385' title='bbox 418 1754 493 1781; x_wconf 71' lang='grc' dir='ltr'>αὐτοὶ</span> <span class='ocrx_word' id='word_1_386' title='bbox 516 1753 691 1789; x_wconf 84' lang='grc' dir='ltr'>ὑπάρχουσιν.</span> <span class='ocrx_word' id='word_1_387' title='bbox 719 1752 788 1779; x_wconf 70' lang='grc' dir='ltr'>Ἀλλ’</span> <span class='ocrx_word' id='word_1_388' title='bbox 804 1752 896 1788; x_wconf 82' lang='grc' dir='ltr'>ἐπειδὴ</span> 
     </span>
    </p>
   </div>
   <div class='ocr_carea' id='block_1_51' title="bbox 108 1798 896 1836">
    <p class='ocr_par' dir='ltr' id='par_1_51' title="bbox 108 1798 896 1836">
     <span class='ocr_line' id='line_1_51' title="bbox 108 1798 896 1836; baseline -0.005 -8"><span class='ocrx_word' id='word_1_389' title='bbox 108 1801 205 1828; x_wconf 72' lang='grc' dir='ltr'>εἴωθεν</span> <span class='ocrx_word' id='word_1_390' title='bbox 227 1801 245 1835; x_wconf 86' lang='grc' dir='ltr'>ἡ</span> <span class='ocrx_word' id='word_1_391' title='bbox 265 1800 359 1836; x_wconf 84' lang='grc' dir='ltr'>Γραφὴ</span> <span class='ocrx_word' id='word_1_392' title='bbox 383 1800 534 1835; x_wconf 75' lang='grc' dir='ltr'>προφάσεις</span> <span class='ocrx_word' id='word_1_393' title='bbox 549 1799 649 1826; x_wconf 88' lang='grc' dir='ltr'>διδόναι</span> <span class='ocrx_word' id='word_1_394' title='bbox 672 1799 727 1825; x_wconf 88' lang='grc' dir='ltr'>τῶν</span> <span class='ocrx_word' id='word_1_395' title='bbox 746 1798 896 1834; x_wconf 81' lang='grc' dir='ltr'>είργασμὲ-</span> 
     </span>
    </p>
   </div>
   <div class='ocr_carea' id='block_1_52' title="bbox 108 1844 894 1881">
    <p class='ocr_par' dir='ltr' id='par_1_52' title="bbox 108 1844 894 1881">
     <span class='ocr_line' id='line_1_52' title="bbox 108 1844 894 1881; baseline -0.004 -8"><span class='ocrx_word' id='word_1_396' title='bbox 108 1856 174 1880; x_wconf 80' lang='grc' dir='ltr'>νων,</span> <span class='ocrx_word' id='word_1_397' title='bbox 193 1846 289 1873; x_wconf 83' lang='grc' dir='ltr'>τούτου</span> <span class='ocrx_word' id='word_1_398' title='bbox 304 1846 385 1873; x_wconf 76' lang='grc' dir='ltr'>ἕνεκα</span> <span class='ocrx_word' id='word_1_399' title='bbox 402 1846 432 1872; x_wconf 87' lang='grc' dir='ltr'>οὐ</span> <span class='ocrx_word' id='word_1_400' title='bbox 459 1845 622 1881; x_wconf 86' lang='grc' dir='ltr'>μνημονεύει</span> <span class='ocrx_word' id='word_1_401' title='bbox 635 1845 743 1877; x_wconf 82' lang='grc' dir='ltr'>Λουκᾶς</span> <span class='ocrx_word' id='word_1_402' title='bbox 761 1844 815 1871; x_wconf 87' lang='grc' dir='ltr'><strong>τῶν</strong></span> <span class='ocrx_word' id='word_1_403' title='bbox 838 1844 894 1877; x_wconf 84' lang='grc' dir='ltr'>δύο,</span> 
     </span>
    </p>
   </div>
   <div class='ocr_carea' id='block_1_53' title="bbox 108 1889 897 1926">
    <p class='ocr_par' dir='ltr' id='par_1_53' title="bbox 108 1889 897 1926">
     <span class='ocr_line' id='line_1_53' title="bbox 108 1889 897 1926; baseline -0.004 -7"><span class='ocrx_word' id='word_1_404' title='bbox 108 1893 178 1920; x_wconf 77' lang='grc' dir='ltr'>ἀλλὰ</span> <span class='ocrx_word' id='word_1_405' title='bbox 193 1892 241 1919; x_wconf 81' lang='grc' dir='ltr'><strong>τοῦ</strong></span> <span class='ocrx_word' id='word_1_406' title='bbox 256 1892 325 1923; x_wconf 80' lang='grc' dir='ltr'>ἑνός.</span> <span class='ocrx_word' id='word_1_407' title='bbox 338 1891 390 1918; x_wconf 88' lang='grc' dir='ltr'><strong>Δύο</strong></span> <span class='ocrx_word' id='word_1_408' title='bbox 406 1891 455 1926; x_wconf 83' lang='grc' dir='ltr'>μὲν</span> <span class='ocrx_word' id='word_1_409' title='bbox 470 1891 524 1926; x_wconf 84' lang='grc' dir='ltr'><strong>γὰρ</strong></span> <span class='ocrx_word' id='word_1_410' title='bbox 542 1889 612 1926; x_wconf 83' lang='grc' dir='ltr'>ἦσαν</span> <span class='ocrx_word' id='word_1_411' title='bbox 627 1891 652 1917; x_wconf 84' lang='grc' dir='ltr'>οι</span> <span class='ocrx_word' id='word_1_412' title='bbox 664 1890 718 1917; x_wconf 86' lang='grc' dir='ltr'><strong>ἀπὸ</strong></span> <span class='ocrx_word' id='word_1_413' title='bbox 731 1889 785 1916; x_wconf 86' lang='grc' dir='ltr'><strong>τῶν</strong></span> <span class='ocrx_word' id='word_1_414' title='bbox 803 1890 897 1925; x_wconf 80' lang='grc' dir='ltr'>δαιμοο</span> 
     </span>
    </p>
   </div>
   <div class='ocr_carea' id='block_1_54' title="bbox 108 1934 894 1974">
    <p class='ocr_par' dir='ltr' id='par_1_54' title="bbox 108 1934 894 1974">
     <span class='ocr_line' id='line_1_54' title="bbox 108 1934 894 1974; baseline -0.005 -9"><span class='ocrx_word' id='word_1_415' title='bbox 108 1939 174 1966; x_wconf 83' lang='grc' dir='ltr'>νίων</span> <span class='ocrx_word' id='word_1_416' title='bbox 196 1937 441 1974; x_wconf 81' lang='grc' dir='ltr'>τεθεραπευμένοι·</span> <span class='ocrx_word' id='word_1_417' title='bbox 467 1934 507 1969; x_wconf 74' lang='grc' dir='ltr'><strong>εἷς</strong></span> <span class='ocrx_word' id='word_1_418' title='bbox 529 1937 558 1964; x_wconf 85' lang='grc' dir='ltr'>δὲ</span> <span class='ocrx_word' id='word_1_419' title='bbox 575 1937 724 1973; x_wconf 81' lang='grc' dir='ltr'>παρέμεινε</span> <span class='ocrx_word' id='word_1_420' title='bbox 742 1937 776 1972; x_wconf 80' lang='grc' dir='ltr'>τῇ</span> <span class='ocrx_word' id='word_1_421' title='bbox 795 1936 894 1970; x_wconf 82' lang='grc' dir='ltr'>πίστει,</span> 
     </span>
    </p>
   </div>
   <div class='ocr_carea' id='block_1_55' title="bbox 108 1982 897 2020">
    <p class='ocr_par' dir='ltr' id='par_1_55' title="bbox 108 1982 897 2020">
     <span class='ocr_line' id='line_1_55' title="bbox 108 1982 897 2020; baseline -0.005 -8"><span class='ocrx_word' id='word_1_422' title='bbox 108 1987 123 2013; x_wconf 87' lang='grc' dir='ltr'><strong>ό</strong></span> <span class='ocrx_word' id='word_1_423' title='bbox 136 1985 165 2012; x_wconf 87' lang='grc' dir='ltr'>δὲ</span> <span class='ocrx_word' id='word_1_424' title='bbox 179 1986 272 2020; x_wconf 74' lang='grc' dir='ltr'>ἕτερος</span> <span class='ocrx_word' id='word_1_425' title='bbox 289 1983 426 2017; x_wconf 82' lang='grc' dir='ltr'>ἐξώκειλε.</span> <span class='ocrx_word' id='word_1_426' title='bbox 442 1983 492 2010; x_wconf 88' lang='grc' dir='ltr'>Διὰ</span> <span class='ocrx_word' id='word_1_427' title='bbox 506 1983 595 2010; x_wconf 82' lang='grc' dir='ltr'>τοίνυν</span> <span class='ocrx_word' id='word_1_428' title='bbox 609 1983 659 2019; x_wconf 78' lang='grc' dir='ltr'><strong>τήν</strong></span> <span class='ocrx_word' id='word_1_429' title='bbox 673 1982 834 2018; x_wconf 85' lang='grc' dir='ltr'>παραμονὴν</span> <span class='ocrx_word' id='word_1_430' title='bbox 847 1982 897 2017; x_wconf 89' lang='grc' dir='ltr'>τῆς</span> 
     </span>
    </p>
   </div>
   <div class='ocr_carea' id='block_1_56' title="bbox 109 2028 896 2065">
    <p class='ocr_par' dir='ltr' id='par_1_56' title="bbox 109 2028 896 2065">
     <span class='ocr_line' id='line_1_56' title="bbox 109 2028 896 2065; baseline -0.005 -8"><span class='ocrx_word' id='word_1_431' title='bbox 109 2031 228 2062; x_wconf 80' lang='grc' dir='ltr'>πίστεως</span> <span class='ocrx_word' id='word_1_432' title='bbox 249 2029 389 2065; x_wconf 73' lang='grc' dir='ltr'>ἠκολούθει</span> <span class='ocrx_word' id='word_1_433' title='bbox 414 2029 455 2065; x_wconf 84' lang='grc' dir='ltr'>τῷ</span> <span class='ocrx_word' id='word_1_434' title='bbox 488 2029 586 2064; x_wconf 76' lang='grc' dir='ltr'>Ἰησοῦ,</span> <span class='ocrx_word' id='word_1_435' title='bbox 604 2028 642 2060; x_wconf 87' lang='grc' dir='ltr'>ὼς</span> <span class='ocrx_word' id='word_1_436' title='bbox 671 2028 727 2063; x_wconf 84' lang='grc' dir='ltr'>ἔχει</span> <span class='ocrx_word' id='word_1_437' title='bbox 749 2028 780 2054; x_wconf 81' lang='grc' dir='ltr'>τὸ</span> <span class='ocrx_word' id='word_1_438' title='bbox 805 2028 896 2061; x_wconf 78' lang='grc' dir='ltr'>Εὐαγ-</span> 
     </span>
    </p>
   </div>
   <div class='ocr_carea' id='block_1_57' title="bbox 108 2072 896 2110">
    <p class='ocr_par' dir='ltr' id='par_1_57' title="bbox 108 2072 896 2110">
     <span class='ocr_line' id='line_1_57' title="bbox 108 2072 896 2110; baseline -0.004 -8"><span class='ocrx_word' id='word_1_439' title='bbox 108 2076 212 2110; x_wconf 84' lang='grc' dir='ltr'>γὲλιον,</span> <span class='ocrx_word' id='word_1_440' title='bbox 233 2077 273 2107; x_wconf 86' lang='grc' dir='ltr'><strong>είς</strong></span> <span class='ocrx_word' id='word_1_441' title='bbox 296 2072 351 2103; x_wconf 74' lang='grc' dir='ltr'>οἷον</span> <span class='ocrx_word' id='word_1_442' title='bbox 374 2075 514 2110; x_wconf 82' lang='grc' dir='ltr'>ἀπήρχετο</span> <span class='ocrx_word' id='word_1_443' title='bbox 527 2075 618 2101; x_wconf 81' lang='grc' dir='ltr'>τόπον.</span> <span class='ocrx_word' id='word_1_444' title='bbox 641 2073 741 2100; x_wconf 87' lang='grc' dir='ltr'>Τούτου</span> <span class='ocrx_word' id='word_1_445' title='bbox 758 2073 837 2100; x_wconf 76' lang='grc' dir='ltr'>ἕνεκα</span> <span class='ocrx_word' id='word_1_446' title='bbox 850 2073 896 2100; x_wconf 82' lang='grc' dir='ltr'><strong>τὸν</strong></span> 
     </span>
    </p>
   </div>
   <div class='ocr_carea' id='block_1_58' title="bbox 108 2119 897 2157">
    <p class='ocr_par' dir='ltr' id='par_1_58' title="bbox 108 2119 897 2157">
     <span class='ocr_line' id='line_1_58' title="bbox 108 2119 897 2157; baseline -0.004 -9"><span class='ocrx_word' id='word_1_447' title='bbox 108 2121 158 2148; x_wconf 69' lang='grc' dir='ltr'>ἕνα</span> <span class='ocrx_word' id='word_1_448' title='bbox 174 2120 319 2157; x_wconf 78' lang='grc' dir='ltr'>παρέλιπε,</span> <span class='ocrx_word' id='word_1_449' title='bbox 337 2121 384 2148; x_wconf 75' lang='grc' dir='ltr'>καὶ</span> <span class='ocrx_word' id='word_1_450' title='bbox 398 2121 446 2147; x_wconf 86' lang='grc' dir='ltr'>τοῦ</span> <span class='ocrx_word' id='word_1_451' title='bbox 467 2121 526 2152; x_wconf 74' lang='grc' dir='ltr'>ἐνὸς</span> <span class='ocrx_word' id='word_1_452' title='bbox 543 2120 590 2147; x_wconf 82' lang='grc' dir='ltr'>τοῦ</span> <span class='ocrx_word' id='word_1_453' title='bbox 604 2121 633 2146; x_wconf 86' lang='grc' dir='ltr'>ὲν</span> <span class='ocrx_word' id='word_1_454' title='bbox 649 2119 772 2155; x_wconf 80' lang='grc' dir='ltr'>βασιλείᾳ</span> <span class='ocrx_word' id='word_1_455' title='bbox 786 2119 840 2146; x_wconf 87' lang='grc' dir='ltr'>τῶν</span> <span class='ocrx_word' id='word_1_456' title='bbox 855 2119 897 2145; x_wconf 90' lang='grc' dir='ltr'><strong>οὺ-</strong></span> 
     </span>
    </p>
   </div>
   <div class='ocr_carea' id='block_1_59' title="bbox 111 2164 895 2202">
    <p class='ocr_par' dir='ltr' id='par_1_59' title="bbox 111 2164 895 2202">
     <span class='ocr_line' id='line_1_59' title="bbox 111 2164 895 2202; baseline -0.004 -9"><span class='ocrx_word' id='word_1_457' title='bbox 111 2166 201 2202; x_wconf 84' lang='grc' dir='ltr'>ρανῶν</span> <span class='ocrx_word' id='word_1_458' title='bbox 218 2166 376 2202; x_wconf 74' lang='grc' dir='ltr'>ἐπεμνήσθη</span> <span class='ocrx_word' id='word_1_459' title='bbox 387 2174 394 2181; x_wconf 80' lang='lat'>&#39;</span> <span class='ocrx_word' id='word_1_460' title='bbox 410 2167 457 2193; x_wconf 77' lang='grc' dir='ltr'>καὶ</span> <span class='ocrx_word' id='word_1_461' title='bbox 480 2166 556 2194; x_wconf 77' lang='grc' dir='ltr'>οὐδὲν</span> <span class='ocrx_word' id='word_1_462' title='bbox 576 2165 743 2193; x_wconf 78' lang='grc' dir='ltr'>ἐναντιοῦται</span> <span class='ocrx_word' id='word_1_463' title='bbox 763 2164 831 2200; x_wconf 85' lang='grc' dir='ltr'>πρὸς</span> <span class='ocrx_word' id='word_1_464' title='bbox 844 2164 895 2200; x_wconf 81' lang='grc' dir='ltr'>τὴν</span> 
     </span>
    </p>
   </div>
   <div class='ocr_carea' id='block_1_60' title="bbox 108 2211 432 2247">
    <p class='ocr_par' dir='ltr' id='par_1_60' title="bbox 108 2211 432 2247">
     <span class='ocr_line' id='line_1_60' title="bbox 108 2211 432 2247; baseline 0.003 -9"><span class='ocrx_word' id='word_1_465' title='bbox 108 2211 160 2247; x_wconf 81' lang='grc' dir='ltr'>τῆς</span> <span class='ocrx_word' id='word_1_466' title='bbox 172 2211 300 2247; x_wconf 83' lang='grc' dir='ltr'>ἀληθείας</span> <span class='ocrx_word' id='word_1_467' title='bbox 314 2211 432 2247; x_wconf 81' lang='grc' dir='ltr'>εὕρεσιν.</span> 
     </span>
    </p>
   </div>
   <div class='ocr_carea' id='block_1_61' title="bbox 144 2344 895 2381">
    <p class='ocr_par' dir='ltr' id='par_1_61' title="bbox 144 2344 895 2381">
     <span class='ocr_line' id='line_1_61' title="bbox 144 2344 895 2381; baseline -0.004 -7"><span class='ocrx_word' id='word_1_468' title='bbox 144 2347 213 2374; x_wconf 81' lang='lat' dir='ltr'><strong>MA’.</strong></span> <span class='ocrx_word' id='word_1_469' title='bbox 236 2345 305 2380; x_wconf 83' lang='grc' dir='ltr'>Ἤδη</span> <span class='ocrx_word' id='word_1_470' title='bbox 318 2346 347 2372; x_wconf 86' lang='grc' dir='ltr'>δὲ</span> <span class='ocrx_word' id='word_1_471' title='bbox 361 2346 407 2373; x_wconf 79' lang='grc' dir='ltr'>καὶ</span> <span class='ocrx_word' id='word_1_472' title='bbox 423 2345 518 2381; x_wconf 79' lang='grc' dir='ltr'>ἑτέραν</span> <span class='ocrx_word' id='word_1_473' title='bbox 530 2344 664 2380; x_wconf 83' lang='grc' dir='ltr'>πρόφασιν</span> <span class='ocrx_word' id='word_1_474' title='bbox 680 2344 776 2380; x_wconf 80' lang='grc' dir='ltr'>ὁμοίαν</span> <span class='ocrx_word' id='word_1_475' title='bbox 793 2344 895 2381; x_wconf 83' lang='grc' dir='ltr'>ταύτης</span> 
     </span>
    </p>
   </div>
   <div class='ocr_carea' id='block_1_62' title="bbox 108 2390 894 2428">
    <p class='ocr_par' dir='ltr' id='par_1_62' title="bbox 108 2390 894 2428">
     <span class='ocr_line' id='line_1_62' title="bbox 108 2390 894 2428; baseline -0.003 -9"><span class='ocrx_word' id='word_1_476' title='bbox 108 2394 159 2428; x_wconf 86' lang='grc' dir='ltr'>τῆς</span> <span class='ocrx_word' id='word_1_477' title='bbox 183 2392 337 2424; x_wconf 80' lang='grc' dir='ltr'>ὑποθέσεως</span> <span class='ocrx_word' id='word_1_478' title='bbox 363 2392 393 2418; x_wconf 80' lang='grc' dir='ltr'>τὸ</span> <span class='ocrx_word' id='word_1_479' title='bbox 418 2392 582 2426; x_wconf 72' lang='grc' dir='ltr'>Εὑαγγέλιον</span> <span class='ocrx_word' id='word_1_480' title='bbox 608 2390 757 2426; x_wconf 77' lang='grc' dir='ltr'>διηγεῖται,</span> <span class='ocrx_word' id='word_1_481' title='bbox 779 2390 817 2422; x_wconf 75' lang='grc' dir='ltr'>ὡς</span> <span class='ocrx_word' id='word_1_482' title='bbox 842 2390 894 2417; x_wconf 72' lang='grc' dir='ltr'>ὑπὸ</span> 
     </span>
    </p>
   </div>
   <div class='ocr_carea' id='block_1_63' title="bbox 107 2435 895 2473">
    <p class='ocr_par' dir='ltr' id='par_1_63' title="bbox 107 2435 895 2473">
     <span class='ocr_line' id='line_1_63' title="bbox 107 2435 895 2473; baseline -0.003 -9"><span class='ocrx_word' id='word_1_483' title='bbox 107 2437 179 2469; x_wconf 73' lang='grc' dir='ltr'>ἑνός.</span> <span class='ocrx_word' id='word_1_484' title='bbox 211 2438 240 2464; x_wconf 89' lang='lat'><strong>&#39;0</strong></span> <span class='ocrx_word' id='word_1_485' title='bbox 262 2437 364 2473; x_wconf 84' lang='grc' dir='ltr'>Κύριος</span> <span class='ocrx_word' id='word_1_486' title='bbox 382 2437 447 2463; x_wconf 83' lang='grc' dir='ltr'>δέκα</span> <span class='ocrx_word' id='word_1_487' title='bbox 467 2435 583 2471; x_wconf 81' lang='grc' dir='ltr'>λεπροὺς</span> <span class='ocrx_word' id='word_1_488' title='bbox 607 2435 765 2471; x_wconf 83' lang='grc' dir='ltr'>ὲκαθάρισε.</span> <span class='ocrx_word' id='word_1_489' title='bbox 792 2436 848 2462; x_wconf 71' lang='grc' dir='ltr'><strong>Καὶ</strong></span> <span class='ocrx_word' id='word_1_490' title='bbox 870 2435 895 2462; x_wconf 75' lang='grc' dir='ltr'>οἱ</span> 
     </span>
    </p>
   </div>
   <div class='ocr_carea' id='block_1_64' title="bbox 108 2480 894 2516">
    <p class='ocr_par' dir='ltr' id='par_1_64' title="bbox 108 2480 894 2516">
     <span class='ocr_line' id='line_1_64' title="bbox 108 2480 894 2516; baseline -0.004 -6"><span class='ocrx_word' id='word_1_491' title='bbox 108 2483 188 2510; x_wconf 78' lang='grc' dir='ltr'>ὲννέα</span> <span class='ocrx_word' id='word_1_492' title='bbox 214 2482 377 2514; x_wconf 84' lang='grc' dir='ltr'>ἀπελθόντες</span> <span class='ocrx_word' id='word_1_493' title='bbox 400 2482 449 2509; x_wconf 83' lang='grc' dir='ltr'>οὐκ</span> <span class='ocrx_word' id='word_1_494' title='bbox 469 2482 573 2509; x_wconf 76' lang='grc' dir='ltr'>ἔδωκαν</span> <span class='ocrx_word' id='word_1_495' title='bbox 589 2481 667 2513; x_wconf 79' lang='grc' dir='ltr'>δόξαν</span> <span class='ocrx_word' id='word_1_496' title='bbox 687 2480 725 2516; x_wconf 84' lang='grc' dir='ltr'>τῷ</span> <span class='ocrx_word' id='word_1_497' title='bbox 740 2480 818 2516; x_wconf 69' lang='grc' dir='ltr'>Θεῷ*</span> <span class='ocrx_word' id='word_1_498' title='bbox 838 2482 852 2507; x_wconf 80' lang='grc' dir='ltr'><strong>ὁ</strong></span> <span class='ocrx_word' id='word_1_499' title='bbox 867 2481 894 2507; x_wconf 79' lang='grc' dir='ltr'>δὲ</span> 
     </span>
    </p>
   </div>
   <div class='ocr_carea' id='block_1_65' title="bbox 107 2526 896 2564">
    <p class='ocr_par' dir='ltr' id='par_1_65' title="bbox 107 2526 896 2564">
     <span class='ocr_line' id='line_1_65' title="bbox 107 2526 896 2564; baseline -0.003 -10"><span class='ocrx_word' id='word_1_500' title='bbox 107 2526 151 2561; x_wconf 74' lang='grc' dir='ltr'>εἷς</span> <span class='ocrx_word' id='word_1_501' title='bbox 178 2528 351 2564; x_wconf 80' lang='grc' dir='ltr'>ὑποστρέψας</span> <span class='ocrx_word' id='word_1_502' title='bbox 374 2527 491 2563; x_wconf 72' lang='grc' dir='ltr'>ἔμεινεν,</span> <span class='ocrx_word' id='word_1_503' title='bbox 507 2528 522 2554; x_wconf 83' lang='grc' dir='ltr'><strong>ό</strong></span> <span class='ocrx_word' id='word_1_504' title='bbox 539 2527 586 2553; x_wconf 81' lang='grc' dir='ltr'>καὶ</span> <span class='ocrx_word' id='word_1_505' title='bbox 604 2527 656 2553; x_wconf 84' lang='grc' dir='ltr'><strong>ὑπὸ</strong></span> <span class='ocrx_word' id='word_1_506' title='bbox 681 2527 784 2562; x_wconf 83' lang='grc' dir='ltr'>Κυρίου</span> <span class='ocrx_word' id='word_1_507' title='bbox 809 2527 896 2560; x_wconf 77' lang='grc' dir='ltr'>ὲγκω-</span> 
     </span>
    </p>
   </div>
   <div class='ocr_carea' id='block_1_66' title="bbox 109 2572 896 2610">
    <p class='ocr_par' dir='ltr' id='par_1_66' title="bbox 109 2572 896 2610">
     <span class='ocr_line' id='line_1_66' title="bbox 109 2572 896 2610; baseline -0.004 -9"><span class='ocrx_word' id='word_1_508' title='bbox 109 2574 285 2610; x_wconf 79' lang='grc' dir='ltr'>μιαζόμενος,</span> <span class='ocrx_word' id='word_1_509' title='bbox 305 2574 371 2600; x_wconf 78' lang='grc' dir='ltr'>καθὸ</span> <span class='ocrx_word' id='word_1_510' title='bbox 393 2573 461 2608; x_wconf 79' lang='grc' dir='ltr'>ἔφη·</span> <span class='ocrx_word' id='word_1_511' title='bbox 483 2572 559 2600; x_wconf 80' lang='grc' dir='ltr'>Δέκα</span> <span class='ocrx_word' id='word_1_512' title='bbox 578 2572 682 2607; x_wconf 76' lang='grc' dir='ltr'>λεπροὶ</span> <span class='ocrx_word' id='word_1_513' title='bbox 701 2572 896 2606; x_wconf 79' lang='grc' dir='ltr'>ἐκαθαρίσθη-</span> 
     </span>
    </p>
   </div>
   <div class='ocr_carea' id='block_1_67' title="bbox 108 2617 897 2653">
    <p class='ocr_par' dir='ltr' id='par_1_67' title="bbox 108 2617 897 2653">
     <span class='ocr_line' id='line_1_67' title="bbox 108 2617 897 2653; baseline -0.006 -4"><span class='ocrx_word' id='word_1_514' title='bbox 108 2629 185 2649; x_wconf 84' lang='grc' dir='ltr'>σαν·</span> <span class='ocrx_word' id='word_1_515' title='bbox 200 2619 249 2648; x_wconf 82' lang='grc' dir='ltr'>διὰ</span> <span class='ocrx_word' id='word_1_516' title='bbox 264 2620 293 2647; x_wconf 80' lang='grc' dir='ltr'><strong>τί</strong></span> <span class='ocrx_word' id='word_1_517' title='bbox 306 2619 377 2647; x_wconf 78' lang='grc' dir='ltr'>οὐδὲ</span> <span class='ocrx_word' id='word_1_518' title='bbox 389 2617 433 2652; x_wconf 79' lang='grc' dir='ltr'>εἷς</span> <span class='ocrx_word' id='word_1_519' title='bbox 448 2619 482 2651; x_wconf 74' lang='grc' dir='ltr'><strong>ἐξ</strong></span> <span class='ocrx_word' id='word_1_520' title='bbox 497 2619 596 2646; x_wconf 84' lang='grc' dir='ltr'>αὐτῶν</span> <span class='ocrx_word' id='word_1_521' title='bbox 608 2618 779 2653; x_wconf 69' lang='grc' dir='ltr'>ὑπέστρεψε</span> <span class='ocrx_word' id='word_1_522' title='bbox 791 2617 897 2645; x_wconf 85' lang='grc' dir='ltr'>δοῦναι</span> 
     </span>
    </p>
   </div>
   <div class='ocr_carea' id='block_1_68' title="bbox 146 2707 1218 2740">
    <p class='ocr_par' dir='ltr' id='par_1_68' title="bbox 146 2707 1218 2740">
     <span class='ocr_line' id='line_1_68' title="bbox 146 2707 1218 2740; baseline -0.002 -4"><span class='ocrx_word' id='word_1_523' title='bbox 146 2710 154 2726; x_wconf 87' lang='grc'><strong>¹</strong></span> <span class='ocrx_word' id='word_1_524' title='bbox 169 2708 236 2736; x_wconf 88' lang='lat' dir='ltr'><strong>Luc.</strong></span> <span class='ocrx_word' id='word_1_525' title='bbox 250 2717 317 2739; x_wconf 85' lang='lat' dir='ltr'><strong>xxu.</strong></span> <span class='ocrx_word' id='word_1_526' title='bbox 334 2709 378 2737; x_wconf 76' lang='grc'><strong>58.</strong></span> <span class='ocrx_word' id='word_1_527' title='bbox 415 2710 426 2726; x_wconf 78' lang='lat'><strong>’</strong></span> <span class='ocrx_word' id='word_1_528' title='bbox 440 2709 449 2736; x_wconf 97' lang='lat' dir='ltr'><strong>l</strong></span> <span class='ocrx_word' id='word_1_529' title='bbox 464 2708 527 2736; x_wconf 89' lang='lat' dir='ltr'><strong>Cor.</strong></span> <span class='ocrx_word' id='word_1_530' title='bbox 544 2716 575 2739; x_wconf 86' lang='lat' dir='ltr'><strong>ll,</strong></span> <span class='ocrx_word' id='word_1_531' title='bbox 595 2707 621 2735; x_wconf 90' lang='lat'><strong>9.</strong></span> <span class='ocrx_word' id='word_1_532' title='bbox 660 2708 670 2723; x_wconf 87' lang='grc'><strong><em>³</em></strong></span> <span class='ocrx_word' id='word_1_533' title='bbox 685 2707 780 2733; x_wconf 84' lang='lat' dir='ltr'><strong>Matth.</strong></span> <span class='ocrx_word' id='word_1_534' title='bbox 796 2715 858 2737; x_wconf 83' lang='lat' dir='ltr'><strong>xxv.</strong></span> <span class='ocrx_word' id='word_1_535' title='bbox 878 2709 923 2736; x_wconf 68' lang='lat' dir='ltr'><strong>t6.</strong></span> <span class='ocrx_word' id='word_1_536' title='bbox 960 2708 971 2723; x_wconf 78' lang='grc'><strong>⁸</strong></span> <span class='ocrx_word' id='word_1_537' title='bbox 989 2707 1083 2735; x_wconf 68' lang='lat' dir='ltr'><strong>Matth.</strong></span> <span class='ocrx_word' id='word_1_538' title='bbox 1100 2716 1159 2740; x_wconf 81' lang='lat' dir='ltr'><strong>vni,</strong></span> <span class='ocrx_word' id='word_1_539' title='bbox 1174 2708 1218 2735; x_wconf 73' lang='lat'><strong>28.</strong></span> 
     </span>
    </p>
   </div>
   <div class='ocr_carea' id='block_1_69' title="bbox 442 2742 1081 2776">
    <p class='ocr_par' dir='ltr' id='par_1_69' title="bbox 442 2742 1081 2776">
     <span class='ocr_line' id='line_1_69' title="bbox 442 2742 1081 2776; baseline -0.005 -5"><span class='ocrx_word' id='word_1_540' title='bbox 442 2744 454 2760; x_wconf 83' lang='lat'><strong>&#39;</strong></span> <span class='ocrx_word' id='word_1_541' title='bbox 471 2744 566 2771; x_wconf 89' lang='lat' dir='ltr'><strong>Matth.</strong></span> <span class='ocrx_word' id='word_1_542' title='bbox 582 2750 666 2776; x_wconf 85' lang='lat' dir='ltr'><strong>xxvn,</strong></span> <span class='ocrx_word' id='word_1_543' title='bbox 684 2742 729 2774; x_wconf 76' lang='lat'><strong>58,</strong></span> <span class='ocrx_word' id='word_1_544' title='bbox 745 2742 790 2770; x_wconf 69' lang='grc' dir='ltr'><strong>Η.</strong></span> <span class='ocrx_word' id='word_1_545' title='bbox 827 2743 838 2758; x_wconf 73' lang='grc'>⁸</span> <span class='ocrx_word' id='word_1_546' title='bbox 855 2742 950 2771; x_wconf 83' lang='lat' dir='ltr'><strong>Matth.</strong></span> <span class='ocrx_word' id='word_1_547' title='bbox 964 2751 1023 2775; x_wconf 76' lang='grc' dir='ltr'>νιιι,</span> <span class='ocrx_word' id='word_1_548' title='bbox 1038 2742 1081 2770; x_wconf 79' lang='lat' dir='ltr'><strong>i9.</strong></span> 
     </span>
    </p>
   </div>
   <div class='ocr_carea' id='block_1_70' title="bbox 110 2745 405 2779">
    <p class='ocr_par' dir='ltr' id='par_1_70' title="bbox 110 2745 405 2779">
     <span class='ocr_line' id='line_1_70' title="bbox 110 2745 405 2779; baseline -0.003 -7"><span class='ocrx_word' id='word_1_549' title='bbox 110 2746 155 2772; x_wconf 77' lang='lat'><strong>39.</strong></span> <span class='ocrx_word' id='word_1_550' title='bbox 193 2745 203 2759; x_wconf 84' lang='grc' dir='ltr'><strong><em>τ</em></strong></span> <span class='ocrx_word' id='word_1_551' title='bbox 219 2745 284 2771; x_wconf 89' lang='lat' dir='ltr'><strong>ibid.</strong></span> <span class='ocrx_word' id='word_1_552' title='bbox 298 2745 332 2771; x_wconf 74' lang='lat' dir='ltr'><strong>to</strong></span> <span class='ocrx_word' id='word_1_553' title='bbox 346 2752 405 2779; x_wconf 83' lang='lat' dir='ltr'><strong>sqq.</strong></span> 
     </span>
    </p>
   </div>
   <div class='ocr_carea' id='block_1_71' title="bbox 147 2819 893 2856">
    <p class='ocr_par' dir='ltr' id='par_1_71' title="bbox 147 2819 893 2856">
     <span class='ocr_line' id='line_1_71' title="bbox 147 2819 893 2856; baseline -0.003 -7"><span class='ocrx_word' id='word_1_554' title='bbox 147 2823 174 2855; x_wconf 76' lang='grc'><strong>(5</strong></span> <span class='ocrx_word' id='word_1_555' title='bbox 180 2823 206 2856; x_wconf 74' lang='grc'><strong>5)</strong></span> <span class='ocrx_word' id='word_1_556' title='bbox 220 2821 341 2855; x_wconf 77' lang='grc' dir='ltr'>Ἐπειδὴ</span> <span class='ocrx_word' id='word_1_557' title='bbox 352 2821 406 2854; x_wconf 77' lang='grc' dir='ltr'><strong>γὰρ</strong></span> <span class='ocrx_word' id='word_1_558' title='bbox 418 2822 433 2848; x_wconf 84' lang='grc' dir='ltr'><strong>ό</strong></span> <span class='ocrx_word' id='word_1_559' title='bbox 442 2821 597 2854; x_wconf 83' lang='grc' dir='ltr'>Ματθαῖος.</span> <span class='ocrx_word' id='word_1_560' title='bbox 606 2821 746 2856; x_wconf 77' lang='lat' dir='ltr'><strong>Chrysost.</strong></span> <span class='ocrx_word' id='word_1_561' title='bbox 757 2819 835 2856; x_wconf 82' lang='lat' dir='ltr'><strong>Hom.</strong></span> <span class='ocrx_word' id='word_1_562' title='bbox 851 2820 893 2853; x_wconf 81' lang='lat' dir='ltr'><strong>i9,</strong></span> 
     </span>
    </p>
   </div>
   <div class='ocr_carea' id='block_1_72' title="bbox 113 2854 892 2892">
    <p class='ocr_par' dir='ltr' id='par_1_72' title="bbox 113 2854 892 2892">
     <span class='ocr_line' id='line_1_72' title="bbox 113 2854 892 2892; baseline -0.003 -6"><span class='ocrx_word' id='word_1_563' title='bbox 113 2857 140 2886; x_wconf 66' lang='lat' dir='ltr'><strong>is</strong></span> <span class='ocrx_word' id='word_1_564' title='bbox 153 2854 242 2887; x_wconf 68' lang='lat' dir='ltr'><strong>Matth</strong></span> <span class='ocrx_word' id='word_1_565' title='bbox 267 2857 336 2884; x_wconf 86' lang='lat' dir='ltr'><strong>duos</strong></span> <span class='ocrx_word' id='word_1_566' title='bbox 349 2856 528 2892; x_wconf 74' lang='lat' dir='ltr'><strong>evangelistas</strong></span> <span class='ocrx_word' id='word_1_567' title='bbox 550 2857 586 2883; x_wconf 87' lang='lat' dir='ltr'><strong>ita</strong></span> <span class='ocrx_word' id='word_1_568' title='bbox 604 2854 742 2889; x_wconf 67' lang='lat' dir='ltr'><strong>conciliat,</strong></span> <span class='ocrx_word' id='word_1_569' title='bbox 761 2860 790 2883; x_wconf 92' lang='lat' dir='ltr'><strong>ut</strong></span> <span class='ocrx_word' id='word_1_570' title='bbox 803 2854 892 2884; x_wconf 87' lang='lat' dir='ltr'><strong>Lucas</strong></span> 
     </span>
    </p>
   </div>
   <div class='ocr_carea' id='block_1_73' title="bbox 943 938 1732 974">
    <p class='ocr_par' dir='ltr' id='par_1_73' title="bbox 943 938 1732 974">
     <span class='ocr_line' id='line_1_73' title="bbox 943 938 1732 974; baseline 0.001 -8"><span class='ocrx_word' id='word_1_571' title='bbox 943 939 1005 967; x_wconf 86' lang='lat' dir='ltr'><strong>res?</strong></span> <span class='ocrx_word' id='word_1_572' title='bbox 1014 938 1121 967; x_wconf 84' lang='lat' dir='ltr'><strong>Scilicet</strong></span> <span class='ocrx_word' id='word_1_573' title='bbox 1129 946 1190 966; x_wconf 88' lang='lat' dir='ltr'><strong>cum</strong></span> <span class='ocrx_word' id='word_1_574' title='bbox 1197 946 1229 966; x_wconf 89' lang='lat' dir='ltr'><strong>eo</strong></span> <span class='ocrx_word' id='word_1_575' title='bbox 1238 938 1418 974; x_wconf 83' lang='lat' dir='ltr'><strong>pervenerint,</strong></span> <span class='ocrx_word' id='word_1_576' title='bbox 1427 947 1515 974; x_wconf 86' lang='lat' dir='ltr'><strong>neque</strong></span> <span class='ocrx_word' id='word_1_577' title='bbox 1520 939 1662 967; x_wconf 86' lang='lat' dir='ltr'><strong>verborum</strong></span> <span class='ocrx_word' id='word_1_578' title='bbox 1669 948 1732 967; x_wconf 84' lang='lat' dir='ltr'><strong>sen-</strong></span> 
     </span>
    </p>
   </div>
   <div class='ocr_carea' id='block_1_74' title="bbox 943 983 1731 1020">
    <p class='ocr_par' dir='ltr' id='par_1_74' title="bbox 943 983 1731 1020">
     <span class='ocr_line' id='line_1_74' title="bbox 943 983 1731 1020; baseline 0 -9"><span class='ocrx_word' id='word_1_579' title='bbox 943 984 1055 1011; x_wconf 85' lang='lat' dir='ltr'><strong>tentiam</strong></span> <span class='ocrx_word' id='word_1_580' title='bbox 1070 984 1190 1012; x_wconf 80' lang='lat' dir='ltr'><strong>assecuti</strong></span> <span class='ocrx_word' id='word_1_581' title='bbox 1205 983 1314 1017; x_wconf 81' lang='lat' dir='ltr'><strong>iuerint,</strong></span> <span class='ocrx_word' id='word_1_582' title='bbox 1329 984 1513 1020; x_wconf 83' lang='lat' dir='ltr'><strong>indignantur,</strong></span> <span class='ocrx_word' id='word_1_583' title='bbox 1529 992 1560 1012; x_wconf 88' lang='lat' dir='ltr'><strong>ac</strong></span> <span class='ocrx_word' id='word_1_584' title='bbox 1578 992 1731 1020; x_wconf 84' lang='lat' dir='ltr'><strong>repugnan-</strong></span> 
     </span>
    </p>
   </div>
   <div class='ocr_carea' id='block_1_75' title="bbox 945 1028 1725 1065">
    <p class='ocr_par' dir='ltr' id='par_1_75' title="bbox 945 1028 1725 1065">
     <span class='ocr_line' id='line_1_75' title="bbox 945 1028 1725 1065; baseline 0.003 -9"><span class='ocrx_word' id='word_1_585' title='bbox 945 1029 982 1056; x_wconf 89' lang='lat' dir='ltr'><strong>tia</strong></span> <span class='ocrx_word' id='word_1_586' title='bbox 1005 1029 1128 1064; x_wconf 67' lang='lat' dir='ltr'><strong>quaadam</strong></span> <span class='ocrx_word' id='word_1_587' title='bbox 1153 1028 1255 1064; x_wconf 77' lang='lat' dir='ltr'><strong>ﬁngere</strong></span> <span class='ocrx_word' id='word_1_588' title='bbox 1279 1029 1330 1056; x_wconf 87' lang='lat' dir='ltr'><strong>sibi</strong></span> <span class='ocrx_word' id='word_1_589' title='bbox 1356 1029 1471 1061; x_wconf 87' lang='lat' dir='ltr'><strong>malunt,</strong></span> <span class='ocrx_word' id='word_1_590' title='bbox 1497 1037 1578 1065; x_wconf 77' lang='lat' dir='ltr'><strong>quatit</strong></span> <span class='ocrx_word' id='word_1_591' title='bbox 1607 1030 1725 1058; x_wconf 76' lang='lat' dir='ltr'><strong>fructum</strong></span> 
     </span>
    </p>
   </div>
   <div class='ocr_carea' id='block_1_76' title="bbox 945 1074 1725 1110">
    <p class='ocr_par' dir='ltr' id='par_1_76' title="bbox 945 1074 1725 1110">
     <span class='ocr_line' id='line_1_76' title="bbox 945 1074 1725 1110; baseline 0.001 -9"><span class='ocrx_word' id='word_1_592' title='bbox 945 1075 1143 1110; x_wconf 85' lang='lat' dir='ltr'><strong>utilitatemque</strong></span> <span class='ocrx_word' id='word_1_593' title='bbox 1169 1074 1318 1109; x_wconf 85' lang='lat' dir='ltr'><strong>requirere.</strong></span> <span class='ocrx_word' id='word_1_594' title='bbox 1350 1074 1492 1103; x_wconf 78' lang='lat' dir='ltr'><strong>Matthaeus</strong></span> <span class='ocrx_word' id='word_1_595' title='bbox 1517 1075 1590 1103; x_wconf 89' lang='lat' dir='ltr'><strong>enim</strong></span> <span class='ocrx_word' id='word_1_596' title='bbox 1618 1076 1688 1103; x_wconf 88' lang='lat' dir='ltr'><strong>duos</strong></span> <span class='ocrx_word' id='word_1_597' title='bbox 1710 1084 1725 1102; x_wconf 85' lang='lat' dir='ltr'><strong>a</strong></span> 
     </span>
    </p>
   </div>
   <div class='ocr_carea' id='block_1_77' title="bbox 944 1118 1730 1153">
    <p class='ocr_par' dir='ltr' id='par_1_77' title="bbox 944 1118 1730 1153">
     <span class='ocr_line' id='line_1_77' title="bbox 944 1118 1730 1153; baseline 0.001 -7"><span class='ocrx_word' id='word_1_598' title='bbox 944 1119 1067 1146; x_wconf 80' lang='lat' dir='ltr'><strong>daemone</strong></span> <span class='ocrx_word' id='word_1_599' title='bbox 1087 1121 1228 1153; x_wconf 86' lang='lat' dir='ltr'><strong>correptos</strong></span> <span class='ocrx_word' id='word_1_600' title='bbox 1242 1118 1327 1146; x_wconf 79' lang='lat' dir='ltr'><strong>fuisse</strong></span> <span class='ocrx_word' id='word_1_601' title='bbox 1342 1119 1508 1152; x_wconf 73' lang='lat' dir='ltr'><strong>memorat&quot;;</strong></span> <span class='ocrx_word' id='word_1_602' title='bbox 1534 1119 1623 1148; x_wconf 90' lang='lat' dir='ltr'><strong>Lucas</strong></span> <span class='ocrx_word' id='word_1_603' title='bbox 1649 1120 1730 1147; x_wconf 91' lang='lat' dir='ltr'><strong>unius</strong></span> 
     </span>
    </p>
   </div>
   <div class='ocr_carea' id='block_1_78' title="bbox 952 1164 1729 1201">
    <p class='ocr_par' dir='ltr' id='par_1_78' title="bbox 952 1164 1729 1201">
     <span class='ocr_line' id='line_1_78' title="bbox 952 1164 1729 1201; baseline 0 -9"><span class='ocrx_word' id='word_1_604' title='bbox 952 1164 1085 1192; x_wconf 76' lang='lat' dir='ltr'><strong>duntaxat</strong></span> <span class='ocrx_word' id='word_1_605' title='bbox 1099 1165 1262 1192; x_wconf 88' lang='lat' dir='ltr'><strong>mentionem</strong></span> <span class='ocrx_word' id='word_1_606' title='bbox 1273 1165 1338 1192; x_wconf 78' lang='lat' dir='ltr'><strong>facit</strong></span> <span class='ocrx_word' id='word_1_607' title='bbox 1351 1165 1372 1192; x_wconf 83' lang='lat'><strong>&#39;.</strong></span> <span class='ocrx_word' id='word_1_608' title='bbox 1393 1164 1445 1193; x_wconf 84' lang='lat' dir='ltr'><strong>Sed</strong></span> <span class='ocrx_word' id='word_1_609' title='bbox 1460 1169 1487 1192; x_wconf 85' lang='lat' dir='ltr'><strong>et</strong></span> <span class='ocrx_word' id='word_1_610' title='bbox 1503 1166 1729 1201; x_wconf 80' lang='lat' dir='ltr'><strong>evangelistarutu</strong></span> 
     </span>
    </p>
   </div>
   <div class='ocr_carea' id='block_1_79' title="bbox 945 1207 1729 1244">
    <p class='ocr_par' dir='ltr' id='par_1_79' title="bbox 945 1207 1729 1244">
     <span class='ocr_line' id='line_1_79' title="bbox 945 1207 1729 1244; baseline 0.004 -10"><span class='ocrx_word' id='word_1_611' title='bbox 945 1209 1024 1240; x_wconf 84' lang='lat' dir='ltr'><strong>alter,</strong></span> <span class='ocrx_word' id='word_1_612' title='bbox 1038 1207 1178 1240; x_wconf 75' lang='lat' dir='ltr'><strong>Latrones,</strong></span> <span class='ocrx_word' id='word_1_613' title='bbox 1194 1208 1290 1244; x_wconf 89' lang='lat' dir='ltr'><strong>inquit,</strong></span> <span class='ocrx_word' id='word_1_614' title='bbox 1304 1210 1348 1244; x_wconf 84' lang='lat' dir='ltr'><strong>qui</strong></span> <span class='ocrx_word' id='word_1_615' title='bbox 1363 1210 1484 1244; x_wconf 70' lang='lat' dir='ltr'><strong>cruciﬁxi</strong></span> <span class='ocrx_word' id='word_1_616' title='bbox 1504 1215 1579 1237; x_wconf 82' lang='lat' dir='ltr'><strong>erant</strong></span> <span class='ocrx_word' id='word_1_617' title='bbox 1613 1218 1672 1237; x_wconf 86' lang='lat' dir='ltr'><strong>cum</strong></span> <span class='ocrx_word' id='word_1_618' title='bbox 1687 1219 1729 1242; x_wconf 85' lang='lat' dir='ltr'><strong>eo,</strong></span> 
     </span>
    </p>
   </div>
   <div class='ocr_carea' id='block_1_80' title="bbox 949 1253 1731 1290">
    <p class='ocr_par' dir='ltr' id='par_1_80' title="bbox 949 1253 1731 1290">
     <span class='ocr_line' id='line_1_80' title="bbox 949 1253 1731 1290; baseline 0.005 -11"><span class='ocrx_word' id='word_1_619' title='bbox 949 1253 1164 1288; x_wconf 70' lang='lat' dir='ltr'><strong>blasphemabant</strong></span> <span class='ocrx_word' id='word_1_620' title='bbox 1196 1254 1318 1288; x_wconf 70' lang='lat' dir='ltr'><strong>ipsum‘;</strong></span> <span class='ocrx_word' id='word_1_621' title='bbox 1352 1254 1421 1281; x_wconf 89' lang='lat' dir='ltr'><strong>alter</strong></span> <span class='ocrx_word' id='word_1_622' title='bbox 1456 1254 1555 1281; x_wconf 88' lang='lat' dir='ltr'><strong>nedum</strong></span> <span class='ocrx_word' id='word_1_623' title='bbox 1585 1259 1731 1290; x_wconf 87' lang='lat' dir='ltr'><strong>utrumque</strong></span> 
     </span>
    </p>
   </div>
   <div class='ocr_carea' id='block_1_81' title="bbox 944 1299 1731 1334">
    <p class='ocr_par' dir='ltr' id='par_1_81' title="bbox 944 1299 1731 1334">
     <span class='ocr_line' id='line_1_81' title="bbox 944 1299 1731 1334; baseline 0.001 -7"><span class='ocrx_word' id='word_1_624' title='bbox 944 1299 1149 1334; x_wconf 85' lang='lat' dir='ltr'><strong>blasphemasse</strong></span> <span class='ocrx_word' id='word_1_625' title='bbox 1161 1299 1238 1333; x_wconf 86' lang='lat' dir='ltr'><strong>dicit,</strong></span> <span class='ocrx_word' id='word_1_626' title='bbox 1259 1300 1305 1327; x_wconf 89' lang='lat' dir='ltr'><strong>sed</strong></span> <span class='ocrx_word' id='word_1_627' title='bbox 1317 1303 1344 1327; x_wconf 88' lang='lat' dir='ltr'><strong>et</strong></span> <span class='ocrx_word' id='word_1_628' title='bbox 1358 1300 1439 1327; x_wconf 89' lang='lat' dir='ltr'><strong>unius</strong></span> <span class='ocrx_word' id='word_1_629' title='bbox 1455 1300 1641 1328; x_wconf 83' lang='lat' dir='ltr'><strong>defensionem</strong></span> <span class='ocrx_word' id='word_1_630' title='bbox 1656 1309 1731 1328; x_wconf 92' lang='lat' dir='ltr'><strong>com-</strong></span> 
     </span>
    </p>
   </div>
   <div class='ocr_carea' id='block_1_82' title="bbox 946 1344 1732 1380">
    <p class='ocr_par' dir='ltr' id='par_1_82' title="bbox 946 1344 1732 1380">
     <span class='ocr_line' id='line_1_82' title="bbox 946 1344 1732 1380; baseline 0 -8"><span class='ocrx_word' id='word_1_631' title='bbox 946 1347 1090 1372; x_wconf 83' lang='lat' dir='ltr'><strong>memorat.</strong></span> <span class='ocrx_word' id='word_1_632' title='bbox 1121 1344 1278 1380; x_wconf 80' lang='lat' dir='ltr'><strong>Iucrepabat</strong></span> <span class='ocrx_word' id='word_1_633' title='bbox 1305 1345 1385 1378; x_wconf 82' lang='lat' dir='ltr'><strong>enim,</strong></span> <span class='ocrx_word' id='word_1_634' title='bbox 1410 1345 1515 1380; x_wconf 84' lang='lat' dir='ltr'><strong>inquit,</strong></span> <span class='ocrx_word' id='word_1_635' title='bbox 1538 1345 1670 1378; x_wconf 80' lang='lat' dir='ltr'><strong>alterunt,</strong></span> <span class='ocrx_word' id='word_1_636' title='bbox 1700 1354 1732 1372; x_wconf 85' lang='lat' dir='ltr'><strong>ac</strong></span> 
     </span>
    </p>
   </div>
   <div class='ocr_carea' id='block_1_83' title="bbox 944 1389 1731 1425">
    <p class='ocr_par' dir='ltr' id='par_1_83' title="bbox 944 1389 1731 1425">
     <span class='ocr_line' id='line_1_83' title="bbox 944 1389 1731 1425; baseline 0.003 -9"><span class='ocrx_word' id='word_1_637' title='bbox 944 1389 1047 1416; x_wconf 82' lang='lat' dir='ltr'><strong>dicebat</strong></span> <span class='ocrx_word' id='word_1_638' title='bbox 1069 1399 1078 1416; x_wconf 86' lang='lat'><strong><em>:</em></strong></span> <span class='ocrx_word' id='word_1_639' title='bbox 1096 1389 1186 1425; x_wconf 83' lang='lat' dir='ltr'><strong>Neque</strong></span> <span class='ocrx_word' id='word_1_640' title='bbox 1206 1395 1233 1417; x_wconf 89' lang='lat' dir='ltr'><strong>tu</strong></span> <span class='ocrx_word' id='word_1_641' title='bbox 1251 1391 1325 1417; x_wconf 76' lang='lat' dir='ltr'><strong>times</strong></span> <span class='ocrx_word' id='word_1_642' title='bbox 1351 1390 1445 1423; x_wconf 87' lang='lat' dir='ltr'><strong>Deum,</strong></span> <span class='ocrx_word' id='word_1_643' title='bbox 1463 1390 1585 1425; x_wconf 84' lang='lat' dir='ltr'><strong>quoniam</strong></span> <span class='ocrx_word' id='word_1_644' title='bbox 1600 1391 1626 1418; x_wconf 87' lang='lat' dir='ltr'><strong>in</strong></span> <span class='ocrx_word' id='word_1_645' title='bbox 1641 1391 1731 1418; x_wconf 83' lang='lat' dir='ltr'><strong>eadem</strong></span> 
     </span>
    </p>
   </div>
   <div class='ocr_carea' id='block_1_84' title="bbox 945 1435 1729 1472">
    <p class='ocr_par' dir='ltr' id='par_1_84' title="bbox 945 1435 1729 1472">
     <span class='ocr_line' id='line_1_84' title="bbox 945 1435 1729 1472; baseline 0.004 -11"><span class='ocrx_word' id='word_1_646' title='bbox 945 1435 1115 1462; x_wconf 81' lang='lat' dir='ltr'><strong>damnatione</strong></span> <span class='ocrx_word' id='word_1_647' title='bbox 1139 1443 1250 1468; x_wconf 80' lang='lat' dir='ltr'><strong>sumus;</strong></span> <span class='ocrx_word' id='word_1_648' title='bbox 1274 1436 1316 1462; x_wconf 80' lang='lat' dir='ltr'><strong>hic</strong></span> <span class='ocrx_word' id='word_1_649' title='bbox 1339 1441 1427 1463; x_wconf 85' lang='lat' dir='ltr'><strong>autem</strong></span> <span class='ocrx_word' id='word_1_650' title='bbox 1447 1441 1556 1463; x_wconf 77' lang='lat' dir='ltr'><strong>sanctus</strong></span> <span class='ocrx_word' id='word_1_651' title='bbox 1579 1436 1646 1463; x_wconf 79' lang='lat' dir='ltr'><strong>nihil</strong></span> <span class='ocrx_word' id='word_1_652' title='bbox 1667 1437 1729 1472; x_wconf 81' lang='lat' dir='ltr'><strong>egit.</strong></span> 
     </span>
    </p>
   </div>
   <div class='ocr_carea' id='block_1_85' title="bbox 945 1479 1730 1516">
    <p class='ocr_par' dir='ltr' id='par_1_85' title="bbox 945 1479 1730 1516">
     <span class='ocr_line' id='line_1_85' title="bbox 945 1479 1730 1516; baseline 0.001 -9"><span class='ocrx_word' id='word_1_653' title='bbox 945 1479 1046 1507; x_wconf 87' lang='lat' dir='ltr'><strong>Deinde</strong></span> <span class='ocrx_word' id='word_1_654' title='bbox 1078 1480 1115 1507; x_wconf 91' lang='lat' dir='ltr'><strong>ita</strong></span> <span class='ocrx_word' id='word_1_655' title='bbox 1146 1479 1290 1514; x_wconf 78' lang='lat' dir='ltr'><strong>Dominum</strong></span> <span class='ocrx_word' id='word_1_656' title='bbox 1324 1481 1489 1516; x_wconf 90' lang='lat' dir='ltr'><strong>compellat:</strong></span> <span class='ocrx_word' id='word_1_657' title='bbox 1516 1480 1646 1508; x_wconf 82' lang='lat' dir='ltr'><strong>Memento</strong></span> <span class='ocrx_word' id='word_1_658' title='bbox 1668 1482 1730 1514; x_wconf 84' lang='lat' dir='ltr'><strong>mei,</strong></span> 
     </span>
    </p>
   </div>
   <div class='ocr_carea' id='block_1_86' title="bbox 944 1526 1727 1563">
    <p class='ocr_par' dir='ltr' id='par_1_86' title="bbox 944 1526 1727 1563">
     <span class='ocr_line' id='line_1_86' title="bbox 944 1526 1727 1563; baseline 0.003 -10"><span class='ocrx_word' id='word_1_659' title='bbox 944 1526 1018 1559; x_wconf 80' lang='lat' dir='ltr'><strong>Jesu,</strong></span> <span class='ocrx_word' id='word_1_660' title='bbox 1034 1535 1093 1554; x_wconf 84' lang='lat' dir='ltr'><strong>cum</strong></span> <span class='ocrx_word' id='word_1_661' title='bbox 1110 1527 1208 1554; x_wconf 76' lang='lat' dir='ltr'><strong>veneris</strong></span> <span class='ocrx_word' id='word_1_662' title='bbox 1223 1527 1250 1554; x_wconf 83' lang='lat' dir='ltr'><strong>in</strong></span> <span class='ocrx_word' id='word_1_663' title='bbox 1266 1536 1373 1562; x_wconf 82' lang='lat' dir='ltr'><strong>regnum</strong></span> <span class='ocrx_word' id='word_1_664' title='bbox 1390 1533 1474 1555; x_wconf 82' lang='lat' dir='ltr'><strong>tuum.</strong></span> <span class='ocrx_word' id='word_1_665' title='bbox 1493 1528 1544 1556; x_wconf 85' lang='lat' dir='ltr'><strong>Cui</strong></span> <span class='ocrx_word' id='word_1_666' title='bbox 1562 1528 1606 1555; x_wconf 84' lang='lat' dir='ltr'><strong>ille</strong></span> <span class='ocrx_word' id='word_1_667' title='bbox 1622 1537 1727 1563; x_wconf 76' lang='lat' dir='ltr'><strong>respou-</strong></span> 
     </span>
    </p>
   </div>
   <div class='ocr_carea' id='block_1_87' title="bbox 946 1572 1730 1608">
    <p class='ocr_par' dir='ltr' id='par_1_87' title="bbox 946 1572 1730 1608">
     <span class='ocr_line' id='line_1_87' title="bbox 946 1572 1730 1608; baseline 0.004 -10"><span class='ocrx_word' id='word_1_668' title='bbox 946 1572 985 1598; x_wconf 85' lang='lat' dir='ltr'><strong>dit</strong></span> <span class='ocrx_word' id='word_1_669' title='bbox 999 1580 1007 1599; x_wconf 89' lang='lat'><strong><em>:</em></strong></span> <span class='ocrx_word' id='word_1_670' title='bbox 1019 1572 1100 1599; x_wconf 80' lang='lat' dir='ltr'><strong>Amen</strong></span> <span class='ocrx_word' id='word_1_671' title='bbox 1116 1572 1174 1599; x_wconf 85' lang='lat' dir='ltr'><strong>dico</strong></span> <span class='ocrx_word' id='word_1_672' title='bbox 1192 1572 1249 1604; x_wconf 86' lang='lat' dir='ltr'><strong>tibi,</strong></span> <span class='ocrx_word' id='word_1_673' title='bbox 1265 1573 1341 1600; x_wconf 81' lang='lat' dir='ltr'><strong>hodie</strong></span> <span class='ocrx_word' id='word_1_674' title='bbox 1355 1581 1454 1601; x_wconf 82' lang='lat' dir='ltr'><strong>mecum</strong></span> <span class='ocrx_word' id='word_1_675' title='bbox 1474 1575 1524 1601; x_wconf 81' lang='lat' dir='ltr'><strong>eris</strong></span> <span class='ocrx_word' id='word_1_676' title='bbox 1539 1575 1566 1601; x_wconf 87' lang='lat' dir='ltr'><strong>in</strong></span> <span class='ocrx_word' id='word_1_677' title='bbox 1576 1574 1730 1608; x_wconf 74' lang='lat' dir='ltr'><strong>paradito’.</strong></span> 
     </span>
    </p>
   </div>
   <div class='ocr_carea' id='block_1_88' title="bbox 947 1617 1732 1654">
    <p class='ocr_par' dir='ltr' id='par_1_88' title="bbox 947 1617 1732 1654">
     <span class='ocr_line' id='line_1_88' title="bbox 947 1617 1732 1654; baseline 0.004 -10"><span class='ocrx_word' id='word_1_678' title='bbox 947 1617 1013 1651; x_wconf 70' lang='lat' dir='ltr'><strong>Quae</strong></span> <span class='ocrx_word' id='word_1_679' title='bbox 1036 1618 1144 1646; x_wconf 85' lang='lat' dir='ltr'><strong>tametsi</strong></span> <span class='ocrx_word' id='word_1_680' title='bbox 1160 1618 1319 1653; x_wconf 84' lang='lat' dir='ltr'><strong>discrepare</strong></span> <span class='ocrx_word' id='word_1_681' title='bbox 1340 1619 1465 1646; x_wconf 86' lang='lat' dir='ltr'><strong>nonnihil</strong></span> <span class='ocrx_word' id='word_1_682' title='bbox 1487 1619 1513 1646; x_wconf 94' lang='lat' dir='ltr'><strong>in</strong></span> <span class='ocrx_word' id='word_1_683' title='bbox 1537 1619 1677 1654; x_wconf 89' lang='lat' dir='ltr'><strong>Scriptura</strong></span> <span class='ocrx_word' id='word_1_684' title='bbox 1693 1620 1732 1647; x_wconf 84' lang='lat' dir='ltr'><strong>vi-</strong></span> 
     </span>
    </p>
   </div>
   <div class='ocr_carea' id='block_1_89' title="bbox 947 1663 1731 1700">
    <p class='ocr_par' dir='ltr' id='par_1_89' title="bbox 947 1663 1731 1700">
     <span class='ocr_line' id='line_1_89' title="bbox 947 1663 1731 1700; baseline 0.003 -10"><span class='ocrx_word' id='word_1_685' title='bbox 947 1663 1073 1695; x_wconf 87' lang='lat' dir='ltr'><strong>deantur,</strong></span> <span class='ocrx_word' id='word_1_686' title='bbox 1087 1664 1266 1691; x_wconf 86' lang='lat' dir='ltr'><strong>nihilominus</strong></span> <span class='ocrx_word' id='word_1_687' title='bbox 1283 1665 1363 1699; x_wconf 86' lang='lat' dir='ltr'><strong>plana</strong></span> <span class='ocrx_word' id='word_1_688' title='bbox 1381 1669 1445 1692; x_wconf 89' lang='lat' dir='ltr'><strong>sunt</strong></span> <span class='ocrx_word' id='word_1_689' title='bbox 1461 1665 1563 1692; x_wconf 86' lang='lat' dir='ltr'><strong>omnia.</strong></span> <span class='ocrx_word' id='word_1_690' title='bbox 1580 1665 1647 1692; x_wconf 87' lang='lat' dir='ltr'><strong>Nam</strong></span> <span class='ocrx_word' id='word_1_691' title='bbox 1659 1666 1731 1700; x_wconf 84' lang='lat' dir='ltr'><strong>quod</strong></span> 
     </span>
    </p>
   </div>
   <div class='ocr_carea' id='block_1_90' title="bbox 946 1709 1732 1744">
    <p class='ocr_par' dir='ltr' id='par_1_90' title="bbox 946 1709 1732 1744">
     <span class='ocr_line' id='line_1_90' title="bbox 946 1709 1732 1744; baseline 0.001 -8"><span class='ocrx_word' id='word_1_692' title='bbox 946 1709 980 1736; x_wconf 93' lang='lat' dir='ltr'><strong>ad</strong></span> <span class='ocrx_word' id='word_1_693' title='bbox 1001 1709 1156 1744; x_wconf 84' lang='lat' dir='ltr'><strong>arreptitios</strong></span> <span class='ocrx_word' id='word_1_694' title='bbox 1182 1710 1288 1743; x_wconf 85' lang='lat' dir='ltr'><strong>attinet,</strong></span> <span class='ocrx_word' id='word_1_695' title='bbox 1318 1709 1382 1737; x_wconf 90' lang='lat' dir='ltr'><strong>licet</strong></span> <span class='ocrx_word' id='word_1_696' title='bbox 1408 1710 1480 1744; x_wconf 89' lang='lat' dir='ltr'><strong>apud</strong></span> <span class='ocrx_word' id='word_1_697' title='bbox 1501 1709 1656 1737; x_wconf 64' lang='lat' dir='ltr'><strong>Matthaaum</strong></span> <span class='ocrx_word' id='word_1_698' title='bbox 1678 1711 1732 1737; x_wconf 89' lang='lat' dir='ltr'><strong>duo</strong></span> 
     </span>
    </p>
   </div>
   <div class='ocr_carea' id='block_1_91' title="bbox 946 1754 1732 1789">
    <p class='ocr_par' dir='ltr' id='par_1_91' title="bbox 946 1754 1732 1789">
     <span class='ocr_line' id='line_1_91' title="bbox 946 1754 1732 1789; baseline 0.001 -8"><span class='ocrx_word' id='word_1_699' title='bbox 946 1754 1032 1781; x_wconf 81' lang='lat' dir='ltr'><strong>fuisse</strong></span> <span class='ocrx_word' id='word_1_700' title='bbox 1044 1758 1191 1782; x_wconf 88' lang='lat' dir='ltr'><strong>narrentur</strong></span> <span class='ocrx_word' id='word_1_701' title='bbox 1201 1754 1224 1788; x_wconf 81' lang='grc'>⁸,</span> <span class='ocrx_word' id='word_1_702' title='bbox 1243 1754 1326 1782; x_wconf 87' lang='lat' dir='ltr'><strong>iidem</strong></span> <span class='ocrx_word' id='word_1_703' title='bbox 1343 1754 1522 1782; x_wconf 86' lang='lat' dir='ltr'><strong>nihilominus</strong></span> <span class='ocrx_word' id='word_1_704' title='bbox 1537 1758 1613 1786; x_wconf 90' lang='lat' dir='ltr'><strong>sunt,</strong></span> <span class='ocrx_word' id='word_1_705' title='bbox 1630 1755 1663 1782; x_wconf 91' lang='lat' dir='ltr'><strong>de</strong></span> <span class='ocrx_word' id='word_1_706' title='bbox 1673 1755 1732 1789; x_wconf 91' lang='lat' dir='ltr'><strong>qui-</strong></span> 
     </span>
    </p>
   </div>
   <div class='ocr_carea' id='block_1_92' title="bbox 945 1798 1733 1833">
    <p class='ocr_par' dir='ltr' id='par_1_92' title="bbox 945 1798 1733 1833">
     <span class='ocr_line' id='line_1_92' title="bbox 945 1798 1733 1833; baseline 0 -7"><span class='ocrx_word' id='word_1_707' title='bbox 945 1799 996 1826; x_wconf 85' lang='lat' dir='ltr'><strong>bus</strong></span> <span class='ocrx_word' id='word_1_708' title='bbox 1013 1798 1100 1826; x_wconf 82' lang='lat' dir='ltr'><strong>anas</strong></span> <span class='ocrx_word' id='word_1_709' title='bbox 1123 1799 1289 1827; x_wconf 86' lang='lat' dir='ltr'><strong>mentionem</strong></span> <span class='ocrx_word' id='word_1_710' title='bbox 1314 1799 1396 1833; x_wconf 80' lang='lat' dir='ltr'><strong>facit;</strong></span> <span class='ocrx_word' id='word_1_711' title='bbox 1413 1799 1460 1826; x_wconf 86' lang='lat' dir='ltr'><strong>sed</strong></span> <span class='ocrx_word' id='word_1_712' title='bbox 1477 1800 1533 1826; x_wconf 82' lang='lat' dir='ltr'><strong>haec</strong></span> <span class='ocrx_word' id='word_1_713' title='bbox 1548 1799 1672 1826; x_wconf 86' lang='lat' dir='ltr'><strong>videlicet</strong></span> <span class='ocrx_word' id='word_1_714' title='bbox 1690 1804 1733 1827; x_wconf 87' lang='lat' dir='ltr'><strong>est</strong></span> 
     </span>
    </p>
   </div>
   <div class='ocr_carea' id='block_1_93' title="bbox 947 1845 1733 1880">
    <p class='ocr_par' dir='ltr' id='par_1_93' title="bbox 947 1845 1733 1880">
     <span class='ocr_line' id='line_1_93' title="bbox 947 1845 1733 1880; baseline 0 -8"><span class='ocrx_word' id='word_1_715' title='bbox 947 1845 1095 1880; x_wconf 71' lang='lat' dir='ltr'><strong>Scriptum</strong></span> <span class='ocrx_word' id='word_1_716' title='bbox 1124 1845 1307 1877; x_wconf 89' lang='lat' dir='ltr'><strong>consuetudo,</strong></span> <span class='ocrx_word' id='word_1_717' title='bbox 1338 1849 1368 1872; x_wconf 92' lang='lat' dir='ltr'><strong>ut</strong></span> <span class='ocrx_word' id='word_1_718' title='bbox 1393 1853 1487 1873; x_wconf 89' lang='lat' dir='ltr'><strong>eorum</strong></span> <span class='ocrx_word' id='word_1_719' title='bbox 1510 1853 1570 1880; x_wconf 61' lang='lat' dir='ltr'><strong>qua:</strong></span> <span class='ocrx_word' id='word_1_720' title='bbox 1601 1849 1733 1880; x_wconf 81' lang='lat' dir='ltr'><strong>geruntur</strong></span> 
     </span>
    </p>
   </div>
   <div class='ocr_carea' id='block_1_94' title="bbox 947 1890 1732 1924">
    <p class='ocr_par' dir='ltr' id='par_1_94' title="bbox 947 1890 1732 1924">
     <span class='ocr_line' id='line_1_94' title="bbox 947 1890 1732 1924; baseline 0 -6"><span class='ocrx_word' id='word_1_721' title='bbox 947 1891 1069 1918; x_wconf 83' lang='lat' dir='ltr'><strong>rationes</strong></span> <span class='ocrx_word' id='word_1_722' title='bbox 1084 1894 1111 1918; x_wconf 86' lang='lat' dir='ltr'><strong>et</strong></span> <span class='ocrx_word' id='word_1_723' title='bbox 1123 1891 1283 1919; x_wconf 86' lang='lat' dir='ltr'><strong>occasiones</strong></span> <span class='ocrx_word' id='word_1_724' title='bbox 1299 1891 1410 1924; x_wconf 88' lang='lat' dir='ltr'><strong>innuat;</strong></span> <span class='ocrx_word' id='word_1_725' title='bbox 1426 1891 1462 1918; x_wconf 88' lang='lat' dir='ltr'><strong>ob</strong></span> <span class='ocrx_word' id='word_1_726' title='bbox 1475 1891 1501 1918; x_wconf 89' lang='lat' dir='ltr'><strong>id</strong></span> <span class='ocrx_word' id='word_1_727' title='bbox 1517 1898 1570 1918; x_wconf 91' lang='lat' dir='ltr'><strong>non</strong></span> <span class='ocrx_word' id='word_1_728' title='bbox 1584 1890 1664 1922; x_wconf 84' lang='lat' dir='ltr'><strong>duos.</strong></span> <span class='ocrx_word' id='word_1_729' title='bbox 1684 1891 1732 1919; x_wconf 87' lang='lat' dir='ltr'><strong>sed</strong></span> 
     </span>
    </p>
   </div>
   <div class='ocr_carea' id='block_1_95' title="bbox 947 1936 1732 1972">
    <p class='ocr_par' dir='ltr' id='par_1_95' title="bbox 947 1936 1732 1972">
     <span class='ocr_line' id='line_1_95' title="bbox 947 1936 1732 1972; baseline 0.001 -9"><span class='ocrx_word' id='word_1_730' title='bbox 947 1944 1032 1964; x_wconf 92' lang='lat' dir='ltr'><strong>unum</strong></span> <span class='ocrx_word' id='word_1_731' title='bbox 1060 1936 1148 1964; x_wconf 85' lang='lat' dir='ltr'><strong>Lucas</strong></span> <span class='ocrx_word' id='word_1_732' title='bbox 1170 1937 1331 1964; x_wconf 87' lang='lat' dir='ltr'><strong>nominatim</strong></span> <span class='ocrx_word' id='word_1_733' title='bbox 1355 1937 1493 1972; x_wconf 81' lang='lat' dir='ltr'><strong>exprimit.</strong></span> <span class='ocrx_word' id='word_1_734' title='bbox 1515 1936 1603 1965; x_wconf 89' lang='lat' dir='ltr'><strong>Fuere</strong></span> <span class='ocrx_word' id='word_1_735' title='bbox 1622 1937 1732 1972; x_wconf 84' lang='lat' dir='ltr'><strong>quidem</strong></span> 
     </span>
    </p>
   </div>
   <div class='ocr_carea' id='block_1_96' title="bbox 946 1981 1733 2015">
    <p class='ocr_par' dir='ltr' id='par_1_96' title="bbox 946 1981 1733 2015">
     <span class='ocr_line' id='line_1_96' title="bbox 946 1981 1733 2015; baseline 0.003 -7"><span class='ocrx_word' id='word_1_736' title='bbox 946 1982 987 2009; x_wconf 87' lang='lat' dir='ltr'><strong>illi</strong></span> <span class='ocrx_word' id='word_1_737' title='bbox 1005 1981 1060 2009; x_wconf 91' lang='lat' dir='ltr'><strong>duo</strong></span> <span class='ocrx_word' id='word_1_738' title='bbox 1083 1988 1098 2008; x_wconf 90' lang='lat' dir='ltr'><strong>a</strong></span> <span class='ocrx_word' id='word_1_739' title='bbox 1117 1982 1272 2009; x_wconf 68' lang='lat' dir='ltr'><strong>daemonum</strong></span> <span class='ocrx_word' id='word_1_740' title='bbox 1293 1982 1437 2010; x_wconf 77' lang='lat' dir='ltr'><strong>vexatione</strong></span> <span class='ocrx_word' id='word_1_741' title='bbox 1464 1982 1563 2015; x_wconf 86' lang='lat' dir='ltr'><strong>soluti;</strong></span> <span class='ocrx_word' id='word_1_742' title='bbox 1588 1983 1636 2010; x_wconf 87' lang='lat' dir='ltr'><strong>sed</strong></span> <span class='ocrx_word' id='word_1_743' title='bbox 1662 1990 1733 2010; x_wconf 89' lang='lat' dir='ltr'><strong>unus</strong></span> 
     </span>
    </p>
   </div>
   <div class='ocr_carea' id='block_1_97' title="bbox 946 2028 1734 2063">
    <p class='ocr_par' dir='ltr' id='par_1_97' title="bbox 946 2028 1734 2063">
     <span class='ocr_line' id='line_1_97' title="bbox 946 2028 1734 2063; baseline 0 -7"><span class='ocrx_word' id='word_1_744' title='bbox 946 2028 1077 2056; x_wconf 87' lang='lat' dir='ltr'><strong>duntaxat</strong></span> <span class='ocrx_word' id='word_1_745' title='bbox 1090 2028 1118 2055; x_wconf 90' lang='lat' dir='ltr'><strong>in</strong></span> <span class='ocrx_word' id='word_1_746' title='bbox 1135 2028 1186 2056; x_wconf 84' lang='lat' dir='ltr'><strong>ﬁde</strong></span> <span class='ocrx_word' id='word_1_747' title='bbox 1202 2028 1331 2063; x_wconf 86' lang='lat' dir='ltr'><strong>perstitit,</strong></span> <span class='ocrx_word' id='word_1_748' title='bbox 1350 2029 1418 2056; x_wconf 83' lang='lat' dir='ltr'><strong>alter</strong></span> <span class='ocrx_word' id='word_1_749' title='bbox 1429 2028 1463 2056; x_wconf 86' lang='lat' dir='ltr'><strong>ab</strong></span> <span class='ocrx_word' id='word_1_750' title='bbox 1475 2035 1506 2056; x_wconf 89' lang='lat' dir='ltr'><strong>ea</strong></span> <span class='ocrx_word' id='word_1_751' title='bbox 1519 2028 1628 2056; x_wconf 87' lang='lat' dir='ltr'><strong>excidit.</strong></span> <span class='ocrx_word' id='word_1_752' title='bbox 1644 2028 1734 2061; x_wconf 85' lang='lat' dir='ltr'><strong>Quare</strong></span> 
     </span>
    </p>
   </div>
   <div class='ocr_carea' id='block_1_98' title="bbox 945 2073 1732 2109">
    <p class='ocr_par' dir='ltr' id='par_1_98' title="bbox 945 2073 1732 2109">
     <span class='ocr_line' id='line_1_98' title="bbox 945 2073 1732 2109; baseline 0 -8"><span class='ocrx_word' id='word_1_753' title='bbox 945 2074 1017 2109; x_wconf 89' lang='lat' dir='ltr'><strong>quod</strong></span> <span class='ocrx_word' id='word_1_754' title='bbox 1034 2074 1079 2101; x_wconf 92' lang='lat' dir='ltr'><strong>ille</strong></span> <span class='ocrx_word' id='word_1_755' title='bbox 1096 2077 1255 2101; x_wconf 86' lang='lat' dir='ltr'><strong>constanter</strong></span> <span class='ocrx_word' id='word_1_756' title='bbox 1275 2074 1303 2100; x_wconf 90' lang='lat' dir='ltr'><strong>in</strong></span> <span class='ocrx_word' id='word_1_757' title='bbox 1327 2073 1379 2101; x_wconf 81' lang='lat' dir='ltr'><strong>(ide</strong></span> <span class='ocrx_word' id='word_1_758' title='bbox 1401 2077 1535 2107; x_wconf 85' lang='lat' dir='ltr'><strong>maneret,</strong></span> <span class='ocrx_word' id='word_1_759' title='bbox 1563 2074 1732 2109; x_wconf 85' lang='lat' dir='ltr'><strong>sequebatur</strong></span> 
     </span>
    </p>
   </div>
   <div class='ocr_carea' id='block_1_99' title="bbox 947 2118 1733 2153">
    <p class='ocr_par' dir='ltr' id='par_1_99' title="bbox 947 2118 1733 2153">
     <span class='ocr_line' id='line_1_99' title="bbox 947 2118 1733 2153; baseline -0.003 -6"><span class='ocrx_word' id='word_1_760' title='bbox 947 2118 1051 2151; x_wconf 75' lang='lat' dir='ltr'><strong>Iesum,</strong></span> <span class='ocrx_word' id='word_1_761' title='bbox 1068 2123 1097 2146; x_wconf 85' lang='lat' dir='ltr'><strong>ut</strong></span> <span class='ocrx_word' id='word_1_762' title='bbox 1118 2119 1145 2146; x_wconf 92' lang='lat' dir='ltr'><strong>in</strong></span> <span class='ocrx_word' id='word_1_763' title='bbox 1168 2118 1315 2153; x_wconf 78' lang='lat' dir='ltr'><strong>Evangelia</strong></span> <span class='ocrx_word' id='word_1_764' title='bbox 1337 2118 1469 2153; x_wconf 89' lang='lat' dir='ltr'><strong>scriptum</strong></span> <span class='ocrx_word' id='word_1_765' title='bbox 1483 2119 1554 2151; x_wconf 70' lang='lat' dir='ltr'><strong>est”,</strong></span> <span class='ocrx_word' id='word_1_766' title='bbox 1569 2127 1733 2153; x_wconf 75' lang='lat' dir='ltr'><strong>quocunque</strong></span> 
     </span>
    </p>
   </div>
   <div class='ocr_carea' id='block_1_100' title="bbox 954 2163 1732 2199">
    <p class='ocr_par' dir='ltr' id='par_1_100' title="bbox 954 2163 1732 2199">
     <span class='ocr_line' id='line_1_100' title="bbox 954 2163 1732 2199; baseline -0.003 -7"><span class='ocrx_word' id='word_1_767' title='bbox 954 2168 1088 2199; x_wconf 79' lang='lat' dir='ltr'><strong>pergeret.</strong></span> <span class='ocrx_word' id='word_1_768' title='bbox 1114 2163 1183 2191; x_wconf 89' lang='lat' dir='ltr'><strong>llinc</strong></span> <span class='ocrx_word' id='word_1_769' title='bbox 1194 2169 1236 2192; x_wconf 88' lang='lat' dir='ltr'><strong>est</strong></span> <span class='ocrx_word' id='word_1_770' title='bbox 1251 2163 1334 2199; x_wconf 91' lang='lat' dir='ltr'><strong>quod,</strong></span> <span class='ocrx_word' id='word_1_771' title='bbox 1350 2164 1435 2191; x_wconf 84' lang='lat' dir='ltr'><strong>altero</strong></span> <span class='ocrx_word' id='word_1_772' title='bbox 1446 2164 1639 2199; x_wconf 62' lang='lat' dir='ltr'><strong>praetermisso,</strong></span> <span class='ocrx_word' id='word_1_773' title='bbox 1651 2164 1732 2191; x_wconf 88' lang='lat' dir='ltr'><strong>unius</strong></span> 
     </span>
    </p>
   </div>
   <div class='ocr_carea' id='block_1_101' title="bbox 910 2206 1732 2244">
    <p class='ocr_par' dir='ltr' id='par_1_101' title="bbox 910 2206 1732 2244">
     <span class='ocr_line' id='line_1_101' title="bbox 910 2206 1732 2244; baseline 0.004 -10"><span class='ocrx_word' id='word_1_774' title='bbox 910 2206 931 2234; x_wconf 88' lang='lat' dir='ltr'><strong>D</strong></span> <span class='ocrx_word' id='word_1_775' title='bbox 947 2210 1081 2238; x_wconf 85' lang='lat' dir='ltr'><strong>duntaxat</strong></span> <span class='ocrx_word' id='word_1_776' title='bbox 1108 2209 1198 2238; x_wconf 86' lang='lat' dir='ltr'><strong>Lucas</strong></span> <span class='ocrx_word' id='word_1_777' title='bbox 1223 2209 1359 2242; x_wconf 89' lang='lat' dir='ltr'><strong>meminit,</strong></span> <span class='ocrx_word' id='word_1_778' title='bbox 1385 2210 1432 2244; x_wconf 93' lang='lat' dir='ltr'><strong>qui</strong></span> <span class='ocrx_word' id='word_1_779' title='bbox 1455 2214 1586 2236; x_wconf 67' lang='lat' dir='ltr'><strong>castorum</strong></span> <span class='ocrx_word' id='word_1_780' title='bbox 1601 2209 1629 2236; x_wconf 90' lang='lat' dir='ltr'><strong>in</strong></span> <span class='ocrx_word' id='word_1_781' title='bbox 1649 2217 1732 2244; x_wconf 79' lang='lat' dir='ltr'><strong>regno</strong></span> 
     </span>
    </p>
   </div>
   <div class='ocr_carea' id='block_1_102' title="bbox 947 2254 1732 2290">
    <p class='ocr_par' dir='ltr' id='par_1_102' title="bbox 947 2254 1732 2290">
     <span class='ocr_line' id='line_1_102' title="bbox 947 2254 1732 2290; baseline 0 -8"><span class='ocrx_word' id='word_1_782' title='bbox 947 2255 1148 2290; x_wconf 83' lang='lat' dir='ltr'><strong>perseveravit;</strong></span> <span class='ocrx_word' id='word_1_783' title='bbox 1175 2263 1266 2290; x_wconf 89' lang='lat' dir='ltr'><strong>neque</strong></span> <span class='ocrx_word' id='word_1_784' title='bbox 1288 2255 1438 2290; x_wconf 85' lang='lat' dir='ltr'><strong>quidquam</strong></span> <span class='ocrx_word' id='word_1_785' title='bbox 1465 2255 1548 2282; x_wconf 85' lang='lat' dir='ltr'><strong>habet</strong></span> <span class='ocrx_word' id='word_1_786' title='bbox 1563 2255 1597 2282; x_wconf 91' lang='lat' dir='ltr'><strong>ad</strong></span> <span class='ocrx_word' id='word_1_787' title='bbox 1624 2254 1732 2283; x_wconf 85' lang='lat' dir='ltr'><strong>investi-</strong></span> 
     </span>
    </p>
   </div>
   <div class='ocr_carea' id='block_1_103' title="bbox 945 2298 1584 2336">
    <p class='ocr_par' dir='ltr' id='par_1_103' title="bbox 945 2298 1584 2336">
     <span class='ocr_line' id='line_1_103' title="bbox 945 2298 1584 2336; baseline -0.003 -9"><span class='ocrx_word' id='word_1_788' title='bbox 945 2300 1060 2336; x_wconf 84' lang='lat' dir='ltr'><strong>gandam</strong></span> <span class='ocrx_word' id='word_1_789' title='bbox 1079 2300 1222 2328; x_wconf 84' lang='lat' dir='ltr'><strong>veritatem</strong></span> <span class='ocrx_word' id='word_1_790' title='bbox 1238 2301 1372 2327; x_wconf 87' lang='lat' dir='ltr'><strong>absonum</strong></span> <span class='ocrx_word' id='word_1_791' title='bbox 1388 2306 1420 2326; x_wconf 89' lang='lat' dir='ltr'><strong>ac</strong></span> <span class='ocrx_word' id='word_1_792' title='bbox 1435 2298 1584 2326; x_wconf 87' lang='lat' dir='ltr'><strong>diversum.</strong></span> 
     </span>
    </p>
   </div>
   <div class='ocr_carea' id='block_1_104' title="bbox 980 2344 1730 2381">
    <p class='ocr_par' dir='ltr' id='par_1_104' title="bbox 980 2344 1730 2381">
     <span class='ocr_line' id='line_1_104' title="bbox 980 2344 1730 2381; baseline 0 -9"><span class='ocrx_word' id='word_1_793' title='bbox 980 2345 1045 2372; x_wconf 75' lang='lat' dir='ltr'><strong>XLI.</strong></span> <span class='ocrx_word' id='word_1_794' title='bbox 1065 2345 1121 2373; x_wconf 84' lang='lat' dir='ltr'><strong>Nec</strong></span> <span class='ocrx_word' id='word_1_795' title='bbox 1144 2345 1287 2373; x_wconf 86' lang='lat' dir='ltr'><strong>dissimilis</strong></span> <span class='ocrx_word' id='word_1_796' title='bbox 1312 2345 1376 2372; x_wconf 88' lang='lat' dir='ltr'><strong>huic</strong></span> <span class='ocrx_word' id='word_1_797' title='bbox 1398 2345 1432 2372; x_wconf 92' lang='lat' dir='ltr'><strong>de</strong></span> <span class='ocrx_word' id='word_1_798' title='bbox 1453 2352 1508 2380; x_wconf 92' lang='lat' dir='ltr'><strong>quo</strong></span> <span class='ocrx_word' id='word_1_799' title='bbox 1526 2344 1631 2380; x_wconf 81' lang='lat' dir='ltr'><strong>agimus</strong></span> <span class='ocrx_word' id='word_1_800' title='bbox 1648 2352 1730 2381; x_wconf 84' lang='lat' dir='ltr'><strong>argu-</strong></span> 
     </span>
    </p>
   </div>
   <div class='ocr_carea' id='block_1_105' title="bbox 943 2390 1730 2426">
    <p class='ocr_par' dir='ltr' id='par_1_105' title="bbox 943 2390 1730 2426">
     <span class='ocr_line' id='line_1_105' title="bbox 943 2390 1730 2426; baseline 0 -7"><span class='ocrx_word' id='word_1_801' title='bbox 943 2391 1027 2419; x_wconf 87' lang='lat' dir='ltr'><strong>menti</strong></span> <span class='ocrx_word' id='word_1_802' title='bbox 1046 2395 1100 2424; x_wconf 88' lang='lat' dir='ltr'><strong>est,</strong></span> <span class='ocrx_word' id='word_1_803' title='bbox 1123 2391 1195 2426; x_wconf 90' lang='lat' dir='ltr'><strong>quod</strong></span> <span class='ocrx_word' id='word_1_804' title='bbox 1219 2391 1246 2417; x_wconf 90' lang='lat' dir='ltr'><strong>in</strong></span> <span class='ocrx_word' id='word_1_805' title='bbox 1264 2390 1410 2425; x_wconf 78' lang='lat' dir='ltr'><strong>Evangelia</strong></span> <span class='ocrx_word' id='word_1_806' title='bbox 1429 2396 1566 2423; x_wconf 84' lang='lat' dir='ltr'><strong>narratur,</strong></span> <span class='ocrx_word' id='word_1_807' title='bbox 1585 2395 1679 2426; x_wconf 91' lang='lat' dir='ltr'><strong>utpote</strong></span> <span class='ocrx_word' id='word_1_808' title='bbox 1695 2391 1730 2419; x_wconf 85' lang='lat' dir='ltr'><strong>ab</strong></span> 
     </span>
    </p>
   </div>
   <div class='ocr_carea' id='block_1_106' title="bbox 947 2435 1730 2471">
    <p class='ocr_par' dir='ltr' id='par_1_106' title="bbox 947 2435 1730 2471">
     <span class='ocr_line' id='line_1_106' title="bbox 947 2435 1730 2471; baseline 0 -8"><span class='ocrx_word' id='word_1_809' title='bbox 947 2435 1042 2464; x_wconf 87' lang='lat' dir='ltr'><strong>eodem</strong></span> <span class='ocrx_word' id='word_1_810' title='bbox 1067 2439 1177 2463; x_wconf 84' lang='lat' dir='ltr'><strong>auctore</strong></span> <span class='ocrx_word' id='word_1_811' title='bbox 1193 2435 1325 2470; x_wconf 81' lang='lat' dir='ltr'><strong>proiecto.</strong></span> <span class='ocrx_word' id='word_1_812' title='bbox 1344 2435 1441 2464; x_wconf 87' lang='lat' dir='ltr'><strong>Decem</strong></span> <span class='ocrx_word' id='word_1_813' title='bbox 1458 2436 1581 2471; x_wconf 84' lang='lat' dir='ltr'><strong>leprosos</strong></span> <span class='ocrx_word' id='word_1_814' title='bbox 1601 2435 1730 2463; x_wconf 90' lang='lat' dir='ltr'><strong>Dominus</strong></span> 
     </span>
    </p>
   </div>
   <div class='ocr_carea' id='block_1_107' title="bbox 947 2481 1729 2518">
    <p class='ocr_par' dir='ltr' id='par_1_107' title="bbox 947 2481 1729 2518">
     <span class='ocr_line' id='line_1_107' title="bbox 947 2481 1729 2518; baseline 0 -10"><span class='ocrx_word' id='word_1_815' title='bbox 947 2481 1029 2518; x_wconf 59' lang='lat'><strong>655</strong></span> <span class='ocrx_word' id='word_1_816' title='bbox 1051 2485 1224 2517; x_wconf 77' lang='lat' dir='ltr'><strong>purgaverat,</strong></span> <span class='ocrx_word' id='word_1_817' title='bbox 1252 2489 1266 2508; x_wconf 89' lang='lat' dir='ltr'><strong>e</strong></span> <span class='ocrx_word' id='word_1_818' title='bbox 1283 2481 1383 2516; x_wconf 87' lang='lat' dir='ltr'><strong>quibus</strong></span> <span class='ocrx_word' id='word_1_819' title='bbox 1404 2489 1501 2509; x_wconf 85' lang='lat' dir='ltr'><strong>novem</strong></span> <span class='ocrx_word' id='word_1_820' title='bbox 1522 2481 1654 2509; x_wconf 86' lang='lat' dir='ltr'><strong>abeuntes</strong></span> <span class='ocrx_word' id='word_1_821' title='bbox 1675 2489 1729 2509; x_wconf 92' lang='lat' dir='ltr'><strong>non</strong></span> 
     </span>
    </p>
   </div>
   <div class='ocr_carea' id='block_1_108' title="bbox 948 2526 1731 2562">
    <p class='ocr_par' dir='ltr' id='par_1_108' title="bbox 948 2526 1731 2562">
     <span class='ocr_line' id='line_1_108' title="bbox 948 2526 1731 2562; baseline -0.003 -8"><span class='ocrx_word' id='word_1_822' title='bbox 948 2527 1082 2554; x_wconf 86' lang='lat' dir='ltr'><strong>dederunt</strong></span> <span class='ocrx_word' id='word_1_823' title='bbox 1098 2527 1213 2562; x_wconf 83' lang='lat' dir='ltr'><strong>gloriam</strong></span> <span class='ocrx_word' id='word_1_824' title='bbox 1232 2526 1296 2558; x_wconf 88' lang='lat' dir='ltr'><strong>Dco,</strong></span> <span class='ocrx_word' id='word_1_825' title='bbox 1314 2534 1385 2554; x_wconf 91' lang='lat' dir='ltr'><strong>unus</strong></span> <span class='ocrx_word' id='word_1_826' title='bbox 1398 2526 1531 2555; x_wconf 86' lang='lat' dir='ltr'><strong>duntaxat</strong></span> <span class='ocrx_word' id='word_1_827' title='bbox 1546 2527 1654 2554; x_wconf 87' lang='lat' dir='ltr'><strong>rediens</strong></span> <span class='ocrx_word' id='word_1_828' title='bbox 1669 2534 1731 2561; x_wconf 89' lang='lat' dir='ltr'><strong>per-</strong></span> 
     </span>
    </p>
   </div>
   <div class='ocr_carea' id='block_1_109' title="bbox 949 2572 1728 2608">
    <p class='ocr_par' dir='ltr' id='par_1_109' title="bbox 949 2572 1728 2608">
     <span class='ocr_line' id='line_1_109' title="bbox 949 2572 1728 2608; baseline -0.003 -8"><span class='ocrx_word' id='word_1_829' title='bbox 949 2574 1059 2605; x_wconf 88' lang='lat' dir='ltr'><strong>mansit,</strong></span> <span class='ocrx_word' id='word_1_830' title='bbox 1084 2574 1130 2608; x_wconf 93' lang='lat' dir='ltr'><strong>qui</strong></span> <span class='ocrx_word' id='word_1_831' title='bbox 1144 2581 1159 2600; x_wconf 91' lang='lat' dir='ltr'><strong>a</strong></span> <span class='ocrx_word' id='word_1_832' title='bbox 1173 2573 1289 2601; x_wconf 87' lang='lat' dir='ltr'><strong>Domino</strong></span> <span class='ocrx_word' id='word_1_833' title='bbox 1305 2577 1448 2608; x_wconf 85' lang='lat' dir='ltr'><strong>propterea</strong></span> <span class='ocrx_word' id='word_1_834' title='bbox 1465 2572 1670 2601; x_wconf 86' lang='lat' dir='ltr'><strong>commendatur</strong></span> <span class='ocrx_word' id='word_1_835' title='bbox 1685 2572 1728 2599; x_wconf 90' lang='lat' dir='ltr'><strong>his</strong></span> 
     </span>
    </p>
   </div>
   <div class='ocr_carea' id='block_1_110' title="bbox 949 2617 1730 2653">
    <p class='ocr_par' dir='ltr' id='par_1_110' title="bbox 949 2617 1730 2653">
     <span class='ocr_line' id='line_1_110' title="bbox 949 2617 1730 2653; baseline -0.006 -7"><span class='ocrx_word' id='word_1_836' title='bbox 949 2619 1038 2646; x_wconf 78' lang='lat' dir='ltr'><strong>verbis</strong></span> <span class='ocrx_word' id='word_1_837' title='bbox 1052 2628 1059 2646; x_wconf 71' lang='grc' dir='ltr'>ε</span> <span class='ocrx_word' id='word_1_838' title='bbox 1073 2618 1167 2646; x_wconf 78' lang='lat' dir='ltr'><strong>Decem</strong></span> <span class='ocrx_word' id='word_1_839' title='bbox 1187 2619 1283 2653; x_wconf 77' lang='lat' dir='ltr'><strong>leprosi</strong></span> <span class='ocrx_word' id='word_1_840' title='bbox 1296 2617 1416 2645; x_wconf 71' lang='lat' dir='ltr'><strong>mandati</strong></span> <span class='ocrx_word' id='word_1_841' title='bbox 1434 2622 1508 2645; x_wconf 82' lang='lat' dir='ltr'><strong>sunt.</strong></span> <span class='ocrx_word' id='word_1_842' title='bbox 1535 2617 1590 2646; x_wconf 83' lang='lat' dir='ltr'><strong>Cur</strong></span> <span class='ocrx_word' id='word_1_843' title='bbox 1608 2625 1682 2644; x_wconf 79' lang='lat' dir='ltr'><strong>nemo</strong></span> <span class='ocrx_word' id='word_1_844' title='bbox 1696 2623 1730 2642; x_wconf 78' lang='lat' dir='ltr'><strong>ea:</strong></span> 
     </span>
    </p>
   </div>
   <div class='ocr_carea' id='block_1_111' title="bbox 1271 2704 1727 2738">
    <p class='ocr_par' dir='ltr' id='par_1_111' title="bbox 1271 2704 1727 2738">
     <span class='ocr_line' id='line_1_111' title="bbox 1271 2704 1727 2738; baseline -0.009 -4"><span class='ocrx_word' id='word_1_845' title='bbox 1271 2708 1282 2723; x_wconf 80' lang='grc'><strong>⁸</strong></span> <span class='ocrx_word' id='word_1_846' title='bbox 1298 2706 1363 2734; x_wconf 91' lang='lat' dir='ltr'><strong>Luc.</strong></span> <span class='ocrx_word' id='word_1_847' title='bbox 1384 2714 1440 2738; x_wconf 86' lang='lat' dir='ltr'>VIII,</span> <span class='ocrx_word' id='word_1_848' title='bbox 1455 2706 1499 2732; x_wconf 77' lang='grc'><strong>27.</strong></span> <span class='ocrx_word' id='word_1_849' title='bbox 1536 2705 1547 2720; x_wconf 86' lang='grc'>⁶</span> <span class='ocrx_word' id='word_1_850' title='bbox 1565 2704 1630 2731; x_wconf 90' lang='lat' dir='ltr'><strong>Luc.</strong></span> <span class='ocrx_word' id='word_1_851' title='bbox 1647 2710 1727 2736; x_wconf 89' lang='lat' dir='ltr'><strong>xxttt,</strong></span> 
     </span>
    </p>
   </div>
   <div class='ocr_carea' id='block_1_112' title="bbox 947 2815 1730 2852">
    <p class='ocr_par' dir='ltr' id='par_1_112' title="bbox 947 2815 1730 2852">
     <span class='ocr_line' id='line_1_112' title="bbox 947 2815 1730 2852; baseline -0.006 -5"><span class='ocrx_word' id='word_1_852' title='bbox 947 2828 1010 2848; x_wconf 89' lang='lat' dir='ltr'><strong>eum</strong></span> <span class='ocrx_word' id='word_1_853' title='bbox 1036 2820 1227 2848; x_wconf 81' lang='lat' dir='ltr'><strong>tantummodo</strong></span> <span class='ocrx_word' id='word_1_854' title='bbox 1253 2817 1512 2849; x_wconf 83' lang='lat' dir='ltr'><strong>commemornverit,</strong></span> <span class='ocrx_word' id='word_1_855' title='bbox 1540 2816 1587 2852; x_wconf 84' lang='lat' dir='ltr'><strong>qui</strong></span> <span class='ocrx_word' id='word_1_856' title='bbox 1611 2815 1645 2844; x_wconf 82' lang='lat' dir='ltr'><strong>ab</strong></span> <span class='ocrx_word' id='word_1_857' title='bbox 1668 2823 1730 2843; x_wconf 84' lang='lat' dir='ltr'><strong>mo-</strong></span> 
     </span>
    </p>
   </div>
   <div class='ocr_carea' id='block_1_113' title="bbox 946 2855 1442 2889">
    <p class='ocr_par' dir='ltr' id='par_1_113' title="bbox 946 2855 1442 2889">
     <span class='ocr_line' id='line_1_113' title="bbox 946 2855 1442 2889; baseline -0.006 -6"><span class='ocrx_word' id='word_1_858' title='bbox 946 2855 1050 2886; x_wconf 85' lang='lat' dir='ltr'><strong>lcstiori</strong></span> <span class='ocrx_word' id='word_1_859' title='bbox 1065 2860 1137 2886; x_wconf 74' lang='lat' dir='ltr'><strong>esset</strong></span> <span class='ocrx_word' id='word_1_860' title='bbox 1153 2855 1275 2883; x_wconf 67' lang='lat' dir='ltr'><strong>daemone</strong></span> <span class='ocrx_word' id='word_1_861' title='bbox 1290 2857 1442 2889; x_wconf 81' lang='lat' dir='ltr'><strong>correptus.</strong></span> 
     </span>
    </p>
   </div>
  </div>
