1939 3036
203 123 235 151 9|
907 124 935 152 S.
955 125 1122 154 EPII‘HANII
1783 126 1824 155 93

203 179 235 206 iis
256 187 374 207 ret-crsu;
388 185 439 212 est,
453 180 584 215 quiaaret
603 180 718 215 gloriam
737 179 802 212 Deo,
833 181 884 207 nisi
911 181 983 208 solus

1036 181 1128 214 δόξαν
1148 182 1188 215 τῷ
1207 181 1278 216 Θεῷ,
1294 181 1374 210 ἀλλὰ
1386 182 1480 216 μόνος
1496 177 1586 212 οὗτος
1602 181 1618 206 ὁ
1634 180 1821 216 Morem?“

201 224 243 251 hic
262 225 448 260 alienigena‘?
467 225 562 253 Viden‘
580 230 610 253 ut
624 226 659 253 ob
671 225 730 260 ejus
748 230 854 261 gratum
867 227 988 253 animum

203 276 235 296 ac
264 268 388 298 beneﬁcii
413 271 594 302 sentientem,
622 277 676 297 non
700 270 806 304 decem,
829 270 877 298 sed
907 271 987 298 unius

202 315 375 342 meminerit?
403 315 461 348 Qua
502 316 605 344 ratione
636 319 662 344 et
686 315 753 343 illud
784 315 986 351 intelligendum

201 365 254 394 est,
273 362 345 396 quod
367 362 400 390 de
422 362 575 390 latronibus
590 362 756 397 evangelista
777 367 985 390 commemorat.

203 407 331 434 Solemus
357 407 430 434 enim
463 408 611 442 singularia
647 415 842 443 nonnunquam
874 416 987 436 numero

202 452 385 480 multitudinis
402 452 507 485 eﬂ'erre,
531 457 559 481 et
579 457 673 481 contra
696 454 810 488 pluralia
834 453 985 488 singulari;

201 498 273 523 velut
299 504 360 523 cum
378 497 494 524 dicimus
509 507 516 524 :
533 497 709 525 Narravimus
728 498 815 530 vobis,
827 503 853 524 et
870 498 986 526 vidimus

203 548 263 573 vos,
276 546 302 568 et
320 542 443 570 venimus
465 542 498 569 ad
516 550 582 576 vos;
606 551 666 570 eum
692 543 799 570 interim
823 551 876 570 non
897 544 987 578 plures

201 585 267 615 sint.
284 586 331 612 sed
349 595 420 614 unus
435 587 567 614 duntaxat
584 589 629 623 qui
648 589 777 623 loquitur.
801 588 898 616 Verum
913 598 984 618 unus

201 632 342 658 communi
372 633 497 667 loquendi
521 634 718 661 consuetudine
736 643 768 661 ex
790 635 907 669 plurium
926 643 987 669 per-

201 681 267 700 sona
291 683 442 703 sermonem
468 677 595 704 instituit.
623 678 668 704 Sic
690 679 726 705 ab
743 686 797 705 uno
819 679 986 714 evangelista

203 719 315 752 pluralis
339 726 488 756 usurpatus
505 726 546 749 est
562 731 692 750 numerus
706 732 714 756 ;
733 723 802 750 alter
822 732 886 751 vero
902 732 986 751 unum

201 773 215 789 e
230 764 383 793 latrantibus
397 767 424 793 in
439 767 579 794 Christum
601 768 762 795 maledicum
787 769 872 796 fuisse
888 769 984 802 docet;

202 808 314 835 alterum
344 818 408 837 Vero
431 812 601 844 confessum,
627 819 658 839 ac
676 813 790 840 salutem
814 814 898 842 fuisse
918 822 986 842 cou-

1038 229 1093 256 Καὶ
1107 229 1184 264 ὁρᾷς,
1201 228 1242 255 ὅτι
1264 228 1308 255 διὰ
1329 227 1361 255 τὸ
1383 226 1543 260 εὐαίσθητον
1557 225 1604 252 καὶ
1617 225 1666 260 τῆς
1681 226 1823 261 εὐγνωμο-

1038 273 1120 308 σύνης
1138 273 1218 308 ἔργον
1237 272 1285 299 τοῦ
1305 271 1365 303 ἑνὸς
1386 271 1446 298 ἀντὶ
1472 270 1526 297 τῶν
1551 269 1616 296 δέκα
1644 269 1821 305 μνημονεύει.

1043 318 1177 350 Ὡσαύτως
1191 317 1219 344 δὲ
1232 317 1325 352 ἐπειδὴ
1337 318 1352 344 ὁ
1368 314 1407 348 εἷς
1425 315 1619 351 εὐαγγελιστὴς
1633 315 1698 349 περὶ
1713 315 1824 352 λῃστῶν

1036 363 1248 398 ἐμνημόνευσεν.
1266 362 1407 397 Εἰώθαμεν
1423 362 1478 396 γὰρ
1495 361 1529 388 τὰ
1550 361 1628 387 ἑνικὰ
1650 359 1822 395 πληθυντικὰ

1035 408 1135 442 λέγειν,
1150 408 1244 435 καὶτὰ
1261 407 1430 444 πληθυντικὰ
1443 407 1530 434 ἑνικά.
1547 407 1689 441 Φάσκομεν
1698 405 1763 440 γὰρ,
1779 406 1822 432 ὅττι

1037 453 1229 489 Διηγησάμεθα
1247 454 1321 488 ὑμῖν,
1346 453 1392 480 καὶ
1418 453 1523 487 εἴδομεν
1541 452 1623 487 ὑμᾶς,
1646 451 1692 478 καὶ
1715 451 1822 486 ἥκομεν

1036 499 1104 534 πρὸς
1129 500 1211 534 ὑμᾶς,
1237 499 1293 525 Καὶ
1320 499 1350 525 οὐ
1373 498 1419 525 δύο
1447 499 1473 524 at
1486 498 1621 532 λέγοντες,
1647 496 1715 523 ἀλλὰ
1734 493 1775 528 εἷς
1807 496 1823 522 ὀ

1037 545 1141 580 παρών.
1161 545 1191 571 '0
1204 545 1233 571 δὲ
1247 542 1286 576 εἷς
1301 544 1370 571 κατὰ
1394 544 1443 580 τὴν
1459 543 1603 578 συνήθειαν
1627 544 1676 578 τῆς
1695 543 1823 578 χρήσεως

1036 589 1068 615 ὲκ
1087 588 1232 624 προσώπου
1256 588 1359 616 πολλῶν
1375 588 1561 624 πληθυντικῶς
1574 587 1714 623 διηγεῖται.
1741 587 1824 614 Οὕτω

1036 634 1224 670 πληθυντικῶς
1250 635 1423 670 περιείληφεν
1441 635 1458 670 ἡ
1473 633 1520 660 τοῦ
1540 633 1704 668 Εὐαγγελίου
1727 626 1823 659 findo;-

1037 689 1088 711 σις.
1109 680 1138 706 ’0
1149 680 1177 706 δὲ
1189 680 1282 715 ἕτερος
1293 680 1435 715 διηγεῖται,
1449 679 1491 705 ὃτι
1504 675 1543 710 εἷς
1559 678 1608 714 μὲν
1621 676 1655 713 ἦν
1669 679 1683 704 ὁ
1699 677 1823 712 βλάσςρη-

1038 734 1096 760 μος,
1112 725 1126 751 ὁ
1138 725 1167 752 δὲ
1182 722 1222 756 εἷς
1235 724 1428 760 ἐξωμολογεῖτο
1447 725 1494 751 καὶ
1514 724 1592 759 ἔτυχε
1607 724 1752 760 σωτηρίας.
1766 724 1823 751 Καὶ

1035 771 1110 805 ὁρᾷς,
1124 770 1162 800 ὡς
1180 769 1269 796 πάντα
1278 769 1311 796 τὰ
1323 770 1372 804 τῆς
1389 769 1517 804 ἀληθείας
1531 769 1605 804 σαφῆ
1625 770 1753 804 ὑπάρχει,
1771 770 1822 795 καὶ

1035 816 1110 842 οὐδὲν
1134 816 1253 842 ἐναντίον
1276 817 1304 842 ὲν
1326 817 1359 851 τῇ
1382 816 1487 851 Γραφῇ.
1511 815 1590 841 Ἀλλὰ
1616 815 1704 842 πάντα
1732 814 1822 841 ταῦτα

202 859 335 882 secutum.
350 856 562 888 Animadvertis,
581 858 687 892 opinor,
701 866 781 893 quant
797 864 890 894 aperta
910 861 944 886 sit
958 860 985 887 in

1036 863 1085 896 τὴν
1114 862 1134 888 Γ
1137 862 1225 897 ραφὴν
1248 862 1391 894 διεξιόντες
1415 862 1455 893 είς
1480 861 1580 893 πλάτος
1603 861 1761 896 ὴλάσαμεν,
1783 861 1823 891 ὡς

200 900 328 928 omnibus
353 902 465 935 veritas,
496 911 584 938 neque
609 904 757 939 quidquam
790 905 827 932 sit
855 905 882 931 in
910 905 983 932 Seri-

200 948 278 978 ptura
312 947 478 974 contrarium
509 956 542 975 ac
579 957 740 984 repugnans.
773 950 872 978 Verum
899 951 984 978 enitit-

201 997 265 1016 vero
278 989 342 1017 dum
361 992 417 1019 haec
433 1001 447 1020 e
466 993 615 1029 Scripturis
627 995 785 1030 deprompta
807 996 888 1023 latius
901 1004 984 1031 expo-

202 1035 302 1068 nimus,
327 1037 435 1073 longius
454 1044 496 1066 est
510 1047 525 1066 a
538 1040 617 1068 nobis
632 1048 722 1068 sermo
738 1042 870 1076 prolatus.
892 1041 984 1075 Quan-

1035 905 1122 942 οἶμαι,
1145 907 1193 934 τοῦ
1208 907 1288 941 λόγου
1302 907 1332 934 τδ
1344 907 1475 942 διήγημα.
1490 907 1545 934 Καὶ
1564 907 1669 941 γένοιτο
1682 907 1731 942 μὲν
1747 907 1823 942 ἡμᾶς

1035 953 1150 988 κάμνειν
1162 953 1201 988 τῷ
1216 953 1312 980 πλάτει
1325 953 1372 979 τοῦ
1388 953 1479 987 λόγου,
1493 953 1614 988 ἐλέγχειν
1627 953 1655 980 δὲ
1673 954 1735 984 τοὺς
1750 954 1824 979 κατὰ

1034 999 1085 1033 τῆς
1100 997 1237 1033 ἀληθείας,
1263 997 1418 1033 εὐφραίνειν
1439 998 1467 1025 δὲ
1484 998 1547 1030 τοὺς
1561 999 1635 1030 νίοὺς
1659 997 1759 1034 ταύτης
1777 997 1824 1024 διὰ

1035 1043 1088 1070 τῶν
1104 1043 1156 1077 τῆς
1167 1042 1296 1077 ἀληθείας
1310 1042 1442 1078 ἰατρικῶν
1457 1042 1626 1078 φαρμάκωνι

199 1090 279 1117 quam
303 1085 381 1112 velim
406 1085 531 1121 equidem
547 1087 575 1114 in
592 1087 766 1122 producenda
791 1088 898 1124 longius
925 1090 1050 1117 oratione
1077 1090 1211 1123 laborare,
1228 1090 1294 1118 dum
1319 1093 1347 1117 et
1364 1089 1489 1118 veritatis
1522 1090 1616 1118 hostes
1649 1089 1822 1121 refellantur.

199 1133 225 1156 et
242 1129 364 1164 ejusdem
379 1131 426 1158 ﬁlii
445 1132 567 1160 veritatis
582 1132 788 1161 medicamentis
804 1141 836 1161 ac
855 1134 984 1161 remediis
1001 1135 1181 1162 delectentur.

236 1176 315 1204 XLII.
336 1177 412 1205 Nunc
425 1179 600 1207 circulatoris
619 1180 692 1208 illius
711 1181 815 1215 reliqua
832 1181 983 1209 videamus.

203 1220 259 1248 Duo
271 1222 445 1250 Testamenta
461 1224 513 1252 sibi
533 1225 648 1252 invicem
663 1233 725 1253 esse
739 1227 876 1253 contraria
891 1227 986 1254 delen-

201 1265 252 1297 dit,
269 1274 301 1292 ae
325 1266 409 1294 Deum
435 1268 522 1301 illum,
546 1270 592 1304 qui
619 1270 647 1296 in
669 1271 727 1305 lege
750 1271 786 1298 sit
813 1271 932 1304 locutus,
951 1271 986 1299 ab

202 1311 339 1346 Evangelii
371 1317 483 1341 auctore
509 1314 658 1343 diversum.
689 1316 805 1344 Proinde
835 1317 986 1353 principem

202 1357 276 1384 illum
299 1359 434 1394 appellat;
463 1360 536 1388 hunc
557 1368 622 1389 vero
641 1361 760 1394 Patrem,
777 1352 936 1394 adFiliumi
956 1367 984 1390 et

200 1402 310 1438 qui-lem
330 1403 436 1432 Patrem
460 1405 561 1433 bonum
581 1406 664 1434 Deum
679 1415 758 1435 suum
776 1407 910 1435 nominat.
927 1407 983 1435 Uti-

201 1455 265 1474 nam
280 1456 342 1476 vere
368 1457 447 1477 suum
468 1458 530 1478 esse
550 1451 682 1485 dixisset,
709 1460 759 1480 nec
776 1460 869 1480 errore
898 1453 983 1480 falsus

1069 1183 1136 1210 MB’.
1162 1180 1231 1209 Εἶτα
1248 1181 1330 1208 πάλιν
1345 1182 1445 1216 ῐδωμεν
1460 1181 1493 1208 τὰ
1508 1181 1591 1217 ἕτερα
1612 1181 1659 1208 τοῦ
1682 1181 1802 1216 ἀγύρτου
1813 1189 1822 1197 υ

1035 1227 1133 1262 φάσκει
1153 1227 1207 1262 γὰρ
1221 1227 1269 1258 τὰς
1283 1226 1329 1253 δύο
1352 1227 1488 1262 Διαθήκσς
1503 1226 1628 1258 ἐναντίας
1650 1225 1717 1261 πρὸς
1739 1225 1823 1260 ἀλλή-

1033 1272 1094 1304 λας,
1110 1272 1156 1299 καὶ
1173 1272 1218 1298 τὸν
1231 1272 1296 1298 Θεὸν
1312 1272 1357 1298 τὸν
1369 1272 1523 1307 λαλήσαντα
1538 1272 1569 1297 ὲν
1585 1271 1624 1306 τῷ
1636 1271 1710 1306 νόμῳ
1728 1270 1822 1305 ἕτερον

1033 1317 1099 1343 ὄντα
1119 1317 1194 1352 παρὰ
1208 1317 1255 1343 τὸν
1273 1316 1339 1343 Θεὸν
1354 1316 1401 1343 τοῦ
1428 1316 1606 1350 Εὑαγγελίου.
1630 1315 1756 1350 Κὰκείνῳ
1771 1314 1824 1350 μὲν

1034 1361 1119 1397 ὖνομα
1144 1362 1272 1397 ἄρχοντος
1288 1362 1404 1397 τίθησιν,
1425 1359 1449 1396 ᾧ
1468 1362 1498 1388 δὲ
1519 1362 1587 1389 τὸν³
1610 1361 1685 1392 Υίδν,
1705 1361 1753 1388 καὶ
1775 1360 1824 1387 τὸν

1035 1407 1145 1443 Πατέρα
1169 1407 1272 1442 ἀγαυὸν
1292 1408 1359 1435 Θεὸν
1383 1408 1480 1434 ἑαυτοῦ
1502 1407 1587 1442 λέγει.
1611 1407 1665 1434 Καὶ
1686 1407 1741 1433 εἴθε
1755 1407 1823 1442 ἠλή-

1034 1453 1107 1484 θευε.
1123 1454 1170 1480 καὶ
1190 1454 1221 1480 οὐ
1236 1453 1417 1489 σφαλλόμενος
1432 1454 1494 1480 καθ’
1516 1453 1613 1480 ἑαυτοῦ
1628 1453 1799 1487 ἐϐλασφήμει
1812 1453 1820 1478 ι

202 1497 257 1520 tam
269 1495 484 1524 contumeliosas
506 1496 534 1523 in
554 1496 638 1524 Deum
655 1506 738 1526 voces
760 1498 788 1525 in
810 1506 888 1525 suum
903 1502 985 1532 caput

1036 1498 1080 1534 Τῷ
1094 1499 1122 1526 δὲ
1138 1499 1213 1535 αὐτῷ
1229 1499 1301 1535 λόγῳ
1315 1499 1363 1526 καὶ
1377 1499 1456 1526 αὐτοὶ
1467 1498 1682 1534 συμφωνοῦμεν·
1697 1499 1738 1526 ὅτι
1753 1499 1823 1532 ἁγα-

200 1539 302 1567 ederet.
318 1540 374 1568 Nos
402 1550 466 1569 vero
490 1543 524 1571 iis
545 1543 612 1579 ipsis
627 1544 661 1571 ab
676 1551 708 1571 eo
724 1544 806 1571 dictis
818 1544 984 1572 assentimur

203 1585 287 1617 ultro,
302 1585 384 1622 idque
398 1587 557 1622 profitemur
572 1597 579 1616 :
592 1588 660 1616 Boni
679 1588 769 1617 Patris
785 1589 884 1616 bonam
901 1589 984 1616 sobo-

202 1631 266 1664 lem.
279 1632 369 1660 lumen
393 1633 428 1660 de
446 1633 558 1667 lumine,
578 1633 664 1662 Deum
686 1633 720 1662 de
742 1633 809 1667 Deo,
832 1633 918 1662 Deum
940 1642 986 1662 ve-

201 1685 261 1706 rum
282 1679 317 1706 de
344 1678 400 1707 Deo
422 1687 499 1713 vero,
521 1680 556 1707 ad
579 1687 631 1708 nos
653 1680 780 1708 servandi
797 1681 883 1709 nostri
898 1681 984 1716 gratia

201 1726 319 1752 venisse.
342 1724 376 1752 1η
397 1726 507 1760 propria
529 1727 622 1761 quippe
633 1726 712 1758 venit,
730 1733 784 1754 non
800 1725 828 1753 in
842 1726 940 1758 aliena,
959 1731 985 1753 et

201 1772 242 1798 uti
259 1780 317 1798 eum
329 1781 381 1799 non
397 1778 557 1806 receperunt.
579 1772 714 1807 Quotquot
732 1777 817 1800 autem
836 1777 986 1808 receperunt

202 1818 288 1850 illum,
316 1817 388 1844 dedit
414 1818 450 1845 eis
473 1822 627 1852 potestatem
642 1818 711 1852 ﬁlios
724 1818 773 1845 Dei
788 1819 862 1853 fieri;
877 1819 922 1853 qui
935 1827 986 1845 non

201 1871 234 1891 ex
246 1863 383 1897 sanguine,
393 1870 472 1897 neque
486 1870 519 1890 ea:
533 1870 622 1895 carne,
640 1862 684 1890 sed
700 1869 733 1889 επ
751 1862 804 1890 Dea
817 1863 874 1890 nati
889 1867 949 1890 sunt
961 1863 983 1890 '.

202 1909 285 1944 Atqui
310 1916 390 1936 nemo
407 1908 466 1935 sine
484 1915 568 1935 carne
585 1912 612 1935 et
629 1908 763 1942 sanguin
778 1908 803 1934 in
820 1907 924 1935 mundo
939 1915 987 1935 na-

202 1959 248 1983 tus
267 1958 319 1987 est,
338 1953 384 1981 sed
401 1961 495 1980 omnes
511 1953 603 1979 carnis
623 1960 655 1979 ac
676 1952 819 1987 sanguinis
841 1952 988 1987 participes

204 2001 259 2027 nati
285 2003 359 2028 sunt.
383 1998 453 2031 Quid
476 1998 549 2025 enim
561 2002 640 2025 erant
655 1998 812 2032 priusquam
830 2005 891 2025 cum
905 2005 989 2026 carne

202 2048 285 2084 355
301 2045 493 2082 gignerentur?
512 2049 559 2072 aut
574 2045 641 2080 quid
655 2053 716 2072 esse
742 2046 801 2072 sine
825 2053 907 2073 carne
929 2053 989 2080 pos-

203 2093 322 2122 sumus?
340 2092 392 2120 Sed
406 2092 534 2127 quoniam
553 2091 672 2119 mundus
687 2099 702 2118 a
717 2091 772 2118 Deo
787 2091 875 2118 laetus
889 2095 941 2123 est,
961 2095 988 2120 et

203 2147 254 2167 nos
276 2139 311 2166 ab
329 2138 424 2166 eodem
440 2137 576 2172 procreati
601 2144 636 2164 ex
661 2141 803 2171 parentum
829 2141 983 2164 nostrorum

204 2191 290 2212 carne
299 2183 383 2219 geniti
397 2190 504 2215 sumus,
520 2181 596 2210 venit
614 2181 757 2214 Dominus,
772 2186 802 2209 ut
817 2189 868 2209 nos
883 2189 917 2210 ex
933 2181 987 2216 spi-

202 2230 256 2257 ritu
271 2234 299 2257 et
312 2229 375 2264 igne
391 2231 544 2263 generaret.
562 2226 652 2254 Geniti
667 2226 759 2261 itaque
774 2233 869 2254 sumus
885 2236 891 2253 :
906 2227 987 2261 idque

203 2277 291 2310 ipsum
308 2274 492 2302 certissimum
508 2276 570 2306 est;
598 2280 686 2308 neque
710 2273 854 2307 quisquam
872 2273 987 2307 primam

203 2321 277 2349 illam
302 2319 505 2355 generationem
531 2319 639 2353 eiurare
662 2323 762 2353 potest,
789 2322 836 2345 aut
852 2326 884 2346 ex
903 2326 987 2346 carne

203 2369 382 2401 propagatum
409 2371 439 2391 se
460 2371 521 2392 esse
544 2364 661 2393 diﬂiteri,
694 2364 771 2396 Quod
788 2364 822 2390 ad
838 2364 986 2392 secundam

201 2410 311 2446 quidem
336 2409 538 2444 generationem
563 2410 668 2440 attinet,
696 2418 749 2436 non
775 2417 835 2437 eam
854 2417 886 2436 ex
903 2416 985 2436 carne

203 2457 245 2484 vel
261 2455 394 2490 sanguine
423 2455 512 2482 sortiti
541 2462 644 2486 sumus,
673 2455 723 2482 hoc
747 2459 790 2482 est
812 2462 867 2482 non
886 2462 920 2482 ex
934 2462 984 2481 usu

203 2501 294 2528 carnis
309 2504 356 2527 aut
377 2500 519 2535 sanguinis
535 2500 707 2534 accepimus;
723 2507 815 2527 verum
835 2507 944 2526 carnem
959 2504 986 2527 et

203 2550 333 2577 animum,
359 2551 534 2580 posteaquam
559 2546 656 2580 spiritu
683 2546 765 2580 geniti
795 2553 901 2576 sumus,
930 2553 984 2572 non

202 2590 340 2618 carnalem
369 2591 486 2625 amplius
510 2590 652 2622 habemus,
679 2590 725 2617 sed
741 2590 852 2625 sanguis
863 2595 889 2617 et
907 2598 982 2621 caro,

202 2641 230 2664 et
258 2637 351 2663 anima
379 2636 494 2670 spiritali
524 2636 640 2670 quadam
669 2635 774 2662 ratione
805 2636 980 2670 Copulautur.

1034 1544 1080 1572 θοῦ
1093 1545 1199 1580 Πατρὺς
1214 1545 1244 1572 τὸ
1257 1545 1359 1579 ἀγαθὸν
1372 1545 1506 1580 γέννημα,
1520 1544 1578 1580 φῶς
1600 1545 1632 1571 ὲκ
1645 1545 1744 1579 φωτὸς,
1756 1544 1823 1575 Θεὸς

1034 1591 1067 1617 ὲκ
1085 1590 1165 1623 Θεοῦ,
1181 1591 1248 1622 Θεδς
1262 1590 1389 1626 ἀληθινὸς
1404 1591 1437 1618 ἐκ
1449 1590 1516 1618 Θεοῦ
1528 1590 1657 1626 ἀληθινοῦ
1669 1588 1736 1626 ἦλθε
1752 1590 1823 1625 πρὸς

1033 1636 1118 1671 ἡμᾶς,
1131 1635 1177 1663 ἵνα
1196 1636 1270 1671 ἡμᾶς
1293 1635 1379 1671 σώσῃ.
1403 1636 1453 1669 Εις
1469 1635 1506 1663 τὰ
1529 1635 1590 1662 ιδια
1603 1633 1688 1670 ἦλθε,
1706 1636 1753 1663 καὶ
1772 1635 1823 1662 οὐκ

1035 1681 1075 1713 εἰς
1099 1680 1134 1708 τὰ
1155 1681 1293 1716 ἀλλότρια,
1316 1682 1344 1708 οι
1365 1680 1434 1708 ιόιοι
1458 1680 1551 1708 αὑτὸν
1576 1681 1612 1708 οὐ
1637 1680 1819 1714 παρέλαϐον.

1036 1726 1123 1753 Ὅσοι
1142 1725 1176 1752 δὲ
1192 1725 1302 1753 ἔλαϐον
1314 1727 1420 1758 αὑτὸν,
1433 1725 1545 1753 ἔδωκεν
1560 1725 1664 1759 αὐτοῖς
1677 1725 1824 1758 ἐξουσίαν

1035 1771 1126 1799 τέκνα
1141 1772 1215 1799 Θεοῦ
1228 1771 1366 1806 γενέσθαι
1374 1780 1381 1787 ·
1398 1772 1426 1798 οἳ
1438 1773 1494 1799 οὐκ
1505 1772 1540 1804 ἐξ
1554 1772 1688 1806 αἵματος,
1703 1771 1775 1798 οὐδὲ
1787 1772 1824 1798 ἐκ

1035 1817 1159 1851 σαρκὸς,
1184 1817 1254 1845 ἀλλ’
1272 1817 1307 1844 ἐκ
1331 1817 1404 1844 Θεοῦ
1427 1817 1646 1852 ἐγεννήθησαν.
1669 1817 1766 1844 Καίτοι
1789 1824 1823 1851 γε

1035 1863 1123 1895 οὐδεὶς
1144 1864 1173 1890 ὲν
1189 1863 1229 1898 τῷ
1249 1863 1343 1898 κόσμῳ
1359 1863 1424 1891 ἄνευ
1445 1863 1545 1899 σαρκὸς
1561 1863 1691 1898 ἐγεννήθη
1715 1863 1764 1889 καὶ
1778 1863 1821 1890 αῖ-

1038 1917 1138 1944 ματος·
1162 1908 1231 1936 ἀλλὰ
1258 1909 1358 1942 πάντες
1383 1909 1492 1944 μέτοχοι
1517 1909 1615 1944 σαρκὸς
1638 1909 1684 1935 καὶ
1707 1908 1822 1943 αἵματος

1036 1955 1171 1990 γεγόνασι.
1192 1955 1224 1981 Τί
1239 1955 1292 1991 γὰρ
1310 1953 1390 1990 ἦσαν,
1412 1955 1508 1990 πρὶνῆ
1536 1956 1564 1982 ἑν
1589 1955 1670 1990 σαρκὶ
1686 1953 1822 1989 γεννηθῶ-

1038 2009 1095 2032 σιν;
1107 2000 1126 2035 ἦ
1143 2001 1170 2027 τί
1184 2000 1321 2036 δυνάμεθα
1336 1998 1407 2027 εἶναι
1421 2001 1485 2028 ἄνευ
1500 2001 1616 2036 σαρκός;
1641 1999 1749 2034 Ἐπειδὴ
1766 1999 1793 2026 δὲ
1808 2001 1821 2025 ὁ

1037 2045 1138 2080 κόσμος
1164 2046 1196 2072 ὲκ
1219 2045 1287 2072 Θεοῦ
1311 2045 1416 2079 γέγονε,
1436 2046 1484 2073 καὶ
1505 2046 1585 2081 ἡμεῖς
1608 2044 1765 2076 κτισθέντες
1789 2045 1822 2071 ἐκ

1039 2091 1139 2127 σαρκὸς
1159 2091 1209 2127 μέν
1223 2092 1307 2127 ἐσμεν
1326 2091 1518 2126 γεγεννημένοι
1533 2091 1658 2126 πατέρων
1675 2090 1721 2117 καὶ
1740 2090 1820 2125 μητέ-

1002 2161 1023 2188 D
1040 2145 1104 2172 ρων,
1125 2134 1208 2172 ἦλθεν
1226 2138 1240 2164 ό
1259 2137 1360 2172 Κύριος
1378 2137 1504 2172 γεννῆσαι
1521 2137 1594 2171 ἡμᾶς
1612 2136 1645 2163 ἐκ
1667 2135 1820 2170 πνεύματος

1037 2182 1083 2208 καὶ
1107 2182 1204 2218 πυρός.
1236 2182 1435 2217 Ἐγεννήθημεν
1455 2182 1525 2217 γάρ·
1552 2181 1598 2209 καὶ
1617 2181 1690 2208 ἐστιν
1705 2181 1818 2216 ἀληθές⁸

1037 2228 1085 2254 καὶ
1101 2228 1131 2254 οὐ
1148 2227 1258 2255 δύναταί
1272 2236 1314 2259 τις
1335 2227 1502 2263 ἀρνήσασθαι
1521 2227 1570 2263 τὴν
1598 2226 1709 2262 πρώτην
1725 2227 1820 2261 γέννη-

1036 2280 1088 2305 σιν,
1105 2272 1165 2298 οὐδὲ
1178 2272 1208 2298 τὸ
1221 2272 1253 2298 ἐκ
1263 2272 1363 2307 σαρκὸς
1375 2269 1454 2298 εἶναι.
1474 2272 1529 2307 Τὴν
1539 2272 1567 2298 δὲ
1578 2271 1708 2306 δευτέραν
1721 2271 1819 2306 γέννη-

1039 2326 1081 2344 σιν
1103 2317 1153 2344 oux
1175 2318 1208 2345 ἐκ
1227 2317 1327 2353 σαρκὸς
1352 2317 1548 2352 γεγεννήμεθα,
1562 2316 1622 2344 οὐδὲ
1647 2316 1677 2349 ὲξ
1694 2317 1818 2351 αἵματος,

1037 2363 1175 2391 τουτέστιν
1198 2364 1228 2391 οὐ
1250 2365 1282 2400 τῇ
1298 2364 1450 2399 ἀποχρήσει
1469 2363 1517 2398 τῆς
1537 2362 1636 2398 σαρκὸς
1657 2363 1818 2397 κεχρημένοι

1037 2408 1084 2435 καὶ
1101 2408 1148 2435 τοῦ
1163 2409 1288 2444 αἵματος,
1301 2409 1367 2436 ἀλλὰ
1385 2409 1473 2444 σάρκα
1485 2408 1531 2435 καὶ
1544 2407 1631 2443 ψυχὴν
1643 2409 1672 2434 ἐν
1685 2407 1818 2442 πνεύματι

1037 2454 1230 2490 γεγεννημένοι
1254 2455 1351 2490 μηκέτι
1374 2453 1507 2489 σαρκικὴν
1532 2452 1625 2486 οὖσαν,
1652 2453 1718 2480 ἀλλὰ
1739 2452 1817 2488 αἷμα.

1038 2501 1085 2528 καὶ
1106 2500 1197 2535 σάρκα.
1208 2520 1216 2532 ,
1233 2500 1279 2527 καὶ
1293 2500 1381 2536 ψυχὴν
1409 2498 1601 2535 πνευματικῶς
1627 2499 1816 2534 συνηνωμένα-

1037 2546 1176 2573 τουτέακτιν
1187 2545 1317 2573 Ἔδωκεν
1327 2545 1428 2579 αὐτοῖς
1438 2545 1583 2577 ἐξουσίαν
1594 2544 1685 2572 τέκνα
1693 2544 1767 2571 Θεοῦ
1776 2553 1818 2579 γε·

1035 2591 1150 2623 νέσθαι,
1162 2593 1218 2623 τοῖς
1231 2591 1426 2626 μεταϐάλλουσι
1439 2591 1487 2625 τὴν
1496 2591 1620 2625 γνώμην,
1634 2590 1679 2616 καὶ
1694 2590 1737 2616 διὰ
1757 2599 1818 2624 σαρ-

1036 2636 1093 2670 κὸς,
1106 2637 1153 2663 καὶ
1165 2636 1291 2671 αἵματος,
1305 2637 1351 2663 καὶ
1363 2637 1451 2671 ψυχῆς
1467 2636 1527 2670 Θεῴ
1542 2636 1767 2670 εὐαρεστήσασιν.

204 2683 292 2718 Atque
305 2682 370 2710 illud
386 2682 475 2717 ipsutn
490 2686 532 2709 est
557 2682 632 2716 quod
651 2681 751 2708 dicitur
766 2691 772 2709 :
790 2681 866 2708 Dedit
897 2683 934 2709 eis
959 2687 1114 2717 potestatem
1137 2683 1207 2717 ﬁlios
1227 2682 1276 2710 Dei
1291 2683 1360 2717 ﬁeri,
1381 2683 1537 2718 quicunque
1557 2683 1685 2710 nimirum
1717 2686 1818 2709 mutato

205 2728 233 2756 in
249 2729 346 2757 melius
360 2730 452 2756 animo
467 2737 588 2762 carnem,
601 2730 761 2764 sanguinem
781 2734 808 2757 et
824 2731 940 2757 animum
957 2730 990 2757 ad
1011 2730 1058 2758 Dei
1071 2731 1236 2759 voluntatem
1255 2731 1471 2759 accommodant.

243 2805 252 2821 '
270 2804 337 2833 Luc.
355 2814 422 2840 xvu,
445 2805 536 2838 17,18
585 2808 594 2822 ²
615 2806 691 2833 Joan.
706 2815 724 2840 ι,
743 2807 831 2834 Η-ίό

874 2807 882 2822 "
901 2806 928 2833 l“.
951 2807 1017 2842 τῷδε
1035 2807 1088 2834 τόν.
