1939 3036
177 157 212 185 95
887 155 916 183 S.
937 151 1107 184 EPIPHANH
1764 163 1798 190 96

177 213 206 241 Si
228 219 329 247 corpus
351 210 467 239 alterius
481 209 528 240 Dei
543 205 596 244 est,
610 216 637 240 et
651 212 765 241 alterius
780 213 885 246 anima,
900 220 959 248 quae

1011 213 1104 249 ἐτέρου
1122 213 1189 241 Θεοῦ
1199 235 1207 247 ,
1223 210 1245 241 ὦ
1264 210 1357 249 οὗτος,
1371 215 1419 242 καὶ
1438 215 1455 251 ἡ
1472 215 1544 250 ψυχὴ
1561 215 1641 243 ἄλλου
1657 216 1723 242 Θεοῦ
1734 236 1741 249 ,
1757 217 1800 248 τίς

177 261 277 292 potest.
292 256 327 283 mi
342 255 435 290 homo,
452 258 592 285 amborum
607 265 669 285 esse
685 257 862 285 communio?
874 257 963 290 Quan-

177 310 258 336 quam
276 301 415 335 cogitandi
436 302 502 329 mihi
517 309 597 336 quam
613 302 696 329 altam
711 302 739 330 in
755 303 963 338 contemplatio-

177 355 240 377 nem
267 347 415 377 mediocris
442 356 474 375 ac
500 349 648 383 perpusilla
675 356 752 376 mens
782 352 876 376 nostra
901 356 963 377 sese

179 396 342 426 committat,
371 395 445 422 subit
476 394 621 421 admodum
651 394 749 422 vereri.
780 393 961 427 Quamobrem

179 442 307 468 inhibebo
322 440 524 475 memetipsum,
541 447 575 466 ne
594 439 639 471 iis,
659 439 706 474 qui
726 440 817 474 legere
831 440 884 467 ista
900 447 962 475 pos-

177 491 249 518 sunt,
267 488 408 522 plusquam
423 494 472 520 par
484 489 525 513 est
538 486 639 513 laboris
655 486 804 521 imponam,
821 493 882 513 cum
899 494 964 521 pra:-

177 531 270 558 sertim
294 531 374 557 unico
389 530 547 557 testimonio
567 529 746 565 praestigiator
766 530 818 557 iste
835 530 962 565 redargui

179 579 273 609 possm.
284 575 389 601 Etenim
401 575 427 602 in
438 574 560 602 eamdem
570 574 798 602 consociationem
805 581 837 601 ac
844 581 963 602 commu-

178 620 285 647 nionem
305 620 403 646 adduci
419 627 472 647 non
487 626 580 646 eorum
595 626 655 646 esse
668 622 766 653 potest,
787 626 848 653 qu:e
865 623 961 645 mutuo

177 665 352 695 dissentiant.
368 665 414 691 sed
426 664 506 691 unius
517 672 585 699 opus
593 668 645 696 est,
659 668 707 690 aut
718 672 732 690 ιι
744 665 851 691 duobus
865 664 961 692 saltent

178 711 275 737 amicis
297 710 422 736 eilicitur.
449 710 542 744 Itaque
565 717 627 736 cum
646 717 746 744 corpus
767 713 795 736 et
818 710 908 737 anima
933 710 960 737 in

177 764 262 783 unum
286 756 461 788 conveniant,
486 755 568 783 unius
589 754 637 782 Dei
660 762 729 790 opus
755 755 822 782 illud
837 763 898 783 esse
912 763 962 790 pu-

177 800 290 826 tandmn
319 805 371 827 est.
400 799 493 835 Neque
516 801 588 827 enim
613 800 666 827 ulla
691 804 733 827 est
758 800 828 827 inter
845 801 890 827 illa
907 800 961 827 duo

177 844 336 879 disiunctio,
359 852 421 871 cum
448 844 482 871 ad
506 844 639 878 agendum
665 848 759 871 mutua
781 846 961 873 consensione

1012 259 1137 286 κοινωνία
1158 259 1212 287 τῶν
1226 261 1404 297 ἀμφοτέρων;
1430 262 1486 288 Kal.
1508 261 1582 288 δέδια
1603 261 1640 293 ὡς
1657 262 1697 294 εἰς
1718 263 1800 289 πόσον

1011 304 1093 339 ὄγκον
1109 304 1190 339 βυθοῦ
1203 305 1391 342 διανοημάτων
1402 307 1549 340 ὲγκύπτειν
1568 308 1696 342 πειρᾶται
1717 308 1731 333 ὁ
1751 310 1800 343 τῆς

1012 349 1089 384 ἡμῶν
1114 349 1281 385 βραχύτητος
1303 350 1400 386 μικρὸς
1420 350 1493 381 νοῦς.
1516 350 1561 376 Διδ
1584 350 1801 385 χαλιναγωγήσω

1012 394 1139 429 ἐμαυτὸν,
1155 395 1198 421 ἴνα
1217 395 1254 430 μὴ
1270 395 1353 422 πολὺν
1367 395 1489 430 κάματον
1503 395 1661 429 ποιήσωμαι
1675 395 1798 428 ἀναγνώ-

1013 449 1080 472 σεως
1092 443 1148 472 τοῖς
1157 441 1326 476 δυναμένοις.
1344 441 1399 467 Καὶ
1415 441 1469 468 ἀπὸ
1484 442 1548 476 μιᾶς
1563 441 1714 476 μαρτυρίας
1726 440 1800 467 ἐστιν

1012 484 1150 519 ἐξελέγξαι
1166 485 1212 511 τὸν
1227 485 1322 520 γόητα.
1347 485 1384 511 Τὸ
1401 485 1450 520 μὲν
1469 485 1523 520 γὰρ
1537 485 1680 511 ὲπιτοαυτὸ
1702 493 1800 510 κοινω-

1012 532 1067 557 νεῖν
1079 531 1128 557 οὐκ
1139 530 1195 557 ἔστι
1208 531 1410 567 διαφερομένων
1426 531 1493 566 πρὸς
1506 530 1646 565 ἀλλήλους,
1659 530 1726 557 ἀλλὰ
1740 530 1800 562 tvo;

1011 575 1042 602 τὸ
1054 576 1143 611 ἔργον,
1158 576 1175 612 ἢ
1192 576 1238 603 δύο
1256 577 1339 611 φίλων
1354 577 1370 612 ἡ
1392 575 1517 612 ἐργασία.
1538 575 1592 602 Τοῦ
1608 575 1732 610 σώματος
1745 576 1800 601 τοὶ-

1012 629 1058 647 νυν
1075 621 1121 647 καὶ
1140 621 1189 656 τῆς
1202 621 1290 656 ψυχῆς
1306 621 1352 647 ἐπὶ
1366 620 1396 647 τὸ
1415 620 1481 647 αὐτὸ
1497 620 1581 647 ὄντων
1592 640 1599 652 ,
1616 620 1674 651 ἑνὸς
1689 619 1756 646 Θεοῦ
1770 619 1801 645 τὸ

1011 666 1102 701 ἔργον.
1120 667 1157 693 Οὐ
1173 667 1227 701 γάρ
1244 668 1302 693 ἐστι
1317 666 1447 702 διαίρεσις
1457 686 1464 698 ,
1479 666 1522 693 διὰ
1537 666 1568 692 τὸ
1586 666 1726 701 ἀμφότερα
1739 674 1801 691 συν-

1011 713 1102 748 εργεῖν
1129 713 1287 748 πρεπόντως
1310 712 1357 739 καὶ
1374 711 1554 744 συνδοξάζειν.
1577 711 1609 737 Εἰ
1623 711 1651 737 δὲ
1668 711 1737 737 κατὰ
1753 711 1801 736 τὸν

1011 758 1105 785 τούτου
1126 759 1204 792 λόγον
1228 757 1430 793 καταφαγόντες
1453 758 1477 784 ot
1495 758 1623 792 ἄρχοντες
1644 757 1692 792 τὴν
1711 756 1801 792 ψυχὴν

1011 804 1141 839 ἐποίησαν
1155 805 1223 840 αὐτῇ
1240 803 1337 838 δεσμὸν
1351 802 1442 830 τουτοϊ
1464 802 1495 828 τὸ
1508 802 1603 837 σῶμα,
1619 801 1678 833 πῶς
1692 801 1740 836 τὴν
1756 801 1802 836 βε-

1012 848 1155 884 ϐρωμένην
1169 847 1246 881 αὖθις
1267 848 1434 883 ὲγκλείουσιν
1450 848 1490 879 εἰς
1511 847 1605 883 σῶμα;
1621 847 1679 873 Ηᾶν
1694 847 1750 882 γὰρ
1769 846 1801 872 τὸ

177 897 210 916 ac
225 890 372 917 concordia
396 890 565 924 conspirent.
583 888 642 916 Jam
660 897 724 916 vero
741 889 776 921 si,
793 893 822 915 ut
835 890 880 917 ille
896 897 959 917 sen-

1012 893 1229 929 βιϐρωσκόμενον
1243 893 1431 920 ἀναλίσκεται·
1444 892 1475 919 τὸ
1485 892 1513 918 δὲ
1530 891 1740 926 άναλισκόμενον
1752 891 1801 917 καὶ

177 936 221 966 tit,
235 934 371 969 principes
391 935 522 966 animam,
543 942 624 969 quam
637 934 844 967 devoraveraut,
863 936 891 963 in
907 936 958 963 hoc

176 988 288 1015 corpus,
312 984 441 1016 tanquam
458 980 486 1007 in
504 981 641 1008 vinculum
657 980 793 1016 quoddam
812 988 957 1018 compege-

177 1025 243 1058 rint,
259 1026 306 1061 qui
320 1026 377 1053 ﬁeri
393 1030 492 1060 potest,
506 1031 534 1053 ut
546 1033 629 1061 quam
643 1026 845 1060 devoraverint,
859 1027 956 1055 iterum

176 1071 204 1098 in
229 1079 329 1107 corpus
358 1071 516 1099 includam?
544 1071 683 1107 Quidquid
701 1072 773 1099 enim
800 1072 957 1106 devoratur,

1011 939 1051 970 εἰς
1071 939 1102 965 τὺ
1125 939 1296 975 ἀνύπαρκτον
1313 939 1406 974 χωρεῖ.
1423 937 1459 964 Τὸ
1476 938 1504 964 δὲ
1518 937 1625 973 χωροῦν
1644 937 1683 968 εἰς
1705 936 1736 962 τὸ
1749 936 1800 963 άν-

1011 983 1149 1020 ύπαρκτον
1171 985 1217 1011 καὶ
1234 984 1333 1020 μηκέτι
1353 983 1394 1016 ὃν,
1406 983 1468 1010 οὔτε
1489 983 1518 1010 ἐν
1531 992 1584 1010 τινι
1596 982 1672 1018 τόπῳ
1687 982 1802 1018 περικέ-

1009 1030 1142 1063 κλεισται,
1158 1030 1219 1057 οὕτε
1233 1029 1316 1062 ἔστιν,
1331 1029 1393 1056 οὔτε
1408 1029 1554 1064 γενήσεται
1569 1028 1643 1064 αὐτῷ
1655 1028 1737 1060 τόπος
1752 1027 1799 1053 δε-

1010 1076 1167 1112 σμωτηρίου
1180 1075 1218 1111 τῷ
1232 1075 1270 1111 μὴ
1284 1075 1442 1111 ὑπάρχοντι.

177 1119 363 1153 consumitur,
394 1119 466 1154 quod
491 1124 580 1147 autem
601 1119 786 1153 consumitur,
812 1121 963 1154 evanescit,
978 1126 1005 1149 et
1036 1123 1063 1150 in
1081 1123 1195 1150 nihilum
1223 1122 1365 1158 redigitur.
1388 1121 1466 1155 Quod
1487 1122 1514 1149 in
1537 1122 1651 1149 nihilum
1683 1121 1750 1153 abit,
1771 1123 1802 1148 et

174 1171 236 1193 esse
248 1164 328 1200 657
344 1164 455 1197 desinit,
480 1171 529 1191 nec
552 1163 608 1191 ullo
631 1163 692 1192 loco
721 1164 969 1199 circumscribitur,
987 1174 1038 1195 nec
1060 1172 1103 1196 est
1125 1175 1251 1203 usquam,
1273 1175 1324 1195 nec
1347 1167 1402 1195 ullo
1423 1175 1534 1195 carcere
1566 1175 1629 1195 eum
1651 1167 1717 1194 nihil
1750 1167 1798 1198 sit,

175 1212 295 1238 coerceri
310 1215 408 1245 potest.

209 1257 300 1286 XLIV.
318 1258 370 1285 Sed
385 1258 451 1286 illud
469 1258 570 1286 homini
586 1266 707 1294 persaepe
722 1259 832 1293 accidit,
849 1265 880 1288 ut
901 1268 959 1288 suae

175 1303 313 1338 opinionis
328 1303 431 1331 oblitus
438 1311 499 1338 qua:
513 1308 594 1331 antea
614 1305 713 1332 dixerit
726 1313 781 1332 non
800 1306 959 1333 recordetur

175 1349 304 1384 amplius,
322 1354 348 1376 et
365 1358 426 1384 qua:
451 1350 597 1385 aliquando
619 1351 847 1386 comprobaverit,
864 1352 958 1379 eadem

175 1402 271 1422 rursus
287 1395 446 1430 imprudens
465 1399 578 1423 evertat.
600 1395 724 1422 Animam
753 1396 890 1424 interdum
910 1396 958 1424 de-

176 1444 309 1473 voratam,
328 1445 354 1468 et
372 1440 545 1475 corporibus,
561 1449 622 1475 qum
648 1441 675 1468 in
697 1442 749 1469 hoc
769 1442 870 1470 mundo
883 1446 958 1475 sunt,

176 1486 308 1514 inclusam
327 1493 388 1514 esse
402 1486 533 1514 defendit.
549 1486 623 1514 Alias
638 1494 652 1513 a
667 1488 834 1522 principibus
848 1496 864 1515 c
878 1489 958 1520 caelo,

1045 1266 1111 1294 MA’.
1131 1266 1265 1298 Πολλάκις
1277 1266 1305 1293 δὲ
1318 1258 1369 1301 τῆς
1389 1264 1486 1292 ἑαυτοῦ
1499 1265 1618 1297 διανοίας
1632 1265 1798 1301 ἐπιλαθόμε-

1010 1319 1066 1343 νος,
1088 1311 1152 1346 περὶ
1166 1308 1203 1339 ὧν
1219 1311 1241 1338 δ’
1259 1311 1292 1339 ἂν
1306 1312 1376 1338 είποι
1397 1311 1617 1344 ἐπιλανθάνεται,
1632 1311 1679 1338 καὶ
1695 1312 1713 1339 ἃ.
1732 1321 1798 1339 ποτε

1011 1355 1219 1388 κατασκευάζει,
1242 1355 1278 1382 τὰ
1292 1356 1362 1383 αὐτὰ
1378 1356 1459 1384 πάλιν
1481 1356 1659 1388 ἀνασκευάζει
1681 1357 1798 1391 ἀγνοιῖιν.

1016 1402 1076 1429 Ὀτὲ
1098 1402 1146 1438 μὲν
1168 1402 1223 1438 γὰρ
1245 1403 1294 1439 τὴν
1317 1402 1405 1438 ψυχὴν
1430 1403 1530 1437 φάσκει
1553 1403 1601 1438 τὴν
1623 1403 1799 1438 βεϐρωμένην

1012 1448 1237 1483 ὲγκατάκλειστον
1262 1448 1418 1484 ὁριζόμενος
1439 1449 1468 1475 ὲν
1492 1448 1600 1483 σώμασι
1628 1450 1683 1480 τοῖς
1704 1447 1798 1475 οὖσιν·

1012 1493 1056 1520 ὁτὲ
1072 1493 1100 1520 δὲ
1114 1494 1292 1529 ἀφηρπάσθαι
1307 1495 1360 1520 ἀπὸ
1371 1494 1425 1521 τῶν
1437 1495 1575 1530 ἀρχόντων
1588 1493 1691 1521 ἄνωθεν
1706 1495 1738 1520 ὲκ
1748 1494 1798 1529 τῆς

176 1534 257 1566 atque
275 1538 308 1557 ex
325 1530 388 1557 boni
404 1530 451 1558 Dei
472 1534 611 1557 armatura
631 1531 775 1566 direptam,
789 1536 818 1558 ut
834 1540 888 1559 non
904 1539 959 1558 am-

1012 1540 1162 1571 πανοπλίας
1176 1539 1224 1566 τοῦ
1242 1539 1345 1573 ἀγαθοῦ
1363 1539 1430 1566 Θεοῦ
1443 1540 1492 1574 τὴν
1509 1540 1594 1575 αὐτὴν
1610 1540 1740 1575 ὁρίζεται,
1761 1540 1799 1571 ὡς

174 1577 247 1611 plius
266 1576 405 1608 devorata,
433 1576 480 1604 sed
506 1576 533 1603 in
558 1577 744 1611 captivitatem
770 1577 886 1605 abducta
915 1578 960 1605 sit.

175 1619 377 1655 Nonnunquam
400 1625 427 1648 et
440 1621 574 1655 captivam
590 1621 705 1654 asserit;
719 1629 806 1656 neque
823 1622 962 1649 cohaeren-

174 1667 212 1694 tia
225 1667 358 1702 loquitur;
380 1666 428 1693 sed
443 1666 496 1692 alio
513 1666 592 1694 modo
604 1670 687 1694 totam
704 1666 839 1701 ejusmodi
864 1674 962 1694 narra-

175 1713 275 1740 tionem
297 1712 427 1740 contexit.
441 1712 546 1747 Quippe
561 1712 635 1739 velut
654 1720 745 1739 escam
757 1713 903 1748 quamdam
928 1713 962 1740 ab

174 1758 310 1793 superiori
327 1759 428 1785 virtute
455 1761 553 1792 sponte
582 1765 631 1785 sua
656 1758 791 1792 objectam
809 1759 959 1790 existimat.

175 1812 229 1831 non
246 1804 324 1831 aliter
337 1808 418 1838 atque
430 1803 537 1830 hatdum
559 1803 587 1830 in
602 1803 727 1831 scrobem
745 1804 863 1839 abjicere
874 1805 962 1832 solent

175 1850 319 1884 captandas
334 1849 397 1876 terte
411 1849 510 1883 gratia,
527 1856 587 1883 qua:
602 1848 787 1875 hacillecebra
806 1848 840 1876 ad
850 1849 960 1884 capien-

175 1895 237 1922 dam
250 1895 366 1929 praedam
382 1894 494 1921 invitala
513 1894 647 1928 capiatur.
666 1893 763 1922 Verum
776 1895 798 1921 si
814 1902 847 1922 ex
861 1895 961 1922 virtute

176 1940 285 1976 propria
297 1940 370 1966 velut
380 1939 486 1966 haedum
497 1939 570 1967 hunc
585 1939 701 1974 aliquem
717 1940 758 1967 vis
777 1940 822 1966 illa
838 1940 958 1968 cmlestis

174 1985 389 2016 immiserit,hoc
406 1989 448 2012 est
461 1984 640 2016 bonusDeus,
657 1985 714 2012 sive
729 1985 786 2017 lux,
805 1990 835 2012 ut
846 1985 896 2013 iste
911 1993 962 2013 nov

176 2031 275 2063 minat;
291 2031 354 2057 licet
367 2030 451 2057 feram
468 2029 568 2064 capiat,
588 2029 662 2064 prius
678 2033 767 2057 tamen
787 2030 892 2057 lucdum
913 2031 961 2057 ab-

175 2077 245 2104 sumi
263 2083 375 2104 necesse
387 2079 440 2104 est.
452 2075 541 2110 Atque
565 2075 603 2102 ita
631 2076 719 2109 majus
738 2075 790 2110 ipsi
808 2076 859 2103 sibi
875 2076 960 2103 detri-

175 2124 296 2147 mentum
320 2120 443 2147 cwlestis
464 2120 508 2146 illa
527 2119 614 2147 virtus
630 2120 795 2151 consciscet,
810 2129 870 2155 qua:
890 2129 959 2147 non-

175 2165 276 2193 nullam
287 2165 328 2193 sui
344 2169 448 2200 partem
463 2165 496 2192 ad
512 2165 605 2192 bestia:
618 2166 744 2200 pabulum
760 2166 899 2200 objecerit,
919 2172 958 2199 ut,

174 2218 228 2245 qua
241 2218 270 2238 se
285 2211 371 2245 ipsam
390 2210 516 2244 portione
539 2210 714 2242 mutilaverit,
733 2210 816 2238 feram
833 2216 959 2247 captasse
975 2201 996 2228 Β

174 2256 314 2289 videatur;
331 2263 381 2283 nec
393 2255 449 2290 jam
464 2256 568 2289 valens,
585 2263 617 2283 ac
634 2263 770 2290 suprema,
794 2260 840 2283 aut
854 2264 959 2292 przepo-

176 2305 236 2329 tens
249 2301 311 2333 erit,
328 2305 358 2328 ut
370 2309 435 2328 voce
445 2301 487 2328 vel
499 2302 637 2328 voluntate
659 2300 743 2328 feram
759 2303 885 2336 potestati
903 2311 959 2330 sua:

177 2346 305 2381 subjiciat
321 2347 405 2381 :quin
422 2347 521 2382 potius.
535 2352 564 2374 ut
577 2346 636 2381 ejus
652 2354 765 2382 compos
781 2348 887 2379 evadat,
900 2349 958 2375 cal-

177 2392 231 2419 lide
242 2399 274 2419 ac
284 2391 472 2419 fraudulenter
486 2393 570 2419 multa
588 2393 708 2420 molitur.
718 2393 756 2420 Ac
769 2394 877 2421 tametsi
886 2394 959 2422 illius

176 2438 266 2472 aliqua
299 2441 376 2472 parte
400 2438 520 2465 inescata
550 2438 605 2465 fera
630 2438 676 2465 illa
699 2443 807 2474 captata
828 2440 875 2472 sit,
897 2446 959 2468 ante

176 2486 266 2510 tamen
282 2483 441 2510 devoratum
456 2483 563 2511 haedum
579 2484 624 2511 illa
641 2485 771 2519 perdidit.
786 2486 959 2520 quantumvis

176 2528 293 2563 prwdam
318 2529 426 2564 assequi
445 2529 574 2564 potuerit.
605 2529 652 2558 Sic
682 2531 765 2566 igitur
793 2531 817 2558 si
838 2531 958 2558 animam

176 2574 264 2602 virtus
281 2575 401 2603 ccelestis
415 2575 442 2602 in
457 2575 530 2603 hunc
541 2576 634 2604 orbem
652 2576 781 2609 emiserit,
799 2580 828 2604 ut
841 2585 888 2612 per
899 2585 958 2605 eam

176 2621 347 2656 principatus
368 2621 498 2653 irretirct,
519 2626 722 2657 potestatesque
748 2626 878 2657 captaret,
902 2631 958 2651 non

176 2665 222 2692 illa
237 2674 359 2701 scopum,
379 2674 458 2702 quem
473 2667 591 2698 volebat,
602 2671 726 2696 assecuta
739 2667 798 2694 fuit.
814 2667 881 2694 Nam
895 2675 958 2696 eum

177 2711 294 2739 animam
309 2713 382 2740 velut
398 2713 431 2740 ad
444 2713 597 2740 venandum
612 2713 829 2748 captandumque
843 2714 959 2746 miserit,

177 2761 257 2791 capta
277 2757 334 2792 ipsa
347 2762 437 2786 tamen
452 2758 543 2793 potius
557 2762 613 2792 est;
624 2763 651 2785 et
661 2766 724 2786 cum
737 2758 770 2786 ad
781 2759 957 2787 irretiendum

178 2802 294 2834 venerit,
321 2803 378 2831 suis
400 2807 442 2830 est
463 2803 602 2838 implicata
617 2804 721 2832 retibus
737 2813 743 2831 :
759 2804 892 2840 siquidem
910 2813 958 2839 pu-

178 2846 287 2875 rissima
303 2855 335 2875 et
353 2851 451 2876 natura
467 2848 587 2876 derivata
606 2848 722 2882 primum
734 2850 762 2878 in
773 2850 879 2879 vincula
890 2858 957 2878 con-

1014 1585 1110 1621 μηκέτι
1134 1585 1304 1621 βεῦρῶσθαι,
1325 1585 1393 1612 ἀλλὰ
1415 1584 1659 1620 ῂχμαλωτεῦσθαι·
1679 1585 1745 1611 ποτὲ
1768 1585 1798 1612 δὲ

1011 1631 1059 1666 τὴν
1077 1631 1161 1666 αὐτὴν
1176 1631 1347 1666 αίχμάλωτον
1362 1631 1510 1665 ληφθεῖσαν
1522 1631 1612 1657 οὐκέτι
1630 1631 1798 1666 συνᾳδόντως

1011 1678 1095 1713 λέγει,
1118 1677 1175 1704 ἀλλ’
1196 1678 1289 1713 ἕτερον
1305 1677 1404 1712 τρόπον
1426 1677 1474 1712 τὴν
1490 1677 1551 1703 κατ’
1565 1677 1649 1712 αὐτῆς
1670 1677 1798 1704 ὑπόθεσιν

1010 1724 1154 1759 διηγεῖται,
1171 1723 1294 1757 φάσκων,
1317 1722 1354 1754 ὡς
1369 1723 1465 1758 δέλεαρ
1477 1723 1562 1758 αὐτὴν
1577 1722 1688 1757 ἑκουσίᾳ
1700 1722 1796 1758 γνώμῃ

1011 1769 1234 1805 παραόεὸλῆσθαι
1252 1768 1303 1795 ὑπὸ
1317 1769 1367 1803 τῆς
1381 1769 1482 1795 ἄνωθεν
1493 1769 1634 1803 δυνάμεως
1646 1769 1723 1803 δίκην
1739 1770 1797 1804 ἐρί-

1011 1825 1061 1850 φου
1079 1817 1107 1842 ἐν
1123 1815 1211 1850 βόθρῳ
1231 1814 1390 1850 βληθέντος,
1406 1815 1445 1845 εἰς
1460 1813 1490 1840 τὸ
1502 1814 1548 1840 τὸν
1564 1813 1634 1849 θῆρα
1649 1814 1795 1849 ἀγρεῦσαι,

1010 1860 1184 1897 ὲρεθισθέντα
1197 1869 1226 1887 τε
1240 1859 1287 1886 καὶ
1301 1859 1462 1887 κατελθόντα
1473 1859 1518 1886 τὸν
1531 1859 1624 1895 ἔριφον
1636 1860 1737 1891 λαϐεῖν,
1748 1860 1797 1886 καὶ

1010 1906 1091 1933 αὐτὸν
1115 1906 1161 1933 τὸν
1184 1905 1255 1941 θῆρα
1271 1905 1446 1940 θηρευθῆναι.
1469 1904 1524 1930 Καὶ
1546 1905 1570 1930 εἶ
1595 1904 1644 1938 μὲν
1664 1905 1713 1940 τῆς
1730 1904 1798 1936 ιδίας

1009 1951 1149 1986 δυνάμεως
1169 1951 1214 1977 τὸν
1233 1950 1325 1985 ἔριφον
1352 1949 1509 1976 ἀπέστειλεν
1523 1950 1540 1985 ἡ
1557 1949 1614 1976 ἄνω
1628 1949 1758 1984 δύναμις,
1782 1951 1798 1977 ὃ

1010 1997 1083 2023 ἐστιν
1098 1996 1199 2031 ἀγαθὸς
1214 1996 1290 2027 Θεὸς,
1314 1995 1331 2030 ἢ
1353 1995 1383 2021 τὸ
1406 1995 1482 2029 φῶς,
1499 1995 1537 2026 ὡς
1551 1995 1632 2026 αὐτὸς
1648 1995 1796 2030 ὀνομάζει,

1010 2043 1060 2069 κάν
1079 2051 1110 2069 τε
1132 2042 1253 2078 θηρεύσῃ
1274 2041 1318 2068 τὸν
1335 2040 1424 2076 θῆρα,
1446 2040 1516 2072 τέως
1538 2040 1646 2075 πρῶτος
1670 2041 1684 2066 ὁ
1704 2040 1797 2075 ἔριφος

1010 2088 1265 2124 καταϐρωθήσεται,
1289 2087 1336 2114 καὶ
1353 2086 1451 2122 μᾶλλον
1470 2086 1569 2121 ἑαυτὴν
1593 2086 1687 2121 βλάψει
1705 2087 1797 2121 ἡ-ἆνω

1009 2134 1133 2168 δύναμις,
1157 2133 1239 2169 μέρος
1262 2133 1346 2167 αὐτῆς
1365 2131 1553 2160 ὑποϐάλλουσα
1573 2134 1613 2164 εἰς
1640 2132 1737 2168 βρῶμα
1756 2133 1797 2167 τῷ

1010 2179 1083 2214 θηρὶ,
1101 2179 1144 2205 ἵνα
1164 2179 1197 2205 δι’
1211 2177 1241 2206 οὗ
1257 2179 1356 2215 μέρους
1379 2179 1447 2214 αὐτὴ
1469 2179 1639 2214 ξημιουμὲνη
1664 2178 1727 2214 δόξῃ
1749 2178 1796 2205 τὸν

1009 2231 1081 2267 θῆρα
1100 2230 1246 2268 θηρεῦσαι,
1260 2232 1307 2258 καὶ
1321 2231 1413 2258 οὐκέτι
1427 2231 1478 2258 οὐκ
1497 2230 1634 2266 ἰσχύουσα,
1647 2232 1693 2258 καὶ
1711 2231 1796 2266 ὑπερ-

1008 2278 1087 2313 τάτη,
1101 2278 1148 2304 καὶ
1163 2277 1273 2312 δυνατὴ,
1284 2276 1355 2312 λόγῳ
1368 2276 1384 2312 ἢ
1402 2276 1534 2311 θελήματι
1547 2276 1592 2303 τὸν
1607 2276 1677 2312 θῆρα
1695 2274 1794 2310 χειρώ-

1009 2331 1103 2358 σηται-
1125 2323 1192 2350 ἀλλὰ.
1220 2323 1374 2358 μηχανᾶται
1396 2321 1584 2358 πολυτρόπως,
1611 2322 1658 2348 καὶ
1680 2329 1796 2356 πανουρ-

1008 2369 1126 2403 γεύεται,
1143 2369 1186 2394 ἵνα
1198 2367 1299 2403 δυνηθῇ
1313 2367 1359 2394 τοῦ
1375 2367 1458 2403 θηρὸς
1473 2376 1506 2394 πε
1513 2367 1676 2403 ριγενὲσθαι.
1695 2366 1752 2393 Καὶ
1770 2367 1795 2392 εί

1008 2415 1076 2446 ὅλως
1100 2413 1244 2450 θηρευθείη
1271 2415 1285 2440 ό
1307 2413 1357 2449 θὴρ
1379 2413 1428 2449 ἤδη
1448 2413 1501 2440 ἀπὸ
1526 2412 1573 2440 τοῦ
1601 2413 1667 2439 ἰδίου
1684 2413 1792 2447 μέρους.

1009 2461 1159 2487 ἁπεϐἀλετο
1175 2459 1221 2486 τὸν
1237 2459 1330 2495 ἔριφον
1346 2459 1391 2485 τὸν
1415 2459 1596 2494 βεϐρωμένον,
1608 2457 1659 2484 κᾶν
1677 2466 1707 2483 τε
1725 2457 1794 2488 ὅλως

1008 2507 1133 2543 δυνηθείη
1157 2505 1298 2542 θηρεῦσαι.
1323 2505 1354 2532 Εἰ
1377 2505 1431 2540 γὰρ
1452 2505 1501 2540 τὴν
1523 2504 1611 2539 ψυχὴν
1634 2502 1794 2530 ἀπέστειλεν

1008 2552 1153 2587 ἑνταῦθαὴ
1169 2552 1224 2579 άνω
1243 2551 1366 2586 δύναμις,
1392 2551 1436 2577 ἵνα
1454 2551 1498 2577 διὰ
1510 2550 1560 2584 τῆς
1583 2549 1672 2584 ψυχῆς
1689 2548 1794 2583 πεδήσῃ

1008 2598 1057 2630 τάς
1073 2597 1170 2633 ἀρχὰς,
1184 2596 1232 2623 καὶ
1246 2596 1296 2627 τὰς
1309 2595 1430 2628 ἐξουσίας
1447 2595 1600 2631 Θηρεύουσα
1610 2614 1617 2627 ,
1631 2594 1682 2620 οὐκ
1699 2592 1789 2628 ἀπέϐη

1009 2650 1023 2676 ὁ
1040 2650 1140 2681 σκοπὸς
1159 2650 1192 2685 τῇ
1214 2648 1285 2675 οὕτω
1308 2647 1517 2684 βουλευσαμένη,
1534 2646 1593 2673 Κᾶν
1614 2655 1645 2673 τε
1664 2646 1718 2681 γάρ
1741 2646 1795 2671 ἀπ-

1010 2696 1112 2722 έστειλε
1133 2695 1182 2731 τὴν
1199 2694 1288 2730 ψυχὴν
1313 2694 1456 2730 θηρεῦσαι,
1478 2693 1651 2728 τεθήρευται,
1673 2692 1691 2727 ἢ
1715 2698 1796 2725 παγι-

1009 2748 1121 2780 δεῦσαι,
1150 2747 1363 2781 πεπαγίδευται,
1389 2746 1504 2773 ἐλθοῦσα
1527 2745 1581 2773 άπὸ
1603 2745 1726 2780 καθαρᾶς
1746 2743 1794 2778 φύ-

1011 2807 1094 2830 σεως,
1110 2798 1157 2825 καὶ
1171 2797 1343 2824 ὑποπεσοῦσα
1366 2797 1474 2834 πρῶτον
1491 2798 1539 2833 μὲν
1557 2796 1649 2832 δεσμῷ
1667 2796 1793 2831 σώματος

1010 2850 1058 2885 τῆς
1074 2849 1139 2884 ὓλης
1152 2868 1159 2882 ,
1185 2847 1243 2876 εἶτα
1265 2848 1292 2875 δὲ
1320 2849 1365 2875 καὶ
1386 2849 1495 2879 πολλαῖς
1519 2847 1573 2874 τῶν
1588 2846 1799 2883 ἁμαρτημάτων
