1939 3036
120 151 158 180 97
422 147 605 177 ADVERSUS
624 146 795 175 IIERESES
814 147 878 176 LIB.
898 145 930 174 ll.
952 146 1035 176 ΤΟΜ.
1056 147 1088 176 ll.
1108 164 1141 169 —
1162 148 1297 177 lMERES.
1318 148 1410 178 LXVI.
1705 153 1740 180 98

120 204 259 237 ἀτοπίαις.
274 204 330 231 Καὶ
350 203 516 238 πανταχόθεν
537 202 676 230 διαπίπτει
700 203 715 229 ὸ
737 202 784 229 τοῦ
805 201 906 230 πλάνου

968 202 1024 230 :reti
1039 210 1101 231 cum
1119 205 1231 231 materia
1253 205 1376 240 corporis
1392 205 1503 239 incidit;
1521 209 1579 234 tum
1594 206 1687 235 multis
1700 212 1741 234 est

120 252 214 286 λόγος,
228 251 276 277 καὶ
286 251 303 286 ἡ
320 249 367 277 τοῦ
381 249 521 286 ἀλιτηρίου
534 248 702 277 διδασκαλία.

159 384 226 410 ΜΕ’.
247 383 315 418 Φέρε
333 382 365 417 δὴ
388 381 487 417 ἴδωμεν
510 380 557 408 καὶ
581 380 646 416 περὶ
665 379 715 415 τῆς
740 378 842 415 μητρὸς
859 378 909 414 τῆς

122 429 208 464 ζωῆς,
232 426 266 464 ἧς
283 428 382 462 φάσκει
402 427 543 463 δυνάμεως
559 425 777 462 προϐεϐλῆσθαι·
800 425 847 452 καὶ
861 425 910 451 αὑ-

122 475 175 510 τὴν
188 475 216 501 δὲ
229 475 278 509 τὴν
293 473 398 509 μητέρα
416 473 467 508 τῆς
487 472 560 508 ζωῆς
573 472 618 499 τόν
631 481 660 498 τε
682 471 789 506 πρῶτον
806 471 909 506 ἄνθρω-

124 529 177 546 πον
191 520 224 547 τὰ
235 520 316 546 πέντε
330 520 461 554 στοιχεῖα,
475 518 554 545 ἆτινά
565 519 649 549 ἐστιν,
663 518 701 549 ὡς
712 519 815 548 ἐκεῖνος
825 517 909 550 λέγει,

123 566 236 600 ἄνεμος,
249 565 317 599 φῶς,
336 564 420 599 ὕδωρ,
433 563 488 600 πῦρ
514 564 561 590 καὶ
575 563 635 599 ὕλη.
649 563 741 590 Ταῦτα
757 563 784 589 δὲ
801 562 911 589 ἐνδυσά-

125 620 208 646 μενον
232 610 328 643 αὐτὸν,
353 609 391 641 ὡς
414 609 482 645 πρὸς
511 608 681 644 κατασκευὴν
705 608 822 644 πολέμου
843 616 910 634 κατ-

124 654 213 680 ελθεῖν
227 654 312 685 κάτω,
330 653 376 679 καὶ
391 653 542 688 πολεμῆσαι
561 653 600 688 τῷ
617 653 717 680 σκότει.
736 653 768 679 Ul.
790 652 842 687 γὰρ
863 652 909 679 τοῦ

125 700 240 731 σκότους
257 699 396 735 ἄρχοντες,
411 698 592 734 πολεμοῦντες
602 698 689 733 αὐτῷ,
705 698 805 733 ἔφαγον
818 698 850 724 ὲκ
861 699 911 734 τῆς

125 744 279 776 πανοπλίας
295 744 389 776 αὑτοῦ,
407 744 421 771 ὅ
438 745 511 770 ἐστιν
525 745 542 779 ἡ
554 744 636 779 ψυχή.
650 744 682 770 Ὢ
696 743 814 778 ἀγύρτου
831 752 912 779 μιμο-

124 791 169 825 λογ
178 791 236 823 ίαςῑ
256 790 280 817 ὼ
293 790 392 826 χλεύης
405 790 599 817 ἀσυνεικάστου
614 790 660 816 καὶ
671 790 830 823 γελοιώδους
846 790 912 816 ὑπο-

125 838 244 869 θέσεωςῑ
265 837 306 863 Τὰ
323 836 465 872 ὲπῑχειρα¹
484 835 650 871 πανταχόθεν
665 835 813 871 ἀδυναμίαν
829 844 912 871 προσ-

961 252 1134 283 peccatorum
1149 249 1331 278 incommodis
1345 251 1485 278 obstricta.
1498 250 1677 284 Quamobrem
1688 252 1742 279 hae-

960 295 1037 321 retici
1058 295 1129 322 illius
1144 299 1226 330 atque
1242 296 1402 324 exsecrandi
1428 296 1546 324 hominis
1572 301 1625 324 tam
1642 297 1741 329 oratio,

961 347 1041 374 quam
1056 339 1178 367 doctrina
1195 341 1267 368 omni
1284 349 1315 369 ex
1333 346 1410 376 parte
1425 341 1565 369 refellitur.

996 383 1075 411 XLV.
1094 385 1151 420 Age
1165 393 1238 412 nunc
1264 392 1376 413 matrem
1400 386 1473 413 illam
1503 386 1564 413 vita:
1589 385 1741 417 videamus,

962 436 1042 463 quam
1062 429 1096 456 ab
1118 430 1218 458 virtute
1231 431 1390 466 productam
1409 431 1492 467 658
1511 431 1638 464 afllrmat,
1667 439 1742 459 eam-

962 474 1077 510 demque
1093 483 1155 503 cum
1170 477 1258 511 prium
1275 476 1384 504 homine
1402 478 1522 512 quinque
1538 477 1670 504 elementa
1683 485 1743 512 pro-

962 528 1082 554 creasse.
1101 529 1161 556 quae
1182 526 1247 549 sunt
1268 530 1300 549 ex
1322 522 1396 550 illius
1409 522 1547 557 opinione,
1563 525 1670 554 ventus,
1685 523 1741 554 lux,

963 574 1044 602 aqua,
1071 568 1143 603 ignis
1167 573 1194 596 et
1211 567 1334 595 materia.
1352 568 1456 601 Quibus
1475 568 1585 596 indutus
1601 568 1654 599 ille,
1671 568 1744 595 velut

963 612 997 639 ad
1025 612 1237 647 comparandum
1269 613 1367 639 bellum
1403 613 1431 639 in
1451 611 1580 639 inferiora
1604 611 1743 645 delapsus,

964 664 1026 683 cum
1050 657 1171 684 tenebris
1201 664 1366 691 congressus
1396 660 1449 683 est.
1476 656 1541 683 Nam
1570 656 1742 683 tenebrarum

964 701 1113 736 principes,
1133 708 1195 728 cum
1212 708 1244 728 eo
1266 700 1443 736 conﬂigentes
1467 708 1498 727 ex
1520 699 1580 734 ejus
1595 703 1742 729 armatura.

964 753 1025 781 qua:
1036 746 1125 772 anima
1136 748 1188 776 est,
1208 744 1332 771 nonnihil
1344 744 1503 771 adederunt.
1519 743 1540 770 0
1555 743 1679 771 inimicas
1690 743 1741 770 cir-

965 790 1097 817 culatoris
1112 789 1244 824 ineptias!
1259 797 1275 816 o
1293 789 1411 816 fabulam
1425 789 1482 816 risu
1493 789 1566 815 omni
1581 795 1613 815 ac
1626 787 1745 815 ludibrio

965 836 1089 871 dignam!
1107 834 1214 870 Ubique
1241 834 1334 861 divino
1357 833 1464 860 numini
1479 833 1690 860 imbecillitatem
1705 831 1746 858 af-

125 885 209 911 άπτει
238 883 277 918 τῷ
292 881 378 923 βεῷ,
402 881 569 917 πανταχόθεν
596 882 706 916 ἄγνοιαν
734 881 851 917 ὁρίζεται
877 881 916 917 τῷ

968 881 1052 916 lingit,
1082 888 1200 915 eumque
1226 880 1272 914 qui
1295 880 1371 906 novit
1386 879 1478 906 omnia
1497 885 1602 907 summa
1626 878 1746 912 undique

127 930 218 956 πάντα
231 929 390 964 γινώσκοντι
401 927 470 963 Θεῷ.
486 928 514 954 '0
526 927 580 963 γὰρ
594 927 736 964 προϐαλὼν
749 928 797 963 τὴν
809 928 913 963 μητέρα

125 977 178 1011 τῆς
200 975 283 1010 ζωῆς,
311 974 381 1001 κατὰ
400 974 445 1001 τὸν
465 973 546 1000 αὑτοῦ
569 973 658 1007 λόγον,
683 973 699 1008 ἢ
720 973 761 999 ὅτι
779 972 914 1006 ἀγνωσίαν

127 1019 196 1056 εἶχε,
222 1021 282 1048 τίνα
303 1020 338 1048 τὰ
358 1019 412 1047 ἀπὸ
433 1020 482 1055 τῆς
500 1019 600 1054 μητρὸς
617 1020 665 1054 τῆς
683 1018 755 1054 ζωῆς
777 1017 915 1044 ἐπιτελού-

129 1077 210 1102 μενα,
229 1067 246 1103 ἦ
260 1068 300 1094 ὅτι
313 1065 529 1093 ἀποτελεσθέντα
544 1065 617 1100 παρὰ
629 1064 678 1100 τὴν
691 1063 854 1100 προσδοκίαν
864 1063 915 1098 τῆς

127 1113 247 1143 διανοίας
268 1111 303 1138 τὰ
327 1111 520 1146 συμϐεϐηκότα
543 1110 629 1142 ἄλλως
648 1109 794 1146 εὑρεθέντα
815 1109 916 1141 ὗνειδος

129 1158 218 1193 φέρει.
232 1158 361 1192 Ἀγνοιαν
371 1156 426 1192 γὰρ
441 1156 566 1192 ὁφλήσειε
582 1156 596 1182 ὁ
606 1156 688 1191 ἔτερα
703 1155 751 1191 μὲν
764 1154 915 1190 διανοηθεὶς

128 1203 332 1239 ἀποϐήσεσθαι,
358 1203 393 1238 (ὁ)
414 1202 496 1238 ἕτερα
511 1202 538 1229 δὲ
553 1201 639 1238 εὑρὼν
661 1201 689 1233 ἐς
710 1200 822 1235 ὕστερον
838 1199 915 1234 γενό-

131 1258 212 1284 μενα,
224 1249 254 1275 οὐ
266 1247 337 1275 κατὰ
349 1247 398 1284 τὴν
411 1247 493 1275 αὑτοῦ
510 1247 628 1282 θέλησιν.
649 1246 681 1273 Ἦ
694 1245 748 1281 γὰρ
765 1245 855 1280 μήτηρ
867 1244 915 1279 τῆς

130 1296 205 1330 ζωῆς
226 1296 243 1330 ὴ
266 1295 331 1330 παρ’
355 1294 428 1329 αὐτῷ
452 1293 565 1328 δύναμις
586 1292 755 1327 καλουμένη,
780 1291 810 1324 ἐξ
832 1291 915 1318 αὑτοῦ

130 1340 325 1376 προϐληθεῖσα,
341 1339 379 1370 ὡς
393 1339 505 1374 αἰσχρόν
527 1339 586 1365 ἔστι
600 1337 688 1364 καὶτὸ
704 1336 794 1370 λέγειν
810 1335 915 1371 μητέρα

131 1389 205 1423 ζωῆς
214 1389 220 1414 l
230 1388 266 1414 υῦ
279 1387 333 1423 γὰρ
346 1387 507 1422 ἀποδέχεται
524 1386 580 1418 τοῖς
592 1384 637 1412 τὸν
651 1383 777 1420 σώφρονα
787 1382 916 1418 λογισμὸν

130 1433 314 1468 κεκτημένοις
335 1441 360 1459 τι
378 1431 443 1466 θῆλυ
459 1431 488 1458 ἐν
504 1432 536 1467 τῇ
552 1430 658 1465 θεότητι
671 1429 846 1457 διανοεῖσθαι.
862 1429 916 1455 Καὶ

130 1477 202 1513 αὕτη
223 1477 261 1510 δὲ,
284 1477 375 1512 φησὶν,
398 1477 414 1512 ή
438 1476 532 1512 θήλεια
556 1475 721 1512 προεϐάλετο
740 1475 785 1501 τὸν
808 1474 916 1510 πρῶτον

130 1523 292 1558 ἄνθρωπον·
316 1522 364 1549 καὶ
387 1522 456 1554 ὅλως
474 1522 571 1553 εἰπεῖν,
583 1520 628 1548 τὸν
648 1520 756 1556 πρῶτον
775 1519 915 1555 ἄνθρωπον

965 927 1117 963 ignorantia
1130 925 1304 960 constringit.
1320 925 1387 952 Nam
1402 925 1449 959 qui
1469 929 1582 951 matrem
1598 924 1672 956 illam
1683 924 1745 950 vita:

965 972 1134 1007 produxerit,
1152 972 1209 999 sive
1224 971 1365 1006 ignorabat
1377 969 1442 1004 quid
1460 973 1533 997 esset
1561 969 1607 996 illa
1639 968 1745 996 factura

965 1019 1023 1046 sive
1031 1017 1088 1052 jam
1110 1017 1179 1044 facta
1205 1017 1313 1044 diversa
1334 1017 1368 1044 ab
1381 1024 1424 1048 eo,
1435 1015 1508 1051 quod
1523 1019 1688 1050 speraverat,
1704 1015 1747 1042 in-

966 1068 1045 1090 venta
1066 1067 1139 1094 sunt,
1158 1062 1298 1089 infamiam
1316 1061 1433 1096 eliugcre
1447 1068 1499 1088 non
1516 1064 1613 1095 potest.
1631 1060 1747 1088 Necesse

965 1111 1007 1135 est
1026 1107 1098 1135 enim
1115 1106 1277 1142 ignorantia;
1302 1106 1376 1132 illum
1398 1106 1485 1141 argui,
1507 1105 1552 1140 qui
1582 1113 1644 1132 cum
1672 1105 1746 1133 aliud

966 1157 1128 1180 eventurum
1145 1159 1207 1180 esse
1219 1151 1392 1187 cegitaverit,
1408 1151 1481 1178 aliud
1509 1154 1606 1186 pneter
1621 1151 1747 1178 volunta-

965 1201 1020 1226 tem
1035 1205 1112 1225 suam
1134 1197 1259 1225 evenisse
1281 1200 1374 1231 postea
1402 1196 1552 1231 cognoscit.
1578 1195 1655 1229 Quod
1682 1203 1747 1222 vero

966 1243 1000 1270 ad
1019 1243 1092 1270 illam
1106 1242 1170 1269 vitae
1183 1245 1298 1269 matrem
1310 1242 1417 1273 attinet,
1438 1248 1519 1275 quam
1545 1241 1627 1268 etiam
1658 1241 1746 1267 virtu-

965 1293 1018 1316 tem
1034 1288 1166 1321 nominat,
1180 1292 1207 1315 et
1223 1287 1258 1315 ab
1278 1294 1310 1314 eo
1329 1287 1385 1314 vult
1403 1294 1465 1315 esse
1482 1286 1653 1322 productam,
1666 1294 1746 1321 quam

966 1341 1045 1370 turpe
1061 1338 1104 1362 est
1119 1334 1181 1361 vita!
1195 1333 1269 1360 illam
1294 1337 1409 1359 matrem
1433 1332 1539 1359 dicere!
1560 1331 1643 1358 Nemo
1661 1331 1746 1361 enim,

966 1381 1013 1415 qui
1031 1386 1099 1408 sano
1112 1378 1217 1414 judicio
1231 1377 1363 1413 praeditus
1380 1377 1426 1409 sit,
1441 1376 1586 1404 admittere
1599 1376 1747 1411 quidquam

966 1426 994 1453 in
1006 1425 1098 1453 divina
1115 1428 1214 1452 natura
1231 1423 1378 1452 femineum
1394 1421 1536 1458 potest.At
1550 1422 1601 1449 iste
1619 1423 1700 1449 etiam
1713 1421 1749 1448 ab

966 1472 1018 1499 hac
1029 1471 1128 1499 femina
1139 1470 1255 1506 primum
1271 1477 1333 1497 esse
1344 1472 1516 1504 procreatum
1533 1467 1671 1495 hominem
1683 1473 1749 1493 nar-

968 1521 1020 1545 rat.
1033 1516 1075 1550 Et,
1089 1523 1144 1544 uno
1157 1516 1242 1544 verbo
1257 1515 1357 1547 dicam,
1370 1513 1487 1550 primum
1512 1512 1647 1540 hominem
1673 1511 1749 1538 vitae-

130 1556 190 1604 τὴν-
201 1568 281 1603 φύσιν
300 1568 348 1595 καὶ
362 1567 412 1603 τὴν
425 1567 530 1603 μητέρα
543 1567 592 1602 τῆς
608 1566 680 1601 ζωῆς
692 1566 724 1592 ὲκ
738 1564 792 1592 τῶν
805 1565 834 1592 ὲν
850 1564 915 1600 ἡμῖν

968 1569 1020 1598 que
1034 1565 1149 1589 matrem
1165 1561 1198 1588 ad
1212 1568 1318 1592 eorum,
1332 1567 1392 1594 quae
1405 1559 1432 1586 in
1449 1557 1530 1585 nobis
1544 1557 1670 1585 accidere
1686 1563 1748 1583 cer-

133 1613 302 1648 γιγνομένων
326 1612 501 1647 φαντάζεται.
525 1612 684 1648 ’Ἄνθρωπος
712 1610 766 1646 γὰρ
788 1609 918 1645 κέκληται

132 1659 181 1686 ἐπὶ
197 1659 245 1694 τῆς
259 1659 320 1694 γῆς,
333 1658 380 1685 καὶ
396 1658 486 1694 μήτηρ
499 1658 531 1683 ὲκ
543 1657 592 1692 τῆς
604 1656 657 1691 γῆς
669 1656 743 1691 ἡμᾶς
753 1655 917 1690 γεννήσασα,

133 1705 152 1740 ἡ
170 1706 202 1731 ὲκ
215 1704 282 1731 Θεοῦ
299 1703 338 1739 τῷ
361 1704 446 1739 ’Δδὰμ
458 1703 633 1738 κεκτισμένη.
647 1701 812 1734 Φαντάζεται
823 1701 850 1728 δὲ
864 1700 919 1728 ἀπὸ

132 1750 189 1776 τῶν
205 1749 276 1776 ἰδίων
293 1748 430 1785 λογισμῶν
452 1749 466 1775 ό
481 1747 619 1784 κτηνώδης
641 1747 670 1773 ἐν
691 1746 796 1782 οὐρανῷ
807 1745 919 1773 τοιαῦτα

135 1794 224 1827 εἶναι,
242 1796 322 1822 ὁποῖα
341 1794 388 1821 καὶ
410 1793 456 1820 ἐπὶ
475 1794 523 1828 τῆς
537 1793 589 1828 γῆς
611 1792 738 1828 ὑπάρχει.
751 1792 847 1818 Ἀτινα
869 1791 919 1817 οὒκ

135 1841 290 1876 ἐπιδέχεται
302 1841 323 1873 ⁸,
339 1840 377 1872 ὡς
392 1841 406 1867 ὸ
421 1839 491 1871 θεῖος
504 1838 582 1873 λόγος
596 1838 682 1873 πάντη
697 1837 825 1864 διδάσκει.
837 1836 919 1871 Λέγει

134 1887 192 1923 γάρ
220 1886 341 1921 σώματα
363 1884 536 1919 ἐπουράνια,
563 1884 610 1911 καὶ
640 1883 762 1918 σώματα
788 1879 918 1917 ἐπιτειαο

134 1932 194 1960 ἀλλ’
211 1931 292 1968 ἑτέρα
310 1931 360 1967 μὲν
373 1931 390 1966 ή
411 1929 465 1957 τῶν
487 1928 654 1965 ἐπουρανίων
666 1928 738 1961 δόξα,
761 1928 842 1963 ἑτέρα
855 1927 883 1955 δὲ
902 1928 919 1962 ὴ

135 1979 191 2006 τῶν
214 1977 357 2012 ἐπιγείων·
375 1977 422 2004 καὶ
436 1975 522 2007 οὕτως
532 1975 599 2007 ὅλως
612 1975 646 2001 τὰ
659 1973 786 2009 ὑπεράνω
799 1973 855 2000 τῶν
873 1972 920 1999 οὺ-

138 2024 226 2062 ρανῶν
238 2023 394 2059 διηγήσατο.
413 2021 491 2048 Ἀλλὰ
511 2022 576 2056 περὶ
597 2020 650 2046 τῶν
671 2019 839 2054 φαινομένων
856 2018 920 2044 τού.

136 2078 191 2097 των
202 2069 257 2096 τῶν
271 2068 352 2103 σῶμα
376 2067 561 2103 ὑπαρχόντων,
574 2065 650 2100 ἡλίου
665 2065 747 2099 λέγω,
763 2064 780 2099 ἢ
796 2063 920 2099 σελήνης,

137 2116 155 2151 ἢ
168 2115 221 2142 τῶν
237 2114 284 2141 ἐπὶ
296 2113 347 2148 γῆς
360 2113 454 2144 ὕντων,
470 2112 517 2139 καὶ
536 2111 590 2138 τῶν
605 2111 738 2146 σωμάτων
756 2109 811 2136 τῶν
823 2109 920 2143 ἁγίων,

136 2162 175 2192 ὥς
201 2169 233 2194 γε
254 2158 433 2193 διανοούμεθα
454 2156 575 2184 ταπεινοὶ
597 2156 682 2186 ὄντες.
707 2155 739 2181 El
756 2154 785 2180 δὲ
804 2154 850 2180 καὶ
868 2153 921 2179 τῶν

968 1611 1082 1640 nuntur,
1104 1606 1310 1634 similitudinem
1337 1607 1508 1631 commentus
1535 1605 1587 1630 est.
1609 1601 1748 1636 Siquidem

967 1656 994 1680 et
1003 1652 1084 1680 homo
1097 1656 1209 1679 vocatur
1223 1651 1250 1678 in
1266 1655 1349 1680 terra.
1369 1653 1396 1677 et
1410 1654 1505 1680 mater,
1520 1655 1580 1682 qua:
1591 1654 1641 1674 nos
1653 1650 1750 1674 eterra

967 1697 1071 1733 genuit,
1090 1703 1205 1731 quazque
1231 1695 1334 1722 Adamo
1357 1693 1491 1721 divinitus
1516 1696 1558 1720 est
1579 1692 1711 1727 producta
1727 1692 1748 1718 ⁸.

967 1743 1038 1779 Ergo
1051 1742 1144 1769 eadem
1153 1748 1213 1776 quae
1223 1740 1251 1767 in
1266 1743 1339 1766 terra
1355 1739 1434 1769 fiunt,
1449 1737 1531 1764 etiam
1547 1737 1575 1764 in
1591 1737 1662 1764 ccnlo
1673 1743 1750 1770 repe—

967 1787 1014 1816 riri
1030 1794 1080 1815 sua
1096 1785 1223 1814 inductus
1235 1784 1363 1819 opinione
1379 1782 1505 1818 stupidus
1525 1781 1607 1809 homo
1620 1786 1747 1817 nugatur.

968 1833 1034 1866 Quae
1051 1832 1160 1868 quidem
1181 1830 1215 1858 ab
1230 1829 1305 1858 omni
1326 1828 1434 1855 ratione
1445 1831 1510 1855 sunt
1525 1827 1709 1860 alienissima;
1724 1827 1750 1854 id

967 1878 1041 1915 quod
1058 1878 1160 1912 ubique
1188 1882 1273 1904 sacra:
1286 1874 1396 1902 Litterae
1410 1881 1460 1901 nos
1485 1872 1594 1900 docent.
1617 1872 1683 1905 Quae
1698 1880 1750 1899 cae-

968 1925 1046 1952 lestia
1071 1931 1196 1958 corpora,
1214 1925 1241 1950 et
1265 1925 1366 1948 terrena
1390 1927 1501 1954 corpora
1524 1918 1683 1946 nominatim
1704 1925 1752 1945 ex-

968 1970 1122 2006 primunt”,
1134 1968 1181 1996 sed
1197 1967 1250 1994 alia
1268 1970 1310 1994 est
1327 1965 1480 1993 caelestium
1500 1964 1597 2000 gloria,
1623 1963 1675 1990 alia
1695 1967 1751 1990 ter-

969 2022 1109 2043 renorum.
1128 2013 1179 2041 Ubi
1195 2019 1250 2040 non
1263 2012 1297 2039 de
1310 2010 1343 2039 iis
1361 2018 1422 2046 quae
1434 2017 1517 2044 supra
1526 2009 1651 2036 cmlestes
1672 2007 1753 2035 orbes

969 2065 1042 2092 sunt,
1053 2058 1174 2089 disserit,
1183 2058 1230 2085 sed
1240 2057 1273 2084 de
1280 2055 1492 2092 aspe'ctabilibus
1503 2055 1570 2082 iisce
1578 2053 1751 2089 corporibus.

970 2106 1037 2138 sole,
1053 2105 1128 2137 luna,
1153 2103 1211 2131 sive
1230 2103 1314 2130 etiam
1328 2102 1362 2129 de
1384 2101 1419 2129 iis
1435 2108 1496 2135 qua:
1522 2100 1550 2127 in
1578 2104 1649 2126 terra
1676 2102 1752 2129 sunt.

971 2154 1184 2183 sanctorumque
1198 2147 1360 2182 corporibus
1376 2155 1383 2174 :
1400 2145 1628 2181 quemadmodum
1649 2151 1696 2178 pro
1713 2148 1753 2170 te-

138 2187 213 2242 ὑπὲρ.
221 2205 335 2241 οὐρανὸν
353 2187 431 2230 ἐισται
447 2202 533 2236 λόγος,
548 2201 592 2227 διὰ
612 2201 642 2227 τὸ
655 2201 683 2227 ὲν
700 2198 774 2234 αὺτῷ
787 2199 825 2234 τῷ
840 2199 916 2224 Ἀπο-

972 2196 1076 2223 nuitate
1102 2198 1197 2221 nostra
1223 2191 1459 2227 interpretandum
1483 2190 1629 2217 credimus.
1657 2187 1752 2215 Utrum

1060 2239 1065 2246 I
1096 2239 1112 2244 ι·
1157 2238 1162 2243 -
1190 2245 1194 2246 ν
1245 2245 1248 2246 ν
1263 2245 1266 2246 ν
1302 2244 1338 2246 ηαξ
1359 2243 1435 2246 κηᾼκ-
1452 2235 1546 2246 Α...Ι..-.
1563 2234 1680 2246 μι--ῗιιιι-ι.
1703 2233 1752 2246 ΙιΛ..

138 2252 225 2287 στόλῳ
239 2251 289 2286 τῆς
309 2249 436 2285 γνώσεως
453 2248 600 2284 βαθύτατον
618 2245 749 2282 χώρημα,
765 2244 795 2271 οὐ
812 2244 920 2274 πάντως

137 2296 297 2333 ὁριζόμεθα.
326 2294 415 2330 Ὀμῶς
438 2293 522 2320 πολλὰ
550 2292 604 2319 τῶν
626 2290 755 2325 ἐπιγείων
777 2289 920 2316 λέλεκται·

139 2345 216 2378 πόσῳ
234 2342 332 2378 μᾶλλον
347 2341 382 2368 τά
395 2339 522 2375 ὑπεράνω
541 2338 596 2364 τῶν
615 2335 752 2372 οὺρανῶν;
770 2335 855 2362 Πόθεν
876 2334 921 2361 δύο

140 2399 218 2417 ναται
230 2390 284 2421 τοῖς
297 2387 426 2422 ἐπιγείοις
438 2383 644 2417 ἀπεικάζεσθαι,
655 2379 678 2409 ὦ
692 2378 768 2414 οὗτος
779 2389 787 2414 ;

177 2519 251 2552 Μςι.
266 2517 318 2544 Τὸν
331 2516 360 2543 δὲ
378 2515 484 2551 πρῶτον
497 2512 636 2548 ἄνθρωπον
648 2511 698 2546 (ὃν)
714 2511 828 2546 φάσκεις
843 2509 923 2537 πάλιν

141 2563 372 2593 κατεσκευακέναι
384 2560 472 2595 ἑαυτῷ
488 2557 637 2589 πανοπλίας
653 2557 732 2592 χάριν
751 2556 796 2582 τὸν
813 2555 923 2591 ἄνεμον,

141 2613 172 2640 τὸ
194 2612 262 2647 φῶς,
280 2611 311 2637 τὺ
330 2609 394 2644 πῦρ,
416 2607 447 2634 τὸ
465 2606 546 2641 ὕδωρ,
571 2604 620 2639 τὴν
643 2602 719 2638 ὕλην,
743 2602 786 2647 (vi
801 2601 812 2617 ι
828 2600 924 2647 εἶμεν

141 2644 246 2685 ἄνωθέν
264 2657 337 2682 ἐστιν
355 2654 370 2680 ὁ
397 2652 505 2688 πρῶτος
526 2649 677 2685 ἄνθρωπος,
701 2648 748 2674 καὶ
768 2644 819 2674 ὧδε
844 2644 925 2681 ἦλθεν

142 2701 237 2737 ἑαυτῷ
247 2698 446 2727 κατασκευάσαι
462 2696 510 2731 τὴν
526 2694 684 2726 πανοπλίαν,
704 2693 750 2720 καὶ
766 2691 925 2727 προϐάλλειν

972 2248 1037 2267 vero
1050 2239 1083 2266 de
1096 2239 1140 2272 iis,
1157 2238 1269 2272 insuper
1281 2244 1341 2272 quae
1356 2243 1438 2271 supra
1449 2235 1547 2262 cwlum
1560 2234 1682 2261 eminent
1703 2233 1754 2260 hoc

972 2286 1034 2312 loco
1044 2292 1135 2312 sermo
1150 2285 1195 2314 sit,
1209 2287 1319 2318 propter
1335 2282 1494 2308 immensam
1509 2279 1632 2314 Apostoli
1651 2279 1754 2306 altissi-

974 2337 1100 2365 mamque
1121 2329 1275 2358 scientiam,
1293 2328 1359 2355 certi
1377 2326 1445 2353 nihil
1460 2327 1620 2354 asserimus.
1634 2325 1754 2353 Terrena

974 2375 1083 2410 quidem
1112 2375 1243 2409 pleraque
1266 2371 1500 2400 commemoravit.
1533 2370 1642 2404 Quanto
1669 2371 1755 2404 magis

975 2426 1036 2454 qua:
1051 2419 1121 2446 caalo
1136 2419 1197 2453 ipso
1225 2417 1366 2452 superiora
1386 2416 1468 2444 sunt?
1481 2416 1603 2449 Quanam
1619 2415 1701 2451 659
1718 2422 1756 2441 ra-

976 2465 1049 2492 tione
1064 2472 1125 2492 eum
1144 2464 1262 2491 terrenis
1274 2462 1427 2497 comparari
1445 2461 1591 2497 poterunt?

1011 2510 1101 2537 XLVI.
1119 2509 1197 2543 Quod
1222 2516 1286 2536 vero
1305 2508 1422 2544 primum
1447 2507 1488 2534 ais
1508 2507 1644 2533 hominem
1668 2511 1756 2531 arma-

977 2561 1044 2584 turze
1072 2555 1123 2583 sibi
1148 2555 1207 2582 loco
1223 2559 1333 2582 ventum
1346 2574 1354 2586 ,
1369 2553 1473 2584 lucem,
1490 2553 1595 2588 ignem,
1611 2558 1706 2586 aquam
1725 2558 1756 2576 ac

977 2602 1120 2630 materiam
1137 2602 1302 2634 fabricasse,
1320 2601 1342 2628 si
1367 2608 1382 2628 e
1401 2601 1471 2628 coelo
1489 2601 1593 2635 primus
1610 2599 1655 2626 ille
1677 2598 1756 2624 homo

977 2647 1116 2674 dcrivatus
1130 2650 1182 2679 est,
1205 2651 1287 2681 atque
1302 2646 1355 2672 huc
1378 2644 1559 2680 procudenda
1574 2643 1646 2670 illius
1670 2649 1752 2668 arma-

978 2695 1047 2718 turze
1079 2691 1166 2726 gratia
1195 2691 1279 2723 venit,
1299 2697 1351 2726 qua
1379 2690 1451 2718 velut
1478 2690 1562 2717 lorica
1588 2688 1702 2722 quadam
1726 2693 1755 2712 ac

180 2789 188 2804 ¹
203 2787 259 2815 Ver
276 2787 321 2814 illa
345 2786 379 2813 τὰ
395 2785 520 2819 ἐπίχειρα
549 2791 602 2819 non
622 2780 765 2809 admodum
781 2779 916 2807 necessari

968 2779 1074 2808 videtur.
1112 2781 1122 2796 ¹
1136 2779 1166 2808 F.
1181 2780 1327 2815 ἐνδέχεται.
1366 2780 1376 2796 ³
1392 2779 1445 2806 Pro
1471 2779 1513 2805 ἵνα
1531 2777 1599 2804 forte
1615 2773 1683 2802 ἀλλὰ
1699 2773 1750 2801 lea-

145 2824 156 2840 ⁵
171 2823 240 2851 Gen.
252 2830 271 2855 ι,
286 2822 332 2848 26.
368 2822 378 2837 ³
392 2820 401 2846 l
415 2818 476 2847 cor.
493 2826 536 2852 xv,
549 2818 593 2845 40.
