1939 3036
219 121 252 148 90
912 129 941 157 8.
962 129 1131 159 ΕΡΙΡΗΔΝΙΙ

1787 146 1841 174 100

214 178 386 208 munimento
406 189 436 210 se
458 185 630 219 protegeret;
653 192 826 221 consequens
839 190 884 214 est
901 191 931 214 ut
946 187 994 214 ham

1055 189 1144 226 ἐαυτῷ
1161 191 1263 228 ταύτην
1291 194 1331 226 εἰς
1356 195 1529 234 θωρακισμδν
1543 199 1640 228 ἑαυτοῦ
1660 201 1707 229 καὶ
1730 202 1840 231 ἐνδοιά-

215 225 346 254 inferiora
368 227 414 255 illo
430 231 585 264 potentiora
600 231 656 259 sint
670 232 716 267 qui
733 240 748 260 e
769 233 839 260 cmln
853 232 1002 261 descende-

214 273 250 298 rit.
274 272 349 307 Aqua
371 274 442 301 enim
460 275 505 302 illa
523 275 581 310 ipsa
597 281 639 304 est
655 285 716 312 qua:
731 278 864 310 cernitur,
883 278 927 305 lux
942 286 1002 313 qua:

215 319 301 345 Oculis
318 324 440 354 apparet,
462 322 574 349 materia
589 330 649 358 quae
666 324 795 358 opinione
815 327 862 350 tua
876 331 1000 351 corrum-

215 361 300 395 pitur,
327 366 424 390 ventus
446 364 493 398 qui
524 366 637 394 auribus
657 367 760 396 nostris
788 368 906 399 insonat.
931 369 1001 403 ignis

216 406 286 434 idem
314 407 358 434 ille
381 408 517 444 denique,
546 419 627 446 quem
654 413 688 440 ad
708 421 788 441 usum
810 414 873 441 vita:
899 414 1002 449 passim

211 452 385 480 adhibemus.
415 454 521 488 Quibus
537 457 621 485 rebus
648 457 671 486 si
689 459 828 495 principes
852 464 1001 496 oppugnat,

213 498 280 525 cedo
315 507 437 533 quamam
464 502 510 528 illa
543 503 605 531 belli
647 505 718 533 ratio
745 505 1002 541 adutinistratioque

213 543 391 578 proponitur?
404 546 466 581 quis
488 547 568 576 istius
585 549 648 576 belli
671 550 727 577 dux
750 555 778 578 et
795 557 893 579 auctor
904 552 1002 580 classi—

212 596 274 616 cum
291 591 370 619 nobis
393 593 520 620 concinet
541 594 617 630 :Age
648 604 858 632 perrumpamus
880 598 999 626 hostium

212 635 377 672 phalanges,
404 639 582 675 praeliumque
609 642 777 670 conﬂemus?
800 643 867 677 Quis
892 644 918 670 in
937 652 998 672 eum

211 681 316 715 primus
342 683 490 717 jaculetur,
522 686 569 721 qui
606 691 703 715 contra
734 689 934 725 principatuum
968 698 1001 718 ac

211 731 376 761 potestatum
401 730 582 758 substantiam
611 732 734 761 furiosus
759 734 893 763 incurrit?
918 735 1000 764 Estne

211 777 239 799 ut
255 777 352 802 ventus
375 775 523 811 conﬂigere
549 779 647 812 possit,
667 784 715 806 aut
739 781 865 813 materia,
883 790 944 816 qua:
966 790 999 809 ex

211 822 255 845 tua
272 820 407 847 sententia
430 823 637 857 corrumpitur?
657 824 766 859 lgnisne
783 834 866 861 porro
877 847 885 858 ,
903 828 950 862 qui
965 827 1000 854 ad

210 871 290 891 usum
309 868 435 893 nostrum
447 874 462 893 a
483 867 538 895 Deo
551 874 661 898 creatus
676 871 740 898 est?
753 872 794 899 An
811 872 855 899 lux
871 873 927 906 illa,
940 883 1000 910 qua:
1018 862 1037 888 Β

210 916 260 943 pro
287 914 440 945 temporum
468 912 616 948 descriptis
637 922 653 942 a
670 915 724 943 Deo
751 917 848 952 spatiis
877 919 998 948 vicissim

209 954 329 982 tenebris
360 955 456 983 cedit?
479 956 515 983 At
542 959 652 994 opinor,
680 967 751 996 aqua
776 963 919 997 pugnabit.
938 964 999 997 Quo

209 999 319 1026 tandem
337 1001 435 1035 pacto?
449 1001 578 1031 Edissere
589 1024 598 1037 ,
615 1006 712 1039 sodes,
735 1007 842 1042 ineptas
860 1009 922 1037 illas
937 1014 998 1038 tuas

209 1042 325 1072 fabulas.
337 1045 420 1080 Atqui
436 1054 484 1082 per
492 1047 552 1075 haec
566 1050 659 1077 omnia
674 1056 728 1078 tam
747 1052 817 1080 bona
829 1061 911 1088 quam
927 1055 997 1082 mala

209 1087 265 1115 ﬁeri
281 1089 416 1119 videmus.
433 1090 481 1120 Sic
495 1092 566 1129 ignis
578 1094 748 1124 adminiculo
764 1087 900 1126 sacrificia
915 1099 998 1128 idolis

209 1134 392 1167 instruuntur,
417 1145 505 1173 neque
520 1139 546 1166 id
561 1140 642 1168 olIicii
657 1149 745 1177 genus
764 1143 899 1172 detrectat
913 1145 996 1181 ignis,

207 1183 254 1206 aut
269 1186 411 1215 peccatum
431 1185 569 1219 prohibet.
585 1185 657 1219 Quin
676 1191 703 1214 et
717 1195 816 1223 aquam
833 1191 997 1219 maritimam

207 1225 294 1254 libant
309 1229 355 1262 qui
371 1229 508 1259 daemones
522 1232 655 1267 adorant;
671 1242 723 1262 nec
737 1236 810 1263 ullus
826 1244 945 1272 unquam
962 1238 996 1266 ad

208 1271 259 1298 hoc
275 1279 389 1301 summae
406 1274 568 1309 ignorantiae
584 1285 654 1313 opus
670 1286 739 1314 aqua
752 1271 937 1316 praestandum
954 1287 997 1311 est

206 1316 371 1350 prohibitus.
389 1319 476 1352 Quam
499 1322 578 1349 multi
605 1324 748 1358 praedones
773 1326 800 1352 in
818 1327 902 1354 maris
917 1328 996 1363 aquis

206 1361 353 1390 homicidia
378 1368 592 1400 perpetrarunt?
610 1369 652 1396 Ac
670 1374 777 1398 tantum
792 1371 871 1399 abest
898 1377 929 1400 ut
942 1361 996 1401 ne-

206 1406 301 1440 quitia:
315 1409 502 1444 principibus.
518 1413 592 1447 quod
608 1418 639 1441 tu
665 1415 753 1449 dicis,
771 1424 842 1452 aqua
857 1418 996 1446 contraria

205 1451 253 1484 sil,
269 1457 298 1479 ut
310 1454 344 1481 iis
361 1455 454 1488 potius
470 1457 622 1491 opituletur
639 1466 672 1486 ac
686 1451 819 1494 conferat,
835 1470 889 1489 non
907 1463 994 1498 ipsius

205 1504 284 1531 aqua;
296 1499 387 1534 culpa,
405 1501 453 1528 sed
469 1503 612 1537 ipsiusmet
623 1505 753 1540 hominis,
771 1507 815 1534 cui
831 1509 936 1542 peccati
951 1510 994 1538 sui

204 1550 289 1571 causa
303 1545 447 1574 tribuenda
462 1548 507 1575 sit.
523 1549 545 1576 Ο
563 1558 648 1585 nugas
662 1555 745 1586 atque
760 1552 895 1588 ineptias!

242 1588 311 1621 Quid
327 1590 372 1618 illa
388 1600 453 1619 vero
471 1600 611 1622 armorum
626 1601 765 1625 structura
788 1599 995 1628 elementorum-

203 1640 259 1666 que
272 1635 471 1663 munimentum
485 1639 574 1673 primo
589 1640 628 1667 illi
645 1641 747 1668 homini
760 1642 872 1677 profuit,
884 1652 945 1672 cum
959 1646 994 1673 ad

204 1679 386 1712 prceliandum
406 1681 534 1717 delapsus
549 1692 563 1710 a
584 1686 706 1713 tenebris
726 1688 815 1716 victus
831 1696 862 1716 ac
874 1689 994 1718 debella-

204 1727 249 1751 tus
275 1724 378 1752 fuerit?
394 1725 451 1755 Tua
476 1729 548 1756 enim
564 1730 621 1758 haec
637 1732 725 1759 oratio
743 1738 804 1766 est;
831 1742 993 1770 oppressum

204 1769 389 1806 nlilictumque
410 1773 436 1799 in
453 1773 488 1801 iis
503 1775 680 1803 inferioribus
695 1778 851 1812 hominem,
868 1781 914 1815 qui
930 1789 993 1808 eutn

204 1813 308 1841 idcirco
325 1821 451 1850 precatus
465 1825 550 1851 esset,
571 1822 718 1850 exaudisse
734 1823 853 1856 Patrem,
872 1831 898 1853 et
912 1827 992 1854 aliam

205 1859 365 1893 produt-tam
382 1869 398 1888 a
417 1870 447 1889 se
462 1864 573 1892 misisse
585 1867 716 1894 virtutem
729 1888 736 1899 ,
755 1869 838 1904 660
853 1878 933 1905 quem
950 1872 992 1900 vi-

203 1909 311 1932 Veutem
335 1907 464 1941 spiritum
490 1911 617 1944 appellat.
636 1911 712 1940 'l‘olle
739 1914 842 1941 larvam
867 1921 959 1949 tuam,
975 1924 993 1944 ο

205 1949 353 1978 Menander
368 1953 489 1982 comice!
509 1955 577 1982 Nam
601 1964 664 1984 cum
681 1958 819 1992 ejusmodi
835 1962 915 1995 plane
934 1963 972 1989 sis
984 1983 991 1995 ,

202 1995 335 2023 latebram
356 1996 404 2026 tibi
426 1999 605 2029 nihilominus
626 1997 742 2037 timeris,
767 2013 798 2032 ac
814 2014 888 2033 mera
914 2008 992 2035 nobis

203 2041 338 2068 adulteria
358 2047 385 2070 et
398 2044 546 2074 ebrietates
572 2045 677 2076 narras.
702 2050 773 2078 Nihil
789 2052 861 2079 enim
879 2054 949 2088 apud
967 2059 992 2082 le

203 2089 385 2120 compositum
411 2096 443 2116 ac
466 2091 631 2120 modestum.
656 2094 696 2121 Tu
719 2096 791 2122 enim
812 2105 861 2131 pro
878 2099 992 2127 veritate

202 2130 358 2160 Grzccorum
372 2134 478 2163 fabulas
489 2137 622 2166 inducens
630 2142 812 2170 sectatoribus
821 2143 874 2170 tuis
887 2143 989 2172 illudis.

202 2177 291 2205 Credo
312 2180 437 2214 equidem
463 2183 656 2218 sapientiorem
680 2191 706 2214 te
723 2187 869 2215 Hesiodum
888 2190 987 2222 fuisse.

202 2224 266 2250 dum
283 2224 343 2253 illas
356 2226 383 2253 in
401 2226 558 2263 Theogonia
588 2230 697 2259 fabulas
714 2233 841 2261 edisserit
858 2244 864 2261 :
884 2243 990 2263 necnon

201 2273 229 2294 cl.
244 2268 392 2304 Orpheum,
409 2276 491 2307 atque
504 2274 671 2310 Euripidem.
686 2277 754 2305 Nam
770 2279 825 2312 isti,
840 2285 988 2315 quantum~

202 2313 244 2340 vis
258 2314 375 2344 ridicula
397 2324 525 2352 narrent,
541 2323 716 2356 perspicuum
734 2328 776 2351 est
789 2343 796 2356 ,
815 2313 888 2358 quod
905 2331 990 2361 poetzc

201 2363 305 2391 essent,
335 2360 402 2389 lalsa
430 2362 464 2390 de
491 2364 626 2393 industria
654 2368 831 2396 confinxisse.
859 2360 989 2399 Tuivero

202 2404 409 2435 luculentioretn
431 2412 462 2436 ut
488 2417 608 2439 errorem
634 2412 729 2446 facias,
746 2413 814 2442 falsa
841 2423 892 2450 pro
916 2417 989 2445 veris

202 2449 336 2479 obtrudis.

236 2494 340 2525 XLVII.
360 2497 445 2534 Igitur
453 2500 545 2528 vivum
557 2502 631 2529 illum
643 2502 769 2538 spiritum
786 2512 881 2533 narras
891 2514 907 2534 e
917 2508 988 2536 coelo

201 2541 342 2576 delapsum
362 2545 451 2579 primo
473 2546 576 2574 homini
594 2548 751 2582 porrexisse
768 2550 921 2584 dexteram,
944 2557 986 2580 at-

201 2594 253 2620 que
268 2596 283 2615 e
298 2590 418 2618 tenebris
431 2591 561 2620 eduxisse
571 2613 578 2625 ,
592 2601 653 2620 cum
667 2613 675 2625 ,
691 2593 814 2628 inquam,
828 2596 964 2626 hominem
978 2620 985 2631 ,

200 2633 244 2666 qui
261 2634 287 2661 in
303 2634 425 2664 inferiori
439 2636 490 2664 hoc
503 2638 569 2665 orbe
583 2639 797 2673 periclitabatur.
817 2642 941 2674 Quicum
955 2650 984 2672 ut

200 2678 368 2714 absumptam
396 2681 524 2710 liberaret
555 2683 672 2709 animant
702 2683 905 2719 descendisset,
934 2697 983 2717 nec

200 2723 303 2757 eripere
319 2726 461 2759 potuisset,
475 2728 549 2755 illum
570 2729 669 2763 ipsum,
686 2730 808 2764 inquam,
825 2733 869 2765 qui
886 2734 919 2760 ad
938 2744 980 2763 sa-

237 2800 244 2815 '
258 2798 357 2832 Regius
370 2803 402 2830 ἰὰ
420 2805 514 2838 mari.
553 2807 563 2821 ’
577 2805 639 2834 Cor.
659 2808 857 2845 ἀνενηνοχέναι.

1053 235 1128 270 μίαν.
1146 236 1199 272 ἄρα
1221 237 1391 276 δυνατώτερα
1406 242 1439 269 τὰ
1457 243 1486 269 ἐν
1499 244 1538 280 τῷ
1553 245 1649 282 κόσμῳ
1666 247 1754 284 τούτῳ
1768 249 1840 286 ὑπὲρ

1051 280 1096 307 τὸν
1110 281 1211 308 ἄνωθεν
1226 283 1337 312 ὲλθόντα
1349 286 1402 313 τῶν
1417 288 1594 324 ἐπουρανίων.
1608 280 1701 329 δῩδωρ
1712 280 1766 331 γάρ
1780 280 1839 323 ἐστι

1051 325 1082 351 τὸ
1095 327 1200 361 ὁρατὸν,
1223 329 1269 355 καὶ
1283 330 1340 364 φῶς
1354 331 1384 358 τὸ
1403 334 1574 369 φαινόμενον,
1590 337 1636 364 καὶ
1654 325 1702 375 ὕλη
1717 325 1839 376 λίίκατά

1052 371 1082 397 σὲ
1101 371 1275 409 φθειρομένη,
1295 376 1342 421 καὶ
1362 377 1461 413 ἄνεμος
1479 380 1493 406 ὸ
1515 381 1544 407 ὲν
1557 383 1623 417 ήμῐν
1647 371 1838 421 ἐνηχοιέίμενος,

1052 417 1098 444 καὶ
1111 417 1141 444 τὸ
1159 419 1214 455 πῦρ
1227 420 1307 447 τοῦτο
1325 418 1347 456 ᾧ
1365 423 1510 457 ἀκωλύτως
1526 427 1550 453 ol
1569 428 1668 461 πάντες
1679 417 1838 467 ἠέχρῆμεθᾶ

1051 462 1080 488 ὲν
1094 464 1154 495 ταῖς
1168 465 1284 499 χρείαις.
1302 467 1357 494 Καὶ
1379 469 1403 495 εί
1418 469 1461 496 διὰ
1477 472 1604 500 τοιούτων
1627 475 1689 507 τοὺς
1704 462 1839 512 άρχοντας

1051 508 1175 544 πολεμεῖ,
1187 511 1229 543 τίς
1243 512 1260 547 ἠ
1271 512 1396 548 ἐνέργεια
1408 515 1454 542 τοῦ
1474 517 1607 553 πολέμου;
1625 517 1686 555 λέγε
1695 530 1702 537 ·
1770 508 1838 558 ἡμῖν

1052 555 1208 583 σαλπίσειεν
1220 558 1341 595 ἀρχηγὸς
1359 560 1476 596 πολέμου
1491 563 1647 599 γινόμενος·
1661 555 1839 605 Διατέμωμεν

1050 600 1100 633 τὰς
1116 602 1269 637 φάλαγγας,
1285 605 1512 642 ἐπισυστήσωμεν
1527 609 1562 636 τὰ
1585 611 1660 647 παρὰ
1675 613 1684 628 ί
1696 600 1749 640 τοῦ.
1760 600 1839 642 πολέ-

1052 655 1121 689 μους
1136 648 1185 680 Τίς
1198 649 1273 684 βάλοι
1290 650 1396 686 πρῶτον
1410 652 1485 688 βέλος
1498 655 1568 683 κατὰ
1587 657 1632 683 τοῦ
1645 657 1772 693 χαλεπῶς
1787 670 1839 697 μα-

1410 686 1415 688 .
1646 686 1662 693 Is
1762 686 1770 692 ¹
1787 686 1824 697 1⁷⁷’“

1051 686 1141 726 νέντος
1158 695 1232 721 κατὰ
1246 696 1296 731 τῆς
1316 697 1408 732 ἀρχῶν
1429 699 1475 725 καὶ
1491 700 1621 733 ἐξουσιῶν
1642 704 1838 740 ὑποστάσεως

1053 740 1170 775 ’Δνεμος
1182 741 1303 777 πολεμεῖ,
1318 740 1342 770 ὦ
1354 741 1446 778 οὗτος
1463 746 1530 773 ἀλλὰ
1545 747 1594 783 ὕλη
1608 749 1625 785 ὴ
1639 751 1710 778 κατὰ
1724 752 1753 778 σὲ
1764 753 1839 788 φθει-

1052 786 1153 822 ρομένη
1166 795 1172 819 ;
1190 787 1258 814 ἀλλὰ
1276 789 1305 815 τὸ
1318 789 1374 825 πῦρ
1387 791 1418 817 τὺ
1437 793 1476 823 είς
1489 793 1586 828 χρῆσιν
1601 796 1738 832 ἡμετέραν
1752 786 1839 826 κατα-

1051 832 1199 859 σκευασθὲν
1210 833 1263 860 ὑπὸ
1280 834 1326 860 τοῦ
1343 835 1463 871 Κυρίου;
1483 838 1550 865 ἀλλὰ
1562 840 1593 866 τὸ
1607 841 1666 875 φῶς
1679 843 1709 869 τὸ
1733 845 1839 880 ὑποχω-

1051 876 1114 913 ροῦν
1127 877 1167 913 τῷ
1188 879 1278 906 σκότει
1297 880 1443 916 ἀναμέρος,
1461 884 1652 920 διαστημάτων
1666 889 1720 915 τῶν
1734 876 1840 926 χρόνων

1050 923 1082 950 ἐκ
1095 923 1162 950 Θεοῦ
1187 926 1379 961 τεταγμένων;
1400 928 1467 955 ἀλλὰ
1481 930 1512 957 τδ
1536 931 1623 968 ῦδωρ;
1639 934 1707 970 ποίῳ

1048 968 1175 1005 διήγησαι
1187 970 1222 997 τὰ
1237 971 1312 1007 παρὰ
1329 973 1369 999 σο)⁵
1384 976 1616 1013 κενοφωνούμενα.
1636 968 1754 1017 Καὶνγὰρ
1764 968 1838 1019 apti»;

1050 1023 1100 1050 μεν
1121 1015 1165 1042 διὰ
1185 1017 1287 1044 τούτων
1302 1018 1401 1053 μᾶλλον
1419 1022 1465 1047 καὶ
1480 1022 1569 1057 ἀγαθὰ
1590 1024 1637 1051 καὶ
1660 1015 1749 1060 φαῦλά
1764 1015 1838 1062 γινό-

1050 1069 1128 1095 μενα.
1152 1062 1196 1088 Ἐν
1210 1062 1249 1098 τῷ
1263 1063 1317 1099 γὰρ
1331 1066 1398 1101 πυρὶ
1414 1066 1503 1094 θυσίαι
1513 1069 1632 1103 γίνονται
1644 1071 1772 1105 εἰδώλοις,
1790 1075 1837 1101 καὶ

1048 1107 1077 1133 οὐ
1095 1110 1266 1144 παραιτεῖται
1286 1110 1317 1137 τὸ
1334 1111 1399 1147 πῦρ,
1418 1114 1480 1140 οὐδὲ
1502 1115 1600 1142 κωλύει
1616 1117 1664 1153 τὴν
1687 1119 1834 1155 ἁμαρτίαν.

1049 1153 1093 1188 Τῷ
1110 1153 1187 1181 ὕδατι
1200 1156 1249 1191 τῆς
1259 1156 1398 1193 θαλάσσης
1411 1160 1568 1189 σπένδουσιν
1581 1163 1606 1189 οί
1621 1165 1676 1196 τοῖς
1688 1153 1836 1201 δαιμονίοις

1048 1201 1272 1235 προσκυνοῦντες,
1297 1204 1344 1230 καὶ
1363 1205 1393 1232 οὐ
1418 1207 1569 1235 κεκώλυταί
1589 1219 1654 1237 ποτε
1675 1212 1704 1238 ὲν
1724 1212 1800 1239 ὕδατι
1822 1215 1836 1240 ὁ

1047 1244 1217 1281 πειρώμενος
1238 1248 1349 1282 ἄγνοιαν
1374 1251 1536 1280 ἐπιτελέσαι.
1554 1255 1636 1283 Πόσοι
1657 1256 1684 1282 δὲ
1706 1259 1835 1294 πειραταὶ

1048 1290 1144 1324 φόνους
1164 1292 1328 1328 εἰργάσαντο
1348 1296 1377 1323 ἐν
1398 1296 1476 1325 ὕδασι
1497 1299 1649 1337 Θαλάσσης
1666 1303 1711 1329 καὶ
1734 1290 1835 1338 μάλλον

1047 1336 1096 1362 οὐκ
1112 1337 1232 1365 ἐναντίον
1244 1339 1274 1366 τδ
1289 1340 1360 1377 ὓδωρ
1373 1343 1429 1375 τοῖς
1448 1343 1560 1380 ἄρχουσι
1577 1345 1625 1381 τῆς
1641 1336 1781 1384 πονηρίας,
1797 1350 1835 1382 ὠς

1047 1382 1080 1409 σὺ
1093 1382 1192 1416 λέγεις,
1210 1384 1278 1411 ἀλλὰ
1298 1389 1491 1423 συνεργητικὸν
1513 1390 1612 1425 μᾶλλον
1628 1392 1659 1418 τὸ
1676 1382 1758 1429 ὕδωρ,
1787 1395 1834 1421 οὐκ

1046 1427 1122 1460 ὕντος
1134 1429 1220 1456 αίτίου
1235 1430 1286 1457 τοῦ
1301 1431 1406 1465 ὕδατος,
1422 1434 1489 1462 ἀλλὰ
1502 1436 1587 1462 αίτίου
1602 1438 1716 1465 ἑκάστου
1728 1427 1835 1477 άνορώ-

1047 1482 1098 1500 που
1113 1476 1163 1510 τῆς
1184 1476 1282 1503 ἑαυτοῦ
1304 1478 1452 1514 ἁμαρτίας.
1470 1481 1526 1508 Καὶ
1548 1482 1570 1509 ὢ
1589 1483 1639 1519 τῆς
1663 1485 1763 1522 πολλῆς
1786 1495 1833 1514 σου

1008 1528 1029 1558 c
1046 1519 1179 1556 φλυαρίας
1192 1521 1198 1548 l

1081 1609 1114 1634 Τί
1130 1609 1159 1636 δὲ
1186 1609 1328 1647 ὠφέλησεν
1349 1614 1366 1648 ἡ
1393 1616 1547 1652 κατασκευὴ
1568 1617 1621 1643 τῶν
1639 1618 1737 1652 ὅπλων,
1758 1621 1806 1647 καὶ
1819 1623 1834 1649 ὁ

1044 1654 1221 1692 θωρακισμὺς
1235 1658 1290 1685 τῶν
1306 1661 1454 1696 στοιχείων,
1474 1663 1519 1690 τὸν
1535 1663 1640 1698 πρῶτον
1662 1666 1729 1692 κατὰ
1748 1667 1778 1693 σὲ
1790 1668 1834 1694 ἆν-

1045 1699 1153 1735 ὓρωπον
1169 1702 1214 1729 τὸν
1231 1705 1393 1732 κατελθόντα
1407 1707 1567 1743 πολεμῆσαι,
1583 1710 1630 1736 καὶ
1646 1711 1696 1737 ὑπὸ
1709 1713 1755 1738 τοῦ
1770 1714 1832 1739 σκό-

1043 1753 1107 1776 τους
1126 1749 1367 1783 καταπονηθέντα;
1388 1751 1505 1784 Φάσκεις
1523 1754 1587 1790 γὰρ,
1603 1756 1642 1781 ὃτι
1665 1756 1757 1792 ἐθλίδη
1777 1759 1833 1785 ἐκεῖ

1043 1791 1118 1818 κάτω
1133 1793 1147 1818 ό
1165 1793 1316 1828 ἄνθρωπος.
1339 1796 1494 1832 Εὐξαμένου
1519 1799 1549 1829 δὲ
1568 1801 1648 1828 αὐτοῦ
1684 1791 1799 1837 ἤκουσεν
1819 1806 1833 1831 ὁ

1044 1837 1148 1872 Πατὴρ,
1160 1838 1196 1869 ὡς
1210 1838 1287 1873 ἔφης,
1300 1841 1346 1866 καὶ
1359 1841 1516 1870 ἀπέστειλεν
1529 1846 1625 1881 ἑτέραν
1641 1847 1755 1884 δύναμιν
1767 1858 1832 1886 προ-

1044 1880 1188 1915 ϐληθεῖσαν
1202 1882 1247 1908 ὑπ’
1261 1883 1354 1916 αὐτοῦ,
1371 1885 1520 1924 λεγομένην
1538 1890 1644 1926 πνεῦμα
1659 1892 1723 1923 ζῶν.
1746 1895 1832 1921 Ἔπα-

1045 1925 1090 1960 ρόν
1105 1935 1151 1952 σου
1175 1928 1205 1954 τὸ
1230 1932 1420 1965 προσωπεῖον,
1440 1930 1462 1959 ὦ
1483 1937 1657 1971 κωμῳδοποιὲ
1680 1939 1829 1975 Μένανδρε.

1049 1972 1166 2005 Ἐκεῖνος
1181 1975 1235 2010 γὰρ
1253 1976 1301 2008 ὢν,
1325 1979 1438 2007 σεαυτὴν
1458 1982 1614 2016 σκεπάζεις,
1638 1985 1739 2020 μοιχῶν
1763 1987 1831 2022 ἔργα

1042 2017 1218 2061 διηγούμενος
1231 2022 1278 2049 καὶ
1291 2023 1387 2059 μέθης.
1399 2025 1483 2052 Οὐδὲν
1499 2027 1553 2063 γὰρ
1565 2029 1594 2055 ἐν
1611 2017 1651 2055 col
1665 2017 1829 2066 καθέστηκε.

1042 2059 1102 2088 Τῶν
1118 2064 1172 2098 γάρ
1195 2065 1327 2102 Ἐλλήνων
1344 2068 1379 2095 τὰ
1395 2059 1543 2106 ποιήματα,
1551 2073 1612 2099 ἀντὶ
1631 2074 1680 2109 τῆς
1702 2059 1830 2110 ἀληθείας

1042 2108 1242 2143 παρεισφέρων,
1266 2110 1369 2147 πλανᾷς
1393 2114 1456 2146 τοὺς
1481 2115 1533 2141 ὑπὸ
1558 2116 1604 2142 σοῦ
1627 2108 1828 2154 ἠπατημένους.

1041 2151 1118 2186 Τάχα
1133 2153 1186 2189 γὰρ
1210 2154 1279 2190 ὑπὲρ
1298 2155 1327 2181 σὲ
1350 2157 1469 2189 Ἠσίοδος
1482 2159 1624 2196 ἐφρόνησε,
1640 2151 1682 2188 γτὰ
1702 2151 1767 2199 nep!
1780 2164 1828 2199 τῆς

1005 2200 1027 2228 ι)
1042 2196 1179 2231 θεογονίας
1196 2201 1382 2236 ποιητεύματα
1393 2203 1606 2240 διηγησάμενος’
1617 2207 1685 2242 τάχα
1703 2196 1826 2244 Ὀρφεὺς.

1040 2241 1110 2276 τάχα
1123 2243 1281 2280 Εὐριπίδης.
1300 2247 1414 2274 Ἐκεῖνοι
1429 2248 1494 2284 γὰρ,
1517 2250 1569 2278 κᾶν
1589 2241 1779 2286 καταγέλαστα
1795 2255 1827 2281 δι-

1040 2289 1186 2322 ηγήσαντο,
1197 2289 1271 2325 δῆλοί
1281 2292 1360 2326 είσιν,
1374 2293 1415 2320 ὅτι
1426 2296 1535 2330 ποιηταὶ
1552 2297 1718 2333 ὑπάρχοντες
1734 2300 1826 2335 ἐποιη-

1040 2332 1169 2360 τεύσαντο
1182 2335 1216 2362 τά
1228 2336 1277 2362 οὐκ
1290 2337 1355 2364 ὄντα
1364 2359 1370 2366 .
1384 2339 1421 2365 Σὺ
1437 2339 1465 2366 δὲ
1480 2341 1518 2374 ὡς
1539 2332 1709 2380 δνταγδιηγῇ,
1724 2345 1769 2372 ἵνα.
1779 2332 1826 2382 την

1040 2377 1143 2414 πλάνην
1158 2382 1354 2418 περισσοτέραν
1365 2383 1480 2420 ἐργάσῃ.

1073 2509 1137 2536 ΜΖ’.
1154 2509 1238 2538 Τοῦτο
1258 2513 1372 2546 φάσκεις
1390 2515 1421 2542 τδ
1443 2517 1551 2553 πνεῦμα
1575 2518 1606 2545 τὸ
1621 2518 1675 2551 ζῶν
1697 2521 1824 2548 κατελϐδν

1038 2554 1113 2581 κάτω
1137 2557 1282 2585 δεδωκέναι
1306 2560 1406 2594 δεξιὰν,
1430 2563 1477 2589 καὶ
1503 2563 1658 2599 ἀνενοχέναι
1672 2566 1751 2593 ’ἀπὸ
1777 2567 1822 2594 τοῦ

1039 2601 1150 2633 σκότους
1168 2603 1214 2630 τὸν
1231 2604 1337 2638 πρῶτον
1360 2606 1503 2642 λεγόμενον
1519 2611 1593 2645 παρὰ
1616 2611 1656 2637 σοὶ
1671 2611 1820 2647 ἄνθρωπον,

1038 2646 1082 2672 τὸν
1096 2648 1170 2674 κάτω
1181 2649 1209 2674 ἐν
1222 2651 1278 2681 τοῖς
1291 2653 1458 2688 κατωτέροις
1472 2655 1692 2689 κινδυνεύσαντα,
1700 2657 1745 2684 τὸν
1757 2666 1822 2685 κατ-

1037 2691 1148 2720 ελθόντα
1174 2695 1259 2722 σῶσαι
1278 2697 1326 2732 τὴν
1340 2698 1515 2735 βεϐρωμένην
1525 2702 1623 2738 ψυχὴν,
1638 2704 1683 2730 καὶ
1698 2697 1735 2739 μῆ
1745 2704 1822 2739 δυνη-

1036 2738 1114 2766 θέντα
1130 2741 1223 2776 σῶσαι,
1241 2742 1309 2770 ἀλλὰ
1335 2745 1414 2772 αὐτὸν
1434 2747 1664 2776 κεκινδυνευκέναι
1676 2750 1717 2782 εἰς
1735 2759 1821 2786 σωτη-
