1939 3036
102 145 152 172 101

405 141 588 170 Αῡνιῑιιδυδ
608 143 780 171 ΗᾸΞΚΕΞΕΞ
799 142 862 170 LIB.
884 144 887 170 Ι

938 143 1020 171 TOM.
1041 144 1073 172 ll.
1094 160 1128 166 --
1148 145 1283 173 ll/ERES.
1300 145 1393 173 LXVI.

1677 142 1730 176 ιω

104 203 165 238 ρίαν
175 200 380 236 ἀπεσταλμένος
390 201 397 216 ¹
408 201 590 234 ἐκινδύνευσε,
601 201 788 238 καὶὲπεδεήοη
800 202 887 238 ἑτέρον.

946 205 1028 231 lutem
1050 205 1164 234 alterius
1183 205 1286 234 missus
1302 205 1404 237 fuerat,
1421 214 1448 232 ιη
1472 205 1618 234 discrimen
1645 207 1729 234 addu-

100 247 184 275 πάλιν
195 246 401 282 ἀπεσταλμένοι)
412 247 481 282 πρὸς
491 247 540 282 τὴν
548 247 644 274 τούτου
656 248 801 283 σωτηρίαν.
814 249 893 284 Πόσῳ

100 302 133 328 γε
153 293 252 328 μᾶλλον
269 294 286 328 ἠ
300 292 373 327 ψυχὴ
395 292 576 319 κινδυνεύσειε
590 292 624 319 δι’
639 293 672 328 ἢν
689 295 703 320 6
719 294 892 329 ἀπεσταλμέ-

99 346 145 370 νσς
164 338 273 373 πρῶτος
284 337 331 365 ἆνο
337 345 426 373 ρωπος
435 337 520 364 ἐλθὼν
535 337 736 370 ὲκινδύνευσεν;
759 339 838 366 Ἀλλὰ
846 340 893 366 καὶ

98 383 227 418 δεύτερον
245 382 452 418 ἀπεσταλμένον
474 383 513 414 εἰς
529 382 559 408 τὸ
576 382 670 413 σῶσαι,
690 383 758 418 ὅπερ
779 384 892 418 φάσκεις

98 428 172 456 εἶναι
192 429 274 460 αὐτὸς
295 428 404 463 πνεῦμα
422 427 486 460 ζῶν,
513 428 584 455 κατὰ
605 429 765 464 μετάμελον.
787 430 858 465 Ἀρα
877 431 892 456 ὸ

99 475 198 510 Πατὴρ
210 474 352 501 ἀπέστειλε
366 474 412 500 τὸν
428 473 468 500 ἔτι
490 474 672 510 ἰσχυρότερον,
691 475 734 501 ἕνα
751 474 796 501 τοῦ
815 475 890 510 πρώ-

96 529 147 546 του
163 519 308 555 ἀνθρώπου
322 519 414 554 σωτὴρ
428 518 552 554 γένηται.
569 519 605 546 Ἣ
620 520 711 554 ὴγνόει
725 519 774 555 μὲν
788 520 892 547 ἐκεῖνον

98 565 282 592 ἀδυνατοῦντα
293 565 339 591 τὸν
351 565 467 601 πρῶτον,
476 564 524 591 καὶ
535 564 744 600 ὑπολαμϐάνων,
757 565 797 592 ὃτι
810 565 891 592 σώσει

98 611 321 643 κινδυνεύσαντος
338 609 432 641 αὐτοῦ.
449 610 562 646 ὕστερον
575 610 620 637 διὰ
634 611 684 645 τῆς
697 611 794 646 πείρας
808 612 892 646 ἐγνω-

100 657 158 688 κὼς
178 656 360 692 προϐάλλεται
386 656 432 683 καὶ
455 656 633 690 ἀποστέλλεις
659 657 714 683 Καὶ
742 657 825 692 πολλή
849 657 892 688 τίς

98 702 204 736 ἐστινὴ
219 701 329 733 ἀτοπία,
345 698 367 728 ὦ
380 702 525 736 Μανιχαῖε,
540 702 587 728 καὶ
605 702 755 728 ἀσύστατον
767 702 797 728 τὺ
814 702 890 738 παρὰ

98 747 148 773 σοῦ
169 747 345 782 ληρολόγημα
364 747 414 782 τῆς
431 747 520 782 πάσης
541 747 725 779 διδασκαλίας.
745 747 848 774 Φάσγει
862 748 890 774 δὲ

97 793 192 825 πάλιν,
213 794 254 820 ὅτι
276 793 406 820 κατελθὸν
423 793 455 819 τὸ
474 793 585 828 Πνεῦμα
609 793 692 820 ἔδωκε
717 793 817 826 δεξιὰν,
843 794 891 821 καὶ

96 838 234 873 ἀνήνεγκε
247 837 293 864 τὸν
313 837 421 872 πρῶτον
440 837 648 864 κινδυνεύσαντα
667 837 821 873 ἄνθρωπον.
840 838 890 865 Διά

943 255 1028 283 ctum,
1043 255 1124 286 atque
1137 253 1250 281 alterius
1262 261 1323 288 ope,
1333 253 1380 288 qui
1392 253 1504 288 perinde
1515 253 1547 280 ad
1561 253 1728 280 liberandum

943 297 1110 329 mitteretur,
1136 306 1206 333 opus
1230 299 1368 327 habuisse.
1398 298 1508 332 Quanto
1534 299 1618 334 igitur
1643 299 1730 334 magis

941 339 1090 372 periclitari
1110 348 1159 375 par
1180 346 1239 369 erat
1265 342 1400 375 animam,
1416 343 1496 377 cujus
1510 343 1596 378 gratia
1624 343 1729 378 primus

942 383 1024 411 homo
1051 386 1153 413 missus
1181 388 1331 422 periculum
1358 387 1551 416 adicrit?Sed
1577 389 1728 417 secundum

942 431 1087 464 quemdam
1104 432 1278 460 liberatorem
1288 434 1362 461 velut
1375 434 1401 460 in
1418 434 1569 462 subsidium
1582 435 1727 469 allegatum

941 483 1002 504 esse
1017 477 1111 510 doees,
1128 478 1203 506 velut
1216 478 1321 506 Patrem
1336 480 1438 514 prioris
1453 481 1560 508 consilii
1570 482 1726 516 pmniteret;

941 526 968 549 et
985 522 1060 549 illum
1076 525 1167 551 vivum
1185 525 1312 559 spiritum
1330 526 1460 560 appellas.
1478 524 1630 554 Fortiorem
1645 526 1726 562 igitur

941 575 956 594 a
972 569 1052 596 Patre
1067 570 1221 604 quempiam
1236 570 1350 598 missum
1367 574 1485 605 oportet,
1498 571 1579 607 primi
1594 575 1624 599 ut
1637 571 1723 598 homi-

940 613 984 641 nis
1009 614 1107 641 vindex
1136 622 1197 642 esse
1222 620 1324 650 posset.
1353 615 1395 643 An
1418 624 1484 645 vero
1515 617 1631 652 primum
1650 617 1725 645 illum

941 658 1107 686 imbecillum
1125 659 1182 687 fore
1195 661 1356 688 nesciebat?
1367 667 1395 690 et
1408 670 1489 697 quem
1503 663 1665 697 periclitanti
1680 671 1726 690 sa-

941 705 989 732 luti
1011 705 1068 733 iure
1081 707 1227 740 sperabat.
1248 711 1426 742 posteaquam
1441 708 1608 742 experientia
1625 715 1727 743 cogno-

940 750 989 782 vit,
1005 751 1087 777 alium
1105 750 1180 778 illum
1209 752 1336 786 produxit
1348 756 1375 780 et
1397 753 1506 780 emisit?
1522 753 1725 780 Absurdissima

940 799 1016 826 sunt,
1029 803 1046 822 ο
1065 795 1223 829 Manichaee,
1236 805 1296 832 quae
1310 798 1388 830 dicis,
1409 806 1441 835 ac
1455 802 1531 825 tuum
1545 798 1612 825 illud
1627 799 1724 834 dogma

940 841 1050 868 minime
1071 842 1210 870 colimrcns
1235 847 1278 870 est
1301 851 1490 879 nugarumque
1523 843 1723 879 plenissimum.

95 882 179 909 τοῦτο
196 883 345 918 μυστήριον
359 883 416 914 τοῖς
430 881 527 909 ἑαυτοῦ
550 882 684 917 μαθηταῖς
698 883 887 918 παραδέδωκεν

940 883 1007 912 Illud
1022 894 1085 913 vero
1099 887 1210 922 insuper
1226 887 1351 919 animat.
1366 888 1507 924 delapsum
1520 889 1548 916 in
1562 893 1651 916 terras
1668 889 1725 924 spi-

96 927 140 959 εἰς
152 927 185 954 τδ
202 927 347 954 ἐπιδιδόναι
361 927 462 960 δεξιὰν,
477 927 541 954 ὅταν
562 927 686 963 ἀλλήλοις
703 928 888 964 συναντήσωσι

97 973 214 1009 σημείου
233 973 324 1008 χάριν,
343 973 381 1005 ὼς
397 973 450 1000 ἀπὸ
473 973 586 1004 σκότους
609 973 753 1005 σωθέντες.
772 973 817 1000 Ἔν
833 973 888 1009 γὰρ

95 1018 138 1053 τῷ
148 1018 239 1045 σκότει
251 1018 340 1045 πάντα
350 1018 450 1052 φάσκει
461 1015 541 1050 εἶναι,
555 1017 626 1053 πλὴν
637 1017 719 1045 αὐτοῦ
732 1017 823 1054 μόνου.
833 1019 889 1044 1ςαῖ¹

95 1063 154 1099 γὰρ
168 1064 193 1090 οἱ
204 1062 300 1097 τυφλοὶ
314 1062 413 1098 χλεύης
430 1062 512 1089 ἕνεκα
529 1062 630 1098 μᾶλλον
642 1062 719 1098 παρὰ
732 1062 788 1090 τῶν
800 1062 888 1098 ὁρών-

94 1117 153 1136 των
165 1108 196 1135 τὺ
207 1109 367 1145 κακόφημον
379 1108 559 1142 ἐκκλίνοντες,
568 1108 637 1136 πολὺ
651 1108 796 1144 βλέποντες
809 1108 888 1136 ἀκού-

95 1161 148 1181 ουσ
150 1163 185 1183 ιν.

939 929 1021 956 ritum
1042 930 1167 958 dextram
1189 931 1316 965 dedisse,
1336 939 1368 960 ao
1393 933 1511 967 primum
1534 932 1675 959 hominem
1692 933 1726 959 de

938 975 1026 1003 saluto
1046 977 1248 1010 periclitantem
1272 978 1408 1006 extulisse
1435 985 1556 1006 sursum.
1580 977 1667 1011 Quam
1690 978 1725 1004 ob

937 1027 1051 1048 causam
1069 1023 1231 1057 mysterium
1248 1023 1385 1058 quoddam
1400 1024 1543 1059 discipulis
1559 1024 1617 1051 suis
1639 1024 1725 1050 tradi-

937 1065 988 1096 dit,
1002 1069 1031 1092 ut
1046 1073 1109 1093 cum
1120 1067 1234 1095 invicem
1246 1072 1395 1095 occurrunt
1405 1069 1546 1096 dexteram
1559 1067 1702 1096 conferant
1715 1076 1722 1094 :

939 1117 994 1144 quo
1011 1110 1089 1146 signo
1100 1118 1117 1138 e
1138 1112 1259 1140 tenebris
1274 1112 1428 1140 vindicatos
1444 1121 1475 1140 se
1495 1120 1557 1141 esse
1572 1112 1722 1140 declarent.

938 1154 1007 1182 Nam
1033 1156 1124 1184 omnia
1149 1162 1247 1192 praeter
1260 1165 1290 1186 se
1316 1165 1401 1185 unum
1426 1158 1531 1186 versari
1557 1158 1585 1186 in
1602 1158 1724 1186 tenebris

96 1201 223 1230 alﬁrmat.
237 1202 342 1238 Quippe
359 1207 386 1230 et
409 1202 474 1230 caci
498 1202 548 1238 ipsi
573 1202 656 1230 lenne
673 1209 690 1230 a
711 1201 878 1235 videntibus,
899 1202 964 1230 mali
993 1204 1095 1232 ominis
1111 1205 1215 1232 vitandi
1229 1206 1328 1241 gratia,
1343 1206 1459 1234 multum
1474 1205 1599 1234 videntes
1632 1205 1724 1241 appel-

96 1246 150 1273 lari
170 1247 269 1274 solent.

132 1291 202 1319 MH’.
221 1290 289 1319 Εἶτα
301 1292 400 1328 φάσκει
414 1292 505 1324 πάλιν,
518 1291 614 1327 ἑτέρας
624 1292 700 1324 τινας
715 1291 887 1323 κατασκευὰς

95 1337 166 1372 ἡμῖν
187 1337 235 1364 καὶ
263 1336 465 1373 ἀρχιτεκτονίας
498 1337 699 1374 ἐργαζόμενος,
726 1337 764 1369 ὡς
790 1337 886 1372 παρὼν

96 1383 200 1415 ἐκεῖσε,
211 1382 260 1410 καὶ
271 1382 472 1418 φανταζόμενος
486 1382 522 1409 τὰ
539 1381 576 1418 μὴ
590 1381 664 1415 ὄντα,
676 1382 720 1408 ὅτι
733 1381 795 1408 τότε
807 1381 887 1408 τοῦτο

94 1429 127 1455 τὸ
140 1429 195 1461 ζῶν
219 1428 327 1464 πνεῦμα
341 1429 443 1461 ἔκτισε,
461 1428 538 1463 φησὶ,
553 1428 598 1454 τὴν
622 1427 740 1463 κόσμον
757 1428 804 1454 καὶ
820 1426 887 1454 αὐτὸ

94 1476 171 1510 τρεῖς
195 1473 291 1509 ἑτέρας
319 1474 448 1509 δυνάμεις
467 1473 596 1509 φορέσαν,
620 1474 668 1500 καὶ
688 1473 816 1500 κατελθὸν
838 1473 886 1500 άν-

972 1290 1090 1319 XLVlll.
1110 1291 1176 1320 Post
1192 1292 1249 1319 lucc
1263 1300 1349 1320 novas
1361 1293 1494 1327 quasdam
1511 1296 1668 1321 structuras
1690 1301 1723 1322 ac

937 1337 1095 1364 motitiones
1124 1336 1283 1372 designans,
1309 1338 1389 1373 “1
1417 1339 1495 1373 quasi
1525 1338 1583 1365 iliie
1608 1339 1723 1373 fuisset;

937 1389 1052 1418 qumque
1065 1383 1190 1418 nuspiam
1212 1387 1276 1410 sunt
1290 1383 1343 1410 sibi
1366 1384 1418 1418 ipsi
1443 1383 1614 1419 contingens.
1631 1385 1723 1412 vivum

936 1428 1014 1455 illum
1029 1427 1154 1462 spiritum
1164 1428 1203 1455 ait
1215 1428 1372 1456 condidisse
1386 1429 1529 1462 mundam,
1543 1437 1575 1457 ac
1586 1434 1643 1457 tres
1655 1431 1724 1457 alias

939 1473 1055 1500 virtutes
1093 1472 1242 1504 ferentem,
1279 1473 1544 1509 descendentemquo
1583 1475 1724 1510 principes

95 1521 199 1556 ήνεγκε
210 1520 272 1552 τοὺς
287 1520 428 1555 ἄρχοντας,
438 1519 486 1546 καὶ
500 1519 665 1556 ἐστερέωσεν
679 1519 707 1545 ὲν
718 1518 757 1554 τῷ
771 1519 886 1554 στερεὼ-

940 1518 1086 1551 eduxisse,
1111 1521 1193 1553 atque
1208 1519 1236 1545 in
1261 1519 1433 1547 ﬁrmamento
1449 1519 1603 1552 stabilisse.
1622 1521 1667 1555 qui
1687 1522 1723 1547 sit

98 1573 176 1600 ματι,
191 1565 205 1591 ὃ
215 1565 288 1590 ἐστιν
302 1563 391 1591 αὐτῶν
403 1565 420 1600 ὴ
434 1565 548 1600 σφαῖρα·
564 1564 651 1591 καὶτὸ
665 1564 713 1599 μὲν
728 1564 884 1600 ἀνήνεγκεν.

96 1610 167 1637 Οὔτε
182 1611 238 1636 νοεῖ
252 1611 266 1636 ό
286 1609 425 1645 κτηνώδης
438 1609 498 1642 πῶς
517 1609 606 1645 ἐαυτῷ
631 1610 818 1645 άντιμάχεται,
840 1610 887 1637 καὶ

95 1655 130 1682 τὰ
145 1655 212 1690 παρ’
226 1654 301 1690 αὺτῷ
314 1654 443 1682 ἐπαινετὰ
455 1654 540 1688 λέγει,
556 1655 603 1682 καὶ
616 1655 649 1681 τὰ
663 1654 829 1690 ψογιζόμενα
846 1656 886 1687 είς

96 1702 209 1729 ἔπαινον
220 1701 298 1737 φέρει
315 1702 394 1736 δίκην
413 1701 557 1736 μεθύοντος
574 1702 622 1729 καὶ
647 1702 884 1738 παραφερομένου,

96 1748 146 1774 καὶ
161 1747 243 1783 ἔτερα
259 1747 317 1774 ἀνθ’
332 1747 426 1783 ἑτέρου
442 1748 453 1763 ⁸
473 1746 700 1783 παραλαλοῦντος.
719 1747 820 1774 Φάσκει
831 1747 886 1783 γὰρ

95 1794 160 1824 τοὺς
172 1793 305 1828 ἄρχοντας
319 1793 394 1820 κάτω
410 1793 581 1828 ὑπάρχοντας
593 1793 624 1820 ὲν
643 1793 682 1829 τῷ
700 1794 789 1820 σκότει
802 1801 886 1829 πονη-

97 1839 150 1874 ρᾶς
163 1837 233 1865 εἶναι
244 1839 429 1872 ὑποστάσεως,
444 1839 490 1866 καὶ
511 1838 613 1875 φθορᾶς
628 1839 659 1866 τδ
672 1840 782 1876 χωρίον.
796 1840 850 1866 Kal.
861 1840 886 1866 εί

96 1885 130 1911 ὲκ
143 1884 247 1920 ταύτης
267 1887 316 1920 τῆς
340 1886 453 1921 φθορᾶς,
469 1886 516 1912 καὶ
539 1886 563 1912 εἰ
590 1885 623 1912 ὲκ
644 1885 692 1912 τοῦ
718 1885 817 1923 μέρους
837 1884 885 1912 τοῦ

97 1930 211 1961 σκότους
223 1930 255 1956 τὸ
267 1929 376 1965 πνεῦμα
387 1930 549 1966 βιασάμενον
561 1931 623 1962 τοὺς
634 1930 766 1966 ἄρχοντας
780 1931 820 1962 εἰς
830 1930 886 1958 ἄνω

96 1975 260 2010 ἀνήνεγκεν,
287 1975 332 2002 ἐπὶ
356 1976 475 2011 τιμωρίᾳ
501 1976 610 2011 μᾶλλον,
641 1976 750 2011 φαύλων
777 1976 806 2003 δὲ
830 1985 885 2011 χω-

98 2019 165 2056 ρίων
183 2020 240 2055 (34)
261 2020 311 2056 τὴν
338 2021 500 2055 μετάστασιν
526 2021 686 2057 ποιούμενον
703 2021 749 2048 ἐπὶ
767 2021 885 2056 τιμωρίᾳ

98 2066 269 2100 μετέσπασεν
280 2067 321 2098 είς
335 2066 371 2093 τὰ
382 2066 449 2099 ἄνω,
467 2066 558 2093 οὐκέτι
569 2066 645 2094 ἔσται
660 2066 695 2093 τὰ
713 2067 770 2094 ἄνω
784 2066 884 2101 ἀγαθά,

95 2111 145 2137 καὶ
160 2111 336 2143 ὑποστάσεως
349 2112 477 2147 ζωτικῆς,
492 2111 562 2138 ἀλλὰ
578 2112 677 2147 μᾶλλον
691 2111 816 2138 Θανάτου.
830 2111 886 2138 Καὶ

94 2156 131 2183 τὰ
145 2157 221 2183 κάτω
234 2157 325 2183 οὐκέτι
338 2158 467 2193 τιμωρία,
486 2157 554 2184 ἀλλὰ
568 2156 674 2191 ἀγαθῆς
687 2165 759 2188 τινος
780 2157 885 2188 οὐσίας,

936 1563 1060 1598 ipsorum
1074 1563 1189 1599 globus;
1204 1567 1287 1599 atque
1302 1564 1354 1591 hoc
1366 1570 1445 1599 pacto
1459 1572 1570 1592 sursum
1586 1565 1721 1593 erexisse.

934 1607 966 1636 In
979 1616 1034 1644 quo
1047 1609 1275 1644 quemadmodum
1290 1617 1384 1637 secum
1400 1614 1501 1645 pugnet
1512 1617 1595 1645 pecus
1607 1610 1654 1637 illa
1666 1619 1722 1638 non

935 1653 1024 1688 uidet;
1055 1662 1118 1681 cum
1140 1658 1196 1681 tam
1215 1662 1248 1682 ea
1273 1662 1334 1690 qua:
1362 1654 1508 1683 laudabilia
1537 1655 1632 1683 statuit
1647 1655 1722 1690 ipse,

935 1707 1018 1732 quam
1034 1707 1095 1734 qua:
1109 1699 1287 1734 vituperanda
1302 1703 1408 1732 censet,
1422 1700 1456 1727 ad
1467 1700 1575 1728 laudem
1587 1701 1721 1732 conferat,

934 1745 1011 1772 velut
1028 1745 1134 1777 ebrius,
1154 1748 1200 1772 aut
1214 1749 1302 1772 mente
1316 1748 1421 1780 captus,
1439 1745 1539 1779 quique
1556 1745 1583 1771 in
1596 1752 1723 1772 sermone

936 1790 1085 1818 identidem
1100 1790 1295 1818 hallucinetur.
1313 1790 1419 1817 Etenim
1429 1790 1571 1825 principes
1587 1790 1658 1822 illos,
1674 1792 1720 1824 qui

935 1838 965 1865 in
982 1837 1076 1864 inﬁma
1088 1837 1199 1872 regione
1214 1836 1389 1871 tenebrisque
1404 1839 1559 1868 versantur,
1576 1837 1647 1863 mala
1661 1844 1722 1864 eSse

934 1882 1091 1911 substantia
1107 1882 1237 1917 praeditos
1250 1882 1346 1914 docet,
1362 1888 1393 1908 ac
1409 1881 1498 1908 locum
1516 1881 1604 1916 ipsum
1623 1888 1721 1907 eorru-

934 1929 1038 1965 ptionis
1051 1936 1112 1957 esse
1124 1928 1276 1964 proprium.
1291 1928 1374 1963 Atqui
1387 1928 1410 1956 si
1429 1936 1462 1955 ex
1479 1928 1529 1954 hac
1550 1929 1607 1962 ipsa
1625 1935 1722 1954 eorru-

935 1975 1028 2010 ptela,
1048 1975 1277 2010 tenebrarumque
1305 1974 1425 2010 regione,
1454 1973 1569 2009 spiritus
1599 1980 1647 2008 per
1667 1974 1720 1999 vim

934 2021 1075 2056 principes
1090 2021 1152 2048 illos
1167 2028 1277 2048 sursum
1292 2020 1400 2050 extulit,
1417 2026 1504 2054 poenae
1522 2019 1548 2046 id
1566 2017 1723 2052 inlligcndae

936 2072 1020 2092 causa
1039 2064 1138 2093 fecisse
1159 2065 1252 2100 petius
1274 2064 1392 2095 videtur,
1410 2067 1439 2091 ut
1454 2064 1515 2090 illos
1542 2062 1622 2089 malis
1641 2062 1674 2089 iis
1687 2069 1720 2088 ex

935 2111 1050 2139 sedibus
1064 2115 1202 2139 extractos
1228 2111 1256 2138 in
1281 2110 1423 2145 superiora
1443 2109 1614 2136 transferret.
1631 2107 1719 2140 Quare

935 2158 1007 2185 bona
1023 2165 1085 2185 esse
1104 2158 1247 2193 superiora
1270 2157 1328 2184 haec
1344 2158 1402 2192 ipsa
1419 2156 1559 2187 desinent,
1574 2155 1721 2187 vitalisque.

96 2202 127 2235 ἐξ
144 2199 176 2229 οὗ
186 2202 269 2229 τόπου
287 2202 416 2238 βουληϐὲν
429 2202 458 2229 τὸ
473 2202 581 2237 πνεῦμα
597 2202 636 2233 είς
651 2201 786 2236 τιμωρίαν
802 2210 883 2236 μετα-

937 2204 1106 2236 substantiae,
1124 2203 1172 2231 sed
1190 2203 1320 2238 deinceps
1335 2203 1417 2229 morti
1433 2202 1577 2229 tribuenda
1588 2221 1596 2233 ,
1614 2208 1646 2227 ac
1661 2201 1721 2227 vict:

94 2247 191 2274 σαλεῖν
203 2249 267 2280 τοὺς
279 2248 412 2284 ἄρχοντας
428 2248 482 2275 ἀπὸ
491 2247 545 2274 τῶν
557 2247 642 2282 ἡδέων
655 2247 702 2274 καὶ
717 2247 883 2281 ἀναγκαίων,

95 2293 144 2319 ἐπὶ
160 2293 206 2320 τὸν
218 2293 338 2328 τιμωρὸν
351 2293 434 2320 τόπον
453 2293 617 2328 μετήγαγεν,
638 2293 670 2319 ἵν’
686 2291 773 2323 οὕτως
787 2293 886 2324 αὐτοὺς

94 2338 293 2374 τιμωρήσοιτο.
309 2339 364 2365 Καὶ
379 2338 476 2370 ἄλλως,
497 2339 522 2365 ει
540 2337 571 2365 τὸ
591 2338 699 2373 πνεῦμα
720 2337 765 2364 τὸν
784 2336 886 2372 κόσμον

95 2384 241 2419 πεποίηκε,
261 2384 320 2416 πῶς
331 2385 413 2411 πάλιν
425 2383 514 2418 λέγεις
526 2383 572 2410 τὸν
584 2384 685 2419 κόσμον
699 2383 736 2419 μὴ
750 2383 802 2410 ὑπὸ
814 2382 883 2410 Θεοῦ

93 2428 276 2464 γεγενῆσθαις
292 2429 347 2456 Καὶ
360 2429 384 2456 εῑ
395 2429 449 2456 τῶν
464 2429 601 2465 ἀρχόντων
615 2429 744 2464 τυγχάνει
762 2428 842 2464 σῶμα
852 2427 884 2455 τὸ

94 2474 250 2509 στερέωμα,
266 2474 296 2501 ὲν
310 2474 379 2510 ποίῳ
398 2475 452 2510 ἄρα
468 2474 577 2510 σταυρῷ
591 2474 745 2510 προσέπηξε
758 2474 820 2506 τοὺς
834 2474 883 2509 ἄρ-

93 2527 210 2555 χονταςς
226 2520 295 2546 Ποτὲ
312 2520 361 2555 μὲν
373 2519 428 2555 γὰρ
451 2519 540 2554 λέγεις
554 2520 652 2551 αὐτοὺς
667 2520 696 2546 ἐν
710 2519 750 2555 τῷ
766 2519 883 2555 στερεώ-

95 2574 163 2600 ματι
175 2565 325 2600 ἀπ-ἦχθαι,
344 2565 408 2591 ποτὲ
422 2565 451 2592 δὲ
463 2564 528 2592 αὐτὸ
541 2565 572 2591 τὸ
585 2564 728 2600 στερέωμα
738 2564 819 2599 σῶμα
829 2564 883 2591 τῶν

87 2611 185 2638 ,αὐτῶν
196 2609 286 2646 ὁρίζῃ.
302 2611 358 2637 Καὶ
369 2610 452 2646 πολλή
471 2619 518 2637 σου
532 2611 550 2646 ἡ
567 2611 754 2647 άσυναρτησία
771 2610 826 2638 τῶν
838 2610 883 2637 λό-

129 2689 137 2705 ¹
151 2689 216 2724 Leg.
229 2688 284 2724 γὰρ
298 2689 396 2716 ἀπεστ.
433 2689 444 2705 ¹
462 2688 525 2716 Cor.
541 2688 652 2723 ἑτέρων.

127 2768 185 2803 (δαί)
205 2768 333 2795 Φαύλων
348 2766 383 2795 δὲ
413 2768 535 2802 χωρίων.
568 2768 720 2804 Depravata
746 2769 798 2797 ista
828 2769 911 2799 sunt,

97 2815 129 2841 τὰ
145 2806 243 2849 χωρία.

933 2256 1012 2277 versa
1027 2249 1156 2276 inferiora
1174 2257 1228 2276 non
1252 2249 1369 2283 amplius
1385 2248 1529 2282 supplicii,
1548 2248 1595 2274 sed
1614 2251 1720 2274 natum

934 2294 1076 2329 cujusdam
1090 2293 1210 2321 melioris
1224 2293 1409 2320 conditionem
1421 2292 1593 2324 obtinebunt,
1608 2299 1670 2319 cum
1685 2300 1717 2319 ex

934 2347 968 2368 eo
982 2340 1043 2367 loco
1057 2339 1181 2374 spiritus,
1202 2345 1271 2373 quos
1285 2338 1318 2365 ad
1334 2345 1441 2373 poenam
1457 2338 1565 2365 trahere
1580 2337 1719 2373 principes

934 2384 1026 2417 vellet,
1045 2383 1180 2415 indidem,
1200 2382 1272 2410 velut
1291 2391 1324 2410 ex
1344 2382 1474 2417 jucundis
1493 2390 1525 2409 ac
1539 2381 1720 2410 familiaribus

936 2429 1057 2462 sedibus,
1079 2429 1133 2456 alio
1149 2431 1277 2463 tanquam
1293 2427 1327 2455 ad
1342 2428 1468 2463 supplicii
1486 2428 1574 2466 locum
1589 2428 1719 2463 puniendi

935 2483 1019 2503 causa
1040 2475 1220 2503 transtulerit.
1237 2474 1339 2502 Deinde
1352 2475 1374 2502 si
1397 2475 1515 2502 mundus
1531 2482 1546 2501 a
1566 2474 1662 2509 spiritu
1677 2474 1719 2500 fa-

935 2520 1057 2548 bricatus
1072 2523 1124 2551 est,
1139 2527 1255 2554 quanam
1272 2520 1378 2547 ratione
1392 2520 1523 2546 mundum
1538 2527 1621 2554 negas
1637 2525 1652 2545 a
1664 2518 1720 2545 Deo

937 2566 1131 2601 prorrcatum?
1143 2565 1208 2593 Item
1222 2566 1244 2593 si
1266 2566 1467 2593 llrmamentum
1484 2565 1639 2600 principum
1658 2571 1721 2590 cor-

937 2619 988 2646 pus
1001 2616 1060 2644 est,
1080 2611 1124 2638 cui
1147 2611 1256 2639 tandem
1272 2611 1347 2639 cruci
1367 2610 1505 2646 principes
1522 2609 1626 2636 alIixit?
1645 2608 1720 2641 Quos

932 2767 985 2796 nisi
1010 2767 1079 2797 forte
1109 2769 1273 2804 μετάστασιν
1297 2766 1352 2794 τῶν
1378 2765 1485 2800 χωρίων
1508 2762 1578 2790 dixit
1605 2768 1653 2797 pro
1679 2763 1720 2790 εἰς
