1939 3036
220 123 273 152 Ιθδ
931 122 960 150 5.
981 123 1000 151 Ε

1055 123 1152 152 ‘HANII
1792 127 1849 155 1οδ

219 184 248 208 tu
261 187 456 216 nonnunquam
471 181 497 208 in
511 181 680 209 ﬁrmamento
695 181 807 209 sullixos
823 181 916 211 doces.
930 182 1000 210 Alias

1055 191 1122 217 γων,
1136 183 1198 219 ἥτις
1221 183 1349 219 οὐδεμίαν
1376 183 1535 211 ἀκολουθίαν
1560 183 1628 220 πρὸς
1648 183 1698 220 τὴν
1715 184 1850 221 ἀλήθειαν

220 226 420 253 ﬁrmamentum
435 227 523 262 ipsum
539 227 696 255 eorumdcm
719 235 820 262 corpus
834 235 896 256 esse
910 227 1000 256 defen-

1057 229 1124 264 ἔχει.
1142 229 1186 261 Ὠς
1198 230 1228 257 ὲν
1245 230 1328 257 πᾶσιν
1344 231 1409 266 ἡμῖν
1423 230 1586 266 ὲπεφοίτησε
1602 230 1610 246 ¹
1625 230 1765 265 πολέμιος,
1778 231 1852 266 p.51-

220 271 274 299 dis.
290 271 329 298 Ex
350 272 450 307 quibus
472 277 584 308 apparet
607 281 740 301 summam
760 274 785 300 iu
811 275 937 302 oratione
957 277 1000 301 tua

1056 273 1101 300 λον
1117 274 1146 300 δὲ
1160 274 1248 310 ἑαυτῷ
1260 275 1306 301 καὶ
1320 277 1376 307 τοῖς
1390 284 1436 302 σου
1452 275 1500 311 τὴν
1519 275 1631 310 γνώμην
1641 275 1811 310 δεχομένοις.

219 317 429 345 inconstantiam
462 319 569 352 inesse,
602 328 690 355 neque
723 321 872 356 quidquam
904 329 966 349 cum
988 321 1102 349 veritate
1127 327 1340 349 consentaneum
1373 330 1405 350 ac
1430 331 1602 358 consequens
1625 323 1733 350 habere.
1754 322 1851 355 Quare

219 369 342 392 nontam
365 366 443 393 nobis
466 366 553 394 hostis
575 367 603 394 in
625 367 771 400 omnibus,
801 376 883 404 quam
907 369 956 396 tibi
989 368 1041 404 ipsi
1061 369 1250 405 dogmatisque
1277 369 1316 397 tui
1348 371 1532 398 sectatoribus
1565 370 1693 398 inimicus
1716 371 1848 404 ingruere

219 409 331 437 videris.

256 453 349 482 XLIX.
370 455 422 483 Sed
440 456 505 484 illud
528 462 657 492 praeterea
671 457 815 493 profitetur
833 468 840 486 :
857 458 1004 493 Postquam

220 500 266 527 illo
282 500 309 527 in
334 501 414 536 globo
431 503 568 537 principes
594 504 620 531 in
639 511 748 531 crucem
765 505 894 536 sustulit,
914 504 1004 532 sidera

208 545 399 579 -produxissc,
414 554 475 581 qum
495 552 560 575 sunt
581 548 677 576 animae
700 548 832 584 reliquiae.
855 549 914 577 Non
931 549 1004 577 enim

220 590 340 617 animam
355 599 416 619 esse
431 592 509 624 dixit,
524 593 572 620 sed
586 593 646 628 ejus
661 595 850 622 tantummodo
865 595 1003 629 reliquias.

220 633 242 662 0
254 643 352 663 vanum
363 637 566 673 absurdumque
580 639 718 667 decretum
735 641 741 667 l
758 647 774 668 o
787 639 870 666 falsos
881 639 1003 666 minime-

219 689 272 716 que
291 686 489 711 consentaneus
505 686 663 712 sermones!
680 685 746 712 Nam
771 686 892 721 reliquias
910 692 1004 712 omnes

219 728 304 755 totius
323 733 413 763 partes
434 730 532 764 aliquae
555 736 638 764 sunt,
664 731 816 765 iisdemque
839 730 926 765 majus
944 738 1005 758 esse

219 778 306 801 totum
323 783 434 803 necesse
449 780 500 803 est.
520 777 655 809 Quocirca
667 777 690 804 si
702 777 825 812 reliquiae
839 776 929 803 sidera
945 777 1003 811 ipsa

1091 455 1159 484 MO’.
1178 454 1246 484 Εἶτα
1269 457 1348 485 πάλιν
1373 458 1471 493 φάσκει
1487 458 1502 484 6
1523 457 1615 491 αὐτὸς,
1639 458 1691 491 ὅτι,
1718 458 1788 494 μετά
1814 459 1846 485 τὺ

1056 500 1258 536 ὲσταυρωκέναι
1274 502 1337 533 τοὺς
1356 502 1489 537 ἄρχοντας
1510 502 1539 528 ὲν
1557 503 1591 538 τῇ
1616 503 1729 538 σφαίρᾳ,
1751 502 1849 530 ἔκτισε

1056 547 1119 578 τοὺς
1133 548 1287 583 φωστῆρας,
1303 547 1321 574 ἆ
1339 548 1397 574 ἐστι
1417 548 1466 583 τῆς
1484 548 1573 584 ψυχῆς
1587 548 1619 575 τὺ
1637 548 1772 584 λείψανον.
1787 549 1848 575 Καὶ

1057 591 1087 617 οὺ
1102 591 1231 627 λέγειτὴν
1244 592 1344 627 ψυχὴν,
1355 591 1423 618 ἀλλὰ
1433 592 1484 627 τῆς
1494 592 1583 628 ψυχῆς
1595 592 1718 627 λείψανα.
1733 594 1766 620 Ὢ
1780 594 1849 621 ἁσυ-

1058 637 1154 663 στάτου
1167 637 1311 672 δόγματος,
1328 637 1375 664 καὶ
1396 637 1482 672 λόγων
1497 637 1601 672 ψευδῶν
1626 639 1672 665 καὶ
1688 639 1847 674 άσυναρτή-

1055 683 1126 710 τωνῐ
1145 684 1202 710 Πᾶν
1219 683 1273 718 γὰρ
1291 684 1322 710 τὺ
1336 684 1459 718 λείψανον
1476 684 1557 720 μέρος
1575 684 1701 719 τυγχάνει
1713 684 1760 711 τοῦ
1774 684 1849 719 πλη-

1058 728 1192 765 ρώματος.
1206 729 1242 755 Τὸ
1257 729 1286 756 δὲ
1305 729 1441 765 πλήρωμα
1460 730 1553 764 μεῖζον
1572 730 1699 766 τυγχάνει
1719 730 1767 757 τοῦ
1787 730 1848 756 λει-

1055 773 1151 808 ψάνου.
1173 774 1205 801 Εἰ
1235 774 1324 801 τοίνυν
1349 775 1383 801 τὰ
1410 775 1522 810 λείψανά
1549 775 1616 802 εἰσιν
1635 776 1660 802 ot
1688 776 1847 812 φωστῆρες,

219 824 294 851 sunt,
311 820 390 846 velim
403 821 481 848 nobis
497 822 585 855 majus
601 822 702 857 aliquid
721 822 858 850 sideribus
879 822 946 856 ipsis
959 829 1000 849 os-

1055 819 1168 853 δειεάτω
1185 821 1250 856 ἡμῖν
1265 821 1420 856 μειζότερον
1434 820 1488 848 τῶν
1510 821 1671 856 φωστήρων,
1685 822 1728 848 ἵνα
1743 822 1848 857 ίδωμεν

219 864 322 895 tendat,
337 869 365 891 ut
377 865 496 892 animam
507 866 656 894 videamus.
665 867 746 902 662
756 867 803 894 Sin
816 871 902 894 totum
916 867 1004 902 ipsum

218 909 377 936 devoratum
397 914 439 937 est
460 915 487 938 et
509 917 720 948 consumptum,
752 913 867 950 ejusque
884 913 1005 948 reliquia'.

219 954 310 982 sidera
324 955 381 989 ipsa
396 960 472 988 sunt,
492 965 554 983 cum
569 958 625 985 haec
641 959 717 985 cruci
733 958 821 986 aﬂixis
837 959 1005 994 principibus

219 999 347 1027 inferiora
366 1001 430 1034 sint,
449 1002 557 1029 tandem
573 1007 600 1030 ct
616 1004 674 1038 ipsa
702 1003 904 1031 devorabuntur
919 1014 925 1031 :
943 1011 1004 1030 cum

219 1045 368 1080 principes,
384 1052 413 1073 ut
425 1047 493 1080 dixi,
510 1049 666 1083 superiores
674 1048 754 1076 sedes
766 1050 914 1077 obtineant.
927 1049 1004 1081 Quod

219 1091 243 1118 si
259 1099 308 1126 pro
322 1100 355 1119 eu
368 1093 439 1126 quod
452 1093 540 1120 sullixi
555 1099 629 1126 sunt,
647 1103 696 1122 nec
708 1095 836 1128 animam,
850 1102 901 1122 nec
915 1095 1005 1122 sidera

219 1137 335 1163 retinere
357 1142 489 1172 possunt,
508 1140 563 1166 ruit
581 1139 670 1167 omnis
687 1140 732 1167 illa
750 1145 814 1173 tua,
837 1140 1003 1172 Manichaee,

219 1182 308 1209 inanis
323 1190 356 1209 ac
372 1184 490 1211 conﬁcta
510 1185 643 1211 narratio.

254 1225 345 1262 Pergit
361 1227 432 1255 idem
447 1232 528 1263 atque
543 1230 579 1256 ita
598 1229 710 1258 disserit
724 1240 731 1257 :
749 1230 943 1265 Posteaquam,
959 1229 1003 1258 in-

218 1272 294 1307 quit,
309 1272 432 1308 Bajulum
449 1274 617 1309 increpavit,
640 1277 756 1304 materia
778 1284 888 1312 quoque
903 1278 1004 1312 stirpes

218 1317 269 1344 sibi
285 1318 425 1347 universas
438 1319 578 1354 produxit.
592 1320 666 1354 Quas
678 1329 740 1349 cum
755 1322 899 1358 depra‘dati
910 1326 1004 1351 essent

219 1363 366 1398 principes,
382 1368 439 1391 tum
461 1373 576 1401 magnus
595 1367 722 1402 princeps
735 1372 848 1395 caeteros
860 1376 955 1396 omnes
972 1376 1004 1396 ac

219 1408 363 1443 primarios
378 1417 546 1444 convocans,
559 1411 660 1439 viritim
675 1413 797 1448 singulas
814 1413 849 1441 ab
864 1413 898 1440 iis
914 1413 1002 1440 virtu-

219 1460 259 1482 tes
273 1455 394 1490 accepit;
408 1455 506 1483 dehinc
516 1456 654 1485 hominem
672 1457 705 1484 ad
717 1458 817 1493 prioris
828 1458 902 1485 illius
913 1466 1002 1485 exem-

219 1500 278 1535 plar
290 1500 392 1528 cllinxit
402 1521 409 1534 ,
431 1502 511 1537 eique
524 1503 636 1538 illigavit
649 1503 767 1530 animam
782 1512 790 1537 ;
806 1508 886 1539 atque
906 1511 938 1531 ea
951 1503 1000 1531 de-

219 1552 291 1571 mum
316 1549 357 1572 est
384 1547 584 1574 commistiouis
612 1551 768 1582 mutumque
795 1548 999 1583 tcmpcrationis

215 1591 296 1625 ratio.
314 1590 412 1618 Verum
432 1600 494 1619 eum
511 1593 589 1620 vivus
597 1591 678 1621 Pater
692 1593 817 1622 anlielam
839 1594 867 1622 in
884 1601 1000 1630 corpore

217 1635 320 1663 videret
337 1637 466 1669 animam,
481 1645 530 1672 pro
545 1638 712 1667 humanitate
728 1640 926 1676 clementiaquc
938 1649 998 1675 sua,

219 1680 298 1707 unice
312 1681 440 1708 dilectum
454 1689 468 1708 a
487 1690 517 1709 se
535 1682 632 1710 Filium
647 1685 680 1710 ad
702 1684 775 1712 illius
793 1687 907 1713 salutem
919 1686 1001 1714 dimi-

217 1726 262 1753 sit.
276 1725 317 1754 Ob
329 1726 398 1754 hanc
408 1727 480 1754 enim
493 1735 616 1760 causam,
628 1733 685 1756 tum
696 1729 780 1765 Bajuli
790 1731 875 1766 gratia
883 1730 998 1758 missum

220 1770 296 1797 illum
311 1771 461 1799 existimat.
475 1771 561 1799 Porro
576 1772 661 1801 Filius
676 1781 736 1802 mox
755 1779 784 1801 ut
800 1775 919 1807 advenit,
940 1781 1000 1802 sese

217 1815 245 1842 iu
263 1815 382 1844 hominis
398 1818 517 1852 speciem
532 1818 700 1854 ﬁguramque
720 1821 870 1853 convertit;
889 1820 956 1848 adeo
971 1824 1000 1847 ut

219 1861 374 1889 hominibus
388 1862 507 1890 hominis
522 1863 610 1890 instar
620 1869 773 1898 appareret,
786 1870 814 1893 et
823 1873 886 1893 eum
898 1865 936 1892 illi
948 1873 999 1892 na-

215 1911 272 1932 tum
283 1913 343 1933 esse
353 1907 404 1934 sibi
415 1907 622 1942 persuaderent.
637 1909 688 1942 Qui
707 1917 768 1937 cum
783 1910 955 1942 accessisset,
972 1914 999 1938 et

216 1949 249 1976 ad
267 1949 404 1977 hominum
416 1951 531 1978 salutem
546 1953 758 1987 recuperandam
774 1961 855 1981 suum
866 1961 936 1989 opus
950 1954 999 1982 de-

215 1995 358 2030 signasset,
380 1997 534 2024 machinam
557 1998 702 2032 quamdam
725 1999 879 2032 exstruxit;
897 2000 924 2026 in
945 2007 999 2034 qua

215 2041 274 2068 cadi
300 2041 406 2069 inerant
430 2042 591 2076 duodecim;
619 2051 680 2079 qua:
698 2044 771 2079 globi
793 2045 925 2080 vertigine
947 2045 1000 2072 eir-

216 2086 371 2113 cumvoluta
395 2091 566 2114 mortuorum
590 2088 617 2114 iu
641 2089 756 2116 sublime
773 2089 878 2117 animas
899 2088 998 2122 evehit,

1054 865 1104 900 τὴν
1119 865 1216 901 ψυχήν.
1230 866 1261 892 Ei
1283 866 1311 892 δὲ
1330 865 1361 892 τὸ
1377 866 1426 901 μὲν
1439 866 1575 902 πλήρωμα
1592 866 1726 902 βέὸρωται
1739 868 1786 894 καὶ
1797 868 1848 894 ἀν-

1056 910 1167 942 άλωται,
1178 911 1303 946 λείψανον
1317 911 1345 937 δὲ
1359 911 1383 938 οἱ
1395 912 1547 947 φωστῆρες,
1559 911 1612 947 ἄρα
1622 912 1669 939 καὶ
1684 913 1762 939 αὐτοὶ
1775 913 1846 940 ὑπο-

1055 956 1132 983 κάτω
1142 956 1196 983 τῶν
1209 957 1424 994 ἑσταυρωμένων
1442 957 1581 992 ἀρχόντων
1595 958 1669 990 δντες
1685 957 1845 994 βρωθήσον-

1054 1010 1109 1033 ται,
1124 1001 1178 1027 τῶν
1196 1002 1334 1036 ἀρχόντων
1355 1002 1404 1037 τήν
1427 1002 1581 1038 έπανότητα
1605 1003 1789 1038 κεκτημένων.
1811 1004 1845 1030 Et

1054 1046 1093 1078 δὲ,
1110 1045 1154 1072 διὰ
1173 1046 1204 1072 τὺ
1218 1046 1415 1082 ἐσταυρῶσθαι,
1435 1047 1532 1082 μηκέτι
1550 1047 1678 1074 δύνασθαι
1694 1049 1705 1064 ¹
1723 1049 1752 1075 ὲν
1775 1049 1846 1075 καθ-

1056 1091 1112 1124 έξει
1129 1093 1179 1127 τῆς
1190 1092 1279 1127 ψυχῆς
1297 1092 1346 1119 καὶ
1358 1092 1412 1120 τῶν
1431 1093 1581 1128 φωστήρων
1597 1092 1675 1128 εἶναι,
1689 1095 1815 1122 διέπεσεν
1829 1095 1843 1121 6

1056 1137 1102 1164 σοῦ
1121 1137 1244 1173 ληρώδης
1260 1137 1348 1172 λόγος,
1365 1135 1388 1165 ὦ
1405 1139 1549 1174 Μανιχαίε.

1089 1224 1156 1254 Εἶτα
1170 1227 1250 1254 πάλιν
1264 1228 1279 1254 6
1291 1227 1373 1260 αὐτὸς
1393 1228 1535 1261 διδάσκων,
1551 1229 1602 1260 ὅτι,
1624 1229 1693 1264 μετὰ
1704 1229 1735 1256 τὺ
1749 1229 1840 1256 ἐπιτι-

1055 1273 1140 1308 μῆσαι
1156 1272 1195 1307 τῷ
1215 1272 1364 1308 Ὠμοφόρῳ,
1377 1273 1476 1304 ἔκτισε,
1494 1273 1587 1308 φησιν,
1601 1273 1684 1308 ἑαυτῇ
1695 1273 1742 1300 καὶ
1757 1274 1774 1309 ὴ
1790 1274 1840 1309 ὕλη

1054 1319 1145 1346 πάντα
1159 1317 1194 1345 τὰ
1204 1318 1277 1353 φυτά
1289 1326 1296 1334 ’
1312 1319 1360 1345 καὶ
1372 1318 1534 1354 συλωμένων
1547 1318 1602 1345 τῶν
1615 1319 1704 1345 αὐτῶν
1718 1319 1771 1346 ὑπὸ
1786 1320 1841 1346 τῶν

1053 1362 1202 1398 ἀρχόντων,
1218 1362 1344 1389 ἐκάλεσεν
1356 1363 1370 1389 6
1389 1362 1474 1397 μέγας
1490 1363 1580 1397 ἄρχων
1594 1363 1698 1394 πάντας
1712 1363 1778 1395 τοὺς
1792 1364 1841 1400 ἆρ-

1053 1416 1150 1444 χοντας
1166 1407 1214 1435 καὶ⁸
1227 1407 1407 1443 πρωτίστους,
1425 1407 1472 1434 καὶ
1494 1408 1589 1436 ἐλαϐεν
1611 1409 1659 1436 ἀπ’
1677 1408 1768 1436 αὐτῶν
1789 1409 1841 1436 ἀνὰ

1055 1453 1120 1488 μίαν
1132 1452 1262 1488 δύναμιν·
1280 1453 1327 1480 καὶ
1338 1453 1538 1481 κατεσκεύασεν
1552 1454 1693 1490 ἄνθρωπον
1708 1456 1781 1483 κατὰ
1791 1456 1840 1492 τήν

1055 1498 1126 1525 ίδέαν
1140 1498 1187 1525 τοῦ
1203 1497 1311 1534 πρώτου
1326 1498 1468 1534 ἀνθρώπου
1489 1499 1606 1531 ἐκείνου,
1623 1500 1670 1527 καὶ
1689 1500 1839 1536 ἐδέσμευσε

1052 1544 1101 1579 τὴν
1114 1543 1204 1580 ψυχὴν
1225 1545 1255 1571 ὲν
1273 1543 1358 1579 αὐτῷ.
1375 1544 1451 1580 Αὕτη
1467 1545 1541 1572 ἐστὶν
1561 1546 1577 1581 ἡ
1596 1545 1646 1581 τῆς
1662 1546 1841 1582 συγκράσεως

1053 1589 1192 1622 ὑπόθεσις.
1207 1589 1268 1618 Ὅτι
1281 1590 1310 1617 δὲ
1324 1588 1388 1624 εἶδε,
1403 1592 1496 1626 φησὶν,
1512 1591 1526 1618 6
1540 1591 1633 1628 Πατὴρ
1649 1592 1664 1619 6
1681 1591 1736 1625 ζῶν
1751 1592 1841 1620 θλιϐο-

1054 1635 1139 1670 μένην
1157 1636 1205 1671 τὴν
1219 1634 1307 1671 ψυχὴν
1321 1637 1350 1664 ἐν
1362 1635 1399 1671 τῷ
1413 1636 1530 1672 σώματι,
1543 1636 1728 1672 εὖσπλαγχνος
1738 1637 1777 1665 ὢν
1793 1639 1840 1665 καὶ

1052 1681 1184 1717 ἐλεήμων,
1197 1681 1302 1717 έπεμψε
1317 1681 1363 1708 τὸν
1376 1681 1439 1709 Υιὸν
1453 1682 1535 1709 αὑτοῦ
1551 1683 1597 1710 τὸν
1610 1683 1788 1719 ἠγαπημένον
1800 1685 1841 1716 είς

1053 1727 1189 1762 σωτηρίαν
1201 1727 1252 1762 τῆς
1264 1727 1363 1762 ψυχῆς.
1378 1727 1428 1754 Διὰ
1440 1727 1494 1764 γὰρ
1507 1727 1611 1764 ταύτην
1626 1728 1676 1764 τὴν
1691 1728 1839 1764 πρόςασιν,

1051 1772 1100 1799 καὶ
1115 1773 1165 1808 τὴν
1188 1773 1235 1799 τοῦ
1261 1773 1410 1809 Ὠμοφόρου
1435 1773 1602 1801 ἀπεστάλθαι
1627 1774 1707 1801 αὐτὸν
1727 1774 1838 1809 φάσκει.

1052 1818 1108 1845 Καὶ
1122 1818 1206 1845 ἐλθὼν
1220 1819 1234 1846 6
1248 1819 1313 1850 Υἱὸς
1329 1819 1561 1855 μετεσχημάτισεν
1576 1820 1672 1847 ἑαυτὸν
1684 1821 1722 1852 είς
1735 1820 1840 1856 ἀνθρὼ-

1052 1871 1103 1889 mu
1123 1860 1202 1896 εἶδος,
1225 1864 1272 1890 καὶ
1291 1863 1416 1898 ἐφαίνετο
1435 1865 1490 1895 τοῖς
1510 1864 1662 1898 ἀνθρώποις
1677 1865 1714 1896 ὡς
1733 1864 1837 1900 ἄνθρω-

1052 1917 1112 1941 πος,
1127 1909 1174 1936 καὶ
1189 1910 1214 1936 οι
1234 1909 1373 1946 ἄνθρωποι
1394 1910 1529 1937 ὑπέλαϐον
1552 1911 1632 1938 αὐτὸν
1646 1911 1837 1947 γεγεννῆσθαι.

1058 1953 1158 1981 Ἐλθὼν
1170 1952 1228 1987 οὖν,
1247 1955 1293 1981 καὶ
1314 1955 1431 1990 ποιήσας
1447 1955 1495 1991 τὴν
1507 1956 1687 1991 δημιουργίαν
1703 1956 1772 1990 πρὸς
1787 1965 1840 1982 σω-

1052 1999 1149 2034 τηρίαν
1163 1999 1218 2026 τῶν
1237 1999 1399 2036 ἀνθρώπων,
1421 2001 1545 2036 μηχανὴν
1565 2001 1746 2036 συνεστήσατο
1762 2001 1840 2036 ἐχου-

1053 2054 1103 2072 σαν
1115 2045 1218 2072 δώδεκα
1240 2046 1347 2078 κάδους.
1362 2047 1433 2082 ἥτις,
1448 2047 1500 2074 ὑπὸ
1518 2048 1568 2083 τῆς
1587 2048 1703 2083 σφαίρας
1723 2056 1834 2083 στρεφο-

1054 2090 1133 2126 μένη,
1158 2091 1290 2127 ἀνιμᾶται
1313 2092 1367 2118 τῶν
1390 2091 1561 2128 θνησκόντων
1581 2092 1630 2124 τὰς
1659 2093 1757 2128 ψυχάς.
1783 2093 1839 2120 Καὶ

215 2139 284 2166 quas
301 2132 345 2160 ubi
359 2133 400 2160 sol
412 2133 561 2168 excepen‘t,
573 2138 710 2169 repurgat,
724 2139 751 2162 ct
762 2135 788 2162 in
800 2135 891 2162 lunam
907 2140 999 2162 trans-

1055 2136 1154 2168 ταύτας
1173 2137 1187 2163 6
1208 2136 1294 2171 μέγας
1311 2137 1424 2172 φωστὴρ
1439 2139 1500 2169 ταῖς
1523 2138 1613 2165 ἀκτῖσι
1634 2137 1732 2169 λαϐὼν,
1751 2139 1839 2165 καθα-

216 2178 308 2205 mittit.
328 2177 365 2205 lla
384 2179 465 2211 inme,
481 2186 560 2214 quem
575 2180 755 2214 appellamus,
773 2180 848 2208 orbis
859 2180 997 2216 impletur.

251 2311 282 2338 L.
306 2310 388 2339 Vides
408 2315 510 2346 quanta
527 2312 563 2339 sit
582 2312 741 2347 impostoris
760 2312 866 2340 vanitas
885 2313 999 2340 oblivio-

215 2365 268 2393 que
283 2361 411 2391 tanquam
427 2365 458 2384 ex
470 2357 601 2385 ebrietate
617 2358 774 2385 contracta?
787 2358 852 2391 Quae
860 2359 932 2386 enim
951 2366 999 2385 an-

215 2407 257 2429 tea
271 2402 350 2434 dixit,
367 2409 421 2429 non
447 2403 608 2430 recordatur
631 2404 758 2438 amplius,
777 2408 875 2438 etqua:
895 2403 999 2431 dixisse

215 2447 330 2481 videtur,
346 2451 495 2474 commutat
514 2456 546 2475 ac
564 2448 690 2481 destruit,
711 2453 738 2477 et
757 2453 862 2476 suamet
879 2449 935 2484 ipse
951 2449 999 2476 d0-

214 2497 304 2528 gmata
315 2493 459 2520 subvertit.
471 2492 539 2520 Nam
555 2494 622 2521 alias
637 2495 716 2522 aliter
726 2494 849 2527 disserit,
865 2499 894 2521 ut
905 2495 997 2529 priora

215 2537 412 2572 posterioribus
422 2542 536 2572 evertat,
555 2546 587 2566 ac
602 2547 662 2575 quae
677 2539 756 2566 initio
773 2543 922 2571 everterat,
937 2547 998 2566 rur-

214 2590 262 2610 sus
275 2583 425 2617 instauret;
445 2589 474 2611 ut
488 2584 554 2612 illud
573 2587 717 2620 perspicue
736 2585 865 2617 declaret,
884 2593 937 2612 non
954 2586 995 2613 sui

215 2636 244 2655 se
262 2632 414 2663 compotem
440 2637 511 2662 csse,
535 2629 582 2657 sed
605 2631 639 2657 ab
659 2631 765 2663 impuro
786 2630 882 2665 spiritu
905 2638 997 2658 corre-

215 2677 289 2707 ptum
314 2673 366 2699 alia
388 2681 437 2708 pro
458 2674 517 2702 aliis
538 2674 757 2708 phreneticorum
781 2682 857 2702 more
881 2675 995 2710 garrire.

213 2719 280 2747 Nam
301 2720 324 2747 si
341 2720 374 2747 de
394 2719 510 2747 adventu
528 2719 633 2747 Domini
651 2721 736 2747 nostri
750 2720 816 2749 Jcsu
838 2722 940 2750 Christi
956 2723 996 2749 lo-

238 2795 244 2809 ¹
264 2796 294 2825 F.
308 2797 498 2832 ἑπεφοίτησας.
536 2799 546 2813 ³
561 2796 592 2825 F.
607 2796 746 2824 δύνανται.
785 2798 795 2813 ³
812 2797 842 2826 F.
863 2798 918 2832 ἐφ’.

1053 2182 1132 2217 ρίζει,
1151 2183 1198 2209 καὶ
1223 2183 1384 2217 μεταδίδωσι
1406 2185 1439 2219 τῇ
1472 2184 1586 2220 σελήνῃ”
1603 2184 1649 2212 καὶ
1675 2185 1747 2211 οὕτω
1767 2185 1839 2220 πλη-

1053 2227 1144 2262 ροῦται
1156 2228 1205 2263 τῆς
1228 2228 1342 2263 σελήνης
1354 2229 1368 2255 6
1388 2229 1490 2262 δίσκος,
1506 2231 1520 2257 6
1542 2231 1607 2266 παρ’
1619 2231 1684 2266 ἡμῖν
1699 2239 1838 2267 προσαγο-

1053 2273 1209 2308 ρευόμενος.

1085 2319 1127 2345 N’.
1144 2319 1199 2345 Καὶ
1213 2319 1278 2355 ὁρᾷς
1301 2320 1370 2355 πόση
1389 2320 1485 2346 τούτου
1501 2320 1548 2348 τοῦ
1571 2321 1668 2356 γόητος
1683 2322 1698 2356 ή
1713 2321 1838 2358 ληρώδης

1051 2363 1179 2399 φλυαρία,
1196 2365 1242 2391 καὶ
1265 2364 1351 2400 μέθης
1364 2365 1451 2401 λήθης
1465 2366 1505 2393 Τὰ
1521 2366 1574 2401 γὰρ
1597 2367 1643 2393 ὑπ’
1656 2367 1739 2394 αὑτοῦ
1762 2368 1838 2402 λεγό-

1052 2417 1120 2444 μενα
1135 2409 1177 2440 είς
1203 2409 1289 2446 λήθην
1310 2411 1482 2446 μεταδίδωσι,
1499 2412 1546 2438 καὶ
1570 2412 1618 2439 ὅσα
1638 2412 1712 2439 δοκεῖ
1735 2413 1837 2448 λέγειν,

1051 2454 1258 2489 μετασκευάζει,
1285 2456 1333 2483 καὶ
1354 2456 1544 2490 ἀνασκευάξει,
1565 2457 1600 2485 τὰ
1622 2457 1675 2484 [δια
1695 2458 1838 2485 καταλύων

1049 2499 1182 2535 δόγματα.
1200 2500 1310 2527 ¹Ἀλλοτε
1327 2501 1377 2536 μὲν
1387 2501 1475 2533 άλλως
1488 2503 1536 2529 καὶ
1550 2503 1637 2534 άλλως
1649 2503 1836 2539 διηγούμενος,

1050 2546 1096 2572 καὶ
1112 2545 1145 2573 τὰ
1161 2546 1263 2582 ὕστερα
1278 2547 1312 2574 τὰ
1325 2547 1421 2582 πρῶτα
1434 2548 1573 2581 καταλύει,
1588 2550 1634 2576 καὶ
1647 2549 1665 2576 ἃ
1677 2550 1706 2575 ὲν
1720 2549 1836 2585 πρώτοις

1049 2590 1207 2623 κατέλυσεν,
1228 2590 1306 2624 αὖοις
1330 2592 1410 2619 πάλιν
1432 2593 1577 2628 οἰκοδομεῖ,
1598 2593 1657 2629 [ὡς]
1682 2594 1725 2620 ἵνα
1751 2593 1835 2629 δείξῃ,

1050 2635 1090 2662 ὃτι
1106 2635 1153 2670 ἀφ’
1167 2635 1176 2651 ³
1192 2636 1289 2663 ἑαυτοῦ
1306 2637 1337 2663 οὐ
1362 2636 1539 2672 καθέστηκεν,
1558 2638 1625 2665 ἀλλὰ
1646 2639 1697 2664 ὑπὸ
1715 2638 1833 2673 πνεύμα-

1049 2687 1095 2710 τος
1109 2679 1264 2715 ἀκαθάρτου
1279 2680 1458 2716 ἐλαυνόμενος
1474 2681 1541 2708 ἄλλα
1564 2681 1622 2709 ἀντ’
1635 2682 1722 2708 ἄλλων
1736 2682 1830 2717 διηγεῖ-

1050 2733 1105 2757 ται,
1126 2724 1248 2760 καθάπερ
1264 2727 1288 2752 οἱ
1306 2726 1512 2761 φρενητιῶντες.
1534 2727 1610 2754 ’Ἤτοι
1631 2727 1685 2762 γὰρ
1700 2727 1749 2764 τὴν
1767 2735 1835 2764 παρ-
