1939 3036
120 144 169 172 Ιῦΰ

446 142 631 174 ADVERSUS
651 143 821 172 HERESES
836 144 899 172 LIB.
917 144 949 172 ll.
970 144 1052 174 TOTJ.
1070 145 1100 174 ll.
1122 161 1156 167 —
1171 145 1309 176 HERES.
1329 146 1422 175 LXVI.

114 204 210 230 ουσίαν
231 203 304 238 λέγει
324 202 371 230 τοῦ
386 204 488 239 Κυρίου
501 204 579 240 ὴμῶν
592 205 679 241 Ἰησοῦ
693 204 822 241 Χριστοῦ,
838 205 906 241 μετὰ

958 205 1146 241 quitur.663
1155 207 1234 234 annis
1252 207 1297 234 ille
1307 207 1399 235 multis
1413 210 1505 242 postea
1518 207 1639 242 contigit,
1655 216 1737 243 quam

115 250 202 276 πολλὰ
227 249 274 284 ἔτη
299 249 347 276 τοῦ
373 249 498 283 γενέσθαι
523 250 585 282 τοὺς
608 252 763 286 φωστῆρας.
790 249 871 286 ἦλθεν
887 251 904 286 ἡ

115 296 265 330 παρουσία,
282 295 329 321 καὶ
345 295 413 330 μετὰ
430 295 478 330 τὴν
493 296 558 331 παρ’
575 295 648 331 αὐτῷ
668 296 790 332 μηχανὴν
806 297 904 324 καλου-

116 342 203 377 μένην
224 340 278 367 τῶν
295 340 398 367 δώδεκα
419 341 517 368 κάδων.
537 341 592 368 ’Λεὶ
613 342 667 377 γὰρ
689 342 718 368 ὲν
740 341 847 377 οὐρανῷ
863 341 906 375 ἐξ·

114 387 180 412 ότου
195 386 292 420 γέγονε
316 386 444 421 τυγχάνει
456 386 491 413 τὰ
504 386 602 422 ἄστρα.
620 387 680 422 ἦτοι
701 388 820 422 στοιχεῖα
836 388 907 414 αὐτὰ

115 431 211 458 καλεῖν
227 431 376 467 βούλονται,
400 433 458 468 ῆτοι
475 432 646 467 διαστήματα
659 432 707 459 τοῦ
729 432 845 468 οὐρανοῦ
859 433 906 459 καὶ

118 477 217 512 μέτρα.
232 478 324 512 Ὅμως
339 477 392 504 ἀπὸ
406 477 539 512 τετάρτης
551 478 657 513 ἡμέρας
666 478 715 513 τῆς
730 478 906 513 κοσμοποιὶας

115 523 151 549 τὰ
169 522 259 550 πάντα
272 523 362 554 καλῶς
380 522 518 555 τέτακται,
536 523 585 550 οὐκ
604 525 644 555 εἰς
663 523 764 559 βλάϐην
785 525 839 551 τῶν
853 525 905 551 ὑπὸ

115 568 185 594 Θεοῦ
201 568 411 604 κυριευομένων.
433 568 466 595 Ἦ
480 568 508 595 δὲ
522 569 569 595 τοῦ
588 569 705 605 Χριστοῦ
727 569 861 606 παρουσία
876 572 906 598 ὲν

116 614 158 649 τῷ
181 613 484 649 πεντεκαιδεκάτῳδῇει
500 613 625 650 Τιϐερίου
648 614 786 651 Καίσαρος
804 614 905 652 ἤρξατο

116 659 166 686 τοὺ
182 659 368 695 κηρύγματος,
380 659 450 694 μετὰ
457 660 615 695 τριακοστὸν
623 661 681 692 ἔτος
691 662 740 696 τῆς
750 661 832 688 αὑτοῦ
846 670 905 695 γεν-

115 705 233 740 νήσεως,
257 705 325 740 ὅπερ
349 706 470 740 κατήντα
492 705 532 736 εις
560 706 824 741 πεντακισχιλιοστὺν
849 706 903 742 (55)

117 750 341 777 πεντακοσιοστὸν
369 749 462 776 ἔνατον
490 750 548 782 ἔτος
574 751 623 786 τῆς
646 752 832 786 κοσμοποιίας,
857 752 904 777 καὶ

115 795 276 832 τριακοστὸν
291 794 340 830 τῆς
355 794 436 821 αὑτοῦ
452 795 572 831 ἡλικίας,
589 797 748 832 τριακοστὸν
762 797 790 824 δὲ
813 797 904 832 τρίτον

117 841 170 873 ἕως
183 841 230 868 τοῦ
246 840 371 877 σταυροῦ.
390 841 451 873 Πῶς
464 839 509 868 οὖν
524 841 578 868 ἀπὸ
592 841 704 877 πρώτης
715 841 801 868 ταῦτα
813 842 842 868 ὲν
858 842 903 868 οὐ-

118 886 193 922 ρανῷ
209 886 326 922 ὑπῆρχε,
347 887 489 922 φωστῆρές
504 895 532 913 τε
548 887 593 914 καὶ
606 887 711 923 ἄστρας
731 888 762 914 Εἰ
776 887 803 914 δὲ
817 887 902 922 λέγει,

116 933 176 968 Πρὸ
193 932 288 959 τούτου
307 932 391 959 ὲλοὼν
408 933 518 968 εποίησε
534 932 631 964 ταῦτα,
653 933 803 966 ἀσύστατος
821 933 903 960 αὑτοῦ

117 979 134 1014 ἡ
154 979 280 1014 φλυαρία.
304 979 372 1015 Πρὶν
383 979 437 1014 γὰρ
456 979 503 1005 τοῦ
526 977 596 1006 εἶναι
617 979 760 1015 ἄνθρωπον
784 980 830 1006 ἐπὶ
854 980 904 1015 τῆς

116 1025 181 1060 γῆς,
197 1025 319 1059 ἐγένοντο
331 1025 364 1052 τὰ
378 1025 438 1052 κατ’
452 1026 533 1052 αὑτὸν
550 1025 703 1061 καλούμενα
717 1027 846 1061 στοιχεῖα,
859 1026 905 1052 καὶ

117 1071 143 1097 οἱ
159 1070 262 1096 δώδεκα
285 1070 372 1105 μάτην
388 1069 548 1105 καλούμενοι
572 1069 658 1101 κάδοι,
678 1069 725 1096 καὶ
741 1070 757 1104 ὴ
786 1068 903 1104 μηχανὴ,

117 1116 152 1150 ἦν
163 1115 286 1150 βούλεται
303 1117 469 1151 χαριπικοῖς
490 1115 602 1150 ὀνόμασι
622 1115 765 1150 φαντάζειν
780 1115 843 1146 τοὺς
859 1114 904 1141 ὑπ’

117 1159 200 1186 αὑτοῦ
216 1160 448 1195 πεπλανημένους.

153 1252 218 1278 NA'.
237 1251 322 1278 Παντὶ
343 1250 397 1286 γὰρ
420 1250 459 1286 τῷ
485 1251 592 1278 σύνεσιν
613 1251 773 1287 κεκτημένῳ
790 1253 905 1287 φανερόν

117 1296 192 1321 ἐστιν
207 1295 254 1321 ἀπ’
270 1295 353 1330 αὐτῆς
363 1294 411 1329 τῆς
422 1295 441 1321 Γ
445 1296 531 1331 ραφῆς
542 1296 588 1322 καὶ
604 1296 830 1328 ἀκολουθίας,ὅτι.
841 1299 906 1333 πρὶν

116 1340 165 1367 τοῦ
180 1339 331 1375 πλαδοῆναι
343 1340 389 1367 τὸν
415 1341 499 1376 Ἀδὰμ
515 1341 560 1367 τὸν
577 1341 788 1377 πρωτόπλαστον
802 1342 907 1379 ἄνθρω-

118 1394 179 1418 πον,
197 1386 339 1420 γεγόνασιν
353 1387 381 1412 ἐν
393 1388 426 1422 τῇ
439 1386 555 1422 τετάρτῃ
568 1388 660 1424 ἡμέρᾳ
674 1388 773 1420 πάντες
786 1389 812 1416 οι
827 1389 907 1416 ἀστέ-

119 1440 166 1467 ρες
191 1433 237 1459 καὶ
258 1432 283 1458 οἱ
307 1431 461 1467 φωστῆρες.
481 1430 565 1464 Οὗτος
585 1433 613 1460 δὲ
634 1433 720 1468 λέγει,
742 1434 784 1461 ὅτι
809 1432 905 1466 Ἦλθε,

119 1476 198 1510 μησὶ,
214 1475 325 1512 ποιῆσαι
347 1477 410 1508 τοὺς
430 1477 533 1504 odiem.
549 1478 646 1510 κάδους
666 1480 695 1505 ἐν
720 1478 777 1515 ἰδέᾳ
800 1478 906 1515 ἀνθρώ-

118 1530 171 1549 που
184 1542 192 1554 ,
217 1522 264 1549 καὶ
283 1523 409 1556 ἐφαίνετο
427 1524 482 1555 τοῖς
503 1524 655 1560 ἀνθρώποις
677 1525 828 1561 ἄνθρωπος,
854 1526 906 1552 κᾶν
919 1536 940 1565 ρ

118 1568 235 1603 ἀγνοῶν,
250 1568 324 1604 [κᾶν]
340 1569 387 1604 τὴν
402 1569 431 1603 ἐξ
446 1570 572 1606 ὑπαρχῆς
600 1571 787 1607 γεγενημένην
803 1571 907 1598 οέκονο-

120 1615 186 1650 μίαν
201 1614 307 1649 νομίζει
325 1624 351 1641 τι
373 1614 472 1649 λέγειν.
497 1615 542 1642 καὶ
558 1616 596 1647 ὡς
616 1616 715 1650 τυφλὸς
733 1615 828 1643 ἑαυτὸν
844 1616 907 1651 ὁδη-

116 1660 175 1695 γῶν
189 1662 245 1692 τοῖς
270 1660 315 1686 ὑπ’
330 1660 412 1686 αὐτοῦ
428 1660 590 1694 τυφλωῦεῑσι
607 1660 641 1687 τὰ
658 1660 850 1696 προχωροῦντα
867 1662 907 1692 εἰς

117 1706 264 1741 ψεύσματα
288 1706 443 1741 ὑφηγεῖται.
468 1704 614 1740 Παροὺσης
639 1705 667 1731 δὲ
693 1705 741 1740 τῆς
767 1705 906 1741 ἀληθείας,

118 1751 166 1777 καὶ
185 1749 345 1784 ἀνοιγούσης
360 1749 394 1776 τὰ
408 1750 520 1785 ὄμματα
533 1749 578 1776 διὰ
593 1750 646 1776 τῶν
663 1749 792 1782 συνετῶν,
806 1751 846 1782 εἰς
860 1749 908 1784 γέ-

118 1796 192 1822 λωτα
209 1795 286 1831 φέρει
299 1795 348 1830 τὴν
362 1795 444 1822 αὑτοῦ
465 1795 609 1831 ληρωδίαν,
629 1795 719 1827 ῐΙοίοις
732 1795 786 1831 γὰρ
801 1795 907 1831 ἀνθρώ-

119 1850 182 1872 ποις
195 1841 319 1876 ἐφαίνετο
330 1842 385 1869 τοῖς
400 1841 436 1876 μὴ
452 1841 620 1876 ὑπάρχουσι;
638 1840 699 1873 Πῶς
715 1841 742 1868 δὲ
759 1842 787 1867 ἐν
801 1841 908 1877 ἀνθρώ.

120 1896 172 1914 που
190 1887 316 1921 ἐφαίνετο
337 1886 404 1921 ἰδέα,
426 1888 440 1913 ὁ
460 1886 497 1922 μὴ
520 1886 609 1913 λαὸὼν
625 1886 723 1922 σῶμα;
742 1887 796 1914 Καὶ
812 1888 835 1914 εἰ
859 1886 908 1923 μὲν

119 1934 149 1959 ὲν
164 1933 197 1967 τῇ
216 1932 338 1967 ὲνσάρκῳ
356 1932 490 1967 παρουσίᾳ
505 1931 622 1967 ἐπλήρου
638 1931 716 1958 τοῦτο
736 1932 906 1967 φαινόμενος,

120 1978 167 2004 καὶ
185 1977 222 2013 μὴ
240 1977 287 2008 ὢν,
303 1977 411 2011 δόκησις
427 1977 481 2012 ἄρα
500 1975 534 2012 ἦν
553 1977 587 2004 τὰ
603 1977 762 2013 πράγματα.
780 1978 850 2013 Ἀρα
862 1976 908 2005 οὖν

119 2024 151 2049 οὺ
168 2023 297 2057 πέφηνεν,
314 2023 374 2049 οὐδὲ
390 2021 480 2058 ἢλθεν.
499 2023 530 2049 Εἰ
544 2022 598 2058 γὰρ
617 2023 701 2050 ἐλθὼν
715 2024 764 2050 οὐκ
786 2021 830 2059 ἦν,
848 2024 908 2050 οὐδὲ

120 2067 203 2102 ἦλθεν
225 2068 272 2094 ἀπ’
296 2068 391 2104 ἀρχῆς.
414 2068 446 2094 Εἰ
469 2067 497 2094 δὲ
522 2068 660 2103 ἐνομίζετο
687 2069 736 2103 μὲν
755 2069 906 2104 ἄνθρωπος,

120 2115 170 2140 οὐκ
185 2111 218 2148 ἦν
239 2114 266 2140 δὲ
287 2113 438 2149 ἄνθρωπος,
459 2113 486 2140 τι
510 2113 541 2140 τὸ
565 2112 687 2149 ὲπῆξανί
707 2114 752 2140 τὸν
770 2114 817 2140 τοῦ
840 2114 908 2141 Θεοῦ

120 2159 207 2193 Λόγον
222 2159 364 2194 ἄνθρωπον
381 2159 496 2193 φανῆναι
514 2159 551 2194 μὴ
564 2158 683 2191 ὃντα;Εἰ
700 2158 737 2193 μή
752 2167 778 2184 τι
793 2159 847 2185 ἀπὸ
862 2158 907 2186 δα-

956 254 1003 277 aut
1015 251 1104 278 sidera
1122 250 1256 286 producta
1272 255 1348 283 sunt,
1366 255 1413 278 aut
1426 251 1472 279 illa
1487 252 1674 279 duodenorum
1692 260 1739 280 ca-

956 295 1053 322 dorum
1067 296 1193 322 machina
1206 297 1320 324 exstitit.
1337 296 1376 323 Ex
1391 304 1445 332 quo
1462 298 1534 324 enim
1548 300 1621 324 astra
1638 297 1739 331 produ-

955 345 999 367 cta
1015 345 1088 372 sunt,
1107 341 1134 368 in
1149 342 1219 368 cmlo
1230 346 1360 376 perpetuo
1377 341 1496 375 fuerunt,
1513 342 1570 370 sive
1585 342 1679 370 eadem
1693 343 1739 370 illa

956 387 1053 414 malint
1067 387 1213 420 elementa,
1231 388 1289 416 sive
1305 388 1367 415 cali
1384 389 1472 424 spatia
1486 397 1518 416 ac
1533 396 1677 417 mensuras
1691 397 1740 425 ap-

956 433 1068 468 pellare.
1087 431 1232 468 Utcunque
1243 434 1288 465 sit,
1304 442 1336 461 ex
1348 438 1444 468 quarta
1457 434 1604 462 ereationis
1615 435 1659 462 die
1670 434 1740 462 bene

956 479 1106 505 constitttta
1129 484 1193 506 sunt
1220 479 1326 511 omnia,
1350 479 1471 515 nihilque
1490 481 1523 508 ad
1543 488 1653 512 eorum,
1678 488 1739 516 quzc

955 524 1007 552 sub
1020 523 1068 552 Dei
1081 524 1183 552 ditione
1200 529 1274 557 sunt.
1289 525 1436 560 perniciem
1445 529 1486 553 est
1497 525 1608 553 factum.
1625 526 1660 553 At
1675 534 1740 554 vero

955 569 1082 597 Christus
1104 574 1164 604 post
1185 578 1264 597 suum
1285 571 1313 598 in
1339 571 1412 598 hunc
1437 571 1566 598 mundum
1593 572 1737 599 adventum

955 620 1027 641 anno
1042 613 1149 642 decimo
1159 615 1255 649 quinto
1272 615 1372 643 Tiberii
1386 617 1501 644 Caesaris
1518 615 1738 651 praedicationem

954 666 1071 687 exorsus
1093 663 1146 690 cst.
1162 664 1224 694 post
1239 668 1340 687 annum
1363 668 1378 687 a
1394 662 1535 689 nativitate
1557 661 1737 693 tricesimum,

953 703 1001 739 qui
1024 704 1052 731 in
1073 704 1219 740 quinquies
1240 705 1414 732 millesimum
1436 713 1468 732 ac
1491 706 1737 741 quingentesimum

954 757 1055 776 nonum
1073 757 1173 777 annum
1191 750 1292 778 conditi
1309 751 1383 779 orbis
1398 751 1524 783 incurrit,
1545 754 1640 786 estque
1657 751 1738 778 trice-

954 795 1052 826 simus,
1069 795 1108 821 uti
1125 795 1191 826 dixi,
1206 795 1294 823 anatis
1312 795 1385 823 illius
1397 803 1503 829 annus;
1519 804 1582 823 nam
1601 796 1739 823 tricesimo

955 840 1035 867 tertio
1050 840 1077 867 in
1094 847 1203 868 crucem
1221 844 1299 868 actus
1313 845 1365 869 est.
1385 841 1501 874 Quinam
1521 841 1604 876 igitur
1617 841 1673 869 lieri
1689 848 1738 876 po-

955 888 1017 916 test,
1032 888 1061 912 ut
1081 885 1138 912 haec
1149 885 1175 912 in
1194 886 1264 912 ccelo
1276 886 1410 920 principio
1421 886 1532 920 fuerint,
1547 887 1652 921 majora
1665 885 1741 914 vide-

954 930 1018 958 licet
1039 929 1200 965 minoraque
1224 931 1334 958 sidera?
1360 930 1388 958 Si
1411 935 1474 960 ante
1491 931 1544 959 hoc
1563 935 1672 967 tempus
1695 940 1741 959 ve-

955 975 1039 1007 nisse,
1057 979 1139 1010 atque
1151 976 1195 1002 illa
1211 974 1375 1011 produxisse
1390 976 1474 1009 dicat,
1498 984 1552 1004 non
1565 980 1656 1012 potest
1667 977 1741 1005 illius

958 1019 1050 1048 fabula
1063 1021 1224 1049 consistere.
1237 1021 1344 1048 Etenim
1363 1023 1521 1058 priusquam
1538 1023 1564 1050 in
1574 1023 1656 1050 terris
1670 1030 1743 1051 esset

956 1066 1048 1099 homo,
1062 1075 1122 1102 qua:
1142 1068 1258 1102 appellat
1275 1068 1409 1095 elementa
1425 1069 1556 1104 producta
1573 1068 1669 1101 fuisse,
1681 1077 1742 1104 per-

955 1112 1073 1148 indeque
1092 1117 1120 1140 et
1137 1121 1222 1141 vanos
1245 1113 1307 1141 illos
1329 1113 1412 1141 cados
1437 1115 1590 1150 molemque
1611 1115 1742 1146 defendit.

955 1165 1036 1193 quam
1051 1158 1182 1193 jucundis
1197 1158 1360 1194 quibusdam
1373 1160 1603 1195 appellationibus
1620 1161 1680 1189 idco
1695 1163 1743 1190 dc-

955 1202 1062 1235 scribit,
1080 1207 1110 1230 ut
1126 1210 1140 1229 a
1154 1210 1184 1230 se
1199 1202 1319 1238 deceptis
1334 1203 1491 1232 hominibus
1507 1204 1613 1233 illudat.

991 1247 1034 1274 LI.
1055 1246 1124 1275 Nam
1151 1255 1186 1275 ex
1209 1248 1267 1284 ipsa
1280 1248 1435 1277 divinarum
1455 1249 1659 1285 Scripturarum
1672 1252 1744 1279 serie

955 1293 1068 1321 cuilibet
1094 1293 1223 1329 prudenti
1243 1294 1420 1322 manifestum
1442 1299 1494 1327 est,
1521 1299 1666 1330 antequam
1687 1296 1744 1331 pri-

957 1347 1018 1367 mus
1035 1342 1130 1367 noster
1148 1347 1247 1374 parens
1268 1339 1391 1367 Adamus
1410 1347 1425 1367 a
1442 1339 1497 1368 Deo
1512 1340 1686 1374 l'ormaretur,
1700 1342 1745 1369 die

956 1388 1055 1419 quarto
1070 1392 1131 1412 eum
1146 1385 1250 1420 reliqua
1265 1385 1366 1417 sidera,
1386 1389 1443 1413 tum
1460 1386 1564 1421 majora
1574 1386 1629 1414 duo
1641 1387 1742 1421 produ-

956 1433 1011 1457 cta.
1026 1429 1060 1456 At
1078 1429 1123 1457 ille
1139 1438 1146 1456 :
1162 1428 1255 1461 Venit.
1277 1430 1374 1465 inquit,
1389 1430 1530 1459 duodenos
1548 1435 1578 1458 ut
1601 1432 1686 1460 cados
1702 1432 1727 1460 l'a

957 1474 1087 1506 bricaret,
1111 1475 1162 1503 sub
1178 1474 1297 1503 hominis
1320 1477 1421 1510 specie,
1443 1480 1524 1512 atque
1538 1477 1671 1512 ejusmodi
1698 1479 1736 1505 ho

956 1521 1074 1550 minibus
1088 1522 1222 1558 apparuit.
1238 1523 1266 1550 In
1284 1531 1338 1558 quo
1357 1527 1440 1551 totam
1461 1524 1533 1552 illam
1549 1524 1746 1554 incarnationis

959 1566 1222 1596 administrationem
1245 1568 1375 1604 ignorans
1398 1569 1489 1598 dicere
1512 1578 1542 1598 se
1566 1571 1745 1600 nihilominus

960 1613 1062 1648 aliquid
1085 1614 1242 1647 existimat;
1267 1622 1299 1642 ac
1319 1615 1391 1642 velut
1407 1622 1498 1644 caecus
1512 1617 1687 1652 semetipsum
1708 1620 1746 1645 di-

959 1659 1050 1693 rigens
1063 1658 1097 1686 iis
1110 1665 1227 1694 quorum
1247 1653 1354 1686 animos
1373 1659 1530 1693 obcaecavit,
1549 1662 1652 1697 reliqum
1668 1663 1745 1690 dein-

959 1711 1024 1738 ceps
1047 1703 1188 1730 mendacia
1209 1703 1347 1732 narrando
1369 1703 1495 1739 pertexit.
1519 1704 1580 1733 Mox
1603 1712 1693 1736 autem
1715 1715 1745 1736 ut

959 1749 1056 1777 adesse
1071 1749 1174 1776 veritas
1186 1749 1278 1784 cmpit,
1290 1753 1317 1776 et
1332 1749 1494 1785 sapientium
1509 1751 1630 1779 virorum
1644 1752 1744 1781 beneii-

960 1794 1003 1821 cio
1017 1794 1112 1822 oculos
1125 1795 1242 1829 aperire,
1260 1798 1315 1822 tota
1331 1788 1388 1822 hmo
1403 1795 1493 1822 fabula
1508 1796 1536 1823 in
1553 1797 1639 1825 risum
1655 1806 1687 1826 ac
1703 1799 1746 1826 lu-

960 1839 1078 1867 dibrium
1094 1839 1264 1867 dissolvitur.
1280 1838 1384 1873 Quibus
1406 1840 1479 1867 enim
1497 1840 1607 1869 tandem
1627 1842 1746 1870 homini-

960 1885 1022 1917 bus.
1047 1885 1093 1921 qui
1117 1885 1184 1912 nulli
1208 1889 1296 1918 erant,
1323 1892 1454 1920 apparere
1476 1887 1582 1920 potuit?
1603 1887 1746 1920 Quomodo

961 1939 1025 1959 vero
1052 1931 1172 1959 hominis
1196 1932 1287 1966 specie
1310 1931 1396 1960 videri
1424 1936 1541 1966 poterat,
1571 1934 1616 1968 qui
1639 1936 1743 1962 nullum

960 1985 1060 2012 corpus
1078 1977 1218 2005 induerat?
1239 1977 1276 2005 Ac
1297 1978 1319 2005 si
1335 1982 1403 2010 tum,
1429 1986 1490 2006 cum
1515 1987 1598 2007 carne
1616 1981 1747 2015 praeditus

960 2023 1082 2055 advenit,
1099 2022 1212 2058 perfecit
1227 2023 1304 2056 illttd,
1321 2028 1350 2050 ut
1363 2025 1434 2059 quod
1449 2032 1504 2052 non
1520 2029 1579 2052 erat
1592 2033 1654 2053 esse
1669 2027 1745 2054 vide—

961 2074 1046 2102 retur,
1071 2073 1156 2096 totum
1181 2069 1247 2096 illud
1271 2070 1409 2105 negotium
1439 2071 1506 2098 nihil
1528 2072 1623 2099 habuit
1647 2078 1747 2108 przctcr

961 2115 1117 2150 opinionem
1136 2122 1167 2142 ac
1190 2116 1308 2150 speciem
1324 2123 1330 2141 :
1350 2123 1435 2150 quare
1452 2121 1541 2150 neque
1562 2119 1687 2152 apparuit
1702 2127 1747 2144 nc-

961 2167 1015 2193 que
1033 2160 1117 2186 venit.
1140 2159 1208 2186 Nam
1226 2160 1249 2187 si
1266 2160 1376 2194 quando
1393 2161 1467 2188 venit
1483 2168 1512 2188 re
1527 2161 1584 2195 ipsa
1602 2169 1656 2189 non
1674 2168 1744 2192 erat.

120 2206 235 2232 vsumin
257 2205 402 2240 ἑλκόμενος
418 2204 546 2239 ὴὸούλετο
562 2203 656 2231 ἑαυτὸν
674 2204 906 2239 σχηματοπιῆσαι

963 2211 996 2231 ne
1014 2204 1122 2232 venisse
1148 2205 1258 2240 quidem
1287 2204 1420 2232 dicendus
1442 2209 1494 2232 est.
1515 2206 1597 2241 664
1617 2205 1694 2239 Quod
1723 2208 1747 2235 si

123 2251 206 2283 ἰδέαν,
222 2251 264 2277 ἵνα
284 2250 385 2286 δυνηθῇ
403 2249 494 2277 λαϐεῖν
519 2250 582 2281 τοὺς
603 2249 683 2276 αὑτὸν
702 2248 906 2284 ἐπιζητοῦντας.

123 2298 154 2323 Εἰ
168 2297 196 2323 δὲ
214 2297 261 2323 καὶ
277 2295 410 2332 ἐφαίνετο,
432 2296 479 2323 καὶ
494 2296 545 2322 οὐκ
566 2293 610 2331 ἦν,
628 2295 693 2321 ποια
706 2302 748 2326 τις
760 2293 793 2331 ἦν
806 2294 876 2330 αὕτη
891 2295 908 2330 ή

121 2342 253 2377 altilem;
277 2342 320 2368 Ἑν
335 2341 448 2377 ἀληθείᾳ
461 2341 516 2376 γὰρ
532 2342 583 2368 οὐκ
596 2341 634 2367 ἔνι
650 2340 769 2376 ψεῦσμα,
783 2339 820 2372 ὡς
834 2340 908 2375 λέγει

123 2387 188 2422 περὶ
207 2386 289 2413 αὐτοῦ
302 2387 316 2412 ὁ
332 2387 502 2422 Μονογενής·
519 2387 560 2413 ὅτι
581 2384 655 2420 Ἐγώ
669 2387 727 2420 εἰμι
747 2386 766 2419 ἡ
783 2385 909 2418 ἀλήθεια

122 2432 173 2459 καὶ
185 2433 204 2464 ἡ
221 2432 287 2466 ζωή.
311 2432 342 2458 Ἦ
358 2432 387 2459 δὲ
399 2431 456 2467 ζωὴ
469 2431 583 2459 θάνατον
595 2432 644 2458 οὐκ
658 2432 724 2467 ἔχει.
744 2431 799 2458 Καὶ
813 2431 829 2466 ἡ
842 2430 908 2467 ἀλή-

158 2509 168 2525 ¹
180 2509 243 2537 Cor.
260 2509 380 2542 ὲπεῖξαν.

170 2587 215 2620 53)
227 2587 316 2620 Ὅπερ
340 2587 473 2620 κατήντα
484 2589 528 2620 εἰς
549 2587 862 2621 πεντακισχιιιιοστόν.
879 2585 908 2613 Si

121 2622 252 2649 Christus
269 2629 341 2648 anno
357 2623 445 2649 inlatis
461 2630 513 2648 xxx
529 2623 681 2656 baptizatus
708 2627 760 2652 est.
785 2622 863 2656 isque
892 2628 908 2648 ιι

123 2657 217 2683 mundi
247 2656 357 2683 conditu
383 2656 462 2683 fuerit
489 2657 558 2683 550‘)
581 2664 680 2684 annus.
709 2662 788 2683 natus
807 2656 860 2683 erit
875 2663 906 2682 ex

125 2691 268 2726 Eptpltanii
284 2693 429 2723 sententia,
445 2699 517 2718 anno
539 2691 633 2718 mundi
652 2691 731 2718 5380.
756 2691 852 2718 Varias
875 2699 908 2717 cx

124 2726 342 2754 LXXse-uiorum
371 2727 520 2753 ratiociniis
554 2733 687 2752 annorum
720 2733 842 2753 summas
876 2726 910 2752 ab

124 2761 190 2796 urbe
207 2760 318 2787 Condito
343 2762 471 2796 collectas
496 2760 682 2796 fuisseGrzeci
701 2761 908 2796 demonstrant;

124 2803 187 2823 nam
205 2799 303 2830 pneter
317 2796 387 2822 hanc
399 2795 554 2830 Epiphanii.
568 2795 788 2830 Martyrologium
806 2796 905 2821 Roma-

125 2838 190 2858 num
212 2831 293 2857 aliam
320 2831 449 2863 instituit,
466 2830 617 2858 secundum
635 2838 716 2866 quam
742 2830 776 2857 ad
802 2830 904 2857 Christi

306 2876 441 2908 Ρηιοι..
456 2877 515 2907 Gn.
534 2876 630 2906 XLII.

961 2248 1042 2275 homo
1057 2256 1117 2276 esse
1128 2249 1300 2281 credebatur,
1318 2257 1369 2276 nec
1382 2256 1411 2276 re
1422 2249 1480 2283 ipsa
1493 2253 1583 2276 tamen
1598 2254 1667 2281 erat,
1679 2252 1745 2286 quid

960 2297 1020 2320 erat
1035 2293 1108 2329 quod
1125 2293 1246 2321 divinum
1259 2291 1379 2321 Verbum
1395 2298 1502 2329 urgeret
1522 2295 1598 2327 adeo,
1615 2299 1645 2322 ut
1664 2296 1747 2324 homo

960 2346 1023 2366 cum
1039 2347 1094 2366 non
1113 2343 1186 2367 esset
1200 2340 1363 2374 appareret?
1380 2339 1438 2368 Nisi
1453 2341 1522 2369 forte
1533 2349 1548 2369 a
1563 2343 1747 2372 creditoribus

961 2388 1087 2417 vexatus,
1110 2392 1181 2412 novo
1201 2385 1253 2412 hoc
1267 2387 1342 2412 cultu
1362 2393 1393 2414 ac
1412 2386 1498 2422 ﬁgura
1513 2387 1687 2418 dissimulare
1703 2398 1747 2418 sc~

961 2432 1051 2467 ipsum
1074 2432 1164 2465 vellet,
1187 2436 1217 2459 ut
1235 2439 1285 2460 eos
1301 2439 1316 2459 a
1332 2433 1434 2468 quibus
1453 2434 1626 2469 quaerebatur
1639 2436 1745 2465 lateret.

956 2585 1073 2613 natalem
1090 2585 1154 2612 anni
1172 2590 1352 2612 numerantur
1366 2586 1446 2613 5l99.
1472 2586 1574 2615 Pneter
1592 2588 1662 2615 hanc
1689 2592 1745 2615 Iros

959 2621 1027 2648 alias
1038 2622 1126 2657 inlisu
1138 2620 1362 2657 essereperimus
1372 2630 1378 2647 :
1389 2622 1475 2656 prima
1485 2629 1594 2657 estquae
1606 2624 1744 2649 Christum

959 2663 1032 2692 anno
1047 2653 1127 2692 55595,
1146 2655 1187 2681 vel
1201 2653 1281 2692 5494,
1291 2653 1485 2692 natum'putat,
1503 2653 1562 2692 qua:
1574 2666 1588 2684 a
1609 2658 1745 2684 nonnullis

959 2691 1131 2726 Antiochena
1145 2690 1319 2726 nominatur;
1336 2690 1466 2722 secunda,
1482 2690 1542 2726 qua:
1555 2692 1656 2718 Christi
1674 2697 1745 2718 n:ut~

960 2725 1070 2761 vitatem
1087 2725 1114 2751 in
1132 2732 1234 2761 annum
1245 2724 1315 2751 5500
1332 2726 1453 2760 conjicit.
1465 2724 1546 2761 quam
1561 2726 1743 2760 Ethiopit-zun

961 2760 1115 2794 appellant;
1126 2760 1287 2794 tertia,qua;
1301 2764 1328 2786 et
1342 2761 1462 2786 omnium
1472 2760 1648 2788 edebat-rium
1663 2765 1703 2787 est
1719 2765 1746 2786 rt.

962 2793 1152 2824 usitatissima,
1169 2794 1204 2820 ab
1230 2793 1305 2820 orbis
1329 2794 1407 2821 initio
1433 2795 1465 2821 ad
1493 2795 1596 2822 Christi
1627 2796 1744 2822 natali-nt

959 2837 1046 2856 annos
1058 2833 1136 2864 putat
1249 2827 1285 2855 De
1305 2828 1337 2855 iis
1348 2830 1416 2857 alias
1434 2830 1546 2857 tultorius
1562 2831 1741 2860 disseremus.

1562 2874 1580 2906 ι
