1939 3036
210 175 261 204 107

893 171 922 199 s.
942 164 1112 199 senatus“

1776 166 1788 193 Ι
1793 165 1830 194 (i8

211 233 312 262 Deinde
333 233 357 262 si
373 232 445 268 quod
471 240 524 260 non
546 236 604 260 erat
628 239 690 259 esse
703 231 779 260 visus
793 236 846 264 est,
865 239 990 266 qumnam

1051 233 1100 259 Ιεια
1112 231 1162 258 οὐκ
1176 230 1208 257 ἂν
1225 228 1365 257 ἀλλοίωσιν
1381 227 1522 262 ὑπομένοι,
1535 226 1579 253 ἵνα
1592 225 1631 262 μὴ
1641 225 1689 261 τὴν
1700 225 1828 261 ἀλήθειαν

211 279 267 306 inte
291 279 389 306 veritas
415 278 485 305 fuit?
510 277 593 305 Abest
617 277 690 304 enim
706 285 720 303 a
747 277 861 304 veritate
881 277 992 304 menda-

210 324 280 351 cium
292 343 298 354 .
318 331 368 358 pro
381 331 413 351 eo
432 331 463 350 ac
482 323 516 350 de
541 330 570 350 se
592 321 752 357 Unigenitus
776 324 834 357 ipse
853 325 967 349 testatur
983 331 990 348 :

211 367 266 403 Ego
281 377 339 395 tum
357 368 452 395 veritas
474 373 499 394 et
517 369 571 394 vita
585 368 604 393 ³.
629 367 689 394 Vita
711 367 808 394 mortis
822 371 864 394 est
884 374 992 402 expers.

212 412 315 441 Veritas
330 413 506 440 mutationem
523 412 624 440 nullam
639 413 765 445 sustinet,
785 419 818 439 ne
833 411 868 438 ab
882 419 914 438 ea
927 419 991 446 per-

213 458 322 484 turbata
335 457 435 485 veritas
451 465 511 484 esse
530 455 645 484 desinat.
657 455 839 489 Quamobrem
862 455 916 483 ruit.
933 462 992 482 om-

212 503 254 530 nis
274 503 346 530 iilius
368 503 548 538 undequaque
567 502 710 537 tragoedia.
735 501 802 528 Nam
822 508 909 535 neque
933 502 994 535 post

1040 276 1181 312 ταράξασα
1198 275 1296 310 μηκέτι
1320 273 1433 309 ἀλήθεια
1446 272 1568 307 γένηται.
1594 271 1647 297 Καὶ
1661 271 1784 296 διέπεσεν
1796 271 1828 297 ὲκ

1042 321 1143 353 παντὸς
1157 321 1236 355 λόγου
1255 321 1271 355 ή
1291 319 1373 346 αὑτοῦ
1388 317 1588 354 τραγῳδοποιὸς
1605 315 1742 348 ὑπόθεσις.
1759 315 1828 342 Οὔτε

1042 366 1096 402 τὰρ
1114 365 1184 401 μετὰ
1201 366 1251 400 τὴν
1268 364 1416 400 παρουσίαν
1443 363 1477 390 τὰ
1499 363 1585 397 ἄστρα
1602 361 1752 392 κέκτισται,
1768 361 1829 387 οὐδὲ

1042 412 1096 447 πρὸ
1109 411 1155 438 τοῦ
1171 411 1297 446 γενέσθαι
1317 411 1404 446 ἄστρα
1418 409 1556 444 ἄνθρωποι
1569 406 1650 444 ἦσαν.
1669 408 1724 434 Καὶ
1738 407 1829 434 ὲντεῦ-

1043 455 1089 483 θεν
1103 456 1150 483 καὶ
1166 456 1271 482 ἐκεῖθεν
1285 455 1458 491 ὲξελήλεκται
1472 456 1486 481 ὁ
1500 454 1601 486 πλάνος
1616 453 1776 488 Μανιχαῖος,
1791 452 1829 484 ὡς

1047 501 1096 536 ἤδη
1115 510 1159 536 μοι
1173 501 1229 528 ἄνω
1241 501 1397 537 δεδήλωται.

211 549 356 576 adventum
381 548 488 575 Domini
510 547 642 575 fabricata
660 552 724 575 sunt
747 547 856 578 sidera,
885 553 935 573 nec
954 546 1078 575 homines
1099 553 1243 582 antequam
1268 547 1314 574 illa
1340 546 1522 574 conderentur
1546 545 1718 574 exstiterunt.
1740 544 1828 572 Adeo-

211 602 263 629 que
280 598 334 620 tam
360 593 422 620 hinc
437 601 518 627 quam
537 593 623 625 illinc,
646 597 675 620 ut
695 596 773 619 antea
793 590 988 623 demonstravi,
1010 590 1174 619 Manichacus
1202 592 1337 626 impostor
1350 591 1494 618 refellitur.

246 640 299 667 Lil.
319 636 385 667 Nam
405 640 477 675 quod
497 639 530 667 de
546 640 608 666 luna
630 638 715 674 ﬁngit,
733 639 793 673 ejus
809 638 901 665 orbem
919 645 995 664 rece-

213 688 265 722 ptis
288 686 431 713 animabus
454 683 569 720 impleriI
585 681 664 712 velim
679 684 744 711 mihi
758 683 843 714 dicas,
860 683 997 718 quomodo

213 732 284 760 idem
299 732 344 759 ille
359 731 433 759 orbis
449 731 552 765 impleri
577 730 674 766 potuit,
691 734 835 765 antequam
854 728 996 756 hominum

213 777 356 811 quisquam
372 775 400 802 in
417 778 488 802 terra
504 773 668 802 moreretur?
681 773 709 801 Si
728 773 836 808 quidem
852 778 913 808 post
927 781 996 801 non-

213 825 310 855 gentos
329 825 356 848 et
373 820 483 855 triginta
501 827 599 851 annos.
614 827 684 854 quos
700 819 823 847 Adamus
839 819 915 851 vixit,
934 826 995 846 cum

215 866 320 900 primus
335 873 367 892 ex
388 865 439 893 hac
454 865 507 891 vita
526 864 664 896 discessit,
681 863 776 892 ﬁerine
796 864 886 898 potuit
900 871 952 890 una
969 867 998 890 ut

213 911 309 938 orbem
334 911 425 937 anima
446 909 611 944 compleret?
631 909 747 942 Quinam
765 917 846 944 porro
868 906 998 944 nongenti

215 956 255 983 illi
272 964 304 982 ac
327 956 438 990 triginta
463 955 538 986 anni,
563 954 603 981 vel
627 954 739 981 omnino
760 958 881 989 tempora
903 957 999 980 vocata

216 1005 290 1034 sunt,
310 1002 362 1028 nisi
378 999 534 1036 impleretur
557 1001 777 1035 minuereturque
794 1000 867 1033 luna,
890 1007 922 1027 ac
935 1007 999 1027 con-

220 1047 344 1074 stitutum
362 1047 414 1074 sibi
433 1046 598 1073 curriculum
618 1045 772 1078 conﬁceret,
789 1046 825 1072 ita
843 1050 871 1072 ut
892 1053 946 1072 non
966 1053 1000 1073 ex

217 1092 370 1118 animarum
388 1089 560 1118 multitudine
577 1090 749 1123 redundaret,
774 1091 821 1118 sed
838 1091 937 1118 divina:
956 1099 1000 1119 sa-

218 1137 324 1170 pientia.-
349 1135 478 1163 mandato
498 1143 529 1163 ac
543 1136 701 1171 praescripto
717 1136 873 1172 regeretur?
885 1137 936 1164 Sed
952 1137 1000 1165 ad-

184 1174 186 1177 ,
218 1182 258 1208 dit
280 1181 405 1208 universa
432 1181 477 1207 illa
505 1181 632 1208 animalia
658 1180 752 1208 eadem
782 1181 827 1208 illa
849 1182 938 1208 anima
961 1189 1001 1209 re-

218 1227 296 1261 pleri,
318 1231 345 1254 ut
359 1226 486 1253 nimirum
504 1225 633 1258 hominis,
652 1230 679 1254 ct
701 1225 799 1258 muris.
814 1233 845 1253 ac
860 1227 1000 1255 vermicuii

217 1276 432 1306 cmlcrorumque
451 1270 643 1298 vilissimorum
659 1278 804 1306 corporum
821 1279 899 1307 pares
919 1275 1000 1306 atque

216 1317 335 1352 aequales
350 1316 455 1344 animas
467 1316 625 1344 constituat.

253 1361 306 1390 Sed
327 1362 422 1390 iisdem
438 1363 548 1397 ineptiis
565 1362 700 1389 infuscata
719 1366 781 1389 sunt
801 1366 909 1393 uetera.
928 1362 1001 1389 velut

221 1407 389 1443 principibus
411 1407 494 1443 objici
517 1407 650 1443 virginem
666 1407 736 1434 virili
761 1408 838 1440 alias,
856 1408 923 1435 alias
939 1416 1000 1435 mu-

220 1454 296 1482 liebri
313 1453 412 1481 forma.
427 1453 456 1480 ln
475 1461 529 1488 quo
550 1459 680 1487 tanquam
706 1449 929 1488 ltermaphrodito
950 1453 1000 1481 da:-

219 1508 297 1528 mone
315 1499 493 1535 eonﬁngendo
515 1497 690 1533 cupiditatem
714 1499 771 1533 ipse
788 1507 864 1527 suam
888 1507 920 1526 ac
939 1499 1000 1526 libi-
1014 1515 1035 1545 ο

218 1545 308 1572 dinam
336 1544 471 1580 proponit.
494 1542 586 1579 Pergit
612 1542 728 1575 deinde,
754 1548 780 1571 et
800 1545 926 1579 quoties,
951 1541 998 1578 ait,

220 1590 301 1625 hujus
324 1589 451 1617 iiieccbra
475 1589 588 1624 virginis
604 1589 729 1624 princeps
751 1597 864 1625 magnus
882 1590 998 1626 capitur,

220 1635 305 1663 nubes
322 1642 387 1662 suas
404 1634 557 1670 pratendit,
580 1639 607 1662 et
624 1638 728 1670 pestem
752 1634 883 1668 immittit,
903 1643 936 1663 ac
954 1644 1000 1663 ra-

221 1681 295 1708 dices
310 1679 453 1708 succidere
469 1680 575 1716 incipit,
598 1688 630 1708 ex
645 1688 701 1716 quo
721 1688 795 1709 mors
811 1682 998 1716 consequitur.

218 1725 273 1754 Nec
296 1725 362 1753 illud
387 1724 468 1753 homo
487 1720 614 1761 stupidus
635 1726 774 1762 intelligit,
797 1735 877 1762 quam
896 1728 1000 1763 vitupe-

218 1771 304 1799 rando
320 1771 433 1798 mortem
449 1770 582 1802 nominat;
598 1771 680 1798 vitam
696 1771 788 1806 potius
811 1772 940 1807 appellari
954 1773 1001 1800 de-

218 1816 322 1848 buisse,
346 1815 418 1852 quod
444 1816 502 1850 ejus
528 1815 661 1843 beneﬁcio
681 1824 696 1843 a
722 1818 882 1852 corporibus
905 1818 1001 1846 animae

218 1861 377 1888 liberentur.
399 1859 479 1896 665
495 1859 573 1893 Quod
600 1861 624 1888 si
649 1861 766 1888 animam
789 1870 903 1896 corpore
928 1863 1001 1890 velut

218 1906 343 1933 custodia
363 1907 500 1941 principes
526 1906 627 1934 includi
649 1906 785 1942 putarent,
810 1914 948 1943 nunquam
974 1908 1000 1936 id

223 1957 347 1977 summus
364 1950 408 1977 iiie
431 1950 622 1983 committeret,
646 1956 769 1986 utquam
785 1959 831 1986 per
848 1953 902 1979 vim
918 1952 952 1979 ab
968 1959 1001 1980 eo

219 1994 288 2022 dicis
299 1994 426 2029 occupari
440 1995 569 2027 animant,
580 2002 596 2022 ο
606 2002 715 2023 carcere
728 1996 883 2024 dimitteret.
895 1997 1001 2029 Quanta

219 2043 261 2068 est
276 2040 303 2066 in
319 2039 353 2067 iis
369 2039 514 2075 praestigiis
531 2047 562 2067 ac
582 2040 688 2068 ludicra
714 2041 856 2076 disciplina
877 2044 999 2071 vanitas!

254 2080 322 2112 Llil.
342 2084 445 2112 Cretera
457 2091 510 2111 non
525 2085 630 2113 minore
643 2087 697 2114 risu
711 2087 791 2122 digna
803 2092 882 2118 sunt,
900 2088 947 2116 sed
973 2088 1001 2116 in

218 2131 315 2166 primis
338 2138 407 2166 quos
429 2131 531 2159 eiectos
548 2131 586 2158 illi
611 2136 780 2167 nuncupant.
804 2133 842 2160 Ac
869 2138 932 2161 sunt
955 2134 1000 2161 isti

1082 638 1145 665 NB’.
1161 639 1229 674 Περὶ
1243 638 1270 665 δὲ
1290 638 1339 673 τῆς
1361 637 1575 672 ὑποθέσεως-’τῆς
1589 636 1702 673 σελήνης
1717 636 1829 671 φάσκει.

1048 685 1088 711 ὅτι
1102 685 1134 712 ἐκ
1147 685 1200 711 τῶν
1215 684 1308 720 ψυχῶν
1322 686 1335 711 ό
1349 683 1438 715 δίσκος
1455 683 1636 718 ἐμπίπλαται.
1652 683 1720 718 Πρὶν
1736 683 1763 709 δὲ
1783 683 1830 709 τοῦ

1047 730 1191 757 ἀποθανεῖν
1206 730 1346 765 ἄνθρωπον
1361 730 1406 756 ἐπὶ
1419 729 1467 764 τῆς
1479 728 1540 763 γῆς,
1554 728 1636 754 πόθεν
1648 727 1830 763 ἐνεπίμπλατο

1047 776 1061 802 ὁ
1076 775 1185 807 δίσκος;
1207 774 1283 801 Μετὰ
1304 774 1359 810 γὰρ
1385 772 1572 801 ἐνακοσιοστδν
1598 773 1643 800 καὶ
1670 773 1830 808 τριακοστὸν

1048 819 1107 852 ἔτος
1120 820 1169 855 τῆς
1184 820 1230 846 τοῦ
1250 820 1334 855 Ἀδὰμ
1345 817 1427 854 ζωῆς,
1446 819 1551 854 πρῶτος
1564 817 1706 845 ἀποθανὼν
1721 818 1766 844 ἐπὶ
1781 817 1830 852 τῆς

1012 852 1036 881 Β
1049 867 1110 902 γῆς,
1128 852 1153 901 ἠ.
1163 865 1213 901 μία
1225 852 1321 901 ψυχὴ..
1334 852 1401 897 πῶς.
1410 852 1527 901 ἐπλήρου
1541 864 1586 891 τὸν
1601 865 1692 892 δίσκον
1703 873 1709 896 ;
1723 863 1760 890 Ἣ
1773 863 1830 895 πῶς

1049 911 1083 938 τὰ
1096 911 1238 945 ἐννακόσια
1256 911 1401 947 τριάκοντα
1420 911 1467 946 ἔτη
1487 911 1599 946 ἐκλήθη,
1622 911 1668 938 καὶ
1685 909 1785 945 χρόνοι,
1806 909 1831 936 ει

1051 957 1088 992 μὴ
1111 957 1128 992 ἡ
1147 956 1244 992 σελήνη
1266 956 1426 992 ἐπληροῦτο,
1446 957 1492 984 καὶ
1517 954 1618 991 ἔφθινε,
1641 955 1746 982 καὶτὸν
1761 955 1830 990 αὐτῇ

1048 1001 1213 1036 τεταγμένον
1227 1002 1326 1037 δρόμον
1338 1001 1433 1033 ἐτέλει,
1445 1001 1494 1028 οὐκ
1508 1001 1561 1028 ἀπὸ
1574 1001 1666 1036 ψυχῶν
1680 999 1832 1035 λαμὸάνου-

1051 1055 1084 1073 σα
1097 1046 1146 1082 τὴν
1163 1046 1340 1082 πλημμύραν,
1356 1046 1423 1073 ἀλλὰ.
1439 1046 1493 1073 ἀπὸ
1508 1045 1574 1072 Θεοῦ
1589 1046 1687 1081 ἔχουσα
1701 1045 1732 1071 τδ
1747 1045 1832 1080 πρόσ-

1049 1099 1142 1127 ταγμα
1161 1092 1210 1127 τῆς
1225 1091 1307 1118 αὐτοῦ
1324 1092 1432 1126 σοφίαςς
1450 1092 1542 1118 Πάντα
1563 1091 1592 1117 δὲ
1617 1090 1650 1117 τὰ
1670 1090 1737 1122 ζῶα,
1755 1090 1833 1125 φησι,

1050 1136 1156 1171 γεμίζει
1170 1137 1219 1171 τῆς
1235 1137 1319 1172 αὐτῆς
1328 1137 1427 1172 ψυχῆς,
1442 1137 1486 1164 ἴνα
1501 1136 1617 1172 έξισώσῃ
1628 1136 1714 1171 ψυχὴν
1729 1135 1834 1170 ἀνθρώ-

1050 1190 1112 1213 που,
1134 1182 1179 1208 καὶ
1196 1182 1271 1216 μυὸς,
1289 1182 1336 1208 καὶ
1349 1182 1497 1217 σκώληκος,
1510 1182 1557 1208 καὶ
1568 1181 1622 1208 τῶν
1636 1181 1722 1208 ἄλλων
1735 1181 1833 1215 δυσγε-

1050 1227 1102 1254 νῶν
1113 1228 1146 1262 τῇ
1161 1226 1258 1254 πλάσει
1273 1227 1416 1261 σωμάτων.

1085 1359 1127 1385 Τὰ
1140 1359 1167 1386 δὲ
1183 1358 1249 1386 ἄλλα
1261 1359 1355 1385 λοιπον
1373 1358 1422 1393 τῆς
1438 1358 1579 1393 φλυαρίας,
1601 1358 1637 1389 ὡς
1661 1358 1678 1393 ἡ
1701 1356 1835 1394 παρθένος

1051 1404 1175 1439 φαίνεται
1194 1406 1250 1436 τοῖς
1272 1404 1385 1439 ἄρχουσι
1400 1403 1464 1429 ποτε
1482 1403 1531 1438 μὲν
1551 1404 1591 1434 εἰς
1612 1402 1708 1438 ἀνδρὸς
1730 1403 1835 1438 σχῆμα,

1052 1450 1115 1476 ποτὲ
1127 1450 1155 1476 δὲ
1169 1449 1208 1481 είς
1223 1449 1342 1486 θηλείας.
1361 1448 1437 1484 Τάχα
1450 1448 1495 1475 τὸν
1507 1448 1717 1483 Ἑρμαφρόδιτον
1728 1448 1775 1474 τοῦ
1787 1449 1835 1474 αὐ-

1051 1494 1097 1522 τοῦ
1112 1495 1234 1530 δαίμονος
1253 1494 1437 1529 ίνδαλλόμενος
1452 1493 1486 1520 τὰ
1501 1493 1597 1520 ἑαυτοῦ
1619 1493 1692 1529 πάθη
1713 1494 1833 1528 εἰσηγεῖ-

1051 1548 1095 1566 ται
1105 1540 1154 1575 τῆς
1168 1540 1323 1574 ἐπιθυμίας.
1334 1537 1412 1571 Εἶτα,
1425 1539 1517 1575 φησὶν,
1528 1539 1592 1565 ὅταν
1605 1539 1618 1564 ό
1632 1538 1717 1573 μέγας
1731 1538 1835 1574 συληθῇ

1051 1587 1102 1612 ὑπὸ
1119 1586 1167 1621 τῆς
1183 1585 1332 1620 λεγομένης
1346 1584 1490 1620 παρθένου,
1515 1583 1662 1620 προὸάλλει
1684 1582 1767 1610 αὐτοῦ
1784 1583 1834 1614 τὰς

1050 1631 1173 1666 νεφέλας,
1200 1630 1247 1657 καὶ
1270 1632 1341 1656 ποιεῖ
1355 1629 1457 1665 λοιμὸν,
1471 1630 1518 1655 καὶ
1538 1629 1650 1664 ἄρχεται
1664 1628 1772 1663 τέμνειν
1785 1627 1836 1658 τὰς

1051 1677 1139 1713 ῥίζας,
1160 1676 1207 1703 καὶ
1229 1675 1299 1702 οὕτω
1316 1675 1430 1707 θάνατος
1451 1674 1564 1710 γίνεται.
1585 1675 1640 1701 Καὶ
1659 1674 1708 1700 οὐκ
1728 1671 1799 1699 εἶδεν
1820 1673 1835 1699 ὁ

1050 1721 1199 1758 κτηνώδης,
1219 1721 1259 1747 δτι
1280 1721 1310 1747 ὃν
1332 1721 1431 1756 φάσκει
1451 1720 1565 1747 θάνατον
1584 1719 1714 1754 ψογιζων,
1735 1719 1835 1754 μᾶλλον

1050 1769 1122 1804 ζωὴν
1137 1767 1234 1803 ὤφειλε
1249 1767 1353 1798 καλεῖν,
1371 1766 1414 1792 διὰ
1428 1766 1458 1792 τὸ
1477 1766 1531 1793 ἀπὸ
1549 1766 1681 1801 σωμάτων
1696 1765 1834 1792 ἀπαλλάτ-

1049 1815 1143 1842 τεσθαι
1161 1814 1210 1846 τὰς
1221 1813 1319 1849 ψυχάς.
1332 1813 1363 1839 Εἰ
1373 1813 1402 1840 δὲ
1413 1813 1480 1844 ’ὅλως
1495 1813 1525 1839 τὸ
1537 1810 1606 1839 εἶναι
1622 1813 1651 1839 ὲν
1665 1811 1772 1847 σώματι
1786 1811 1836 1847 τὴν

1050 1860 1137 1896 ψυχὴν
1152 1859 1273 1895 φυλακὴν
1289 1859 1416 1895 ἡγοῦνται
1427 1860 1450 1886 οἱ
1466 1860 1604 1894 ἄρχοντες,
1618 1858 1695 1885 τοῦτο
1707 1858 1836 1885 οὐδέποτε

1050 1898 1195 1932 ὲπιτέλείὁ
1214 1905 1316 1941 ἄρχων,
1341 1905 1384 1931 ἴνα
1409 1904 1552 1940 οῑπαλλάξτπ⁸
1572 1905 1625 1931 ἀπὸ
1647 1904 1837 1940 δεσμωτηρίου

1050 1953 1099 1987 τὴν
1120 1952 1165 1978 ὑπ’
1187 1951 1267 1978 αὑτοῦ
1290 1952 1473 1987 κατεχομένην
1487 1951 1587 1986 ψυχὴν,
1602 1951 1673 1977 κατὰ
1691 1950 1737 1977 τὸν
1752 1950 1838 1977 αὐτοῦ

1051 1997 1137 2031 λόγον.
1154 1997 1209 2024 Καὶ
1229 1997 1298 2033 πόση
1319 2006 1361 2029 τις
1387 1997 1486 2024 ἀτοπία
1503 1998 1531 2024 ὲν
1547 1997 1632 2033 ταύτῃ
1641 1998 1674 2032 τῇ
1687 1996 1836 2033 κυϐευτικῇ

1050 2043 1206 2078 διδασκαλίᾳ
1217 2043 1223 2069 !

1087 2089 1148 2115 Nl".
1166 2089 1206 2116 Τὰ
1221 2089 1250 2115 δὲ
1272 2089 1341 2116 ἄλλα
1358 2088 1457 2124 χλεύης
1480 2088 1598 2124 ἔμπλεα·
1611 2088 1648 2120 ὡς
1664 2089 1688 2115 οῑ
1713 2088 1836 2114 ἐκλεκτοὶ

1051 2135 1140 2162 αὐτῶν
1156 2135 1326 2170 καλούμενοι.
1345 2136 1398 2162 Καὶ
1413 2135 1451 2170 τῷ
1467 2135 1516 2170 μὲν
1531 2136 1588 2162 ὖντι
1605 2135 1768 2170 ὲξελέγησαν
1784 2135 1838 2161 ὑπὸ

218 2177 327 2211 quidem
341 2176 373 2203 ad
385 2175 586 2204 damnationem
604 2185 618 2203 a
635 2177 744 2205 diabolo
762 2178 868 2210 deiecti,
889 2180 999 2214 utquod

1051 2181 1098 2207 τοῦ
1114 2180 1236 2208 διαϐόλου
1251 2182 1290 2213 είς
1304 2181 1469 2216 κατάκριμα,
1483 2182 1556 2213 ὅπως
1568 2181 1697 2217 πληρωθῇ
1713 2180 1744 2207 τὸ
1759 2182 1838 2215 εἰρη-

220 2223 352 2257 scriplum
373 2227 414 2250 est
430 2222 521 2258 reipsa
535 2223 692 2258 perﬁciatur
708 2233 714 2250 :
733 2223 766 2250 Et
785 2225 857 2251 cibus
871 2225 927 2260 ejus
943 2226 1001 2252 ele-

220 2268 311 2302 ctus}.
330 2263 367 2295 illi
384 2269 457 2296 enim
475 2269 548 2296 velut
565 2269 618 2297 fuci
632 2269 743 2305 quidam
763 2271 917 2298 desidentes
933 2272 1000 2298 nihil

220 2314 311 2348 operis
325 2317 464 2347 exercent,
480 2315 528 2342 sed
543 2315 651 2343 curiose
668 2316 855 2351 perquirentes
869 2316 934 2344 nihil
954 2325 1001 2352 pe-

221 2360 293 2386 nitus
318 2359 480 2394 intelligunt.
505 2359 611 2392 Quibus
637 2365 663 2387 et
687 2360 834 2396 Apostolus
860 2362 893 2389 iis
910 2362 1001 2389 verbis

220 2404 359 2431 denuntiat
382 2404 521 2439 (nimirum
540 2405 697 2439 prophetico
710 2406 771 2434 illos
789 2407 878 2434 alliatu
901 2415 1001 2443 cogno-

221 2449 316 2484 verat).
331 2457 385 2476 non
396 2457 428 2476 ex
444 2449 501 2483 Dei,
525 2450 572 2477 sed
587 2451 687 2478 diaboli
706 2452 861 2487 magisterio
879 2452 1001 2487 discipli-

221 2502 308 2529 naque
324 2494 466 2530 progredi,
484 2494 602 2523 furiosos
617 2496 710 2530 utique
728 2496 863 2526 homines.
883 2501 910 2523 et
932 2498 1002 2524 otio-

219 2548 276 2573 sos,
301 2544 382 2575 atque
402 2541 429 2567 in
444 2545 571 2575 suscepta
591 2542 763 2575 improbitate
780 2542 942 2576 pertinaces.
965 2543 1002 2571 De

220 2588 254 2615 iis
279 2587 360 2622 igitur
384 2587 515 2622 loquens:
532 2587 583 2619 Qui
609 2594 661 2614 non
685 2586 800 2620 laborat,
829 2588 927 2623 inquit,
950 2598 1001 2617 non

220 2633 395 2668 ntanducet';
409 2641 463 2668 quo
485 2633 613 2661 inertium
634 2633 749 2660 istorum
771 2633 945 2663 adumbraret
965 2636 1002 2663 in-

219 2680 352 2706 stitutum.
375 2679 509 2707 timet-um
533 2678 744 2706 catechumenos
768 2679 818 2714 ipsi
847 2689 912 2708 suos
937 2682 999 2709 lior-

218 2729 321 2756 tantur,
346 2725 446 2752 victum
473 2729 502 2751 ut
523 2725 575 2752 sibi
598 2725 670 2759 large
695 2726 876 2759 suppeditent.
892 2726 910 2753 li
933 2735 999 2755 vero

220 2771 427 2806 quibuscunqne
437 2777 505 2805 opus
516 2770 615 2797 trahent
628 2771 722 2798 electis
735 2771 792 2798 suis
803 2771 930 2804 oderunt,
945 2780 999 2807 quo

255 2848 263 2863 ¹
274 2846 352 2874 .ioan.
366 2853 421 2879 xiv,
433 2847 459 2872 6.
499 2848 509 2863 ¹
521 2846 621 2874 llahac.
635 2855 654 2880 I,
671 2847 713 2875 16.
753 2848 762 2863 ³
779 2847 799 2874 ιι
815 2847 912 2877 Thess.
928 2856 968 2881 tu,
985 2851 1026 2879 10.

1051 2227 1144 2262 μένον·
1163 2226 1218 2253 Καὶ
1239 2226 1275 2253 τὰ
1294 2226 1437 2260 ,βρώματα
1455 2226 1548 2253 αὐτοῦ
1565 2226 1700 2253 Wand.
1722 2226 1839 2252 Ἐκεῖνοι

1050 2272 1104 2307 γὰρ
1123 2271 1300 2308 καθεζόμενοι
1324 2272 1455 2308 κηφῆνες,
1475 2272 1522 2298 καὶ
1543 2271 1626 2307 μηδὲν
1646 2271 1838 2306 ἐργαζόμενοι,

1050 2318 1117 2345 ἀλλὰ
1141 2317 1392 2354 περιεργαζόμενοι,
1418 2319 1465 2345 καὶ
1488 2318 1555 2353 μηδὲ
1578 2316 1769 2352 γινώσκοντες,
1797 2313 1838 2348 οἷς

1051 2363 1278 2398 ἐπικηρυκεύεται
1292 2364 1306 2390 ὁ
1322 2363 1398 2397 ἅγιος
1419 2363 1586 2397 Ἀπόστολος,
1600 2363 1684 2397 λέγων
1705 2363 1753 2397 (ὡς
1767 2362 1838 2389 κατὰ

1050 2408 1217 2443 προφητείαν
1231 2408 1394 2442 γινώσκων),
1411 2409 1453 2435 ὅτι
1466 2409 1515 2436 οὐκ
1532 2410 1562 2435 ἐκ
1583 2409 1633 2444 τῆς
1649 2408 1694 2435 τοῦ
1715 2408 1784 2435 Θεοῦ
1803 2408 1839 2436 δι·

1050 2454 1196 2485 δασκαλίας
1210 2455 1395 2489 ἐπιφοιτῶσιν,
1419 2455 1486 2482 ἀλλὰ
1502 2455 1533 2481 ἐκ
1553 2454 1600 2481 τοῦ
1617 2454 1738 2481 διαϐόλου
1755 2454 1838 2489 ὲμεε-

1051 2499 1227 2536 6ροντημένοι
1247 2501 1327 2533 τινὲς,
1344 2501 1434 2536 ἀργοὶ,
1453 2501 1498 2527 καὶ
1520 2501 1644 2532 αὐθάδεις
1660 2500 1764 2528 κακῶν.
1784 2501 1839 2527 Φά-

1053 2554 1122 2579 σκει,
1138 2545 1223 2580 λέγων
1236 2555 1242 2561 ·
1267 2546 1293 2572 Ὀ
1314 2546 1356 2581 μὴ
1381 2546 1582 2581 ἐργαζόμενος,
1598 2546 1675 2581 μηδὲ
1695 2546 1835 2573 ἐσθιέτω·

1052 2591 1095 2617 ἵνα
1110 2591 1288 2627 παραχαράξῃ
1300 2591 1349 2626 τὴν
1360 2592 1413 2618 τῶν
1425 2592 1569 2628 παρέργων
1583 2592 1684 2618 τούτων
1698 2591 1836 2619 ὑπόθεσιν.

1053 2637 1285 2672 Παρακελεύονται
1300 2636 1346 2664 οὖν
1361 2639 1418 2670 τοῖς
1441 2637 1529 2664 αὐτῶν
1546 2637 1760 2673 κατηχουμένοις
1774 2636 1836 2672 τρέ-

1052 2693 1112 2719 φειν
1135 2685 1233 2716 αὐτοὺς
1257 2684 1385 2718 δαψιλῶς.
1411 2685 1440 2710 Οἱ
1457 2684 1485 2710 δὲ
1506 2685 1560 2711 πᾶν
1585 2683 1674 2710 ὁτιοῦν
1690 2683 1838 2717 ἀναγκαῖον

1052 2730 1235 2764 προσφέρουσι
1249 2730 1304 2759 τοῖς
1319 2729 1454 2760 ἐκλεκτοῖς
1471 2729 1584 2761 ἑαυτῶν,
1609 2729 1651 2756 ἵνα
1665 2727 1745 2763 δῆθεν
1758 2728 1837 2754 εὐσε-

1052 2774 1100 2810 ϐὴς
1112 2774 1206 2809 ὀφθείη
1220 2774 1327 2809 τρέφων
1342 2774 1390 2805 τὰς
1404 2774 1491 2809 ψυχὰς
1505 2774 1555 2806 τὰς
1576 2773 1784 2808 ὲκλελεγμένας.
1806 2771 1836 2798 Ol
