1939 3036
93 189 143 215 109

408 184 594 214 ADVERSUS
612 183 783 214 HERESES
802 183 866 213 LIB.

941 183 1023 214 ΤΟΜ.
1044 185 1112 213 11,-
1122 184 1256 214 ll/ERES.
1278 184 1369 213 LXVI.

1669 185 1720 214 Hd

92 243 120 270 δὲ
134 242 273 275 λαϐόντες,
295 241 332 273 ὡς
346 241 455 276 .γέλοιόν
478 242 553 268 ἐστιν
569 242 667 274 εἰπεῖν,
685 242 819 278 προφάσει
834 242 880 268 τοῦ

934 242 1039 269 scilicet
1061 243 1087 269 in
1111 242 1214 270 alendis
1234 242 1329 269 electis
1352 242 1406 269 illis
1431 240 1576 268 animabus
1598 241 1718 277 religiosi

92 287 222 319 εὖξασθαι
235 286 304 322 ὑπὲρ
316 286 370 312 τῶν
383 287 558 321 ὲνηνοχὸτων,
568 286 702 322 μᾶλλονδὲ
714 287 806 322 σχεδὸν
817 295 883 313 κατ-

92 333 163 368 άραν
196 332 288 362 αὐτοῖς
304 331 482 364 ἐπιτιθέασιν,
497 332 770 368 ἑπιμαρτυρήσαντες
792 332 884 364 αὐτοῖς

93 378 193 405 κακίαν
208 378 307 412 μᾶλλον
322 377 338 412 ἢ
354 377 536 413 ἀγαθοσύνην.
559 378 695 404 Φάσκουσι
709 378 762 413 γὰρ
781 378 882 409 οὕτως’

91 424 133 450 ὅτι
155 423 227 458 Ἐγὼ
238 423 289 450 οὐκ
303 422 418 458 ἔσπειρα
431 432 472 454 σε,
482 423 532 450 οὐκ
543 423 654 458 ὲθέρισά
668 431 708 456 σε,
723 423 773 450 οὐκ
786 423 881 459 ήλεσα,

91 470 132 500 είς
149 468 276 496 κλίϐανον
288 469 339 495 οὐκ
350 468 457 496 ἔϐαλον.
492 468 570 500 ἄλλος
582 469 692 503 ἤνεγκε,
708 469 754 496 καὶ
771 468 881 502 ἔφαγον·

92 514 212 546 ἀναίτιος
231 515 299 549 ειμι.
326 514 381 540 Καὶ
403 513 502 549 μᾶλλον
519 514 715 550 πονηροποιοὺς
742 513 882 547 ὑπέδειξαν

91 560 157 592 soi»;
168 559 270 586 ἑαυτῶν
286 560 405 594 τροφεῖς.
421 559 475 586 Kal
488 558 543 593 γὰρ
556 559 664 594 ἀληθές.
680 559 755 586 Ἔδει
768 559 822 594 γὰρ
837 560 882 586 τὸν

92 605 261 641 ἀρνούμενον
284 605 329 632 τὺν
348 604 426 636 Θεὸν,
448 604 495 632 τὸν
521 606 671 640 ποιήσαντα
689 605 788 636 πάντα,
815 605 882 640 μηδὲ

93 650 149 677 ἀπὸ
162 651 216 677 τῶν
229 650 277 677 τοῦ
292 649 360 677 Θεοῦ
378 650 525 685 τρέφεσθαι
549 650 610 677 κατ’
627 650 777 685 εἰρωνείαν.
801 650 883 677 Αὐτοὶ

93 697 122 723 δὲ
137 698 167 723 οὐ
181 697 308 732 τέμνουσι
322 695 367 722 τὸν
383 695 488 731 βότρυν,
497 695 565 722 ἀλλὰ
580 695 698 722 ἐσθίουσι
711 695 756 721 τὸν
773 695 881 731 βότρυν,

93 743 138 769 ἵνα
164 741 312 777 ἐλεγχθῶσι
336 740 493 767 παντάπασι
522 740 609 775 μέθην
639 740 740 775 μᾶλλον
763 740 880 775 ἔχοντες,

93 788 166 823 ἥπερ
181 787 309 822 ἀληθείας
324 786 466 821 ἀνάληψιν.
482 787 562 812 Ποῖον
581 786 634 821 γὰρ
648 787 705 813 ἐστι
721 786 752 812 τὸ
765 786 881 812 δεινότε-

93 840 159 867 ρον;
180 832 209 858 '0
228 832 277 866 μὲν
293 831 347 866 γὰρ
365 831 473 866 τρυγῶν
495 830 568 862 am:
584 830 664 866 ἔτεμε
678 831 723 858 τὸν
737 831 853 866 βότρυνο
867 831 882 857 ὁ

91 877 120 903 δὲ
135 877 232 903 ἐσθίων
246 877 289 903 διὰ
310 876 363 902 τῶν
379 877 573 911 μασσητήρων,
588 877 635 902 καὶ
648 876 692 902 διὰ
703 876 751 903 τοῦ
766 875 882 902 καταδα-

932 294 994 314 esse
1008 287 1160 314 videantur.
1173 288 1206 314 At
1216 287 1272 319 isti,
1287 287 1359 322 quod
1371 287 1412 315 vel
1424 286 1499 314 dictu
1510 286 1657 314 ridiculum
1665 293 1718 318 est.

932 333 967 360 iis
986 333 1105 368 acceptis
1127 333 1297 365 muneribus,
1314 333 1448 360 orationis
1470 333 1540 364 loco.
1564 340 1646 368 quam
1668 342 1720 369 pro

933 378 1110 413 largitoribus
1124 379 1269 414 concipere
1284 378 1446 410 debuerant,
1459 378 1655 414 propemodum
1667 379 1718 406 im-

933 423 1117 458 precationem
1133 424 1299 459 rependunt,
1312 423 1457 451 et'illorum
1475 423 1502 451 in
1515 424 1567 451 hoc
1582 422 1717 452 beneﬂcio

933 470 1134 505 improbitatem
1164 470 1255 504 potius
1284 476 1365 505 quam
1391 469 1553 504 probitatem
1579 473 1713 497 versatam

932 521 993 542 esse
1007 514 1199 542 testiﬁcantur.
1218 513 1264 542 Sic
1280 515 1353 542 enim
1369 514 1519 549 loquuntur
1532 523 1539 541 :
1554 513 1612 549 Ego
1625 518 1652 542 te
1665 522 1715 542 ne-

933 567 986 594 que
999 559 1141 592 seminavi,
1157 567 1245 594 neque
1259 560 1372 591 messui,
1389 566 1443 586 non
1462 559 1589 587 molendo
1603 560 1718 587 commi—

934 606 991 637 nui,
1011 612 1065 632 non
1082 605 1109 631 in
1125 605 1263 632 clibanum
1282 605 1401 638 immisi;
1418 605 1489 633 alius
1507 605 1616 638 obtulit,
1632 609 1717 633 etco-

933 650 1022 683 metli;
1037 649 1166 677 immunis
1183 650 1218 677 ab
1236 650 1314 685 culpa
1333 657 1404 678 sum.
1419 649 1458 677 Ita
1471 657 1519 678 eos
1530 650 1616 685 ipsos,
1633 651 1719 686 aqui-

933 695 984 723 bus
1000 695 1121 727 aluntur.
1135 694 1261 722 maleﬁcii
1280 696 1472 723 condemnant.
1484 695 1551 724 Jure
1566 696 1592 723 id
1605 696 1716 731 quidem

932 747 966 768 ac
977 740 1084 767 merito.
1101 739 1168 767 Nam
1181 740 1228 775 qui
1240 739 1335 772 Deum,
1353 748 1368 768 ιι
1381 748 1435 776 quo
1449 741 1542 768 omnia
1559 740 1630 770 facta
1640 745 1716 773 sunt,

932 787 1032 821 eiurat,
1055 786 1183 821 indignus
1200 789 1253 819 est,
1271 786 1318 821 qui
1339 785 1385 814 Dei
1408 786 1488 814 bonis
1504 786 1556 814 hoc
1572 786 1654 814 modo
1669 795 1718 822 per

931 830 1022 864 joeuni
1036 837 1069 857 ac
1087 829 1235 857 ludibrium
1250 830 1348 857 alatur.
1362 829 1495 858 Prteterea
1515 837 1639 858 racemos
1653 838 1718 858 cum

934 879 1077 910 amputare
1104 881 1158 902 non
1180 874 1310 907 audeant,
1333 875 1428 902 iisdem
1448 880 1539 903 tamen
1558 880 1718 908 vescuntur,

93 922 191 958 μάζειν
204 922 318 949 ἕκαστον
334 921 444 954 κόκκον,
459 921 559 957 μᾶλλον
576 921 767 953 πολυπλασίως
781 921 880 948 ὲόασά-

939 924 969 947 ut
982 920 1096 948 omnino
1106 923 1215 947 constet
1229 920 1360 947 ebrietate
1376 927 1408 948 ac
1418 921 1580 949 temulentia
1596 921 1658 949 illos
1671 929 1718 957 po-

95 976 155 994 νισε
181 968 228 994 καὶ
251 967 342 1002 ἔτεμε.
363 967 418 993 Καὶ
453 967 501 1001 οὐχ
521 967 612 1001 ὅμοιος
634 966 725 993 οὐκέτι
747 966 823 992 ἔσται
841 966 880 1001 τῷ

91 1011 219 1046 τέμνοντι
239 1011 311 1044 ἅπαξ
331 1012 345 1037 ὸ
368 1011 576 1046 μασσησάμενος
609 1010 655 1037 καὶ
689 1010 880 1045 καταδαπανή-

93 1058 179 1088 cae"
205 1056 262 1084 ἀλλ’
283 1057 327 1083 ἴνα
352 1056 432 1092 μόνον
453 1055 549 1088 δόξωσι
573 1055 718 1088 δοξοποιείν
744 1056 806 1082 ὅσον
828 1055 879 1091 τῆς

90 1102 221 1137 ἀληθείας
237 1101 292 1136 ἔχει
303 1102 462 1136 τεκμήριον.

933 966 998 999 tius,
1017 973 1099 1000 quam
1119 969 1247 1000 suscepta
1271 965 1385 993 veritate
1406 965 1439 992 ad
1465 966 1491 994 id
1513 966 1626 1002 impelli.
1647 965 1718 1000 Quid

932 1011 1005 1039 enim
1023 1011 1133 1046 gravius
1148 1011 1207 1038 est?
1222 1009 1291 1038 Nam
1313 1011 1359 1046 qui
1376 1011 1535 1043 vindemiat.
1554 1012 1664 1040 botrum
1679 1020 1720 1040 se-

931 1056 987 1084 mel
1009 1058 1151 1090 amputat;
1177 1055 1224 1090 qui
1240 1063 1305 1083 vero
1327 1057 1454 1090 comedit,
1469 1056 1533 1084 dum
1547 1057 1642 1085 acinos
1662 1057 1719 1085 sin-

932 1101 1012 1136 gulos
1029 1100 1134 1128 mandit
1150 1107 1182 1128 ac
1205 1100 1332 1128 dentibus
1362 1101 1533 1134 comminuit,
1557 1103 1643 1130 multo
1660 1103 1719 1130 ani—

91 1155 165 1174 mam
181 1150 289 1182 torquet
310 1146 497 1173 vehementius
515 1152 548 1173 ac
567 1145 697 1173 concidit.
712 1144 767 1174 Nec
785 1145 878 1173 eadem
898 1146 958 1181 ejus
976 1146 1022 1180 qui
1040 1148 1124 1174 semel
1138 1149 1254 1180 resecat,
1275 1153 1308 1173 ac
1324 1147 1370 1181 qui
1388 1147 1527 1175 eommolit
1558 1151 1585 1175 et
1614 1155 1716 1176 consu-

93 1194 155 1224 mit,
176 1200 238 1220 esse
253 1193 325 1219 ratio
341 1192 456 1219 videtur.
493 1192 546 1220 Sed
565 1192 593 1220 id
609 1199 695 1219 unum
715 1196 838 1227 spectare
854 1192 991 1225 videntur,
1018 1198 1047 1219 ut
1084 1192 1156 1226 quod
1190 1191 1312 1219 verizatis
1348 1191 1478 1220 indicium
1502 1197 1640 1229 utcunque
1663 1203 1719 1230 pne

90 1247 123 1269 se
143 1239 196 1267 fert
212 1241 294 1275 εδδ
304 1239 338 1267 ad
354 1240 509 1274 opinionem
527 1246 605 1267 suam
628 1239 827 1267 conciliandam
851 1239 877 1266 in
897 1239 1015 1266 medium
1029 1239 1133 1267 all‘erat.

127 1286 191 1312 NA’.
209 1283 276 1312 Εἶτα
297 1285 377 1312 πάλιν
391 1285 591 1321 ἁθυρογλωττεῑ
612 1286 676 1321 περὶ
691 1285 738 1312 τοῦ
755 1286 882 1321 παραδεί-

91 1340 152 1361 σου.
165 1331 196 1358 ὃν
211 1331 288 1357 καλεῖ
301 1330 413 1366 κόσμον.
432 1332 511 1358 Ἔστι
524 1331 564 1365 δὲ,
579 1332 656 1368 φησι,
671 1332 705 1359 τὰ
719 1332 790 1367 φυτὰ
803 1332 836 1358 τὰ
852 1333 882 1358 ἐν

90 1377 178 1412 αὐτῷ,
193 1377 212 1403 ἃ.
230 1377 293 1411 παρ’
307 1377 373 1411 ἡμῖν
394 1377 533 1409 ἐπαινετὰ,
550 1377 568 1404 ἃ
585 1378 666 1409 αὺτδς
686 1378 819 1412 ἀρνεῖται,
837 1378 882 1404 ἵνα

89 1422 184 1457 δειχθῇ
200 1422 308 1457 ἀληθῶς
334 1422 387 1448 ὑπὸ
408 1422 454 1449 τοῦ
476 1422 565 1457 ὅψεως
578 1423 762 1458 ἡπατημένος.
781 1422 881 1455 Καθὼς

91 1469 203 1502 ἐκείνης
216 1467 382 1503 παρέφθειρε
396 1469 444 1504 τὴν
459 1468 542 1503 ἀκοὴν
559 1469 609 1504 τῆς
623 1469 727 1495 ἀκάκου
740 1468 822 1501 Εὔας,
835 1468 880 1494 οὓ-

88 1522 146 1545 τως
161 1515 175 1540 ό
185 1513 270 1544 δεινὸς
285 1513 345 1547 ὄφις
362 1513 410 1540 καὶ
429 1513 509 1544 αὐτὸς
526 1513 706 1549 παραφθείρει
728 1513 823 1545 ἀκοάς.
838 1513 879 1539 Τὰ

967 1285 1035 1314 LIV.
1057 1285 1157 1313 Eadem
1172 1285 1270 1321 lingua:
1285 1286 1395 1315 licentia
1417 1286 1451 1314 de
1474 1287 1601 1322 paradiso
1620 1288 1717 1323 garrit,

931 1338 1013 1366 queui
1029 1331 1161 1359 mundqu
1178 1332 1308 1366 appellat.
1328 1332 1398 1359 Sunt
1412 1336 1516 1366 autem,
1533 1338 1562 1360 ut
1576 1334 1622 1361 ille
1638 1334 1717 1368 dicit,

930 1377 1055 1412 quzrdam
1071 1377 1099 1404 in
1118 1377 1165 1404 illo
1183 1378 1307 1410 arbores,
1323 1385 1393 1413 quas
1410 1385 1461 1405 nos
1474 1378 1584 1414 quidem
1602 1380 1716 1408 laudan-

930 1423 980 1450 das
999 1423 1180 1454 arbitramur.
1208 1423 1265 1458 ipse
1281 1431 1344 1451 vero
1361 1424 1480 1456 damnat,
1501 1429 1532 1451 ut
1545 1425 1588 1452 vel
1611 1425 1661 1455 hac
1674 1433 1718 1453 ra-

936 1467 1010 1495 tione
1034 1467 1178 1503 deceptum
1202 1476 1231 1496 se
1252 1469 1286 1496 ab
1308 1472 1435 1504 serpente
1451 1468 1629 1498 demonstret.
1650 1469 1718 1498 Nam

931 1513 1159 1547 quemadmodum
1176 1513 1228 1541 iste
1246 1514 1360 1541 nimium
1379 1513 1511 1549 simplicis
1527 1514 1588 1542 Eva:
1604 1516 1719 1544 aunlms

89 1558 158 1594 γὰρ,
175 1558 268 1594 φησὶν,
284 1559 312 1585 ὲν
325 1557 364 1593 τῷ
379 1558 535 1593 παραδείσῳ
548 1558 682 1593 λεγόμενα
700 1559 772 1593 φυτὰ
783 1558 876 1585 ὲπιθυ-

932 1559 1079 1592 perniciem
1088 1559 1237 1586 insinuavit
1248 1567 1255 1586 :
1268 1560 1309 1586 sic
1323 1565 1350 1587 et
1361 1560 1442 1594 hujus
1456 1560 1579 1588 auditum
1591 1561 1662 1589 idem
1674 1562 1719 1589 ille

91 1603 163 1638 μιῶν
178 1604 246 1629 εἰσιν
262 1603 375 1635 ἀπάται,
388 1602 417 1629 αἱ
429 1603 613 1638 διαφθείρουσι
627 1603 672 1630 τὸν
685 1603 815 1638 λογισμὸν
827 1603 882 1630 τῶν

89 1646 254 1682 ἀνθρώπων.
276 1647 312 1673 Τὸ
335 1647 364 1673 δὲ
390 1647 419 1673 ὲν
444 1646 482 1682 ςῷ
501 1647 659 1682 παραδείσῳ
678 1647 773 1681 φυτὸν,
795 1647 826 1680 ἐξ
842 1644 882 1675 ὧν

89 1693 254 1728 γνωρίζουσι
268 1693 297 1719 τὸ
308 1693 399 1724 καλὸν,
413 1693 494 1725 αὐτός
509 1694 582 1720 ἐστιν
594 1695 609 1720 ὁ
628 1694 741 1729 Ἰησοῦς,
752 1695 769 1729 ἡ
783 1693 882 1728 γνῶσις

90 1739 109 1771 ἡ
125 1740 155 1765 ὲν
167 1738 207 1773 τῷ
223 1738 327 1774 κόσμῳ.
350 1739 379 1765 '0
393 1738 421 1766 δὲ
440 1739 587 1775 λαμϐάνων
607 1739 740 1774 διακρίνει
755 1739 786 1765 τὸ
801 1739 881 1766 καλὸν

90 1785 139 1812 καὶ
154 1784 185 1810 τὸ
199 1785 292 1811 κακόν.
307 1785 360 1810 Καὶ
374 1785 440 1820 ὁρᾷς
455 1785 514 1817 πῶς
527 1784 617 1811 πάντα
628 1785 661 1811 τὰ
676 1784 744 1820 ὀρθὰ
757 1785 881 1821 διαστρέ-

89 1837 157 1864 φει,
175 1829 223 1855 τοῦ
245 1829 405 1855 Ἀποστόλου
428 1829 576 1865 διαρρήδην
598 1830 713 1865 βοῶντος
734 1831 780 1857 καὶ
807 1830 880 1857 διδά-

91 1880 216 1904 σκοντος,
238 1873 278 1899 ὅτι
299 1873 447 1908 Φοϐοῦμαι
459 1873 576 1909 μήπως,
597 1875 637 1907 ὼς
652 1876 668 1902 ὀ
683 1875 750 1909 ὄφις
767 1874 880 1909 ἐξηπά-

87 1926 188 1952 τησεν
206 1919 289 1946 Εὕαν
308 1919 343 1946 ἐν
365 1919 404 1953 τῇ
426 1920 604 1954 πανουργίᾳ,
629 1919 705 1946 οὕτω
728 1919 826 1954 φθαρῇ
845 1920 882 1948 τὰ

89 1964 227 1998 νοήματα
239 1965 323 1999 ὑμῶν
336 1964 395 1991 ἀπὸ
410 1964 464 1999 τῆς
475 1965 638 2000 ἀγνότητος
656 1966 706 1992 καὶ
720 1965 774 2000 τῆς
787 1966 881 1993 ἁπλό-

90 2017 194 2042 τητος,
209 2008 263 2042 τῆς
277 2010 320 2042 είς
334 2009 387 2036 τὸν
404 2010 541 2043 Χριστόν.
559 2010 614 2036 Kal
627 2011 677 2045 ὅρα
697 2010 756 2042 πῶς
771 2011 879 2045 ἀπεφή-

89 2062 157 2080 νατο
179 2053 259 2080 αὐτὸν
279 2054 378 2081 πλάνον
402 2055 448 2082 καὶ
466 2054 630 2090 πανοῦργον,
656 2056 703 2082 καὶ
720 2057 880 2091 ἠπατηκότα

88 2099 141 2133 τὴν
152 2098 234 2125 Εὕαν.
250 2099 305 2125 Kal
321 2100 401 2126 πάλιν
415 2101 444 2126 ὲν
458 2100 530 2135 ἄλλῳ
546 2101 621 2135 τόπῳ
635 2102 649 2127 ὁ
661 2101 741 2132 αὐτὸς
755 2101 880 2128 Ἀπόσιτο-

89 2144 152 2175 λος⁸
178 2144 262 2178 Ἀνὴρ
288 2145 344 2171 οὐκ
365 2145 479 2180 ὀφείλει
498 2146 605 2180 κομᾶν,
623 2145 697 2179 δόξα
719 2146 767 2173 καί
792 2147 880 2173 εἰκὼν

90 2188 168 2216 Θεοῦ
183 2189 334 2224 ὑπάρχων.
351 2191 406 2216 Kal
425 2191 502 2226 ὁρᾷς,
524 2191 562 2223 ὡς
577 2191 654 2223 δόξαν
674 2191 741 2217 Θεοῦ
763 2191 814 2227 ἔφη
829 2193 879 2228 τὴν

931 1610 1044 1638 serpens
1055 1603 1194 1630 horribilis
1209 1603 1332 1638 corrupit
1342 1604 1361 1630 ¹.
1375 1603 1429 1631 Illae
1439 1604 1532 1640 igitur,
1550 1605 1646 1640 inquit,
1657 1614 1719 1641 quat

931 1647 958 1673 in
970 1647 1098 1681 paradiso
1113 1655 1175 1675 esse
1184 1647 1324 1679 dicuntur,
1338 1647 1463 1682 arbores,
1483 1649 1641 1684 cupiditatis
1658 1650 1719 1678 ille-

931 1689 1019 1716 cebra:
1037 1693 1112 1721 sunt,
1128 1690 1228 1724 quibus
1249 1690 1390 1717 hominum
1409 1691 1491 1718 animi
1509 1691 1651 1726 depravari
1670 1701 1717 1722 so-

931 1730 996 1757 lent.
1018 1729 1105 1757 Porro
1129 1731 1231 1765 lignum
1244 1731 1310 1767 illud
1333 1738 1388 1765 quo
1413 1731 1515 1759 bonum
1537 1733 1718 1767 dignoscitur.

931 1774 1045 1810 ipsemet
1056 1774 1136 1802 Iesus
1155 1779 1207 1806 est.
1220 1775 1278 1802 sive
1294 1775 1420 1808 scientia,
1433 1784 1494 1812 quae
1510 1777 1538 1804 in
1550 1777 1602 1804 hoc
1616 1779 1718 1806 mundo

930 1819 1034 1847 residet
1048 1829 1054 1847 :
1070 1827 1153 1855 quam
1165 1820 1213 1855 qui
1224 1820 1323 1855 accipit
1340 1820 1440 1848 bonum
1459 1828 1475 1848 a
1492 1823 1563 1850 malo
1575 1822 1717 1852 discernit.

937 1864 1021 1893 Vides
1032 1869 1061 1893 ut
1074 1865 1126 1893 iste
1141 1865 1272 1901 quidquid
1292 1870 1396 1899 rcqtum
1415 1870 1458 1895 est
1469 1867 1640 1904 distorquere
1659 1874 1719 1898 stu-

931 1909 1006 1943 deat,
1025 1918 1088 1938 cum
1108 1911 1256 1946 Apostolus
1277 1911 1379 1939 diserte
1398 1911 1497 1940 clamet
1520 1920 1552 1941 ac
1567 1914 1717 1949 praedicet:

932 1955 1019 1982 Timeo
1031 1964 1062 1982 ne
1076 1956 1144 1982 sicut
1159 1964 1262 1991 serpens
1277 1957 1376 1991 decepit
1393 1957 1475 1985 Evam
1494 1960 1595 1992 astutia
1605 1968 1665 1994 sua,
1679 1961 1719 1989 ita

930 2007 1134 2036 corrumpantur
1148 2003 1320 2037 cogitationes
1330 2009 1423 2031 vestra:
1442 2013 1459 2032 a
1472 2006 1597 2033 castitate
1613 2011 1638 2034 et
1653 2008 1717 2034 sim-

929 2049 1047 2082 plicitate
1061 2049 1086 2075 in
1104 2048 1239 2076 Christum
1251 2050 1272 2077 ³.
1292 2049 1340 2078 Ubi
1353 2050 1421 2078 illud
1438 2051 1634 2080 animadvertis
1648 2061 1718 2088 quo-

930 2095 1011 2121 modo
1021 2095 1196 2129 inipostorem
1210 2095 1286 2122 illum
1299 2103 1332 2123 ac
1345 2095 1451 2123 vafrum
1463 2103 1524 2125 esse
1535 2097 1618 2130 dicat,
1632 2105 1647 2125 a
1663 2106 1719 2133 quo

929 2138 985 2165 Eva
1002 2139 1115 2174 decepta
1132 2140 1176 2167 sit.
1192 2139 1244 2167 Sed
1255 2140 1312 2168 alio
1326 2141 1387 2168 loco
1399 2141 1470 2170 idem
1482 2142 1640 2177 Apostolus,
1660 2143 1718 2176 Vir,

930 2183 1028 2218 inquit,
1047 2192 1150 2210 comam
1174 2184 1245 2212 alere
1266 2193 1319 2212 non
1343 2185 1427 2219 debet,
1451 2194 1512 2212 cum
1527 2186 1562 2213 sit
1581 2186 1670 2221 gloria
1691 2193 1717 2215 et

89 2234 181 2269 κόμην
193 2235 239 2261 ἐπὶ
253 2234 376 2270 σώματος
388 2236 552 2271 φερομένην,
567 2237 613 2263 καὶ
626 2237 675 2263 οὐκ
688 2237 716 2263 ὲν
728 2237 799 2272 ψυχῇ
813 2246 820 2252 ·
831 2238 879 2264 καὶ

930 2229 1016 2264 imago
1033 2229 1081 2256 Dei
1093 2230 1113 2257 ⁸.
1130 2230 1235 2263 Quibus
1249 2231 1341 2258 verbis
1356 2231 1432 2258 vides
1458 2235 1488 2258 ut
1507 2238 1612 2259 comam
1630 2232 1716 2265 illam,

91 2280 166 2315 μετὰ
183 2279 270 2306 ταῦτά
290 2289 388 2315 φησιν·
419 2281 505 2315 Ἀδὰμ
525 2282 580 2308 οὐκ
602 2282 792 2316 ἐξηπατήθηι
809 2283 879 2310 ἀλλ’

89 2325 111 2359 ἠ
128 2325 205 2359 γυνὴ
224 2326 258 2352 ἐν
271 2326 436 2359 παραϐάσει
449 2327 591 2361 γενομένη
607 2327 768 2362 ἡμάρτηκε.
783 2328 879 2362 soan-

89 2378 178 2396 σεται
194 2370 227 2395 δὲ
240 2370 289 2397 διὰ
316 2370 370 2404 τῆς
392 2371 594 2406 τεκνογονίας,
619 2371 673 2398 ἐὰν
700 2372 880 2407 ἐμμείνωσιν

89 2414 127 2440 ἐν
142 2413 179 2447 τῇ
198 2414 307 2440 πίστει.
323 2415 377 2441 Kal
390 2416 440 2450 ὅρα
455 2415 512 2447 πῶς
526 2415 604 2449 φύσει
619 2415 653 2442 τὰ
669 2416 782 2451 ἀληθινὰ
799 2418 880 2453 κεκή-

90 2467 192 2494 ρυκται
206 2459 234 2485 ἐν
248 2461 280 2494 τῇ
303 2459 362 2494 θείᾳ.
377 2460 482 2495 Γραφῇ,
498 2461 554 2487 Καὶ
571 2461 659 2496 μάτην
674 2460 759 2492 οὕτως
776 2470 879 2497 κομπο-

90 2506 174 2536 ποιεῖ,
191 2504 289 2539 μᾶλλον
305 2504 332 2531 δὲ
345 2505 442 2540 χλεύην
457 2505 600 2539 ὑφίσταται
615 2505 690 2540 παρὰ
701 2507 756 2537 τοῖς
769 2506 817 2541 τὴν
834 2514 878 2532 τε-

90 2550 168 2575 λείαν
185 2550 314 2585 φρόνησιν
344 2551 533 2585 κεκτημένοις.
547 2549 613 2577 Εἶτα
624 2550 704 2578 πάλιν
717 2551 832 2578 ἐνταῦθα
842 2553 880 2578 δι-

90 2597 201 2630 ηγεῖται
220 2595 256 2630 μὴ
277 2593 347 2622 εἶναι
367 2595 410 2622 τὸν
436 2596 536 2630 κόσμον
561 2595 608 2621 τοῦ
624 2596 702 2628 Θεοῦ,
723 2596 809 2632 ἀλλ’ἢ
827 2597 881 2624 ἀπὸ

91 2640 196 2675 μέρους
217 2640 266 2674 τῆς
291 2639 355 2676 ὕλης
379 2640 542 2667 πεπλάσθαι.
565 2641 608 2666 Ἐν
631 2641 669 2676 τῷ
690 2641 719 2667 δὲ
740 2641 776 2677 μὴ
790 2642 879 2676 ἑαυτῷ

90 2686 222 2720 στοιχεῖν,
239 2685 306 2711 ἀλλὰ
322 2686 390 2712 κατὰ
407 2686 461 2713 τῶν
478 2686 566 2713 αὐτῶν
585 2685 713 2721 φέρεσθαι.
727 2686 877 2718 ἀνασκευὰς

90 2730 141 2757 καὶ
167 2731 338 2762 κατασκευὰς
365 2731 604 2766 ὲπιπλαττόμενος,
624 2731 704 2758 παντί
729 2740 769 2766 τῳ
795 2732 878 2766 σαφές

91 2776 152 2802 ἐστι
180 2776 324 2811 ληροῦντος
340 2775 408 2803 εἶναι
425 2777 455 2804 τὺ
468 2777 571 2804 τοιοῦτο
585 2777 720 2813 φρόνημα.

130 2873 140 2889 ¹
155 2872 254 2902 Decsse
268 2875 393 2902 nonnihil
405 2874 521 2902 videtur.
561 2875 570 2890 '
589 2874 656 2901 Gen.
669 2881 699 2905 ιι,
714 2873 726 2899 1
744 2882 803 2909 sqq.

932 2281 992 2308 qua:
1006 2273 1033 2301 in
1045 2282 1170 2309 corpore,
1188 2282 1242 2302 non
1258 2275 1285 2302 in
1304 2275 1394 2302 anima
1407 2276 1521 2311 geritur,
1538 2276 1584 2304 Dei
1600 2277 1717 2312 gloriam

932 2319 1057 2354 appellet.
1082 2319 1184 2347 Deinde
1205 2320 1317 2355 subiicit
1330 2329 1337 2346 :
1351 2320 1438 2348 Adam
1453 2329 1505 2348 non
1524 2326 1563 2349 est
1582 2321 1715 2356 deceptus,

932 2365 976 2391 sed
990 2365 1084 2391 mulier
1098 2365 1125 2392 in
1137 2366 1344 2400 transgressione
1356 2365 1429 2400 facta
1443 2367 1568 2400 peccavit.
1592 2366 1716 2394 Saluabi-

933 2414 975 2436 tur
992 2415 1077 2436 aulem
1093 2418 1138 2443 per
1155 2410 1297 2438 liberorum
1313 2412 1531 2445 procreationem,
1550 2413 1574 2439 si
1593 2420 1718 2446 perman-

932 2456 1012 2481 scrint
1034 2455 1059 2481 in
1082 2455 1133 2489 ﬁde
1145 2457 1165 2482 '.
1182 2455 1249 2483 Vide
1267 2464 1349 2491 quam
1369 2457 1537 2491 aptcsaCris
1565 2458 1592 2485 in
1608 2458 1717 2486 Litteris

932 2505 996 2528 vera
1017 2508 1048 2527 ac
1068 2501 1173 2528 sincera
1197 2510 1309 2537 quaeque
1335 2503 1526 2538 praedicantur,
1548 2503 1594 2531 ille
1618 2507 1716 2531 contra

933 2546 1035 2573 frustra
1061 2554 1122 2574 sese
1144 2547 1274 2579 venditct,
1291 2548 1334 2576 vel
1348 2548 1439 2583 potius
1459 2549 1578 2577 ludibrio
1593 2549 1628 2577 sit
1643 2550 1716 2585 apud

932 2599 991 2620 eos.
1003 2591 1049 2625 qui
1073 2591 1192 2626 perfecta
1211 2593 1343 2627 sapientia
1357 2593 1461 2628 praediti
1482 2599 1555 2622 sunt.
1571 2594 1653 2621 Addit
1668 2602 1715 2622 eo-

932 2637 992 2664 dcm
1012 2637 1082 2669 loco,
1098 2638 1228 2666 mundum
1238 2639 1349 2666 minime
1363 2640 1396 2667 ad
1411 2639 1493 2667 Deum
1507 2640 1651 2675 pertinere.
1667 2639 1715 2667 sed

930 2689 945 2708 a
958 2682 1076 2709 materia:
1090 2684 1211 2718 partibus
1222 2692 1282 2712 esse
1294 2684 1466 2712 fabricatum.
1481 2684 1581 2712 Verum
1592 2685 1644 2712 hoc
1654 2684 1715 2719 ipso

931 2727 1002 2762 quod
1023 2735 1115 2755 secum
1137 2730 1250 2758 minime
1274 2731 1441 2764 consentiat,
1465 2730 1512 2758 sed
1532 2737 1565 2759 ea
1586 2730 1645 2765 ipsa
1666 2730 1715 2757 do-

932 2777 1032 2809 gmata,
1045 2780 1105 2808 qum
1120 2775 1262 2807 conﬁnxit,
1277 2779 1383 2803 evertat
1398 2783 1430 2803 ac
1456 2775 1588 2808 stabiliat,
1603 2781 1715 2811 apparet

934 2819 991 2845 haec
1009 2826 1024 2845 ει
1034 2818 1178 2848 delirantis
1193 2821 1304 2857 ingenio
1312 2829 1375 2849 esse
1387 2821 1520 2856 proiecta.

842 2876 852 2890 ³
864 2875 884 2902 ll
900 2875 964 2904 Cor.
975 2884 1014 2910 ιι,
1029 2877 1055 2904 '5.
1095 2878 1106 2894 ⁸
1117 2877 1126 2904 l
1138 2877 1201 2905 Cor.
1216 2886 1254 2910 xu,
1273 2877 1315 2904 Η.
1352 2878 1363 2894 ⁸
1375 2877 1384 2904 I
1396 2876 1466 2904 Tim.
1479 2885 1509 2910 ll,
1524 2877 1567 2909 Η,
1582 2876 1627 2905 l5.
