1939 3036
910 175 938 202 S.
958 172 1130 201 EPif‘llANll

1783 171 1838 200 H2

231 241 287 271 LV.
309 241 442 269 Praeterea
455 239 607 266 animarum
622 244 654 263 ex
674 235 735 263 aliis
750 235 777 262 in
797 233 849 261 alia
869 240 984 268 corpora

1072 230 1135 257 NE’.
1150 229 1362 264 Μεταγγιπμοὺς
1377 227 1405 254 δὲ
1416 226 1509 262 ψυχῶν
1521 226 1655 261 δεηγεῖται
1672 226 1726 254 ἀπὸ
1738 228 1835 263 σωμά-

196 289 331 320 transitus
355 286 493 315 edisserit.
521 282 600 317 Quod
622 281 795 309 mendacium
819 288 834 307 a
862 278 986 310 Platone,

198 338 240 365 rel
264 336 374 363 Zenone
397 333 500 362 Stoico.
524 330 568 358 vel
582 328 712 365 quopiam
737 327 791 354 alio
811 334 844 354 ex
860 325 987 352 fanaticis

198 383 253 410 illis
279 386 444 415 corrogasse
465 377 582 404 videtur.
609 374 717 404 Etenim
741 372 787 409 qui
808 372 864 399 fieri
887 374 987 406 potest,

198 434 255 456 uta
270 434 388 462 corpore
398 425 425 452 in
439 431 539 459 corpus
558 422 649 449 anima
663 419 866 448 transferatur?
877 417 946 445 Nam
964 416 988 444 si

199 481 317 510 corpora
336 471 497 508 jamdudum
516 469 632 496 formata
657 471 686 494 et
711 469 807 502 parata
830 464 931 496 forent,
960 468 989 491 ut

200 523 306 549 animas
320 519 489 554 exciperent,
505 514 631 543 nonnihil
644 513 755 541 scenica
768 513 820 540 ista
837 511 926 538 fabula
943 518 991 538 ve—

199 567 315 595 risimile
327 564 408 600 667
423 564 599 598 proponeret.
614 559 692 587 Nunc
709 566 771 586 cum
795 557 822 585 id
838 557 912 592 quod
927 565 992 592 pro-

200 612 353 642 seminatur
372 610 469 644 exigua
493 606 611 642 quadam
633 613 648 632 e
669 604 742 631 stilla
766 603 812 633 sit.
833 610 888 629 non
910 601 991 629 video

199 656 432 696 quemadmodum
455 654 562 682 tantillo
583 654 611 680 in
630 658 745 686 corpore
761 652 864 676 tantam
881 647 991 675 uberta-

201 694 256 734 tem
271 711 304 731 ac
320 703 427 736 copiam
446 699 537 727 anima
553 697 686 733 reperiat;
703 696 744 723 sic
762 695 834 722 enim
853 694 993 728 tinguntur

201 760 235 781 ea
250 751 342 779 omnia
360 753 532 784 quaacunque
545 744 656 772 tandem
677 742 825 778 tinguntur.
845 740 884 767 Ita
900 739 992 766 nullus

203 799 283 828 istius
300 795 449 824 narrationi
470 794 547 820 locus
563 794 621 824 est;
640 797 689 817 nec
710 788 745 816 ab
767 795 821 814 uno
838 793 954 821 corpore
965 785 992 812 in

203 844 278 873 aliud
293 842 390 870 animae
403 838 645 867 transfunduntur.
661 833 801 870 Siquidem
813 833 917 867 absque
930 839 992 859 mu-

204 895 251 917 tua
274 887 360 915 maris
384 894 417 913 ac
438 884 546 912 femina:
572 879 767 915 conjunctione
792 878 861 905 nihil
881 877 909 904 in
927 875 995 904 'ullo

1037 285 1092 304 των
1111 276 1151 308 είς
1166 275 1292 310 σώματα,
1311 274 1390 302 ἅτινα
1413 274 1484 309 τάχα
1505 273 1521 308 ἢ
1540 271 1616 307 παρὰ
1637 272 1792 305 Πλάτωνος,
1817 273 1835 308 ἢ

1038 319 1160 355 Ζήνωνος
1175 318 1224 346 τοῦ
1238 319 1369 351 Στωϊκοῦ,
1384 318 1401 354 ἦ
1413 318 1490 353 παρά
1500 316 1633 349 τινοςτιῖΝ
1642 318 1838 353 πεφαντασμὲ-

1038 374 1092 392 νων
1108 366 1304 401 ὲρανισάμενος
1319 366 1394 392 τουτὶ
1406 365 1438 391 τὸ
1453 365 1564 400 ψεῦσμα
1580 364 1748 400 εὑρίσκεται.
1771 363 1838 395 Πῶς

1039 412 1094 448 γὰρ
1113 410 1169 440 οἷόν
1191 413 1265 438 ἐστιν
1282 411 1338 438 άπὸ
1362 410 1487 446 σώματος
1506 411 1546 442 είς
1558 410 1637 445 σῶμα
1651 408 1839 445 εἰσκρίνεσθαι

1039 459 1088 494 τὴν
1110 458 1213 493 ψυχήν;
1233 458 1264 484 Ei
1295 457 1345 492 μὲν
1367 457 1422 493 γὰρ
1449 456 1565 492 σώματα
1588 456 1769 491 πεπλασμένα
1789 454 1840 481 καὶ

1040 505 1137 540 ἕτοιμα
1157 502 1202 540 ἦν,
1219 503 1267 530 καὶ
1287 503 1358 530 οὕτω
1382 503 1431 535 τὰς
1449 502 1539 538 ψυχὰς
1564 502 1720 537 ὑπεδέχετο,
1735 500 1839 536 πιθανή

1040 560 1082 583 τις
1095 548 1129 586 ἦν
1140 551 1157 585 ή
1176 550 1226 585 τῆς
1245 549 1400 586 τραγῳδίας
1420 548 1576 584 μυθοποιία·
1592 549 1616 575 εί
1632 548 1661 574 δὲ
1678 547 1710 575 τὸ
1724 546 1840 583 σπειρό-

1043 597 1124 632 μενόν
1142 597 1216 623 ὲστιν
1233 597 1266 622 ὲκ
1288 596 1417 630 σταγόνος
1443 595 1584 631 βραχείας,
1610 594 1669 626 πῶς
1684 593 1786 630 ἡψυχὴ
1809 595 1841 620 ὲν

1041 642 1081 678 τῷ
1104 643 1226 677 τοσούτῳ
1244 641 1335 677 μικρῷ
1360 642 1466 677 σώματι
1489 637 1553 677 εὗρε
1570 640 1699 676 τοιαύτην
1712 639 1840 676 εὖροιανς

1042 688 1121 715 Οὕτω
1136 688 1189 724 γὰρ
1205 688 1240 714 τὰ
1254 687 1433 722 πλασσόμενα
1445 687 1605 714 πλάσσεται·
1624 687 1673 714 καὶ
1681 687 1776 714 οὐκέτι
1790 694 1842 712 συ-

1043 735 1207 771 σταθήσεται
1220 735 1303 762 αὑτοῦ
1316 735 1330 761 ὁ
1342 734 1431 768 λόγος.
1448 734 1516 761 Οὔτε
1527 733 1584 770 γὰρ
1593 734 1649 761 ἀπὸ
1660 733 1786 768 σώματος
1800 732 1844 763 είς

1044 781 1124 817 σῶμα
1140 779 1349 816 μεταγγίζονται
1363 780 1392 807 ai
1407 779 1502 815 ψυχαί.
1520 779 1588 815 Δίχα
1605 779 1659 815 γὰρ
1675 778 1775 814 μίξεως
1790 777 1844 811 θη·-

1043 826 1118 858 λεῑας
1133 826 1200 862 πρὸς
1215 826 1329 862 άῤῥενα,
1341 825 1389 852 καὶ
1408 825 1524 861 άρρενος
1535 825 1603 861 πρὸς
1616 825 1725 860 θήλειαν
1736 825 1765 851 ἐν
1777 823 1845 850 ἑκά-

1044 881 1100 907 στῳ
1113 872 1167 898 τῶν
1192 871 1279 905 ζώων,
1296 871 1373 898 οὐδέν
1394 880 1422 898 τι
1437 870 1492 898 τῶν
1514 870 1708 906 πλασσομένων
1723 869 1844 905 γίνεται.

205 934 364 963 anlmalium
387 938 486 968 genere
519 927 714 965 propagatione
743 925 887 952 formatur.
923 923 993 950 Num

1052 916 1118 954 Ἂρα
1132 917 1197 952 γοῦν
1221 917 1307 949 οὕτως
1323 917 1441 953 ἔστηκεν
1457 918 1473 953 ὴ
1497 916 1581 953 ψυχὴ,
1602 917 1647 944 ἵνα
1660 918 1693 952 τῇ
1709 915 1847 951 συναφεῖᾳ

205 983 289 1019 igitur
304 980 345 1008 sic
359 977 488 1007 cnnsistit
503 976 605 1007 anima,
618 977 648 1001 ut
661 972 804 1000 amborum
819 969 995 1006 copulatione

206 1015 353 1062 corporum
365 1022 539 1051 circulatoris
551 1022 630 1049 istius
638 1019 757 1046 fabulam
769 1016 910 1044 absolvat?
924 1015 996 1042 Sane

206 1061 304 1102 miram
323 1072 430 1099 illorum
445 1068 621 1097 stoliditatem
639 1068 747 1101 oportet
766 1071 837 1095 esse,
854 1062 901 1097 qui
919 1061 996 1096 ejus-

208 1119 281 1147 modi
295 1118 338 1145 vel
351 1114 498 1152 cogitando
516 1113 569 1141 sibi
586 1112 723 1139 ﬁnxerint.
746 1109 831 1137 Nobis
844 1113 947 1140 autem,
963 1115 997 1135 ne

207 1172 269 1200 qua:
283 1167 398 1198 augusta
418 1167 450 1188 ac
464 1159 592 1194 religiosa
608 1161 682 1188 sunt,
699 1159 910 1185 commutemus,
927 1153 996 1182 satis

207 1199 270 1238 esse
287 1209 375 1235 risu-In
389 1209 432 1234 est
454 1205 553 1233 velute
575 1203 725 1238 longinquo
746 1200 901 1237 argumenti
916 1199 998 1234 hujus

209 1253 372 1280 informasse
399 1249 528 1285 speciem.
552 1246 687 1280 Quocirca
716 1245 898 1280 perniciosam
926 1243 998 1270 hanc

209 1304 290 1334 atque
313 1296 479 1325 exitiabilem
505 1294 661 1329 opinionem
689 1291 904 1326 pnetermittam.
930 1289 998 1316 Nam

210 1341 378 1380 perabsurda
393 1345 456 1369 sunt
471 1339 606 1374 ejusmodi
626 1337 719 1366 omnia
738 1337 874 1372 dogmata.
893 1335 998 1363 Etenim

210 1392 234 1419 si
248 1389 412 1425 corporibus
426 1393 542 1422 corpora
569 1389 677 1412 mutent
697 1384 804 1416 animae,
820 1388 849 1410 ut
868 1383 916 1418 qui
933 1381 998 1409 olim

211 1439 293 1466 homo
303 1436 385 1463 fuerit
398 1438 491 1470 postea
501 1433 578 1461 canis
585 1431 711 1463 exsistat,
719 1438 770 1458 cur
778 1436 833 1457 non
844 1437 878 1457 ex
891 1428 1000 1455 homine

211 1483 253 1511 vel
266 1483 336 1510 bove
347 1481 424 1509 canis
439 1478 579 1507 nascitur?
593 1481 641 1504 aut
655 1484 705 1504 cur
715 1483 770 1503 non
785 1474 844 1502 avis
861 1472 1000 1509 progigni-

211 1530 274 1557 tnr?
299 1528 355 1555 lmo
378 1530 485 1558 contra,
504 1525 527 1553 si
543 1524 617 1560 quod
641 1523 740 1550 infiniti
763 1521 895 1556 temporis
912 1519 1000 1555 spatio

211 1576 366 1600 monstrum
383 1570 465 1604 hujus
482 1569 592 1605 generis
614 1568 729 1598 oriatur.
751 1566 869 1601 portenti
885 1565 1001 1591 habetur

213 1619 311 1646 instar.
329 1616 368 1643 Ac
385 1618 481 1642 natura
502 1613 611 1649 quidem
630 1612 689 1648 ipsa
707 1613 764 1639 suis
779 1619 808 1638 se
823 1610 921 1637 finibus
935 1616 1002 1636 con-

215 1663 293 1694 tinet,
309 1667 397 1695 neque
409 1662 456 1685 aut
478 1657 608 1687 hominis,
628 1660 675 1683 aut
697 1655 810 1691 pecudis
827 1654 909 1681 ullius
924 1657 1004 1680 natu-

216 1717 285 1742 ram,
306 1711 402 1735 contra
418 1712 498 1741 quam
516 1703 634 1740 postulet
653 1702 722 1738 ipsa,
739 1705 899 1731 commutat.
915 1699 961 1728 sed
976 1699 1003 1726 in

215 1758 380 1788 unaquaque
396 1749 486 1785 specie
496 1748 591 1776 eadem
605 1750 736 1782 perpetuo
753 1745 870 1780 qualitas
890 1752 921 1771 ac
936 1751 1004 1770 con-

214 1798 281 1824 ditio
295 1799 427 1823 remanet.
442 1792 502 1820 1am
514 1799 578 1819 vero
589 1791 638 1818 sia
647 1797 762 1824 corpore
774 1788 848 1816 aliud
863 1795 910 1823 pro
919 1788 1005 1815 altero

215 1849 316 1876 corpus
332 1840 398 1867 oriri
417 1846 470 1866 non
488 1841 588 1873 potest.
602 1840 704 1870 quanto
719 1836 804 1870 magis
816 1835 843 1862 in
857 1834 928 1861 aliud
944 1841 1006 1861 cor-

215 1896 266 1923 pus
281 1885 436 1921 transgredi
452 1884 573 1912 honiinis
588 1883 678 1910 anima
689 1889 743 1909 non
755 1881 870 1916 poterit?
885 1880 951 1913 Qua:
963 1885 1006 1908 est

216 1935 320 1962 autem,
336 1930 426 1964 inquit
440 1929 496 1961 ille,
513 1927 673 1956 mutationis
689 1927 762 1954 illius
773 1926 859 1953 ratio?
873 1925 907 1954 Ut
925 1925 1006 1952 nimi-

217 1983 277 2004 rum
300 1975 334 2007 si,
354 1982 417 2002 cum
440 1973 468 2000 in
490 1973 600 2000 homine
613 1975 696 2004 esset,
720 1971 843 1999 veritatis
863 1971 1005 1998 scientiam

216 2033 270 2053 non
290 2022 453 2059 perceperit,
478 2021 595 2049 subinde
619 2021 645 2048 in
662 2027 770 2052 canem,
792 2023 838 2046 aut
850 2026 950 2053 equum
966 2019 1007 2046 in-

216 2068 354 2099 troducta,
380 2074 412 2094 ac
431 2065 595 2101 perdomita,
619 2064 851 2099 intelligentiaque
875 2063 1005 2098 prazdita,

218 2113 367 2140 humanum
391 2111 418 2138 in
439 2117 540 2144 eorpus
562 2109 652 2136 denuo
674 2111 837 2140 revertatur,
866 2112 948 2142 atque
970 2108 1007 2135 ita

217 2163 329 2191 compos
347 2154 469 2183 scientia:
489 2153 560 2180 facta
581 2152 608 2179 in
629 2151 723 2179 orbem
749 2151 820 2178 lunae
847 2151 1006 2186 recipiatur.

218 2199 246 2227 In
264 2207 318 2235 quo
336 2207 384 2234 per
401 2198 466 2225 illud
491 2204 557 2225 sane
573 2196 671 2224 mirum
690 2200 732 2224 est
744 2205 750 2223 :
762 2196 900 2227 Animam,
919 2204 1008 2231 quan-

1044 964 1098 991 τῶν
1114 964 1160 990 δύο
1184 963 1318 999 σωμάτων
1333 963 1364 990 τὺ
1383 962 1551 999 τμγῴἂημα
1567 963 1647 990 τοῦτο
1661 963 1707 989 τοῦ
1722 962 1845 998 ἀγύρτου

1046 1011 1204 1048 ὲπιτελέσῃς
1220 1010 1276 1037 Kal.
1296 1009 1380 1044 πολλή
1393 1009 1436 1041 τις
1459 1010 1532 1036 ἐστιν
1546 1011 1563 1045 ἡ
1576 1009 1676 1036 ἀτοπία
1694 1010 1724 1036 ἐν
1739 1009 1796 1039 τοῖς
1808 1008 1846 1034 τὰ

1045 1057 1156 1084 τοιαῦτα
1165 1056 1217 1083 κᾶν
1229 1055 1440 1090 διανοουμένοις.
1457 1055 1553 1090 Ἡμεῖς
1568 1055 1597 1082 δὲ
1607 1056 1650 1082 ἵνα
1663 1054 1700 1090 μὴ
1708 1054 1743 1081 τὰ
1757 1054 1847 1089 σεμνὰ

1049 1102 1274 1139 μεταϐάλλωμεν,
1290 1102 1414 1138 ἀρκετῶς
1435 1102 1550 1138 ἔσχομεν
1563 1102 1643 1136 μόνον
1656 1101 1693 1132 ὡς
1709 1100 1763 1127 ἀπὸ
1777 1100 1847 1135 πόῤ-

1048 1149 1134 1185 ρωθεν
1154 1149 1247 1176 δοῦναι
1260 1148 1309 1184 τῆς
1322 1147 1478 1180 ὑποθέσεως
1495 1146 1525 1173 τὸ
1538 1145 1617 1178 εἶδος.
1634 1146 1847 1182 Παρελεύσομαὶ

1047 1195 1137 1222 τοίνυν
1156 1195 1212 1221 ἀπὸ
1230 1195 1279 1230 τῆς
1299 1193 1429 1230 τοιαύτης
1449 1193 1612 1229 φθοροποιοῦ
1630 1192 1768 1224 ὑπονοίας.
1790 1193 1847 1218 Καὶ

1049 1240 1104 1276 γὰρ
1119 1240 1208 1267 πάντα
1221 1240 1310 1267 ἄτοπα
1328 1240 1364 1267 τὰ
1377 1239 1489 1267 τοιαῦτα
1502 1239 1683 1274 διανοήματα.
1698 1239 1730 1265 Εἰ
1744 1238 1800 1273 γὰρ
1813 1239 1848 1265 ἐκ

1053 1287 1178 1322 σώματος
1189 1287 1229 1318 είς
1245 1286 1325 1322 σῶμα
1337 1287 1353 1322 ἡ
1368 1286 1502 1322 μεταϐολὴ
1516 1285 1572 1312 τῶν
1582 1285 1685 1320 ψυχῶν,
1694 1284 1742 1312 καὶ
1755 1285 1769 1311 ὁ
1780 1284 1848 1312 ποτὲ

1048 1333 1191 1369 ἄνθρωπος
1210 1332 1322 1368 ὕστερον
1340 1332 1425 1366 κύων,
1449 1332 1493 1359 διὰ
1517 1331 1543 1358 τί
1569 1331 1606 1367 μὴ
1625 1332 1679 1358 ἀπὸ
1699 1330 1848 1367 ἀνθρώπου

1050 1379 1124 1406 κύων
1142 1379 1257 1413 γίνεται,
1273 1378 1290 1414 ἢ
1305 1378 1359 1405 ἀπὸ
1379 1378 1455 1413 βοός;
1469 1377 1513 1404 διὰ
1527 1377 1553 1404 τί
1568 1377 1644 1413 ὄρνις
1660 1377 1691 1404 οὐ
1709 1376 1848 1409 Irim-stat;

1056 1425 1125 1451 Ἀλλ’
1139 1425 1162 1451 εἰ
1174 1425 1228 1460 ἄρα
1246 1423 1365 1459 ωμὸαίη
1382 1423 1470 1460 χρόνῳ
1478 1423 1531 1450 τινὶ
1546 1424 1574 1450 ὲν
1585 1423 1623 1458 τῷ
1636 1423 1745 1458 ἀπλέτῳ
1768 1422 1849 1449 αἰῶνι

1050 1469 1192 1505 τεράστιόν
1208 1478 1235 1495 τι
1248 1469 1387 1503 γενέσθαι,
1404 1469 1518 1505 σημείου
1534 1469 1616 1495 ἓνεκα
1628 1468 1742 1503 γίνεται.
1760 1468 1816 1495 Καὶ
1832 1468 1850 1503 ἡ

1052 1514 1133 1549 φύσις
1148 1514 1197 1549 μὲν
1221 1513 1322 1548 ἑαυτῆς
1331 1514 1394 1545 τοὺς
1404 1514 1483 1549 ὅρους
1498 1514 1651 1546 ἐπίσταται,
1669 1513 1716 1540 καὶ
1731 1513 1762 1539 οὐ
1783 1521 1851 1548 μετ-

1052 1560 1178 1587 αλλάσσει
1188 1559 1268 1594 φύσιν
1285 1560 1442 1596 ἀνθρώπου,
1456 1559 1559 1595 ἑτέρως
1574 1559 1751 1594 πλασσομένη
1771 1559 1852 1594 παρὰ

1055 1606 1107 1641 τὴν
1124 1605 1217 1640 φύσιν,
1244 1606 1304 1632 οὐδὲ
1331 1606 1446 1633 ἑκάστου
1475 1606 1601 1641 κτήνουςυ
1627 1605 1684 1632 ἀλλ’
1698 1606 1727 1631 ὲν
1747 1605 1852 1640 ἑκάστῃ

1055 1652 1178 1687 ποιότητι
1195 1653 1212 1688 ἡ
1229 1652 1298 1688 αὐτὴ
1315 1652 1425 1688 ποιότης
1442 1653 1556 1686 γίνεται.
1571 1653 1626 1679 Καὶ
1640 1653 1665 1679 εἰ
1680 1652 1750 1684 ὅλως
1771 1652 1852 1687 σῶμα

1056 1699 1150 1734 ἕτερον
1167 1698 1224 1725 ἀνθ’
1237 1699 1331 1734 ἑτέρου
1343 1699 1397 1725 ἀπὸ
1412 1699 1537 1735 σώματος
1553 1699 1583 1726 οὺ
1596 1699 1710 1734 γίνεται,
1723 1699 1801 1733 πόσῳ
1818 1706 1852 1732 γε

1058 1745 1158 1780 μᾶλλον
1166 1744 1240 1780 ψυχὴ
1254 1744 1398 1780 ἀνθρώπου
1411 1745 1450 1776 είς
1460 1745 1552 1780 ἕτερον
1564 1744 1644 1780 σῶμα
1654 1745 1683 1771 οὺ
1696 1744 1853 1780 μεταϐήσε-

1057 1800 1102 1818 ται
1113 1799 1120 1823 ;
1132 1791 1187 1818 Καὶ
1197 1791 1240 1817 ἵνα
1249 1790 1286 1822 τί,
1301 1791 1376 1826 φησὶ,
1393 1790 1590 1826 μεταϐάλλεται
1601 1799 1607 1823 ;
1625 1791 1681 1818 ἀλλ’
1692 1790 1736 1816 ἴνα
1747 1790 1775 1816 εῐ
1787 1799 1853 1817 ποτε

1057 1837 1086 1862 ἐν
1096 1834 1233 1871 ἀνθρώπῳ
1247 1835 1284 1871 μὴ
1303 1836 1413 1862 συνεῖσα
1431 1836 1481 1871 τὴν
1495 1835 1545 1871 τῆς
1556 1835 1684 1871 ἀληθείας
1698 1834 1810 1869 γνῶσιν,
1820 1835 1853 1860 ὲν

1059 1882 1132 1913 κυνὶ,
1150 1881 1166 1916 ἢ
1185 1882 1214 1908 ὲν
1229 1882 1305 1914 ἵππῳ
1321 1872 1464 1917 γενομένη,
1477 1882 1523 1908 καὶ
1532 1881 1710 1917 δαμασοεῑσα,
1732 1881 1779 1907 καὶ
1795 1888 1856 1907 συν-

1057 1929 1127 1958 εῖσα,
1138 1927 1289 1964 ἀνακάμψῃ
1300 1927 1381 1954 πάλιν
1393 1928 1434 1958 είς
1449 1926 1592 1963 ἀνθρώπου
1607 1927 1696 1962 σῶμα,
1705 1927 1753 1953 καὶ
1765 1925 1855 1957 οὕτως

1057 1972 1159 2007 γνοῦσα
1172 1973 1222 2009 τὴν
1232 1973 1333 2008 γνῶσιν
1352 1973 1574 2009 ἀναληφϐἡσεται
1585 1974 1625 2005 εἰς
1637 1972 1683 1999 τὸν
1698 1972 1790 1998 δίσκον
1802 1971 1856 2006 τῆς

1058 2019 1183 2054 σελήνης.
1203 2019 1259 2045 Kal.
1275 2019 1332 2045 ἔστι
1348 2018 1505 2054 θαυμαστὸν
1531 2019 1606 2051 ἰδεῖν,
1631 2019 1672 2045 ὅτι
1694 2018 1723 2044 ἐν
1747 2017 1797 2053 μὲν
1810 2017 1856 2044 άν-

1058 2064 1160 2100 θρώπῳ
1181 2064 1325 2100 γενομένη,
1342 2065 1407 2101 παρ’
1416 2061 1438 2098 ᾦ
1447 2064 1637 2100 παιδευτήρια,
1649 2063 1856 2099 γραμματικοὶ,

1059 2110 1186 2145 σοφισταί
1205 2119 1235 2137 τε
1256 2111 1304 2137 καὶ
1321 2110 1422 2146 τεχνῶν
1441 2110 1568 2146 ἀμύθητα
1583 2110 1682 2146 πλήθη,
1698 2111 1745 2137 καὶ
1762 2109 1855 2141 λαλιὰ,

1058 2155 1105 2182 καὶ
1118 2154 1197 2190 ἀκοὴ,
1211 2155 1258 2182 καὶ
1272 2155 1410 2190 λογιότης,
1425 2155 1456 2182 ὲν
1472 2154 1595 2190 άγνωσίᾳ
1604 2155 1725 2191 ὑπῆρχεν
1738 2155 1755 2189 ὴ
1768 2153 1856 2188 ψυχὴ,

1060 2201 1088 2226 ὲν
1116 2200 1143 2227 δὲ
1170 2200 1256 2236 χοίρῳ
1280 2201 1424 2236 γενομένη,
1451 2200 1552 2236 μᾶλλον
1577 2200 1693 2235 ἐπέγνω·
1715 2200 1761 2226 ἵνα
1780 2199 1857 2234 δείξῃ

217 2245 264 2273 diu
279 2245 307 2272 in
318 2244 429 2272 homine
450 2243 510 2274 fuit,
524 2242 568 2269 cui
584 2241 740 2270 scholarum
756 2243 1000 2276 grammaticorum.

1062 2245 1164 2281 μᾶλλον
1191 2245 1240 2280 τὴν
1269 2245 1353 2272 αὐτοῦ
1381 2245 1549 2279 ἐπαγγελίαν
1577 2246 1623 2281 τῆς
1645 2244 1773 2280 γνώσεως
1797 2244 1857 2279 χοί-

219 2290 423 2323 sophistarum,
444 2289 650 2316 innumerarum
670 2287 786 2322 denique
808 2288 907 2315 artium
925 2291 1003 2324 copia

1059 2279 1114 2327 ρων
1127 2279 1224 2324 οὖσαν,
1236 2291 1281 2318 διὰ
1292 2291 1340 2327 τὴν
1359 2292 1442 2318 αὑτοῦ
1460 2291 1566 2328 πλάνην
1582 2279 1629 2318 καὶ
1642 2291 1780 2318 ἀσέϐειαν.

220 2337 352 2372 suppetit,
375 2337 421 2372 qui
444 2336 688 2369 sermocinatione,
714 2336 824 2369 auditu,
853 2338 1006 2366 eruditione
1023 2339 1154 2374 praeditus
1168 2343 1220 2371 est,
1233 2339 1260 2366 in
1273 2347 1316 2372 eo,
1328 2340 1451 2375 inquam,
1480 2340 1590 2368 homine
1609 2343 1684 2367 tanta
1714 2341 1740 2366 in
1774 2338 1860 2367 insci-

220 2385 257 2411 tia
282 2383 401 2410 animam
418 2389 480 2410 esse
505 2386 653 2414 versatam,
680 2381 802 2409 eamdem
823 2391 888 2410 vero
906 2392 966 2411 mox
993 2388 1023 2411 ut
1043 2385 1069 2411 in
1094 2392 1205 2419 porcum
1232 2386 1364 2413 translata
1387 2385 1480 2418 fuerit,
1506 2387 1619 2421 majoris
1653 2394 1715 2414 esse
1733 2385 1860 2413 scientia:

221 2430 392 2465 ραι-Πείρεω.
420 2428 484 2461 Quo
501 2428 609 2463 quidem
630 2428 739 2457 decreto
771 2437 848 2458 suam
885 2431 957 2457 illam
986 2432 1108 2460 scientiae
1131 2431 1330 2467 professionem
1355 2440 1499 2467 porcorum
1526 2435 1663 2469 propriam
1687 2433 1773 2467 magis
1797 2439 1860 2459 esse

220 2475 353 2503 declarat.
368 2474 473 2501 Tantus
488 2477 531 2501 est
545 2473 664 2501 hominis
678 2482 754 2501 error
768 2478 795 2502 et
810 2475 945 2510 impietas.

254 2522 339 2558 668
358 2520 424 2549 LVI.
443 2520 479 2548 De
491 2520 586 2548 Adami
601 2529 666 2549 vero
686 2521 864 2550 fabricatione
879 2523 948 2550 idem
967 2523 1012 2550 ille

221 2574 284 2594 cum
300 2566 432 2601 disputat,
450 2565 502 2592 alia
524 2573 574 2599 pro
588 2565 649 2592 aliis
664 2566 758 2594 eadem
776 2566 885 2593 errandi
902 2567 1012 2594 lii-entia

222 2610 349 2646 pertexit.
370 2608 416 2636 Sic
433 2609 506 2636 enim
527 2609 645 2636 asserit:
662 2608 729 2636 Eum
748 2610 794 2644 qui
809 2610 894 2637 dixit:
916 2610 1013 2638 Furia—

222 2665 280 2684 mua
298 2656 429 2682 hominem
457 2654 491 2681 ad
516 2655 656 2690 imaginem
679 2660 794 2682 nostram
816 2661 841 2682 et
857 2657 1013 2683 similitudi-

223 2711 281 2730 nem
291 2703 311 2734 ¹,
320 2701 458 2729 addidisse
467 2700 603 2732 nonnihil,
618 2700 710 2734 itaque
721 2701 891 2736 concepisse,
914 2701 1012 2736 Venile,

223 2750 370 2783 faciamus;
386 2748 459 2787 quod
476 2747 502 2774 in
518 2747 660 2781 Scriptura
676 2753 730 2773 non
751 2746 858 2781 legitur.
879 2748 925 2775 sed
948 2749 1013 2775 illud

222 2794 365 2824 duntaxat.
383 2791 524 2818 Faciamus
543 2791 671 2817 hominem
686 2790 720 2816 ad
739 2790 877 2825 imaginem
895 2797 1014 2819 nostram

225 2842 247 2862 et
271 2836 483 2863 similitudinem.
507 2833 607 2862 Verum
623 2841 678 2861 non
695 2833 775 2860 modo
793 2834 950 2869 Apostolus,
967 2837 1013 2864 sed

266 2911 354 2940 'Gt‘n.
375 2921 394 2946 l,
406 2913 450 2940 “lli.

1097 2520 1169 2553 Νςι.
1185 2520 1252 2555 Περὶ
1265 2520 1292 2547 δὲ
1312 2520 1363 2555 τῆς
1379 2520 1426 2546 τοῦ
1447 2520 1532 2556 Ἀδὰμ
1553 2521 1677 2554 πλάσεως
1691 2522 1704 2548 ὁ
1724 2522 1808 2554 αὐτὸς
1822 2523 1863 2549 δι-

1065 2565 1216 2601 ηγούμενος
1232 2566 1313 2601 ἔτερα
1338 2566 1396 2593 ἀνθ’
1411 2566 1511 2602 ἐτέρων
1533 2568 1565 2602 τῇ
1582 2567 1668 2603 πλάνῃ
1691 2568 1861 2602 συνυφαίνει.

1066 2611 1139 2643 Ὅτι,
1157 2611 1248 2647 φησὶν,
1267 2613 1281 2638 ὁ
1298 2612 1393 2644 εἰπὼν,
1416 2612 1593 2647 Ποιήσωμεν
1620 2613 1778 2647 ἄνθρωπον
1797 2615 1862 2641 κατ’

1064 2657 1167 2684 εἰκόνα
1190 2658 1338 2692 ἡμετέραν
1359 2658 1407 2685 καί
1435 2659 1499 2686 καθ’
1513 2659 1668 2693 ὁμοίωσιν.
1686 2659 1733 2685 καὶ
1749 2660 1863 2694 προστί-

1066 2702 1129 2738 θησι
1145 2703 1231 2736 λέγων
1255 2703 1295 2734 τὸ,
1310 2702 1408 2736 Δεῦτε,
1426 2703 1607 2738 ποιήσωμεν,
1629 2704 1697 2738 ὅπερ
1708 2703 1739 2729 οὐ
1756 2703 1861 2738 γέγρα-

1066 2757 1141 2781 πται,
1153 2749 1220 2775 ἀλλὰ
1235 2749 1413 2784 Ποιήσωμεν
1424 2751 1583 2785 ἄνθρωπον
1597 2751 1660 2776 κατ’
1669 2750 1774 2776 εἰκόνα
1787 2749 1861 2784 ripe—

1065 2794 1208 2828 téparual
1221 2796 1285 2822 καθ’
1302 2797 1453 2830 ὁμοίωσιν.
1473 2797 1594 2832 Ἐλέγχει
1604 2796 1633 2823 δὲ
1649 2796 1743 2823 τοῦτον
1756 2796 1771 2822 6
1783 2795 1863 2830 ἅγιος

1075 2839 1235 2872 Ἀπόστολος
1261 2841 1358 2875 λέγων,
1377 2843 1423 2869 καὶ
1441 2843 1521 2875 αὐτὸς
1533 2844 1547 2870 ὁ
1569 2842 1671 2878 Κύριος
1679 2842 1708 2869 ὲν
1721 2842 1761 2877 τῷ
1772 2843 1863 2877 Εὐαγο

1563 2973 1578 2982 ι
