  <div class='ocr_page' id='page_1' title='image "/cluster/home/n/w/nwhite01/storage/ocr_20150623/42/njp.32101077772588/064.png"; bbox 0 0 1939 3036; ppageno 0'>
   <div class='ocr_carea' id='block_1_1' title="bbox 94 139 886 170">
    <p class='ocr_par' dir='ltr' id='par_1_1' title="bbox 94 139 886 170">
     <span class='ocr_line' id='line_1_1' title="bbox 94 139 886 170; baseline 0 -1"><span class='ocrx_word' id='word_1_1' title='bbox 94 142 147 170; x_wconf 68' lang='grc'><strong>115</strong></span> <span class='ocrx_word' id='word_1_2' title='bbox 431 139 615 169; x_wconf 78' lang='lat' dir='ltr'><strong>ADVERSUS</strong></span> <span class='ocrx_word' id='word_1_3' title='bbox 634 141 804 169; x_wconf 74' lang='lat' dir='ltr'><strong>H/ERESES</strong></span> <span class='ocrx_word' id='word_1_4' title='bbox 824 141 886 169; x_wconf 73' lang='lat' dir='ltr'><strong>LIB.</strong></span> 
     </span>
    </p>
   </div>
   <div class='ocr_carea' id='block_1_2' title="bbox 92 195 889 232">
    <p class='ocr_par' dir='ltr' id='par_1_2' title="bbox 92 195 889 232">
     <span class='ocr_line' id='line_1_2' title="bbox 92 195 889 232; baseline 0.001 -9"><span class='ocrx_word' id='word_1_5' title='bbox 92 196 189 232; x_wconf 75' lang='grc' dir='ltr'><em>γελίῳ,</em></span> <span class='ocrx_word' id='word_1_6' title='bbox 202 196 247 223; x_wconf 77' lang='grc' dir='ltr'><em>ὅτε</em></span> <span class='ocrx_word' id='word_1_7' title='bbox 267 195 292 221; x_wconf 75' lang='lat' dir='ltr'><strong>oi</strong></span> <span class='ocrx_word' id='word_1_8' title='bbox 310 196 452 231; x_wconf 76' lang='grc' dir='ltr'><strong>Φαρισαῖοι</strong></span> <span class='ocrx_word' id='word_1_9' title='bbox 469 196 537 231; x_wconf 71' lang='grc' dir='ltr'><em>πρὸς</em></span> <span class='ocrx_word' id='word_1_10' title='bbox 559 196 640 223; x_wconf 75' lang='grc' dir='ltr'><em>αὐτὸν</em></span> <span class='ocrx_word' id='word_1_11' title='bbox 655 196 770 232; x_wconf 65' lang='grc' dir='ltr'><em>ἔφησαν,</em></span> <span class='ocrx_word' id='word_1_12' title='bbox 782 197 823 223; x_wconf 74' lang='grc' dir='ltr'><em>ὅτι</em></span> <span class='ocrx_word' id='word_1_13' title='bbox 849 199 889 224; x_wconf 86' lang='grc' dir='ltr'><strong>οὺ</strong></span> 
     </span>
    </p>
   </div>
   <div class='ocr_carea' id='block_1_3' title="bbox 93 239 890 276">
    <p class='ocr_par' dir='ltr' id='par_1_3' title="bbox 93 239 890 276">
     <span class='ocr_line' id='line_1_3' title="bbox 93 239 890 276; baseline 0 -7"><span class='ocrx_word' id='word_1_14' title='bbox 93 241 194 270; x_wconf 70' lang='grc' dir='ltr'><em>καλὸν</em></span> <span class='ocrx_word' id='word_1_15' title='bbox 208 239 284 268; x_wconf 79' lang='grc' dir='ltr'><em>εῖναι</em></span> <span class='ocrx_word' id='word_1_16' title='bbox 299 241 353 268; x_wconf 86' lang='grc' dir='ltr'><em>τὸν</em></span> <span class='ocrx_word' id='word_1_17' title='bbox 366 241 524 275; x_wconf 75' lang='grc' dir='ltr'><em>ἄνθρωπον</em></span> <span class='ocrx_word' id='word_1_18' title='bbox 541 242 723 276; x_wconf 78' lang='grc' dir='ltr'><em>μονώτατον.</em></span> <span class='ocrx_word' id='word_1_19' title='bbox 735 243 793 274; x_wconf 67' lang='grc' dir='ltr'><em>καὶ,</em></span> <span class='ocrx_word' id='word_1_20' title='bbox 805 245 890 269; x_wconf 69' lang='lat' dir='ltr'><strong>Muti-</strong></span> 
     </span>
    </p>
   </div>
   <div class='ocr_carea' id='block_1_4' title="bbox 93 286 892 321">
    <p class='ocr_par' dir='ltr' id='par_1_4' title="bbox 93 286 892 321">
     <span class='ocr_line' id='line_1_4' title="bbox 93 286 892 321; baseline -0.001 -7"><span class='ocrx_word' id='word_1_21' title='bbox 93 287 158 321; x_wconf 85' lang='grc' dir='ltr'><em>σῆς</em></span> <span class='ocrx_word' id='word_1_22' title='bbox 171 286 239 314; x_wconf 77' lang='grc' dir='ltr'><em>εἷπε</em></span> <span class='ocrx_word' id='word_1_23' title='bbox 253 286 370 313; x_wconf 79' lang='grc' dir='ltr'><strong>διδόναι</strong></span> <span class='ocrx_word' id='word_1_24' title='bbox 378 287 502 318; x_wconf 75' lang='grc' dir='ltr'><em>βιϐλίον</em></span> <span class='ocrx_word' id='word_1_25' title='bbox 517 288 718 321; x_wconf 74' lang='grc' dir='ltr'><strong>ἀποστασίου,</strong></span> <span class='ocrx_word' id='word_1_26' title='bbox 732 287 892 314; x_wconf 68' lang='grc' dir='ltr'><em>ἐκϐάλλειν</em></span> 
     </span>
    </p>
   </div>
   <div class='ocr_carea' id='block_1_5' title="bbox 94 331 891 367">
    <p class='ocr_par' dir='ltr' id='par_1_5' title="bbox 94 331 891 367">
     <span class='ocr_line' id='line_1_5' title="bbox 94 331 891 367; baseline -0.003 -8"><span class='ocrx_word' id='word_1_27' title='bbox 94 332 155 366; x_wconf 74' lang='grc' dir='ltr'><em>τὴν</em></span> <span class='ocrx_word' id='word_1_28' title='bbox 178 332 315 367; x_wconf 68' lang='grc' dir='ltr'><em>γυναῖκα*</em></span> <span class='ocrx_word' id='word_1_29' title='bbox 333 332 380 359; x_wconf 78' lang='grc' dir='ltr'><strong>καὶ</strong></span> <span class='ocrx_word' id='word_1_30' title='bbox 395 333 410 358; x_wconf 84' lang='grc' dir='ltr'>ὀ</span> <span class='ocrx_word' id='word_1_31' title='bbox 429 331 530 367; x_wconf 80' lang='grc' dir='ltr'><em>Κύριος</em></span> <span class='ocrx_word' id='word_1_32' title='bbox 552 332 620 367; x_wconf 75' lang='grc' dir='ltr'><em>πρὸς</em></span> <span class='ocrx_word' id='word_1_33' title='bbox 638 333 700 364; x_wconf 73' lang='grc' dir='ltr'><em>τοὺς</em></span> <span class='ocrx_word' id='word_1_34' title='bbox 727 331 891 367; x_wconf 83' lang='grc' dir='ltr'><em>Φαρισαίους</em></span> 
     </span>
    </p>
   </div>
   <div class='ocr_carea' id='block_1_6' title="bbox 95 376 893 412">
    <p class='ocr_par' dir='ltr' id='par_1_6' title="bbox 95 376 893 412">
     <span class='ocr_line' id='line_1_6' title="bbox 95 376 893 412; baseline -0.001 -8"><span class='ocrx_word' id='word_1_35' title='bbox 95 379 142 405; x_wconf 76' lang='grc' dir='ltr'><strong>τὸν</strong></span> <span class='ocrx_word' id='word_1_36' title='bbox 165 378 274 412; x_wconf 75' lang='grc' dir='ltr'><em>ἔλεγχον</em></span> <span class='ocrx_word' id='word_1_37' title='bbox 299 377 447 412; x_wconf 73' lang='grc' dir='ltr'><em>ἐπιφέρων,</em></span> <span class='ocrx_word' id='word_1_38' title='bbox 473 377 560 411; x_wconf 78' lang='grc' dir='ltr'><em>ἕλεγε-</em></span> <span class='ocrx_word' id='word_1_39' title='bbox 583 377 714 411; x_wconf 83' lang='grc' dir='ltr'><strong>Μωῦσῆς</strong></span> <span class='ocrx_word' id='word_1_40' title='bbox 739 376 814 404; x_wconf 85' lang='grc' dir='ltr'><em>κατὰ</em></span> <span class='ocrx_word' id='word_1_41' title='bbox 835 376 893 410; x_wconf 81' lang='grc' dir='ltr'><em>τὴν</em></span> 
     </span>
    </p>
   </div>
   <div class='ocr_carea' id='block_1_7' title="bbox 95 421 892 457">
    <p class='ocr_par' dir='ltr' id='par_1_7' title="bbox 95 421 892 457">
     <span class='ocr_line' id='line_1_7' title="bbox 95 421 892 457; baseline -0.003 -7"><span class='ocrx_word' id='word_1_42' title='bbox 95 422 344 457; x_wconf 71' lang='grc' dir='ltr'><em>σκληροκαρδίαν</em></span> <span class='ocrx_word' id='word_1_43' title='bbox 356 422 440 457; x_wconf 77' lang='grc' dir='ltr'><em>ὑμῶν</em></span> <span class='ocrx_word' id='word_1_44' title='bbox 464 422 606 457; x_wconf 43' lang='lat' dir='ltr'><strong>emaci-er-</strong></span> <span class='ocrx_word' id='word_1_45' title='bbox 628 421 769 456; x_wconf 78' lang='grc' dir='ltr'><em>ἀπαρχῆς</em></span> <span class='ocrx_word' id='word_1_46' title='bbox 797 421 832 448; x_wconf 74' lang='grc' dir='ltr'><strong>δὲ</strong></span> <span class='ocrx_word' id='word_1_47' title='bbox 856 423 892 448; x_wconf 86' lang='grc' dir='ltr'><em>οὑ</em></span> 
     </span>
    </p>
   </div>
   <div class='ocr_carea' id='block_1_8' title="bbox 95 467 893 504">
    <p class='ocr_par' dir='ltr' id='par_1_8' title="bbox 95 467 893 504">
     <span class='ocr_line' id='line_1_8' title="bbox 95 467 893 504; baseline -0.003 -9"><span class='ocrx_word' id='word_1_48' title='bbox 95 468 222 504; x_wconf 73' lang='grc' dir='ltr'><em>γέγονεν</em></span> <span class='ocrx_word' id='word_1_49' title='bbox 245 468 349 501; x_wconf 81' lang='grc' dir='ltr'><em>οὕτως.</em></span> <span class='ocrx_word' id='word_1_50' title='bbox 372 468 450 495; x_wconf 71' lang='grc' dir='ltr'><strong>Ἀλλ’</strong></span> <span class='ocrx_word' id='word_1_51' title='bbox 464 469 481 494; x_wconf 85' lang='grc' dir='ltr'>ό</span> <span class='ocrx_word' id='word_1_52' title='bbox 497 468 628 501; x_wconf 80' lang='grc' dir='ltr'><strong>ποιήσας</strong></span> <span class='ocrx_word' id='word_1_53' title='bbox 635 468 731 502; x_wconf 77' lang='grc' dir='ltr'><em>ἄρσεν</em></span> <span class='ocrx_word' id='word_1_54' title='bbox 744 467 798 494; x_wconf 76' lang='grc' dir='ltr'><em>παὶ</em></span> <span class='ocrx_word' id='word_1_55' title='bbox 813 467 893 501; x_wconf 77' lang='grc' dir='ltr'><strong>θῆλυ</strong></span> 
     </span>
    </p>
   </div>
   <div class='ocr_carea' id='block_1_9' title="bbox 94 510 893 547">
    <p class='ocr_par' dir='ltr' id='par_1_9' title="bbox 94 510 893 547">
     <span class='ocr_line' id='line_1_9' title="bbox 94 510 893 547; baseline -0.004 -6"><span class='ocrx_word' id='word_1_56' title='bbox 94 513 234 547; x_wconf 71' lang='grc' dir='ltr'><em>ἐποίησε.</em></span> <span class='ocrx_word' id='word_1_57' title='bbox 250 512 306 540; x_wconf 83' lang='grc' dir='ltr'><em>Καὶ</em></span> <span class='ocrx_word' id='word_1_58' title='bbox 322 510 416 539; x_wconf 77' lang='grc' dir='ltr'><em>εἷπεν-</em></span> <span class='ocrx_word' id='word_1_59' title='bbox 426 512 507 540; x_wconf 71' lang='grc' dir='ltr'><em>Ἀντί</em></span> <span class='ocrx_word' id='word_1_60' title='bbox 526 512 635 540; x_wconf 83' lang='grc' dir='ltr'><em>τούτου</em></span> <span class='ocrx_word' id='word_1_61' title='bbox 652 512 828 546; x_wconf 69' lang='grc' dir='ltr'><strong>καταλείψει</strong></span> <span class='ocrx_word' id='word_1_62' title='bbox 841 511 893 538; x_wconf 84' lang='grc' dir='ltr'><em>ἆν-</em></span> 
     </span>
    </p>
   </div>
   <div class='ocr_carea' id='block_1_10' title="bbox 98 554 892 592">
    <p class='ocr_par' dir='ltr' id='par_1_10' title="bbox 98 554 892 592">
     <span class='ocr_line' id='line_1_10' title="bbox 98 554 892 592; baseline -0.004 -7"><span class='ocrx_word' id='word_1_63' title='bbox 98 561 218 592; x_wconf 76' lang='grc' dir='ltr'><em>υρωπος</em></span> <span class='ocrx_word' id='word_1_64' title='bbox 230 557 284 584; x_wconf 83' lang='grc' dir='ltr'><strong>τὸν</strong></span> <span class='ocrx_word' id='word_1_65' title='bbox 296 555 408 590; x_wconf 78' lang='grc' dir='ltr'><strong>πατέρα</strong></span> <span class='ocrx_word' id='word_1_66' title='bbox 418 556 510 583; x_wconf 84' lang='grc' dir='ltr'><em>αὑτοῦ</em></span> <span class='ocrx_word' id='word_1_67' title='bbox 527 556 576 584; x_wconf 72' lang='grc' dir='ltr'><strong>καὶ</strong></span> <span class='ocrx_word' id='word_1_68' title='bbox 589 556 647 589; x_wconf 81' lang='grc' dir='ltr'><em>τὴν</em></span> <span class='ocrx_word' id='word_1_69' title='bbox 658 556 772 591; x_wconf 80' lang='grc' dir='ltr'><em>μητέρα</em></span> <span class='ocrx_word' id='word_1_70' title='bbox 788 554 892 587; x_wconf 79' lang='grc' dir='ltr'><em>αὑτοῦ,</em></span> 
     </span>
    </p>
   </div>
   <div class='ocr_carea' id='block_1_11' title="bbox 98 601 894 637">
    <p class='ocr_par' dir='ltr' id='par_1_11' title="bbox 98 601 894 637">
     <span class='ocr_line' id='line_1_11' title="bbox 98 601 894 637; baseline -0.003 -8"><span class='ocrx_word' id='word_1_71' title='bbox 98 602 150 630; x_wconf 74' lang='grc' dir='ltr'><strong>καὶ</strong></span> <span class='ocrx_word' id='word_1_72' title='bbox 165 602 389 636; x_wconf 74' lang='grc' dir='ltr'><strong>κολληθήσεται</strong></span> <span class='ocrx_word' id='word_1_73' title='bbox 400 602 438 636; x_wconf 76' lang='grc' dir='ltr'><strong>τῇ</strong></span> <span class='ocrx_word' id='word_1_74' title='bbox 451 602 568 637; x_wconf 74' lang='grc' dir='ltr'><em>γυναικὶ</em></span> <span class='ocrx_word' id='word_1_75' title='bbox 586 601 691 634; x_wconf 84' lang='grc' dir='ltr'><em>αὐτοῦ,</em></span> <span class='ocrx_word' id='word_1_76' title='bbox 706 601 756 628; x_wconf 74' lang='grc' dir='ltr'><em>καὶ</em></span> <span class='ocrx_word' id='word_1_77' title='bbox 772 602 894 628; x_wconf 70' lang='grc' dir='ltr'><em>ἔσονται</em></span> 
     </span>
    </p>
   </div>
   <div class='ocr_carea' id='block_1_12' title="bbox 98 645 893 683">
    <p class='ocr_par' dir='ltr' id='par_1_12' title="bbox 98 645 893 683">
     <span class='ocr_line' id='line_1_12' title="bbox 98 645 893 683; baseline -0.005 -8"><span class='ocrx_word' id='word_1_78' title='bbox 98 650 127 675; x_wconf 79' lang='grc' dir='ltr'><em>οὶ</em></span> <span class='ocrx_word' id='word_1_79' title='bbox 141 648 196 675; x_wconf 74' lang='grc' dir='ltr'><strong>δύο</strong></span> <span class='ocrx_word' id='word_1_80' title='bbox 207 649 251 681; x_wconf 80' lang='grc' dir='ltr'><strong>είς</strong></span> <span class='ocrx_word' id='word_1_81' title='bbox 262 647 362 682; x_wconf 80' lang='grc' dir='ltr'><strong>σάρκα</strong></span> <span class='ocrx_word' id='word_1_82' title='bbox 369 647 452 682; x_wconf 85' lang='grc' dir='ltr'><em>μίαν.</em></span> <span class='ocrx_word' id='word_1_83' title='bbox 471 647 526 674; x_wconf 81' lang='grc' dir='ltr'><strong>Καὶ</strong></span> <span class='ocrx_word' id='word_1_84' title='bbox 541 646 622 678; x_wconf 74' lang='grc' dir='ltr'><em>εὐθὺς</em></span> <span class='ocrx_word' id='word_1_85' title='bbox 639 645 777 683; x_wconf 72' lang='grc' dir='ltr'><strong>ἐπιφέρει,</strong></span> <span class='ocrx_word' id='word_1_86' title='bbox 795 646 893 680; x_wconf 84' lang='grc' dir='ltr'><em>λέγων·</em></span> 
     </span>
    </p>
   </div>
   <div class='ocr_carea' id='block_1_13' title="bbox 100 689 897 725">
    <p class='ocr_par' dir='ltr' id='par_1_13' title="bbox 100 689 897 725">
     <span class='ocr_line' id='line_1_13' title="bbox 100 689 897 725; baseline -0.001 -7"><span class='ocrx_word' id='word_1_87' title='bbox 100 694 138 722; x_wconf 78' lang='grc' dir='ltr'><strong>Εἰ</strong></span> <span class='ocrx_word' id='word_1_88' title='bbox 151 689 210 719; x_wconf 83' lang='grc' dir='ltr'><em>οὖν</em></span> <span class='ocrx_word' id='word_1_89' title='bbox 230 693 246 718; x_wconf 87' lang='grc' dir='ltr'><em>ὁ</em></span> <span class='ocrx_word' id='word_1_90' title='bbox 262 691 335 725; x_wconf 80' lang='grc' dir='ltr'><em>Θεὸς</em></span> <span class='ocrx_word' id='word_1_91' title='bbox 351 691 543 724; x_wconf 72' lang='grc' dir='ltr'><strong>συνέζευξεν,</strong></span> <span class='ocrx_word' id='word_1_92' title='bbox 561 691 716 725; x_wconf 79' lang='grc' dir='ltr'><em>ἅνθρωπος</em></span> <span class='ocrx_word' id='word_1_93' title='bbox 726 689 770 725; x_wconf 79' lang='grc' dir='ltr'><em>μὴ</em></span> <span class='ocrx_word' id='word_1_94' title='bbox 786 689 897 724; x_wconf 77' lang='grc' dir='ltr'><em>χωριζέ-</em></span> 
     </span>
    </p>
   </div>
   <div class='ocr_carea' id='block_1_14' title="bbox 99 735 894 772">
    <p class='ocr_par' dir='ltr' id='par_1_14' title="bbox 99 735 894 772">
     <span class='ocr_line' id='line_1_14' title="bbox 99 735 894 772; baseline -0.005 -7"><span class='ocrx_word' id='word_1_95' title='bbox 99 747 150 765; x_wconf 74' lang='grc' dir='ltr'><em>τω·</em></span> <span class='ocrx_word' id='word_1_96' title='bbox 163 737 303 772; x_wconf 83' lang='grc' dir='ltr'><em>ὁμολογῶν</em></span> <span class='ocrx_word' id='word_1_97' title='bbox 319 737 397 771; x_wconf 80' lang='grc' dir='ltr'><em>Θεὸν,</em></span> <span class='ocrx_word' id='word_1_98' title='bbox 411 737 534 764; x_wconf 77' lang='grc' dir='ltr'><em>τουτέστι</em></span> <span class='ocrx_word' id='word_1_99' title='bbox 544 737 591 763; x_wconf 82' lang='grc' dir='ltr'><em>τὸν</em></span> <span class='ocrx_word' id='word_1_100' title='bbox 605 736 670 763; x_wconf 80' lang='grc' dir='ltr'><em>ῐδιον</em></span> <span class='ocrx_word' id='word_1_101' title='bbox 680 735 763 763; x_wconf 77' lang='grc' dir='ltr'><em>αὑτοῦ</em></span> <span class='ocrx_word' id='word_1_102' title='bbox 774 735 894 770; x_wconf 79' lang='grc' dir='ltr'><strong>Πατέρα,</strong></span> 
     </span>
    </p>
   </div>
   <div class='ocr_carea' id='block_1_15' title="bbox 99 780 896 818">
    <p class='ocr_par' dir='ltr' id='par_1_15' title="bbox 99 780 896 818">
     <span class='ocr_line' id='line_1_15' title="bbox 99 780 896 818; baseline -0.003 -9"><span class='ocrx_word' id='word_1_103' title='bbox 99 783 148 809; x_wconf 71' lang='grc' dir='ltr'><strong>τὸν</strong></span> <span class='ocrx_word' id='word_1_104' title='bbox 171 782 256 817; x_wconf 75' lang='grc' dir='ltr'><strong>Ἀδὰμ</strong></span> <span class='ocrx_word' id='word_1_105' title='bbox 269 782 448 818; x_wconf 78' lang='grc' dir='ltr'><strong>πεποιηκέναι</strong></span> <span class='ocrx_word' id='word_1_106' title='bbox 463 782 511 809; x_wconf 77' lang='grc' dir='ltr'><strong>καὶ</strong></span> <span class='ocrx_word' id='word_1_107' title='bbox 530 781 579 817; x_wconf 80' lang='grc' dir='ltr'><strong>τὴν</strong></span> <span class='ocrx_word' id='word_1_108' title='bbox 591 780 675 814; x_wconf 80' lang='grc' dir='ltr'><em>Εὕαν,</em></span> <span class='ocrx_word' id='word_1_109' title='bbox 690 781 737 808; x_wconf 81' lang='grc' dir='ltr'><strong>καὶ</strong></span> <span class='ocrx_word' id='word_1_110' title='bbox 750 781 795 807; x_wconf 80' lang='grc' dir='ltr'><strong>τὸν</strong></span> <span class='ocrx_word' id='word_1_111' title='bbox 808 780 896 816; x_wconf 84' lang='grc' dir='ltr'><strong>γάμον</strong></span> 
     </span>
    </p>
   </div>
   <div class='ocr_carea' id='block_1_16' title="bbox 100 826 897 862">
    <p class='ocr_par' dir='ltr' id='par_1_16' title="bbox 100 826 897 862">
     <span class='ocr_line' id='line_1_16' title="bbox 100 826 897 862; baseline -0.004 -8"><span class='ocrx_word' id='word_1_112' title='bbox 100 828 149 854; x_wconf 80' lang='grc' dir='ltr'><strong>τὸν</strong></span> <span class='ocrx_word' id='word_1_113' title='bbox 163 827 262 862; x_wconf 80' lang='grc' dir='ltr'><em>σεμνὸν</em></span> <span class='ocrx_word' id='word_1_114' title='bbox 280 827 310 860; x_wconf 72' lang='grc' dir='ltr'><strong>ἐξ</strong></span> <span class='ocrx_word' id='word_1_115' title='bbox 320 826 402 853; x_wconf 76' lang='grc' dir='ltr'><em>αὑτοῦ</em></span> <span class='ocrx_word' id='word_1_116' title='bbox 415 827 567 855; x_wconf 80' lang='grc' dir='ltr'><em>κεκτίσθαι.</em></span> <span class='ocrx_word' id='word_1_117' title='bbox 585 827 624 862; x_wconf 80' lang='grc' dir='ltr'><strong>Τῇ</strong></span> <span class='ocrx_word' id='word_1_118' title='bbox 641 826 670 853; x_wconf 82' lang='grc' dir='ltr'><strong>δὲ</strong></span> <span class='ocrx_word' id='word_1_119' title='bbox 687 826 771 853; x_wconf 83' lang='grc' dir='ltr'><em>αὑτοῦ</em></span> <span class='ocrx_word' id='word_1_120' title='bbox 787 826 897 852; x_wconf 62' lang='grc' dir='ltr'><em>άκολουυ</em></span> 
     </span>
    </p>
   </div>
   <div class='ocr_carea' id='block_1_17' title="bbox 101 869 897 906">
    <p class='ocr_par' dir='ltr' id='par_1_17' title="bbox 101 869 897 906">
     <span class='ocr_line' id='line_1_17' title="bbox 101 869 897 906; baseline -0.001 -10"><span class='ocrx_word' id='word_1_121' title='bbox 101 870 149 906; x_wconf 64' lang='lat' dir='ltr'><strong>ait;</strong></span> <span class='ocrx_word' id='word_1_122' title='bbox 163 870 209 897; x_wconf 82' lang='grc' dir='ltr'><strong>καὶ</strong></span> <span class='ocrx_word' id='word_1_123' title='bbox 234 871 248 897; x_wconf 83' lang='grc' dir='ltr'>ὁ</span> <span class='ocrx_word' id='word_1_124' title='bbox 269 870 346 904; x_wconf 69' lang='grc' dir='ltr'><em>ἅγιος</em></span> <span class='ocrx_word' id='word_1_125' title='bbox 368 871 528 902; x_wconf 77' lang='grc' dir='ltr'><em>’Λπόστολος</em></span> <span class='ocrx_word' id='word_1_126' title='bbox 548 869 637 906; x_wconf 77' lang='grc' dir='ltr'><strong>κῆρυξ</strong></span> <span class='ocrx_word' id='word_1_127' title='bbox 652 869 689 898; x_wconf 83' lang='grc' dir='ltr'><em>ὣν</em></span> <span class='ocrx_word' id='word_1_128' title='bbox 703 871 753 906; x_wconf 80' lang='grc' dir='ltr'><strong>τῆς</strong></span> <span class='ocrx_word' id='word_1_129' title='bbox 768 869 897 905; x_wconf 79' lang='grc' dir='ltr'><strong>ἀληθείας</strong></span> 
     </span>
    </p>
   </div>
   <div class='ocr_carea' id='block_1_18' title="bbox 102 914 898 950">
    <p class='ocr_par' dir='ltr' id='par_1_18' title="bbox 102 914 898 950">
     <span class='ocr_line' id='line_1_18' title="bbox 102 914 898 950; baseline 0 -10"><span class='ocrx_word' id='word_1_130' title='bbox 102 914 188 948; x_wconf 78' lang='grc' dir='ltr'><em>λέγει·</em></span> <span class='ocrx_word' id='word_1_131' title='bbox 209 914 246 940; x_wconf 89' lang='grc' dir='ltr'><strong>Τὸ</strong></span> <span class='ocrx_word' id='word_1_132' title='bbox 269 914 439 949; x_wconf 81' lang='grc' dir='ltr'><em>μυστήριον</em></span> <span class='ocrx_word' id='word_1_133' title='bbox 453 915 541 942; x_wconf 81' lang='grc' dir='ltr'><em>τοῦτο</em></span> <span class='ocrx_word' id='word_1_134' title='bbox 552 915 630 950; x_wconf 80' lang='grc' dir='ltr'><em>μέγα</em></span> <span class='ocrx_word' id='word_1_135' title='bbox 648 915 745 942; x_wconf 81' lang='grc' dir='ltr'><em>ἐστίν.</em></span> <span class='ocrx_word' id='word_1_136' title='bbox 766 914 838 950; x_wconf 70' lang='grc' dir='ltr'><strong>Ἐγὼ</strong></span> <span class='ocrx_word' id='word_1_137' title='bbox 863 914 898 940; x_wconf 83' lang='grc' dir='ltr'><strong>δὲ</strong></span> 
     </span>
    </p>
   </div>
   <div class='ocr_carea' id='block_1_19' title="bbox 102 959 899 996">
    <p class='ocr_par' dir='ltr' id='par_1_19' title="bbox 102 959 899 996">
     <span class='ocr_line' id='line_1_19' title="bbox 102 959 899 996; baseline -0.003 -8"><span class='ocrx_word' id='word_1_138' title='bbox 102 960 182 996; x_wconf 64' lang='grc' dir='ltr'><em>,λέγω</em></span> <span class='ocrx_word' id='word_1_139' title='bbox 201 961 245 993; x_wconf 81' lang='grc' dir='ltr'><strong>είς</strong></span> <span class='ocrx_word' id='word_1_140' title='bbox 272 961 402 994; x_wconf 81' lang='grc' dir='ltr'><em>Χριστὸν</em></span> <span class='ocrx_word' id='word_1_141' title='bbox 415 960 464 987; x_wconf 77' lang='grc' dir='ltr'><em>καὶ</em></span> <span class='ocrx_word' id='word_1_142' title='bbox 489 959 547 994; x_wconf 75' lang='grc' dir='ltr'><em>τὴν</em></span> <span class='ocrx_word' id='word_1_143' title='bbox 564 960 760 994; x_wconf 67' lang='grc' dir='ltr'><em>Ἐκκλησίανυ</em></span> <span class='ocrx_word' id='word_1_144' title='bbox 776 960 821 987; x_wconf 72' lang='grc' dir='ltr'><em>ἵνα</em></span> <span class='ocrx_word' id='word_1_145' title='bbox 843 959 899 986; x_wconf 72' lang='grc' dir='ltr'><strong>ἀπὸ</strong></span> 
     </span>
    </p>
   </div>
   <div class='ocr_carea' id='block_1_20' title="bbox 102 1005 897 1042">
    <p class='ocr_par' dir='ltr' id='par_1_20' title="bbox 102 1005 897 1042">
     <span class='ocr_line' id='line_1_20' title="bbox 102 1005 897 1042; baseline -0.003 -9"><span class='ocrx_word' id='word_1_146' title='bbox 102 1006 152 1033; x_wconf 75' lang='grc' dir='ltr'><strong>τοῦ</strong></span> <span class='ocrx_word' id='word_1_147' title='bbox 175 1005 347 1042; x_wconf 81' lang='grc' dir='ltr'><em>ὸμοιώματος</em></span> <span class='ocrx_word' id='word_1_148' title='bbox 371 1006 417 1032; x_wconf 75' lang='grc' dir='ltr'><em>τοῦ</em></span> <span class='ocrx_word' id='word_1_149' title='bbox 449 1005 502 1032; x_wconf 74' lang='grc' dir='ltr'><strong>ὑπὸ</strong></span> <span class='ocrx_word' id='word_1_150' title='bbox 532 1005 579 1032; x_wconf 82' lang='grc' dir='ltr'><strong>τοῦ</strong></span> <span class='ocrx_word' id='word_1_151' title='bbox 606 1005 674 1032; x_wconf 78' lang='grc' dir='ltr'><em>Θεοῦ</em></span> <span class='ocrx_word' id='word_1_152' title='bbox 707 1005 897 1040; x_wconf 82' lang='grc' dir='ltr'><em>κεκτισμένου,</em></span> 
     </span>
    </p>
   </div>
   <div class='ocr_carea' id='block_1_21' title="bbox 110 1049 900 1087">
    <p class='ocr_par' dir='ltr' id='par_1_21' title="bbox 110 1049 900 1087">
     <span class='ocr_line' id='line_1_21' title="bbox 110 1049 900 1087; baseline -0.004 -7"><span class='ocrx_word' id='word_1_153' title='bbox 110 1053 199 1087; x_wconf 76' lang='grc' dir='ltr'><em>Ἀδάμ</em></span> <span class='ocrx_word' id='word_1_154' title='bbox 213 1061 243 1079; x_wconf 87' lang='grc' dir='ltr'><strong>τε</strong></span> <span class='ocrx_word' id='word_1_155' title='bbox 254 1052 300 1080; x_wconf 71' lang='grc' dir='ltr'><strong>καὶ</strong></span> <span class='ocrx_word' id='word_1_156' title='bbox 316 1051 365 1087; x_wconf 80' lang='grc' dir='ltr'><strong>τῆς</strong></span> <span class='ocrx_word' id='word_1_157' title='bbox 377 1051 460 1084; x_wconf 75' lang='grc' dir='ltr'><em>Εὔας·</em></span> <span class='ocrx_word' id='word_1_158' title='bbox 479 1052 521 1078; x_wconf 79' lang='grc' dir='ltr'><strong>ὅτι</strong></span> <span class='ocrx_word' id='word_1_159' title='bbox 533 1053 547 1078; x_wconf 87' lang='grc' dir='ltr'><strong>ὁ</strong></span> <span class='ocrx_word' id='word_1_160' title='bbox 563 1052 629 1083; x_wconf 77' lang='grc' dir='ltr'><em>Θεὸς</em></span> <span class='ocrx_word' id='word_1_161' title='bbox 645 1051 746 1084; x_wconf 78' lang='grc' dir='ltr'><strong>ἔκτισε,</strong></span> <span class='ocrx_word' id='word_1_162' title='bbox 763 1051 810 1077; x_wconf 76' lang='grc' dir='ltr'><strong>καὶ</strong></span> <span class='ocrx_word' id='word_1_163' title='bbox 823 1049 900 1078; x_wconf 80' lang='grc' dir='ltr'><em>εἶπεν</em></span> 
     </span>
    </p>
   </div>
   <div class='ocr_carea' id='block_1_22' title="bbox 105 1095 900 1133">
    <p class='ocr_par' dir='ltr' id='par_1_22' title="bbox 105 1095 900 1133">
     <span class='ocr_line' id='line_1_22' title="bbox 105 1095 900 1133; baseline -0.003 -8"><span class='ocrx_word' id='word_1_164' title='bbox 105 1100 120 1125; x_wconf 82' lang='grc' dir='ltr'>ὁ</span> <span class='ocrx_word' id='word_1_165' title='bbox 142 1098 238 1133; x_wconf 64' lang='grc' dir='ltr'><strong>Ἀδάμ⁵</strong></span> <span class='ocrx_word' id='word_1_166' title='bbox 269 1098 361 1125; x_wconf 86' lang='grc' dir='ltr'><em>Τοῦτο</em></span> <span class='ocrx_word' id='word_1_167' title='bbox 383 1098 495 1124; x_wconf 82' lang='grc' dir='ltr'><em>ὀστοῦν</em></span> <span class='ocrx_word' id='word_1_168' title='bbox 508 1098 543 1124; x_wconf 78' lang='grc' dir='ltr'><strong>ἐκ</strong></span> <span class='ocrx_word' id='word_1_169' title='bbox 563 1097 622 1124; x_wconf 78' lang='grc' dir='ltr'><strong>τῶν</strong></span> <span class='ocrx_word' id='word_1_170' title='bbox 639 1097 739 1124; x_wconf 83' lang='grc' dir='ltr'><em>ὀστῶν</em></span> <span class='ocrx_word' id='word_1_171' title='bbox 751 1105 822 1132; x_wconf 82' lang='grc' dir='ltr'><em>μου,</em></span> <span class='ocrx_word' id='word_1_172' title='bbox 851 1095 900 1124; x_wconf 75' lang='grc' dir='ltr'><em>καὶ</em></span> 
     </span>
    </p>
   </div>
   <div class='ocr_carea' id='block_1_23' title="bbox 106 1141 900 1176">
    <p class='ocr_par' dir='ltr' id='par_1_23' title="bbox 106 1141 900 1176">
     <span class='ocr_line' id='line_1_23' title="bbox 106 1141 900 1176; baseline -0.003 -7"><span class='ocrx_word' id='word_1_173' title='bbox 106 1142 186 1176; x_wconf 79' lang='grc' dir='ltr'><em>σὰρξ</em></span> <span class='ocrx_word' id='word_1_174' title='bbox 196 1142 231 1168; x_wconf 76' lang='grc' dir='ltr'><em>ἐκ</em></span> <span class='ocrx_word' id='word_1_175' title='bbox 256 1142 317 1168; x_wconf 86' lang='grc' dir='ltr'><em>τῶν</em></span> <span class='ocrx_word' id='word_1_176' title='bbox 330 1141 452 1176; x_wconf 80' lang='grc' dir='ltr'><em>σαρκῶν</em></span> <span class='ocrx_word' id='word_1_177' title='bbox 465 1150 535 1176; x_wconf 82' lang='grc' dir='ltr'><em>μου·</em></span> <span class='ocrx_word' id='word_1_178' title='bbox 549 1142 606 1173; x_wconf 72' lang='grc' dir='ltr'><em>καὶ,</em></span> <span class='ocrx_word' id='word_1_179' title='bbox 628 1141 707 1168; x_wconf 70' lang='grc' dir='ltr'><em>Ἀντί</em></span> <span class='ocrx_word' id='word_1_180' title='bbox 730 1141 837 1168; x_wconf 85' lang='grc' dir='ltr'><em>τούτου</em></span> <span class='ocrx_word' id='word_1_181' title='bbox 848 1149 900 1168; x_wconf 84' lang='grc' dir='ltr'><em>κα-</em></span> 
     </span>
    </p>
   </div>
   <div class='ocr_carea' id='block_1_24' title="bbox 107 1186 902 1223">
    <p class='ocr_par' dir='ltr' id='par_1_24' title="bbox 107 1186 902 1223">
     <span class='ocr_line' id='line_1_24' title="bbox 107 1186 902 1223; baseline -0.001 -9"><span class='ocrx_word' id='word_1_182' title='bbox 107 1189 245 1222; x_wconf 70' lang='grc' dir='ltr'><em>ταλείψει</em></span> <span class='ocrx_word' id='word_1_183' title='bbox 270 1188 434 1223; x_wconf 75' lang='grc' dir='ltr'><em>ἅνθρωπος·</em></span> <span class='ocrx_word' id='word_1_184' title='bbox 460 1188 508 1214; x_wconf 78' lang='grc' dir='ltr'><strong>καὶ</strong></span> <span class='ocrx_word' id='word_1_185' title='bbox 533 1188 574 1214; x_wconf 78' lang='grc' dir='ltr'><strong>ὅτι</strong></span> <span class='ocrx_word' id='word_1_186' title='bbox 598 1187 806 1222; x_wconf 77' lang='grc' dir='ltr'><em>’ῼκοδόμησεν</em></span> <span class='ocrx_word' id='word_1_187' title='bbox 821 1186 902 1219; x_wconf 80' lang='grc' dir='ltr'><em>αὐτῷ</em></span> 
     </span>
    </p>
   </div>
   <div class='ocr_carea' id='block_1_25' title="bbox 107 1232 902 1269">
    <p class='ocr_par' dir='ltr' id='par_1_25' title="bbox 107 1232 902 1269">
     <span class='ocr_line' id='line_1_25' title="bbox 107 1232 902 1269; baseline -0.003 -8"><span class='ocrx_word' id='word_1_188' title='bbox 107 1234 168 1268; x_wconf 83' lang='grc' dir='ltr'><em>τὴν</em></span> <span class='ocrx_word' id='word_1_189' title='bbox 183 1234 318 1268; x_wconf 78' lang='grc' dir='ltr'><em>πλευρὰν</em></span> <span class='ocrx_word' id='word_1_190' title='bbox 330 1235 373 1265; x_wconf 82' lang='grc' dir='ltr'><strong>είς</strong></span> <span class='ocrx_word' id='word_1_191' title='bbox 388 1233 527 1269; x_wconf 76' lang='grc' dir='ltr'><em>γυναῖκα,</em></span> <span class='ocrx_word' id='word_1_192' title='bbox 545 1233 592 1260; x_wconf 72' lang='grc' dir='ltr'><strong>καὶ</strong></span> <span class='ocrx_word' id='word_1_193' title='bbox 606 1233 698 1259; x_wconf 80' lang='grc' dir='ltr'><em>οὐκέτι</em></span> <span class='ocrx_word' id='word_1_194' title='bbox 714 1233 806 1269; x_wconf 72' lang='grc' dir='ltr'><em>ἕτερον</em></span> <span class='ocrx_word' id='word_1_195' title='bbox 827 1232 902 1267; x_wconf 77' lang='grc' dir='ltr'><strong>αὐτῷ</strong></span> 
     </span>
    </p>
   </div>
   <div class='ocr_carea' id='block_1_26' title="bbox 108 1274 903 1315">
    <p class='ocr_par' dir='ltr' id='par_1_26' title="bbox 108 1274 903 1315">
     <span class='ocr_line' id='line_1_26' title="bbox 108 1274 903 1315; baseline -0.004 -10"><span class='ocrx_word' id='word_1_196' title='bbox 108 1279 220 1315; x_wconf 78' lang='grc' dir='ltr'><em>φάσκει,</em></span> <span class='ocrx_word' id='word_1_197' title='bbox 233 1278 300 1306; x_wconf 86' lang='grc' dir='ltr'><em>ἀλλὰ</em></span> <span class='ocrx_word' id='word_1_198' title='bbox 317 1279 466 1314; x_wconf 82' lang='grc' dir='ltr'><em>μυστήριον</em></span> <span class='ocrx_word' id='word_1_199' title='bbox 483 1278 564 1313; x_wconf 86' lang='grc' dir='ltr'><strong>μέγα.</strong></span> <span class='ocrx_word' id='word_1_200' title='bbox 577 1277 632 1304; x_wconf 78' lang='grc' dir='ltr'><strong>Καὶ</strong></span> <span class='ocrx_word' id='word_1_201' title='bbox 651 1278 675 1303; x_wconf 84' lang='grc' dir='ltr'><strong>εί</strong></span> <span class='ocrx_word' id='word_1_202' title='bbox 694 1277 742 1311; x_wconf 79' lang='grc' dir='ltr'><em>μὲν</em></span> <span class='ocrx_word' id='word_1_203' title='bbox 761 1278 790 1303; x_wconf 78' lang='grc' dir='ltr'><em>ὲν</em></span> <span class='ocrx_word' id='word_1_204' title='bbox 802 1274 903 1312; x_wconf 85' lang='grc' dir='ltr'><em>ἀνθρώ-</em></span> 
     </span>
    </p>
   </div>
   <div class='ocr_carea' id='block_1_27' title="bbox 109 1322 903 1360">
    <p class='ocr_par' dir='ltr' id='par_1_27' title="bbox 109 1322 903 1360">
     <span class='ocr_line' id='line_1_27' title="bbox 109 1322 903 1360; baseline -0.004 -8"><span class='ocrx_word' id='word_1_205' title='bbox 109 1334 154 1360; x_wconf 84' lang='grc' dir='ltr'><em>πῳ</em></span> <span class='ocrx_word' id='word_1_206' title='bbox 168 1325 216 1352; x_wconf 79' lang='grc' dir='ltr'><strong>καὶ</strong></span> <span class='ocrx_word' id='word_1_207' title='bbox 236 1327 346 1359; x_wconf 75' lang='grc' dir='ltr'><strong>γυναικὶ</strong></span> <span class='ocrx_word' id='word_1_208' title='bbox 359 1323 408 1360; x_wconf 81' lang='grc' dir='ltr'><em>τὴν</em></span> <span class='ocrx_word' id='word_1_209' title='bbox 424 1323 532 1356; x_wconf 84' lang='grc' dir='ltr'><strong>πλάσιν,</strong></span> <span class='ocrx_word' id='word_1_210' title='bbox 548 1322 620 1351; x_wconf 78' lang='grc' dir='ltr'><strong>κατὰ</strong></span> <span class='ocrx_word' id='word_1_211' title='bbox 639 1322 667 1349; x_wconf 84' lang='grc' dir='ltr'><strong>δὲ</strong></span> <span class='ocrx_word' id='word_1_212' title='bbox 693 1323 743 1359; x_wconf 81' lang='grc' dir='ltr'><strong>τὴν</strong></span> <span class='ocrx_word' id='word_1_213' title='bbox 758 1322 903 1358; x_wconf 83' lang='grc' dir='ltr'><em>ἀναγωγὴν</em></span> 
     </span>
    </p>
   </div>
   <div class='ocr_carea' id='block_1_28' title="bbox 108 1370 461 1406">
    <p class='ocr_par' dir='ltr' id='par_1_28' title="bbox 108 1370 461 1406">
     <span class='ocr_line' id='line_1_28' title="bbox 108 1370 461 1406; baseline -0.006 -7"><span class='ocrx_word' id='word_1_214' title='bbox 108 1371 145 1399; x_wconf 76' lang='grc' dir='ltr'><strong>δι’</strong></span> <span class='ocrx_word' id='word_1_215' title='bbox 159 1370 323 1406; x_wconf 75' lang='grc' dir='ltr'><strong>ἀλληγορίας</strong></span> <span class='ocrx_word' id='word_1_216' title='bbox 338 1370 461 1405; x_wconf 79' lang='grc' dir='ltr'><em>φέρεται.</em></span> 
     </span>
    </p>
   </div>
   <div class='ocr_carea' id='block_1_29' title="bbox 148 1414 905 1452">
    <p class='ocr_par' dir='ltr' id='par_1_29' title="bbox 148 1414 905 1452">
     <span class='ocr_line' id='line_1_29' title="bbox 148 1414 905 1452; baseline 0 -9"><span class='ocrx_word' id='word_1_217' title='bbox 148 1417 211 1449; x_wconf 82' lang='grc' dir='ltr'><strong>Πῶς</strong></span> <span class='ocrx_word' id='word_1_218' title='bbox 227 1414 274 1443; x_wconf 78' lang='grc' dir='ltr'><em>οὖν</em></span> <span class='ocrx_word' id='word_1_219' title='bbox 289 1416 369 1448; x_wconf 72' lang='grc' dir='ltr'><em>αὐτὸς</em></span> <span class='ocrx_word' id='word_1_220' title='bbox 384 1416 518 1451; x_wconf 79' lang='grc' dir='ltr'><em>βδελυκτά</em></span> <span class='ocrx_word' id='word_1_221' title='bbox 532 1416 640 1452; x_wconf 84' lang='grc' dir='ltr'><em>ἡγεῖται</em></span> <span class='ocrx_word' id='word_1_222' title='bbox 656 1416 703 1443; x_wconf 76' lang='grc' dir='ltr'><strong>καὶ</strong></span> <span class='ocrx_word' id='word_1_223' title='bbox 719 1415 846 1452; x_wconf 81' lang='grc' dir='ltr'><em>ἀλλότρια</em></span> <span class='ocrx_word' id='word_1_224' title='bbox 856 1415 905 1451; x_wconf 82' lang='grc' dir='ltr'><strong>τῆς</strong></span> 
     </span>
    </p>
   </div>
   <div class='ocr_carea' id='block_1_30' title="bbox 110 1461 904 1498">
    <p class='ocr_par' dir='ltr' id='par_1_30' title="bbox 110 1461 904 1498">
     <span class='ocr_line' id='line_1_30' title="bbox 110 1461 904 1498; baseline -0.003 -8"><span class='ocrx_word' id='word_1_225' title='bbox 110 1463 161 1491; x_wconf 78' lang='grc' dir='ltr'><strong>τοῦ</strong></span> <span class='ocrx_word' id='word_1_226' title='bbox 176 1462 244 1489; x_wconf 81' lang='grc' dir='ltr'><em>Θεοῦ</em></span> <span class='ocrx_word' id='word_1_227' title='bbox 260 1461 400 1498; x_wconf 77' lang='grc' dir='ltr'><em>ἀληθείας,</em></span> <span class='ocrx_word' id='word_1_228' title='bbox 425 1463 473 1489; x_wconf 78' lang='grc' dir='ltr'><strong>καὶ</strong></span> <span class='ocrx_word' id='word_1_229' title='bbox 498 1462 550 1489; x_wconf 84' lang='grc' dir='ltr'><strong>ὐπὸ</strong></span> <span class='ocrx_word' id='word_1_230' title='bbox 568 1462 697 1498; x_wconf 85' lang='grc' dir='ltr'><em>ἄρχοντος</em></span> <span class='ocrx_word' id='word_1_231' title='bbox 717 1461 751 1488; x_wconf 80' lang='grc' dir='ltr'><strong>τὰ</strong></span> <span class='ocrx_word' id='word_1_232' title='bbox 765 1462 818 1488; x_wconf 78' lang='grc' dir='ltr'><strong>ὑπὸ</strong></span> <span class='ocrx_word' id='word_1_233' title='bbox 837 1461 904 1488; x_wconf 78' lang='grc' dir='ltr'><em>Θεοῦ</em></span> 
     </span>
    </p>
   </div>
   <div class='ocr_carea' id='block_1_31' title="bbox 110 1506 905 1543">
    <p class='ocr_par' dir='ltr' id='par_1_31' title="bbox 110 1506 905 1543">
     <span class='ocr_line' id='line_1_31' title="bbox 110 1506 905 1543; baseline -0.004 -7"><span class='ocrx_word' id='word_1_234' title='bbox 110 1507 255 1536; x_wconf 65' lang='grc' dir='ltr'><em>κεκτίσθαι</em></span> <span class='ocrx_word' id='word_1_235' title='bbox 275 1506 454 1542; x_wconf 79' lang='grc' dir='ltr'><strong>βλασφημῶν,</strong></span> <span class='ocrx_word' id='word_1_236' title='bbox 472 1507 520 1534; x_wconf 79' lang='grc' dir='ltr'><strong>καὶ</strong></span> <span class='ocrx_word' id='word_1_237' title='bbox 537 1507 703 1543; x_wconf 83' lang='grc' dir='ltr'><strong>παραφέρων</strong></span> <span class='ocrx_word' id='word_1_238' title='bbox 719 1507 768 1542; x_wconf 83' lang='grc' dir='ltr'><em>τὴν</em></span> <span class='ocrx_word' id='word_1_239' title='bbox 785 1506 905 1534; x_wconf 84' lang='grc' dir='ltr'><em>διάνοιαν</em></span> 
     </span>
    </p>
   </div>
   <div class='ocr_carea' id='block_1_32' title="bbox 107 1549 906 1588">
    <p class='ocr_par' dir='ltr' id='par_1_32' title="bbox 107 1549 906 1588">
     <span class='ocr_line' id='line_1_32' title="bbox 107 1549 906 1588; baseline 0 -9"><span class='ocrx_word' id='word_1_240' title='bbox 107 1553 168 1580; x_wconf 75' lang='grc' dir='ltr'><strong>ἀπὸ</strong></span> <span class='ocrx_word' id='word_1_241' title='bbox 182 1553 232 1587; x_wconf 83' lang='grc' dir='ltr'><strong>τῆς</strong></span> <span class='ocrx_word' id='word_1_242' title='bbox 247 1551 393 1587; x_wconf 84' lang='grc' dir='ltr'><em>ἁληθείας;</em></span> <span class='ocrx_word' id='word_1_243' title='bbox 418 1549 486 1579; x_wconf 77' lang='grc' dir='ltr'><em>Εἶτά</em></span> <span class='ocrx_word' id='word_1_244' title='bbox 505 1561 596 1588; x_wconf 86' lang='grc' dir='ltr'><em>φησιν·</em></span> <span class='ocrx_word' id='word_1_245' title='bbox 628 1552 737 1588; x_wconf 84' lang='grc' dir='ltr'><strong>Ἐπειδὴ</strong></span> <span class='ocrx_word' id='word_1_246' title='bbox 754 1553 801 1579; x_wconf 79' lang='grc' dir='ltr'><strong>ἀπ’</strong></span> <span class='ocrx_word' id='word_1_247' title='bbox 817 1552 906 1588; x_wconf 83' lang='grc' dir='ltr'><em>ἀρχῆς</em></span> 
     </span>
    </p>
   </div>
   <div class='ocr_carea' id='block_1_33' title="bbox 111 1597 906 1636">
    <p class='ocr_par' dir='ltr' id='par_1_33' title="bbox 111 1597 906 1636">
     <span class='ocr_line' id='line_1_33' title="bbox 111 1597 906 1636; baseline -0.003 -10"><span class='ocrx_word' id='word_1_248' title='bbox 111 1601 131 1636; x_wconf 76' lang='grc' dir='ltr'><strong>ἡ</strong></span> <span class='ocrx_word' id='word_1_249' title='bbox 142 1599 216 1635; x_wconf 78' lang='grc' dir='ltr'><strong>ψυχὴ</strong></span> <span class='ocrx_word' id='word_1_250' title='bbox 230 1598 439 1626; x_wconf 80' lang='grc' dir='ltr'><strong>ἀποσπασθεῖσα</strong></span> <span class='ocrx_word' id='word_1_251' title='bbox 455 1598 559 1626; x_wconf 81' lang='grc' dir='ltr'><em>ἄνωθεν</em></span> <span class='ocrx_word' id='word_1_252' title='bbox 573 1598 661 1633; x_wconf 79' lang='grc' dir='ltr'><em>θλίψιν</em></span> <span class='ocrx_word' id='word_1_253' title='bbox 680 1598 791 1633; x_wconf 74' lang='grc' dir='ltr'><em>ἐμποιεῖ</em></span> <span class='ocrx_word' id='word_1_254' title='bbox 803 1599 836 1633; x_wconf 82' lang='grc' dir='ltr'><em>τῇ</em></span> <span class='ocrx_word' id='word_1_255' title='bbox 850 1597 906 1624; x_wconf 76' lang='grc' dir='ltr'><strong>ἄνω</strong></span> 
     </span>
    </p>
   </div>
   <div class='ocr_carea' id='block_1_34' title="bbox 111 1642 908 1681">
    <p class='ocr_par' dir='ltr' id='par_1_34' title="bbox 111 1642 908 1681">
     <span class='ocr_line' id='line_1_34' title="bbox 111 1642 908 1681; baseline -0.005 -8"><span class='ocrx_word' id='word_1_256' title='bbox 111 1645 239 1681; x_wconf 75' lang='grc' dir='ltr'><strong>δυνάμει,</strong></span> <span class='ocrx_word' id='word_1_257' title='bbox 257 1644 301 1671; x_wconf 81' lang='grc' dir='ltr'><strong>διὰ</strong></span> <span class='ocrx_word' id='word_1_258' title='bbox 324 1644 404 1671; x_wconf 79' lang='grc' dir='ltr'><em>τοῦτο</em></span> <span class='ocrx_word' id='word_1_259' title='bbox 427 1643 555 1677; x_wconf 83' lang='grc' dir='ltr'><em>καθάπαξ</em></span> <span class='ocrx_word' id='word_1_260' title='bbox 572 1643 742 1676; x_wconf 77' lang='grc' dir='ltr'><em>ἀποστέλλει,</em></span> <span class='ocrx_word' id='word_1_261' title='bbox 767 1643 815 1670; x_wconf 75' lang='grc' dir='ltr'><strong>καὶ</strong></span> <span class='ocrx_word' id='word_1_262' title='bbox 838 1642 908 1678; x_wconf 83' lang='grc' dir='ltr'><em>συλᾷ</em></span> 
     </span>
    </p>
   </div>
   <div class='ocr_carea' id='block_1_35' title="bbox 113 1687 907 1725">
    <p class='ocr_par' dir='ltr' id='par_1_35' title="bbox 113 1687 907 1725">
     <span class='ocr_line' id='line_1_35' title="bbox 113 1687 907 1725; baseline -0.004 -8"><span class='ocrx_word' id='word_1_263' title='bbox 113 1690 168 1717; x_wconf 80' lang='grc' dir='ltr'><strong>ἀπὸ</strong></span> <span class='ocrx_word' id='word_1_264' title='bbox 180 1690 234 1716; x_wconf 83' lang='grc' dir='ltr'><strong>τῶν</strong></span> <span class='ocrx_word' id='word_1_265' title='bbox 245 1689 383 1725; x_wconf 78' lang='grc' dir='ltr'><strong>ἀρχόντων</strong></span> <span class='ocrx_word' id='word_1_266' title='bbox 397 1689 428 1716; x_wconf 81' lang='grc' dir='ltr'><strong>τὺ</strong></span> <span class='ocrx_word' id='word_1_267' title='bbox 442 1689 567 1724; x_wconf 75' lang='grc' dir='ltr'><em>λείψανον</em></span> <span class='ocrx_word' id='word_1_268' title='bbox 578 1689 609 1715; x_wconf 81' lang='grc' dir='ltr'><strong>τὸ</strong></span> <span class='ocrx_word' id='word_1_269' title='bbox 625 1687 734 1719; x_wconf 82' lang='grc' dir='ltr'><em>ἑαυτοῦ,</em></span> <span class='ocrx_word' id='word_1_270' title='bbox 756 1689 824 1724; x_wconf 83' lang='grc' dir='ltr'><em>ὅπερ</em></span> <span class='ocrx_word' id='word_1_271' title='bbox 834 1688 907 1714; x_wconf 70' lang='grc' dir='ltr'><em>ἐστὶν</em></span> 
     </span>
    </p>
   </div>
   <div class='ocr_carea' id='block_1_36' title="bbox 114 1731 908 1771">
    <p class='ocr_par' dir='ltr' id='par_1_36' title="bbox 114 1731 908 1771">
     <span class='ocr_line' id='line_1_36' title="bbox 114 1731 908 1771; baseline -0.004 -10"><span class='ocrx_word' id='word_1_272' title='bbox 114 1737 133 1771; x_wconf 78' lang='grc' dir='ltr'><strong>ἡ</strong></span> <span class='ocrx_word' id='word_1_273' title='bbox 147 1735 232 1770; x_wconf 74' lang='grc' dir='ltr'><strong>ψυχὴ,</strong></span> <span class='ocrx_word' id='word_1_274' title='bbox 257 1734 301 1761; x_wconf 83' lang='grc' dir='ltr'><strong>διὰ</strong></span> <span class='ocrx_word' id='word_1_275' title='bbox 315 1734 429 1761; x_wconf 73' lang='grc' dir='ltr'><strong>τουτωνὶ</strong></span> <span class='ocrx_word' id='word_1_276' title='bbox 442 1734 497 1760; x_wconf 78' lang='grc' dir='ltr'><em>τῶν</em></span> <span class='ocrx_word' id='word_1_277' title='bbox 513 1734 675 1769; x_wconf 79' lang='grc' dir='ltr'><em>φωστήρων.</em></span> <span class='ocrx_word' id='word_1_278' title='bbox 690 1733 814 1767; x_wconf 83' lang='grc' dir='ltr'><em>Μεγάλαι</em></span> <span class='ocrx_word' id='word_1_279' title='bbox 829 1731 908 1768; x_wconf 83' lang='grc' dir='ltr'><em>ἡμῶν</em></span> 
     </span>
    </p>
   </div>
   <div class='ocr_carea' id='block_1_37' title="bbox 112 1777 908 1815">
    <p class='ocr_par' dir='ltr' id='par_1_37' title="bbox 112 1777 908 1815">
     <span class='ocr_line' id='line_1_37' title="bbox 112 1777 908 1815; baseline -0.006 -7"><span class='ocrx_word' id='word_1_280' title='bbox 112 1783 145 1811; x_wconf 82' lang='grc' dir='ltr'><em>αι</em></span> <span class='ocrx_word' id='word_1_281' title='bbox 162 1781 278 1813; x_wconf 74' lang='grc' dir='ltr'><em>ἐλπίδες,</em></span> <span class='ocrx_word' id='word_1_282' title='bbox 295 1781 342 1808; x_wconf 77' lang='grc' dir='ltr'><strong>καὶ</strong></span> <span class='ocrx_word' id='word_1_283' title='bbox 364 1779 468 1815; x_wconf 85' lang='grc' dir='ltr'><em>μεγάλη</em></span> <span class='ocrx_word' id='word_1_284' title='bbox 491 1779 570 1815; x_wconf 84' lang='grc' dir='ltr'><em>ἡμῶν</em></span> <span class='ocrx_word' id='word_1_285' title='bbox 584 1779 601 1814; x_wconf 83' lang='grc' dir='ltr'><strong>ἡ</strong></span> <span class='ocrx_word' id='word_1_286' title='bbox 622 1778 782 1813; x_wconf 81' lang='grc' dir='ltr'><em>καραδοκια,</em></span> <span class='ocrx_word' id='word_1_287' title='bbox 800 1777 842 1804; x_wconf 83' lang='grc' dir='ltr'><em>ὅτι</em></span> <span class='ocrx_word' id='word_1_288' title='bbox 857 1777 908 1804; x_wconf 80' lang='grc' dir='ltr'><strong>οὐκ</strong></span> 
     </span>
    </p>
   </div>
   <div class='ocr_carea' id='block_1_38' title="bbox 116 1822 908 1863">
    <p class='ocr_par' dir='ltr' id='par_1_38' title="bbox 116 1822 908 1863">
     <span class='ocr_line' id='line_1_38' title="bbox 116 1822 908 1863; baseline -0.006 -9"><span class='ocrx_word' id='word_1_289' title='bbox 116 1827 207 1863; x_wconf 83' lang='grc' dir='ltr'><em>ἰσχύει</em></span> <span class='ocrx_word' id='word_1_290' title='bbox 223 1827 238 1853; x_wconf 84' lang='grc' dir='ltr'><strong>ὁ</strong></span> <span class='ocrx_word' id='word_1_291' title='bbox 249 1825 315 1857; x_wconf 84' lang='grc' dir='ltr'><strong>Θεὸς</strong></span> <span class='ocrx_word' id='word_1_292' title='bbox 330 1826 344 1852; x_wconf 86' lang='grc'>6</span> <span class='ocrx_word' id='word_1_293' title='bbox 362 1825 475 1859; x_wconf 78' lang='grc' dir='ltr'><em>ἀγαθὸς,</em></span> <span class='ocrx_word' id='word_1_294' title='bbox 493 1824 539 1851; x_wconf 77' lang='grc' dir='ltr'><strong>καὶ</strong></span> <span class='ocrx_word' id='word_1_295' title='bbox 555 1823 621 1855; x_wconf 84' lang='grc' dir='ltr'><em>ζῶν,</em></span> <span class='ocrx_word' id='word_1_296' title='bbox 631 1823 678 1850; x_wconf 83' lang='grc' dir='ltr'><strong>καὶ</strong></span> <span class='ocrx_word' id='word_1_297' title='bbox 692 1822 803 1855; x_wconf 73' lang='grc' dir='ltr'><em>δυνατὸς</em></span> <span class='ocrx_word' id='word_1_298' title='bbox 811 1822 908 1854; x_wconf 85' lang='grc' dir='ltr'><em>σῶσαι.</em></span> 
     </span>
    </p>
   </div>
   <div class='ocr_carea' id='block_1_39' title="bbox 113 1868 910 1908">
    <p class='ocr_par' dir='ltr' id='par_1_39' title="bbox 113 1868 910 1908">
     <span class='ocr_line' id='line_1_39' title="bbox 113 1868 910 1908; baseline -0.009 -7"><span class='ocrx_word' id='word_1_299' title='bbox 113 1874 147 1901; x_wconf 86' lang='grc' dir='ltr'><em>οὐ</em></span> <span class='ocrx_word' id='word_1_300' title='bbox 161 1873 232 1907; x_wconf 88' lang='grc' dir='ltr'><em>λέγω</em></span> <span class='ocrx_word' id='word_1_301' title='bbox 250 1871 298 1908; x_wconf 74' lang='grc' dir='ltr'><em>τὴν</em></span> <span class='ocrx_word' id='word_1_302' title='bbox 313 1870 409 1898; x_wconf 77' lang='grc' dir='ltr'><strong>ἑαυτοῦ</strong></span> <span class='ocrx_word' id='word_1_303' title='bbox 431 1870 546 1905; x_wconf 83' lang='grc' dir='ltr'><em>δύναμιν</em></span> <span class='ocrx_word' id='word_1_304' title='bbox 559 1868 607 1905; x_wconf 72' lang='grc' dir='ltr'><strong>τὴν</strong></span> <span class='ocrx_word' id='word_1_305' title='bbox 623 1869 652 1903; x_wconf 76' lang='grc' dir='ltr'><strong>ἐξ</strong></span> <span class='ocrx_word' id='word_1_306' title='bbox 665 1869 748 1896; x_wconf 81' lang='grc' dir='ltr'><em>αὐτοῦ</em></span> <span class='ocrx_word' id='word_1_307' title='bbox 770 1868 910 1904; x_wconf 78' lang='grc' dir='ltr'><em>ἐσπασμέ-</em></span> 
     </span>
    </p>
   </div>
   <div class='ocr_carea' id='block_1_40' title="bbox 115 1913 910 1955">
    <p class='ocr_par' dir='ltr' id='par_1_40' title="bbox 115 1913 910 1955">
     <span class='ocr_line' id='line_1_40' title="bbox 115 1913 910 1955; baseline -0.006 -10"><span class='ocrx_word' id='word_1_308' title='bbox 115 1927 177 1955; x_wconf 81' lang='grc' dir='ltr'><em>νην,</em></span> <span class='ocrx_word' id='word_1_309' title='bbox 193 1917 262 1945; x_wconf 85' lang='grc' dir='ltr'><em>ἀλλὰ</em></span> <span class='ocrx_word' id='word_1_310' title='bbox 272 1917 306 1944; x_wconf 82' lang='grc' dir='ltr'><em>τὰ</em></span> <span class='ocrx_word' id='word_1_311' title='bbox 319 1917 365 1944; x_wconf 81' lang='grc' dir='ltr'><strong>ὑπ’</strong></span> <span class='ocrx_word' id='word_1_312' title='bbox 393 1916 474 1943; x_wconf 80' lang='grc' dir='ltr'><em>αὑτοῦ</em></span> <span class='ocrx_word' id='word_1_313' title='bbox 492 1915 664 1950; x_wconf 82' lang='grc' dir='ltr'><em>γεγενημένα</em></span> <span class='ocrx_word' id='word_1_314' title='bbox 683 1915 731 1942; x_wconf 81' lang='grc' dir='ltr'><strong>καὶ</strong></span> <span class='ocrx_word' id='word_1_315' title='bbox 753 1913 910 1949; x_wconf 83' lang='grc' dir='ltr'><em>πεπλασμέ-</em></span> 
     </span>
    </p>
   </div>
   <div class='ocr_carea' id='block_1_41' title="bbox 115 1959 911 1999">
    <p class='ocr_par' dir='ltr' id='par_1_41' title="bbox 115 1959 911 1999">
     <span class='ocr_line' id='line_1_41' title="bbox 115 1959 911 1999; baseline -0.005 -9"><span class='ocrx_word' id='word_1_316' title='bbox 115 1973 160 1997; x_wconf 87' lang='grc' dir='ltr'><strong>να,</strong></span> <span class='ocrx_word' id='word_1_317' title='bbox 177 1963 225 1990; x_wconf 81' lang='grc' dir='ltr'><strong>ὲὰν</strong></span> <span class='ocrx_word' id='word_1_318' title='bbox 246 1963 283 1999; x_wconf 86' lang='grc' dir='ltr'><em>μὴ</em></span> <span class='ocrx_word' id='word_1_319' title='bbox 296 1962 328 1989; x_wconf 85' lang='grc' dir='ltr'><strong>δι’</strong></span> <span class='ocrx_word' id='word_1_320' title='bbox 341 1962 422 1990; x_wconf 78' lang='grc' dir='ltr'><em>ἄλλου</em></span> <span class='ocrx_word' id='word_1_321' title='bbox 437 1962 509 1994; x_wconf 85' lang='grc' dir='ltr'><em>τινδς</em></span> <span class='ocrx_word' id='word_1_322' title='bbox 523 1961 636 1996; x_wconf 83' lang='grc' dir='ltr'><em>τρόπου,</em></span> <span class='ocrx_word' id='word_1_323' title='bbox 649 1961 696 1987; x_wconf 75' lang='grc' dir='ltr'><strong>καὶ</strong></span> <span class='ocrx_word' id='word_1_324' title='bbox 704 1959 831 1997; x_wconf 83' lang='grc' dir='ltr'><em>λῃστείας</em></span> <span class='ocrx_word' id='word_1_325' title='bbox 844 1968 911 1995; x_wconf 85' lang='grc' dir='ltr'><strong>κρυ-</strong></span> 
     </span>
    </p>
   </div>
   <div class='ocr_carea' id='block_1_42' title="bbox 117 2005 911 2045">
    <p class='ocr_par' dir='ltr' id='par_1_42' title="bbox 117 2005 911 2045">
     <span class='ocr_line' id='line_1_42' title="bbox 117 2005 911 2045; baseline -0.006 -9"><span class='ocrx_word' id='word_1_326' title='bbox 117 2010 156 2045; x_wconf 80' lang='grc' dir='ltr'><strong>φῆ</strong></span> <span class='ocrx_word' id='word_1_327' title='bbox 173 2009 291 2045; x_wconf 82' lang='grc' dir='ltr'><em>συλήσας</em></span> <span class='ocrx_word' id='word_1_328' title='bbox 313 2009 362 2044; x_wconf 85' lang='grc' dir='ltr'><em>τὴν</em></span> <span class='ocrx_word' id='word_1_329' title='bbox 387 2008 435 2035; x_wconf 78' lang='grc' dir='ltr'><strong>ἀπ’</strong></span> <span class='ocrx_word' id='word_1_330' title='bbox 449 2006 531 2034; x_wconf 83' lang='grc' dir='ltr'><em>αὐτοῦ</em></span> <span class='ocrx_word' id='word_1_331' title='bbox 561 2006 778 2042; x_wconf 80' lang='grc' dir='ltr'><em>ἀπεσπασμένην</em></span> <span class='ocrx_word' id='word_1_332' title='bbox 797 2005 911 2040; x_wconf 84' lang='grc' dir='ltr'><em>δύναμιν</em></span> 
     </span>
    </p>
   </div>
   <div class='ocr_carea' id='block_1_43' title="bbox 118 2048 910 2090">
    <p class='ocr_par' dir='ltr' id='par_1_43' title="bbox 118 2048 910 2090">
     <span class='ocr_line' id='line_1_43' title="bbox 118 2048 910 2090; baseline -0.006 -7"><span class='ocrx_word' id='word_1_333' title='bbox 118 2056 173 2084; x_wconf 73' lang='grc' dir='ltr'><strong>ἀπὸ</strong></span> <span class='ocrx_word' id='word_1_334' title='bbox 190 2055 246 2082; x_wconf 83' lang='grc' dir='ltr'><strong>τῶν</strong></span> <span class='ocrx_word' id='word_1_335' title='bbox 267 2053 448 2090; x_wconf 78' lang='grc' dir='ltr'><em>ἐπουρανίων,</em></span> <span class='ocrx_word' id='word_1_336' title='bbox 468 2052 661 2089; x_wconf 80' lang='grc' dir='ltr'><em>ὡςὸάγύρτης</em></span> <span class='ocrx_word' id='word_1_337' title='bbox 679 2048 756 2084; x_wconf 71' lang='grc' dir='ltr'><em>οὗτος</em></span> <span class='ocrx_word' id='word_1_338' title='bbox 769 2051 855 2087; x_wconf 82' lang='grc' dir='ltr'><em>λέγει,</em></span> <span class='ocrx_word' id='word_1_339' title='bbox 879 2052 910 2078; x_wconf 85' lang='grc' dir='ltr'><em>οὐ</em></span> 
     </span>
    </p>
   </div>
   <div class='ocr_carea' id='block_1_44' title="bbox 118 2100 434 2136">
    <p class='ocr_par' dir='ltr' id='par_1_44' title="bbox 118 2100 434 2136">
     <span class='ocr_line' id='line_1_44' title="bbox 118 2100 434 2136; baseline -0.006 -8"><span class='ocrx_word' id='word_1_340' title='bbox 118 2102 231 2128; x_wconf 76' lang='grc' dir='ltr'><em>δύναται</em></span> <span class='ocrx_word' id='word_1_341' title='bbox 246 2101 319 2136; x_wconf 78' lang='grc' dir='ltr'><em>ἡμᾶς</em></span> <span class='ocrx_word' id='word_1_342' title='bbox 336 2100 434 2127; x_wconf 87' lang='grc' dir='ltr'><em>σῶσαι.</em></span> 
     </span>
    </p>
   </div>
   <div class='ocr_carea' id='block_1_45' title="bbox 911 126 1726 172">
    <p class='ocr_par' dir='ltr' id='par_1_45' title="bbox 911 126 1726 172">
     <span class='ocr_line' id='line_1_45' title="bbox 911 126 1726 172; baseline 0.001 -4"><span class='ocrx_word' id='word_1_343' title='bbox 911 141 940 169; x_wconf 91' lang='lat' dir='ltr'><strong>ll.</strong></span> <span class='ocrx_word' id='word_1_344' title='bbox 963 142 1046 172; x_wconf 61' lang='lat' dir='ltr'><strong>rost.</strong></span> <span class='ocrx_word' id='word_1_345' title='bbox 1067 142 1136 172; x_wconf 88' lang='lat' dir='ltr'><strong>tl.-—</strong></span> <span class='ocrx_word' id='word_1_346' title='bbox 1154 143 1291 172; x_wconf 53' lang='lat' dir='ltr'><strong>naues.</strong></span> <span class='ocrx_word' id='word_1_347' title='bbox 1315 142 1407 171; x_wconf 72' lang='lat' dir='ltr'><strong>LXVI.</strong></span> <span class='ocrx_word' id='word_1_348' title='bbox 1674 126 1726 170; x_wconf 81' lang='grc' dir='ltr'><strong>ιιι</strong></span> 
     </span>
    </p>
   </div>
   <div class='ocr_carea' id='block_1_46' title="bbox 907 196 1725 236">
    <p class='ocr_par' dir='ltr' id='par_1_46' title="bbox 907 196 1725 236">
     <span class='ocr_line' id='line_1_46' title="bbox 907 196 1725 236; baseline -0.005 -7"><span class='ocrx_word' id='word_1_349' title='bbox 907 201 927 229; x_wconf 75' lang='grc' dir='ltr'><strong>Α</strong></span> <span class='ocrx_word' id='word_1_350' title='bbox 942 205 968 227; x_wconf 88' lang='lat' dir='ltr'><strong>et</strong></span> <span class='ocrx_word' id='word_1_351' title='bbox 983 200 1111 228; x_wconf 80' lang='lat' dir='ltr'><strong>Dominus</strong></span> <span class='ocrx_word' id='word_1_352' title='bbox 1135 201 1192 236; x_wconf 85' lang='lat' dir='ltr'><strong>ipse</strong></span> <span class='ocrx_word' id='word_1_353' title='bbox 1207 201 1234 228; x_wconf 93' lang='lat' dir='ltr'><strong>in</strong></span> <span class='ocrx_word' id='word_1_354' title='bbox 1249 200 1394 235; x_wconf 75' lang='lat' dir='ltr'><strong>Erangelio</strong></span> <span class='ocrx_word' id='word_1_355' title='bbox 1409 199 1484 226; x_wconf 91' lang='lat' dir='ltr'><strong>illum</strong></span> <span class='ocrx_word' id='word_1_356' title='bbox 1511 197 1656 233; x_wconf 79' lang='lat' dir='ltr'><strong>redarguit.</strong></span> <span class='ocrx_word' id='word_1_357' title='bbox 1673 196 1725 231; x_wconf 83' lang='lat' dir='ltr'><strong>Qui</strong></span> 
     </span>
    </p>
   </div>
   <div class='ocr_carea' id='block_1_47' title="bbox 942 243 1728 281">
    <p class='ocr_par' dir='ltr' id='par_1_47' title="bbox 942 243 1728 281">
     <span class='ocr_line' id='line_1_47' title="bbox 942 243 1728 281; baseline -0.005 -9"><span class='ocrx_word' id='word_1_358' title='bbox 942 253 1004 273; x_wconf 93' lang='lat' dir='ltr'><strong>cum</strong></span> <span class='ocrx_word' id='word_1_359' title='bbox 1037 245 1165 274; x_wconf 73' lang='lat' dir='ltr'><strong>Phariszei</strong></span> <span class='ocrx_word' id='word_1_360' title='bbox 1191 247 1226 273; x_wconf 86' lang='lat' dir='ltr'><strong>ita</strong></span> <span class='ocrx_word' id='word_1_361' title='bbox 1263 247 1461 281; x_wconf 87' lang='lat' dir='ltr'><strong>loquerentur:</strong></span> <span class='ocrx_word' id='word_1_362' title='bbox 1484 243 1544 270; x_wconf 78' lang='lat' dir='ltr'><strong>Non</strong></span> <span class='ocrx_word' id='word_1_363' title='bbox 1569 249 1606 271; x_wconf 80' lang='lat' dir='ltr'><strong>est</strong></span> <span class='ocrx_word' id='word_1_364' title='bbox 1631 243 1728 270; x_wconf 81' lang='lat' dir='ltr'><strong>bonum</strong></span> 
     </span>
    </p>
   </div>
   <div class='ocr_carea' id='block_1_48' title="bbox 941 279 1728 324">
    <p class='ocr_par' dir='ltr' id='par_1_48' title="bbox 941 279 1728 324">
     <span class='ocr_line' id='line_1_48' title="bbox 941 279 1728 324; baseline -0.004 -8"><span class='ocrx_word' id='word_1_365' title='bbox 941 290 1071 317; x_wconf 70' lang='lat' dir='ltr'><strong>hominem</strong></span> <span class='ocrx_word' id='word_1_366' title='bbox 1084 299 1139 318; x_wconf 75' lang='lat' dir='ltr'><strong>esse</strong></span> <span class='ocrx_word' id='word_1_367' title='bbox 1155 291 1238 318; x_wconf 82' lang='lat' dir='ltr'><strong>solum</strong></span> <span class='ocrx_word' id='word_1_368' title='bbox 1249 293 1279 323; x_wconf 82' lang='lat'><strong>&#39;;</strong></span> <span class='ocrx_word' id='word_1_369' title='bbox 1296 279 1333 322; x_wconf 75' lang='lat' dir='ltr'><strong>et,</strong></span> <span class='ocrx_word' id='word_1_370' title='bbox 1355 289 1461 324; x_wconf 74' lang='lat' dir='ltr'><strong>Moyses</strong></span> <span class='ocrx_word' id='word_1_371' title='bbox 1473 289 1555 323; x_wconf 73' lang='lat' dir='ltr'><strong>jussit</strong></span> <span class='ocrx_word' id='word_1_372' title='bbox 1571 288 1635 314; x_wconf 74' lang='lat' dir='ltr'><strong>dare</strong></span> <span class='ocrx_word' id='word_1_373' title='bbox 1649 279 1728 314; x_wconf 75' lang='lat' dir='ltr'><strong>libel-</strong></span> 
     </span>
    </p>
   </div>
   <div class='ocr_carea' id='block_1_49' title="bbox 944 333 1727 370">
    <p class='ocr_par' dir='ltr' id='par_1_49' title="bbox 944 333 1727 370">
     <span class='ocr_line' id='line_1_49' title="bbox 944 333 1727 370; baseline -0.001 -9"><span class='ocrx_word' id='word_1_374' title='bbox 944 335 998 362; x_wconf 83' lang='lat' dir='ltr'><strong>lum</strong></span> <span class='ocrx_word' id='word_1_375' title='bbox 1024 335 1137 370; x_wconf 77' lang='lat' dir='ltr'><strong>repudii,</strong></span> <span class='ocrx_word' id='word_1_376' title='bbox 1158 342 1181 363; x_wconf 86' lang='lat' dir='ltr'><strong>et</strong></span> <span class='ocrx_word' id='word_1_377' title='bbox 1203 336 1297 370; x_wconf 76' lang='lat' dir='ltr'><strong>ejicere</strong></span> <span class='ocrx_word' id='word_1_378' title='bbox 1317 343 1426 362; x_wconf 76' lang='lat' dir='ltr'><strong>uxorem</strong></span> <span class='ocrx_word' id='word_1_379' title='bbox 1443 355 1449 366; x_wconf 83' lang='lat'><strong>.</strong></span> <span class='ocrx_word' id='word_1_380' title='bbox 1467 335 1507 361; x_wconf 86' lang='lat' dir='ltr'><strong>sic</strong></span> <span class='ocrx_word' id='word_1_381' title='bbox 1527 333 1594 360; x_wconf 82' lang='lat' dir='ltr'><strong>istos</strong></span> <span class='ocrx_word' id='word_1_382' title='bbox 1607 333 1727 360; x_wconf 81' lang='lat' dir='ltr'><strong>refellit:</strong></span> 
     </span>
    </p>
   </div>
   <div class='ocr_carea' id='block_1_50' title="bbox 942 377 1729 415">
    <p class='ocr_par' dir='ltr' id='par_1_50' title="bbox 942 377 1729 415">
     <span class='ocr_line' id='line_1_50' title="bbox 942 377 1729 415; baseline -0.005 -8"><span class='ocrx_word' id='word_1_383' title='bbox 942 380 1047 415; x_wconf 78' lang='lat' dir='ltr'><strong>Moyses</strong></span> <span class='ocrx_word' id='word_1_384' title='bbox 1064 381 1099 408; x_wconf 84' lang='lat' dir='ltr'><strong>ad</strong></span> <span class='ocrx_word' id='word_1_385' title='bbox 1118 381 1242 408; x_wconf 77' lang='lat' dir='ltr'><strong>duritiem</strong></span> <span class='ocrx_word' id='word_1_386' title='bbox 1263 381 1351 408; x_wconf 72' lang='lat' dir='ltr'><strong>cordis</strong></span> <span class='ocrx_word' id='word_1_387' title='bbox 1371 381 1450 407; x_wconf 66' lang='lat' dir='ltr'><strong>vestri</strong></span> <span class='ocrx_word' id='word_1_388' title='bbox 1463 379 1584 413; x_wconf 68' lang='lat' dir='ltr'><strong>scripsit;</strong></span> <span class='ocrx_word' id='word_1_389' title='bbox 1606 378 1638 405; x_wconf 86' lang='lat' dir='ltr'><strong>ab</strong></span> <span class='ocrx_word' id='word_1_390' title='bbox 1653 377 1729 404; x_wconf 85' lang='lat' dir='ltr'><strong>initio</strong></span> 
     </span>
    </p>
   </div>
   <div class='ocr_carea' id='block_1_51' title="bbox 943 422 1730 460">
    <p class='ocr_par' dir='ltr' id='par_1_51' title="bbox 943 422 1730 460">
     <span class='ocr_line' id='line_1_51' title="bbox 943 422 1730 460; baseline -0.006 -7"><span class='ocrx_word' id='word_1_391' title='bbox 943 431 1030 453; x_wconf 80' lang='lat' dir='ltr'><strong>autem</strong></span> <span class='ocrx_word' id='word_1_392' title='bbox 1051 434 1102 453; x_wconf 75' lang='lat' dir='ltr'><strong>non</strong></span> <span class='ocrx_word' id='word_1_393' title='bbox 1117 426 1169 460; x_wconf 79' lang='lat' dir='ltr'><strong>fuit</strong></span> <span class='ocrx_word' id='word_1_394' title='bbox 1183 428 1233 453; x_wconf 71' lang='lat' dir='ltr'><strong>sic.</strong></span> <span class='ocrx_word' id='word_1_395' title='bbox 1250 426 1305 453; x_wconf 82' lang='lat' dir='ltr'><strong>Sed‘</strong></span> <span class='ocrx_word' id='word_1_396' title='bbox 1322 426 1367 458; x_wconf 83' lang='lat' dir='ltr'><strong>qui</strong></span> <span class='ocrx_word' id='word_1_397' title='bbox 1382 425 1454 459; x_wconf 61' lang='lat' dir='ltr'><strong>fecit,</strong></span> <span class='ocrx_word' id='word_1_398' title='bbox 1480 424 1627 451; x_wconf 71' lang='lat' dir='ltr'><strong>masculum</strong></span> <span class='ocrx_word' id='word_1_399' title='bbox 1643 427 1667 449; x_wconf 81' lang='lat' dir='ltr'><strong>et</strong></span> <span class='ocrx_word' id='word_1_400' title='bbox 1690 422 1730 455; x_wconf 71' lang='lat' dir='ltr'><strong>[e-</strong></span> 
     </span>
    </p>
   </div>
   <div class='ocr_carea' id='block_1_52' title="bbox 943 467 1730 507">
    <p class='ocr_par' dir='ltr' id='par_1_52' title="bbox 943 467 1730 507">
     <span class='ocr_line' id='line_1_52' title="bbox 943 467 1730 507; baseline -0.009 -8"><span class='ocrx_word' id='word_1_401' title='bbox 943 473 1042 499; x_wconf 81' lang='lat' dir='ltr'><strong>minam</strong></span> <span class='ocrx_word' id='word_1_402' title='bbox 1057 473 1128 507; x_wconf 76' lang='lat' dir='ltr'><strong>fecit.</strong></span> <span class='ocrx_word' id='word_1_403' title='bbox 1143 472 1176 499; x_wconf 88' lang='lat' dir='ltr'><strong>Et</strong></span> <span class='ocrx_word' id='word_1_404' title='bbox 1191 472 1258 498; x_wconf 75' lang='lat' dir='ltr'><strong>dixit</strong></span> <span class='ocrx_word' id='word_1_405' title='bbox 1272 480 1282 499; x_wconf 85' lang='lat'><em>:</em></span> <span class='ocrx_word' id='word_1_406' title='bbox 1302 470 1416 506; x_wconf 80' lang='lat' dir='ltr'><strong>Propter</strong></span> <span class='ocrx_word' id='word_1_407' title='bbox 1432 471 1481 498; x_wconf 79' lang='lat' dir='ltr'><strong>hoc</strong></span> <span class='ocrx_word' id='word_1_408' title='bbox 1502 470 1629 503; x_wconf 80' lang='lat' dir='ltr'><strong>relinquet</strong></span> <span class='ocrx_word' id='word_1_409' title='bbox 1653 467 1730 494; x_wconf 82' lang='lat' dir='ltr'><strong>homo</strong></span> 
     </span>
    </p>
   </div>
   <div class='ocr_carea' id='block_1_53' title="bbox 943 515 1731 552">
    <p class='ocr_par' dir='ltr' id='par_1_53' title="bbox 943 515 1731 552">
     <span class='ocr_line' id='line_1_53' title="bbox 943 515 1731 552; baseline -0.009 -7"><span class='ocrx_word' id='word_1_410' title='bbox 943 524 1044 552; x_wconf 83' lang='lat' dir='ltr'><strong>patrem</strong></span> <span class='ocrx_word' id='word_1_411' title='bbox 1057 524 1082 546; x_wconf 84' lang='lat' dir='ltr'><strong>et</strong></span> <span class='ocrx_word' id='word_1_412' title='bbox 1099 524 1209 545; x_wconf 78' lang='lat' dir='ltr'><strong><em>matrem</em></strong></span> <span class='ocrx_word' id='word_1_413' title='bbox 1220 526 1308 547; x_wconf 82' lang='lat' dir='ltr'><strong>suam,</strong></span> <span class='ocrx_word' id='word_1_414' title='bbox 1329 522 1353 544; x_wconf 76' lang='lat' dir='ltr'><strong>et</strong></span> <span class='ocrx_word' id='word_1_415' title='bbox 1369 516 1513 543; x_wconf 79' lang='lat' dir='ltr'><strong>udluvrebit</strong></span> <span class='ocrx_word' id='word_1_416' title='bbox 1534 515 1612 542; x_wconf 81' lang='lat' dir='ltr'><strong>uxori</strong></span> <span class='ocrx_word' id='word_1_417' title='bbox 1625 522 1690 544; x_wconf 65' lang='lat' dir='ltr'><strong>suae.</strong></span> <span class='ocrx_word' id='word_1_418' title='bbox 1705 518 1731 539; x_wconf 82' lang='lat' dir='ltr'><strong>et</strong></span> 
     </span>
    </p>
   </div>
   <div class='ocr_carea' id='block_1_54' title="bbox 943 557 1730 593">
    <p class='ocr_par' dir='ltr' id='par_1_54' title="bbox 943 557 1730 593">
     <span class='ocr_line' id='line_1_54' title="bbox 943 557 1730 593; baseline -0.008 -4"><span class='ocrx_word' id='word_1_419' title='bbox 943 568 1019 589; x_wconf 81' lang='lat' dir='ltr'><strong>erum</strong></span> <span class='ocrx_word' id='word_1_420' title='bbox 1040 563 1093 589; x_wconf 69' lang='lat' dir='ltr'><strong>duo</strong></span> <span class='ocrx_word' id='word_1_421' title='bbox 1110 563 1136 588; x_wconf 86' lang='lat' dir='ltr'><strong>in</strong></span> <span class='ocrx_word' id='word_1_422' title='bbox 1153 570 1259 589; x_wconf 72' lang='lat' dir='ltr'><strong>carnem</strong></span> <span class='ocrx_word' id='word_1_423' title='bbox 1283 569 1364 588; x_wconf 74' lang='lat' dir='ltr'><strong>unum</strong></span> <span class='ocrx_word' id='word_1_424' title='bbox 1378 562 1398 586; x_wconf 84' lang='lat'><strong>&#39;.</strong></span> <span class='ocrx_word' id='word_1_425' title='bbox 1420 560 1524 593; x_wconf 78' lang='lat' dir='ltr'><strong>Quibus</strong></span> <span class='ocrx_word' id='word_1_426' title='bbox 1541 559 1621 586; x_wconf 89' lang='lat' dir='ltr'><strong>dictis</strong></span> <span class='ocrx_word' id='word_1_427' title='bbox 1638 557 1730 584; x_wconf 81' lang='lat' dir='ltr'><strong>statim</strong></span> 
     </span>
    </p>
   </div>
   <div class='ocr_carea' id='block_1_55' title="bbox 945 602 1731 643">
    <p class='ocr_par' dir='ltr' id='par_1_55' title="bbox 945 602 1731 643">
     <span class='ocr_line' id='line_1_55' title="bbox 945 602 1731 643; baseline -0.006 -8"><span class='ocrx_word' id='word_1_428' title='bbox 945 608 1025 636; x_wconf 76' lang='lat' dir='ltr'><strong>infert</strong></span> <span class='ocrx_word' id='word_1_429' title='bbox 1043 615 1050 634; x_wconf 90' lang='lat'><strong>:</strong></span> <span class='ocrx_word' id='word_1_430' title='bbox 1067 608 1097 635; x_wconf 90' lang='lat' dir='ltr'><strong>Si</strong></span> <span class='ocrx_word' id='word_1_431' title='bbox 1111 609 1191 643; x_wconf 74' lang='lat' dir='ltr'><strong>igitur</strong></span> <span class='ocrx_word' id='word_1_432' title='bbox 1207 608 1276 635; x_wconf 79' lang='lat' dir='ltr'><strong>Deus</strong></span> <span class='ocrx_word' id='word_1_433' title='bbox 1293 607 1442 641; x_wconf 70' lang='lat' dir='ltr'><strong>conjunxit,</strong></span> <span class='ocrx_word' id='word_1_434' title='bbox 1457 608 1534 634; x_wconf 84' lang='lat' dir='ltr'><strong>homo</strong></span> <span class='ocrx_word' id='word_1_435' title='bbox 1552 613 1603 632; x_wconf 84' lang='lat' dir='ltr'><strong>non</strong></span> <span class='ocrx_word' id='word_1_436' title='bbox 1617 602 1731 638; x_wconf 76' lang='lat' dir='ltr'><strong>separet.</strong></span> 
     </span>
    </p>
   </div>
   <div class='ocr_carea' id='block_1_56' title="bbox 945 646 1734 686">
    <p class='ocr_par' dir='ltr' id='par_1_56' title="bbox 945 646 1734 686">
     <span class='ocr_line' id='line_1_56' title="bbox 945 646 1734 686; baseline -0.008 -8"><span class='ocrx_word' id='word_1_437' title='bbox 945 652 975 678; x_wconf 89' lang='lat' dir='ltr'><strong>In</strong></span> <span class='ocrx_word' id='word_1_438' title='bbox 993 659 1046 686; x_wconf 91' lang='lat' dir='ltr'><strong>quo</strong></span> <span class='ocrx_word' id='word_1_439' title='bbox 1059 651 1154 682; x_wconf 89' lang='lat' dir='ltr'><strong>Deum,</strong></span> <span class='ocrx_word' id='word_1_440' title='bbox 1173 651 1225 678; x_wconf 88' lang='lat' dir='ltr'><strong>hoc</strong></span> <span class='ocrx_word' id='word_1_441' title='bbox 1239 654 1280 678; x_wconf 87' lang='lat' dir='ltr'><strong>est</strong></span> <span class='ocrx_word' id='word_1_442' title='bbox 1293 650 1400 677; x_wconf 85' lang='lat' dir='ltr'><strong>Patrem</strong></span> <span class='ocrx_word' id='word_1_443' title='bbox 1414 657 1504 681; x_wconf 87' lang='lat' dir='ltr'><strong>suum,</strong></span> <span class='ocrx_word' id='word_1_444' title='bbox 1522 647 1618 675; x_wconf 83' lang='lat' dir='ltr'><strong>Adami</strong></span> <span class='ocrx_word' id='word_1_445' title='bbox 1631 651 1658 674; x_wconf 92' lang='lat' dir='ltr'><strong>et</strong></span> <span class='ocrx_word' id='word_1_446' title='bbox 1672 646 1734 673; x_wconf 73' lang='lat' dir='ltr'><strong>Eva:</strong></span> 
     </span>
    </p>
   </div>
   <div class='ocr_carea' id='block_1_57' title="bbox 945 691 1732 730">
    <p class='ocr_par' dir='ltr' id='par_1_57' title="bbox 945 691 1732 730">
     <span class='ocr_line' id='line_1_57' title="bbox 945 691 1732 730; baseline -0.013 -4"><span class='ocrx_word' id='word_1_447' title='bbox 945 696 1115 726; x_wconf 85' lang='lat' dir='ltr'><strong>conditorem</strong></span> <span class='ocrx_word' id='word_1_448' title='bbox 1146 696 1241 728; x_wconf 80' lang='lat' dir='ltr'><strong>fuisse,</strong></span> <span class='ocrx_word' id='word_1_449' title='bbox 1262 700 1343 730; x_wconf 88' lang='lat' dir='ltr'><strong>atque</strong></span> <span class='ocrx_word' id='word_1_450' title='bbox 1370 695 1547 722; x_wconf 84' lang='lat' dir='ltr'><strong>honestarum</strong></span> <span class='ocrx_word' id='word_1_451' title='bbox 1576 691 1732 727; x_wconf 80' lang='lat' dir='ltr'><strong>nuptiarum</strong></span> 
     </span>
    </p>
   </div>
   <div class='ocr_carea' id='block_1_58' title="bbox 945 736 1735 768">
    <p class='ocr_par' dir='ltr' id='par_1_58' title="bbox 945 736 1735 768">
     <span class='ocr_line' id='line_1_58' title="bbox 945 736 1735 768; baseline -0.009 0"><span class='ocrx_word' id='word_1_452' title='bbox 945 745 1083 768; x_wconf 86' lang='lat' dir='ltr'><strong>auctorem</strong></span> <span class='ocrx_word' id='word_1_453' title='bbox 1100 748 1160 768; x_wconf 88' lang='lat' dir='ltr'><strong>esse</strong></span> <span class='ocrx_word' id='word_1_454' title='bbox 1179 740 1336 767; x_wconf 89' lang='lat' dir='ltr'><strong>conﬁtetur.</strong></span> <span class='ocrx_word' id='word_1_455' title='bbox 1366 739 1435 767; x_wconf 86' lang='lat' dir='ltr'><strong>lluic</strong></span> <span class='ocrx_word' id='word_1_456' title='bbox 1458 744 1671 766; x_wconf 85' lang='lat' dir='ltr'><strong>consentaneum</strong></span> <span class='ocrx_word' id='word_1_457' title='bbox 1691 736 1735 763; x_wconf 81' lang='lat' dir='ltr'><strong>est</strong></span> 
     </span>
    </p>
   </div>
   <div class='ocr_carea' id='block_1_59' title="bbox 946 783 1734 822">
    <p class='ocr_par' dir='ltr' id='par_1_59' title="bbox 946 783 1734 822">
     <span class='ocr_line' id='line_1_59' title="bbox 946 783 1734 822; baseline -0.008 -8"><span class='ocrx_word' id='word_1_458' title='bbox 946 787 1020 822; x_wconf 87' lang='lat' dir='ltr'><strong>quod</strong></span> <span class='ocrx_word' id='word_1_459' title='bbox 1035 787 1160 814; x_wconf 88' lang='lat' dir='ltr'><strong>veritatis</strong></span> <span class='ocrx_word' id='word_1_460' title='bbox 1174 793 1263 822; x_wconf 62' lang='lat' dir='ltr'><strong>praeco</strong></span> <span class='ocrx_word' id='word_1_461' title='bbox 1277 789 1392 814; x_wconf 85' lang='lat' dir='ltr'><strong>testatur</strong></span> <span class='ocrx_word' id='word_1_462' title='bbox 1401 785 1564 821; x_wconf 70' lang='lat' dir='ltr'><strong>Apostolus:</strong></span> <span class='ocrx_word' id='word_1_463' title='bbox 1577 783 1734 818; x_wconf 80' lang='lat' dir='ltr'><strong>Mysterium</strong></span> 
     </span>
    </p>
   </div>
   <div class='ocr_carea' id='block_1_60' title="bbox 947 827 1735 867">
    <p class='ocr_par' dir='ltr' id='par_1_60' title="bbox 947 827 1735 867">
     <span class='ocr_line' id='line_1_60' title="bbox 947 827 1735 867; baseline -0.006 -9"><span class='ocrx_word' id='word_1_464' title='bbox 947 833 995 860; x_wconf 82' lang='lat' dir='ltr'><strong>hoc</strong></span> <span class='ocrx_word' id='word_1_465' title='bbox 1016 840 1138 867; x_wconf 84' lang='lat' dir='ltr'><strong>magnum</strong></span> <span class='ocrx_word' id='word_1_466' title='bbox 1154 836 1203 859; x_wconf 79' lang='lat' dir='ltr'><strong>est.</strong></span> <span class='ocrx_word' id='word_1_467' title='bbox 1227 831 1281 866; x_wconf 84' lang='lat' dir='ltr'><strong>Ego</strong></span> <span class='ocrx_word' id='word_1_468' title='bbox 1301 836 1388 858; x_wconf 81' lang='lat' dir='ltr'><strong>autem</strong></span> <span class='ocrx_word' id='word_1_469' title='bbox 1401 831 1460 857; x_wconf 79' lang='lat' dir='ltr'><strong>dico</strong></span> <span class='ocrx_word' id='word_1_470' title='bbox 1484 831 1511 856; x_wconf 86' lang='lat' dir='ltr'><strong>in</strong></span> <span class='ocrx_word' id='word_1_471' title='bbox 1530 829 1636 857; x_wconf 74' lang='lat' dir='ltr'><strong>Christo</strong></span> <span class='ocrx_word' id='word_1_472' title='bbox 1660 833 1684 854; x_wconf 80' lang='lat' dir='ltr'><strong>et</strong></span> <span class='ocrx_word' id='word_1_473' title='bbox 1708 827 1735 854; x_wconf 83' lang='lat' dir='ltr'><strong>in</strong></span> 
     </span>
    </p>
   </div>
   <div class='ocr_carea' id='block_1_61' title="bbox 912 865 1736 912">
    <p class='ocr_par' dir='ltr' id='par_1_61' title="bbox 912 865 1736 912">
     <span class='ocr_line' id='line_1_61' title="bbox 912 865 1736 912; baseline -0.007 -7"><span class='ocrx_word' id='word_1_474' title='bbox 912 865 934 893; x_wconf 77' lang='grc' dir='ltr'><strong>Β</strong></span> <span class='ocrx_word' id='word_1_475' title='bbox 949 865 1068 905; x_wconf 61' lang='lat' dir='ltr'><strong>Ecclesia</strong></span> <span class='ocrx_word' id='word_1_476' title='bbox 1077 877 1098 910; x_wconf 74' lang='grc'><em>⁸,</em></span> <span class='ocrx_word' id='word_1_477' title='bbox 1116 881 1146 904; x_wconf 95' lang='lat' dir='ltr'><strong>ut</strong></span> <span class='ocrx_word' id='word_1_478' title='bbox 1160 877 1194 904; x_wconf 86' lang='lat' dir='ltr'><strong>ad</strong></span> <span class='ocrx_word' id='word_1_479' title='bbox 1213 865 1309 904; x_wconf 80' lang='lat' dir='ltr'><strong>Atlami</strong></span> <span class='ocrx_word' id='word_1_480' title='bbox 1323 880 1405 912; x_wconf 87' lang='lat' dir='ltr'><strong>atque</strong></span> <span class='ocrx_word' id='word_1_481' title='bbox 1420 875 1493 907; x_wconf 69' lang='lat' dir='ltr'><strong>Erae,</strong></span> <span class='ocrx_word' id='word_1_482' title='bbox 1506 875 1552 910; x_wconf 90' lang='lat' dir='ltr'><strong>qui</strong></span> <span class='ocrx_word' id='word_1_483' title='bbox 1570 882 1585 901; x_wconf 91' lang='lat' dir='ltr'><strong>a</strong></span> <span class='ocrx_word' id='word_1_484' title='bbox 1599 874 1654 901; x_wconf 88' lang='lat' dir='ltr'><strong>Deo</strong></span> <span class='ocrx_word' id='word_1_485' title='bbox 1670 880 1736 908; x_wconf 89' lang='lat' dir='ltr'><strong>pro-</strong></span> 
     </span>
    </p>
   </div>
   <div class='ocr_carea' id='block_1_62' title="bbox 948 919 1736 957">
    <p class='ocr_par' dir='ltr' id='par_1_62' title="bbox 948 919 1736 957">
     <span class='ocr_line' id='line_1_62' title="bbox 948 919 1736 957; baseline -0.009 -6"><span class='ocrx_word' id='word_1_486' title='bbox 948 924 1032 951; x_wconf 81' lang='lat' dir='ltr'><strong>creati</strong></span> <span class='ocrx_word' id='word_1_487' title='bbox 1055 927 1134 957; x_wconf 87' lang='lat' dir='ltr'><strong>sunt,</strong></span> <span class='ocrx_word' id='word_1_488' title='bbox 1169 923 1376 950; x_wconf 84' lang='lat' dir='ltr'><strong>similitudinem</strong></span> <span class='ocrx_word' id='word_1_489' title='bbox 1403 922 1546 957; x_wconf 80' lang='lat' dir='ltr'><strong>pertineat.</strong></span> <span class='ocrx_word' id='word_1_490' title='bbox 1572 920 1640 947; x_wconf 87' lang='lat' dir='ltr'><strong>Cum</strong></span> <span class='ocrx_word' id='word_1_491' title='bbox 1663 919 1736 946; x_wconf 87' lang='lat' dir='ltr'><strong>enim</strong></span> 
     </span>
    </p>
   </div>
   <div class='ocr_carea' id='block_1_63' title="bbox 948 966 1737 998">
    <p class='ocr_par' dir='ltr' id='par_1_63' title="bbox 948 966 1737 998">
     <span class='ocr_line' id='line_1_63' title="bbox 948 966 1737 998; baseline -0.008 -1"><span class='ocrx_word' id='word_1_492' title='bbox 948 969 1019 998; x_wconf 82' lang='lat' dir='ltr'><strong>Deus</strong></span> <span class='ocrx_word' id='word_1_493' title='bbox 1038 970 1098 997; x_wconf 89' lang='lat' dir='ltr'><strong>illos</strong></span> <span class='ocrx_word' id='word_1_494' title='bbox 1114 968 1293 997; x_wconf 83' lang='lat' dir='ltr'><strong>condidisset.</strong></span> <span class='ocrx_word' id='word_1_495' title='bbox 1310 968 1432 995; x_wconf 79' lang='lat' dir='ltr'><strong>Adamus</strong></span> <span class='ocrx_word' id='word_1_496' title='bbox 1447 967 1532 994; x_wconf 70' lang='lat' dir='ltr'><strong>dixit:</strong></span> <span class='ocrx_word' id='word_1_497' title='bbox 1549 966 1608 993; x_wconf 77' lang='lat' dir='ltr'><strong>Hoc</strong></span> <span class='ocrx_word' id='word_1_498' title='bbox 1623 972 1692 992; x_wconf 82' lang='lat' dir='ltr'><strong>nunc</strong></span> <span class='ocrx_word' id='word_1_499' title='bbox 1709 972 1737 991; x_wconf 72' lang='lat' dir='ltr'><strong>os</strong></span> 
     </span>
    </p>
   </div>
   <div class='ocr_carea' id='block_1_64' title="bbox 947 1011 1738 1048">
    <p class='ocr_par' dir='ltr' id='par_1_64' title="bbox 947 1011 1738 1048">
     <span class='ocr_line' id='line_1_64' title="bbox 947 1011 1738 1048; baseline -0.008 -5"><span class='ocrx_word' id='word_1_500' title='bbox 947 1024 980 1043; x_wconf 76' lang='lat' dir='ltr'><strong>ea:</strong></span> <span class='ocrx_word' id='word_1_501' title='bbox 995 1015 1096 1043; x_wconf 67' lang='lat' dir='ltr'><strong>ossibus</strong></span> <span class='ocrx_word' id='word_1_502' title='bbox 1112 1016 1186 1048; x_wconf 74' lang='lat' dir='ltr'><strong>meis,</strong></span> <span class='ocrx_word' id='word_1_503' title='bbox 1203 1020 1227 1042; x_wconf 74' lang='lat' dir='ltr'><strong>et</strong></span> <span class='ocrx_word' id='word_1_504' title='bbox 1244 1023 1307 1042; x_wconf 81' lang='lat' dir='ltr'><strong>caro</strong></span> <span class='ocrx_word' id='word_1_505' title='bbox 1323 1014 1355 1041; x_wconf 84' lang='lat' dir='ltr'><strong>de</strong></span> <span class='ocrx_word' id='word_1_506' title='bbox 1375 1022 1453 1041; x_wconf 81' lang='lat' dir='ltr'><strong>carne</strong></span> <span class='ocrx_word' id='word_1_507' title='bbox 1468 1021 1536 1040; x_wconf 86' lang='lat' dir='ltr'><strong>mea.</strong></span> <span class='ocrx_word' id='word_1_508' title='bbox 1560 1012 1672 1047; x_wconf 80' lang='lat' dir='ltr'><strong>Propter</strong></span> <span class='ocrx_word' id='word_1_509' title='bbox 1690 1011 1738 1038; x_wconf 84' lang='lat' dir='ltr'><strong>hoc</strong></span> 
     </span>
    </p>
   </div>
   <div class='ocr_carea' id='block_1_65' title="bbox 949 1058 1738 1095">
    <p class='ocr_par' dir='ltr' id='par_1_65' title="bbox 949 1058 1738 1095">
     <span class='ocr_line' id='line_1_65' title="bbox 949 1058 1738 1095; baseline -0.008 -7"><span class='ocrx_word' id='word_1_510' title='bbox 949 1062 1076 1095; x_wconf 79' lang='lat' dir='ltr'><strong>relinquet</strong></span> <span class='ocrx_word' id='word_1_511' title='bbox 1095 1060 1172 1088; x_wconf 81' lang='lat' dir='ltr'><strong>homo</strong></span> <span class='ocrx_word' id='word_1_512' title='bbox 1185 1060 1207 1092; x_wconf 85' lang='lat'><strong>&#39;,</strong></span> <span class='ocrx_word' id='word_1_513' title='bbox 1224 1065 1277 1088; x_wconf 85' lang='lat' dir='ltr'><strong>etc.</strong></span> <span class='ocrx_word' id='word_1_514' title='bbox 1294 1059 1434 1094; x_wconf 88' lang='lat' dir='ltr'><strong>Siquidem</strong></span> <span class='ocrx_word' id='word_1_515' title='bbox 1448 1058 1587 1093; x_wconf 77' lang='lat' dir='ltr'><strong>wdiﬁcavit</strong></span> <span class='ocrx_word' id='word_1_516' title='bbox 1598 1058 1622 1084; x_wconf 75' lang='lat' dir='ltr'><strong>ei</strong></span> <span class='ocrx_word' id='word_1_517' title='bbox 1637 1061 1738 1083; x_wconf 70' lang='lat' dir='ltr'><strong>costam</strong></span> 
     </span>
    </p>
   </div>
   <div class='ocr_carea' id='block_1_66' title="bbox 950 1104 1739 1140">
    <p class='ocr_par' dir='ltr' id='par_1_66' title="bbox 950 1104 1739 1140">
     <span class='ocr_line' id='line_1_66' title="bbox 950 1104 1739 1140; baseline -0.006 -7"><span class='ocrx_word' id='word_1_518' title='bbox 950 1107 976 1133; x_wconf 83' lang='lat' dir='ltr'><strong>in</strong></span> <span class='ocrx_word' id='word_1_519' title='bbox 992 1107 1128 1133; x_wconf 82' lang='lat' dir='ltr'><strong>mulierem</strong></span> <span class='ocrx_word' id='word_1_520' title='bbox 1145 1106 1166 1138; x_wconf 85' lang='grc'><em>⁸,</em></span> <span class='ocrx_word' id='word_1_521' title='bbox 1189 1114 1238 1133; x_wconf 87' lang='lat' dir='ltr'><strong>nec</strong></span> <span class='ocrx_word' id='word_1_522' title='bbox 1256 1106 1393 1133; x_wconf 81' lang='lat' dir='ltr'><strong>diversum</strong></span> <span class='ocrx_word' id='word_1_523' title='bbox 1412 1104 1542 1140; x_wconf 80' lang='lat' dir='ltr'><strong>quiddam</strong></span> <span class='ocrx_word' id='word_1_524' title='bbox 1562 1111 1623 1131; x_wconf 87' lang='lat' dir='ltr'><strong>esse</strong></span> <span class='ocrx_word' id='word_1_525' title='bbox 1645 1105 1739 1129; x_wconf 81' lang='lat' dir='ltr'><strong>censet</strong></span> 
     </span>
    </p>
   </div>
   <div class='ocr_carea' id='block_1_67' title="bbox 950 1146 1738 1186">
    <p class='ocr_par' dir='ltr' id='par_1_67' title="bbox 950 1146 1738 1186">
     <span class='ocr_line' id='line_1_67' title="bbox 950 1146 1738 1186; baseline -0.006 -8"><span class='ocrx_word' id='word_1_526' title='bbox 950 1150 1107 1186; x_wconf 83' lang='lat' dir='ltr'><strong>Apostolus.</strong></span> <span class='ocrx_word' id='word_1_527' title='bbox 1129 1150 1176 1178; x_wconf 88' lang='lat' dir='ltr'><strong>sed</strong></span> <span class='ocrx_word' id='word_1_528' title='bbox 1190 1150 1349 1186; x_wconf 87' lang='lat' dir='ltr'><strong>mysterium</strong></span> <span class='ocrx_word' id='word_1_529' title='bbox 1365 1157 1493 1185; x_wconf 80' lang='lat' dir='ltr'><strong>magnum</strong></span> <span class='ocrx_word' id='word_1_530' title='bbox 1509 1149 1641 1176; x_wconf 82' lang='lat' dir='ltr'><strong>nominat.</strong></span> <span class='ocrx_word' id='word_1_531' title='bbox 1659 1146 1738 1180; x_wconf 84' lang='lat' dir='ltr'><strong>Quod</strong></span> 
     </span>
    </p>
   </div>
   <div class='ocr_carea' id='block_1_68' title="bbox 951 1193 1738 1231">
    <p class='ocr_par' dir='ltr' id='par_1_68' title="bbox 951 1193 1738 1231">
     <span class='ocr_line' id='line_1_68' title="bbox 951 1193 1738 1231; baseline -0.005 -9"><span class='ocrx_word' id='word_1_532' title='bbox 951 1196 1039 1231; x_wconf 89' lang='lat' dir='ltr'><strong>primo</strong></span> <span class='ocrx_word' id='word_1_533' title='bbox 1052 1196 1160 1231; x_wconf 86' lang='lat' dir='ltr'><strong>quidem</strong></span> <span class='ocrx_word' id='word_1_534' title='bbox 1172 1196 1204 1222; x_wconf 85' lang='lat' dir='ltr'><strong>ad</strong></span> <span class='ocrx_word' id='word_1_535' title='bbox 1219 1196 1270 1224; x_wconf 89' lang='lat' dir='ltr'><strong>viri</strong></span> <span class='ocrx_word' id='word_1_536' title='bbox 1286 1200 1313 1223; x_wconf 88' lang='lat' dir='ltr'><strong>et</strong></span> <span class='ocrx_word' id='word_1_537' title='bbox 1325 1195 1448 1222; x_wconf 83' lang='lat' dir='ltr'><strong>mulieris</strong></span> <span class='ocrx_word' id='word_1_538' title='bbox 1465 1193 1682 1229; x_wconf 79' lang='lat' dir='ltr'><strong>procreationem</strong></span> <span class='ocrx_word' id='word_1_539' title='bbox 1696 1200 1738 1219; x_wconf 89' lang='lat' dir='ltr'><strong>re-</strong></span> 
     </span>
    </p>
   </div>
   <div class='ocr_carea' id='block_1_69' title="bbox 953 1239 1739 1276">
    <p class='ocr_par' dir='ltr' id='par_1_69' title="bbox 953 1239 1739 1276">
     <span class='ocr_line' id='line_1_69' title="bbox 953 1239 1739 1276; baseline -0.004 -7"><span class='ocrx_word' id='word_1_540' title='bbox 953 1242 1020 1275; x_wconf 80' lang='lat' dir='ltr'><strong>fert;</strong></span> <span class='ocrx_word' id='word_1_541' title='bbox 1048 1241 1145 1269; x_wconf 89' lang='lat' dir='ltr'><strong>deinde</strong></span> <span class='ocrx_word' id='word_1_542' title='bbox 1169 1241 1265 1269; x_wconf 86' lang='lat' dir='ltr'><strong>altiore</strong></span> <span class='ocrx_word' id='word_1_543' title='bbox 1287 1241 1406 1276; x_wconf 87' lang='lat' dir='ltr'><strong>quodam</strong></span> <span class='ocrx_word' id='word_1_544' title='bbox 1423 1239 1632 1268; x_wconf 83' lang='lat' dir='ltr'><strong>ac-sublimiorc</strong></span> <span class='ocrx_word' id='word_1_545' title='bbox 1655 1246 1739 1267; x_wconf 86' lang='lat' dir='ltr'><strong>sensu</strong></span> 
     </span>
    </p>
   </div>
   <div class='ocr_carea' id='block_1_70' title="bbox 953 1286 1329 1322">
    <p class='ocr_par' dir='ltr' id='par_1_70' title="bbox 953 1286 1329 1322">
     <span class='ocr_line' id='line_1_70' title="bbox 953 1286 1329 1322; baseline -0.003 -8"><span class='ocrx_word' id='word_1_546' title='bbox 953 1294 1002 1322; x_wconf 88' lang='lat' dir='ltr'><strong>per</strong></span> <span class='ocrx_word' id='word_1_547' title='bbox 1015 1287 1172 1322; x_wconf 78' lang='lat' dir='ltr'><strong>allegoriam</strong></span> <span class='ocrx_word' id='word_1_548' title='bbox 1187 1286 1329 1315; x_wconf 65' lang='lat' dir='ltr'><strong>transfert».</strong></span> 
     </span>
    </p>
   </div>
   <div class='ocr_carea' id='block_1_71' title="bbox 989 1414 1744 1454">
    <p class='ocr_par' dir='ltr' id='par_1_71' title="bbox 989 1414 1744 1454">
     <span class='ocr_line' id='line_1_71' title="bbox 989 1414 1744 1454; baseline -0.005 -10"><span class='ocrx_word' id='word_1_549' title='bbox 989 1417 1114 1450; x_wconf 86' lang='lat' dir='ltr'><strong>Quanam</strong></span> <span class='ocrx_word' id='word_1_550' title='bbox 1128 1418 1210 1454; x_wconf 67' lang='lat' dir='ltr'><strong>igitur</strong></span> <span class='ocrx_word' id='word_1_551' title='bbox 1231 1417 1322 1446; x_wconf 76' lang='lat' dir='ltr'><strong>fronte</strong></span> <span class='ocrx_word' id='word_1_552' title='bbox 1340 1416 1506 1446; x_wconf 74' lang='lat' dir='ltr'><strong>Manichacus</strong></span> <span class='ocrx_word' id='word_1_553' title='bbox 1526 1415 1619 1445; x_wconf 85' lang='lat' dir='ltr'><strong>eadem</strong></span> <span class='ocrx_word' id='word_1_554' title='bbox 1636 1414 1682 1442; x_wconf 77' lang='lat' dir='ltr'><strong>illa</strong></span> <span class='ocrx_word' id='word_1_555' title='bbox 1695 1414 1744 1441; x_wconf 69' lang='lat' dir='ltr'><strong>de.</strong></span> 
     </span>
    </p>
   </div>
   <div class='ocr_carea' id='block_1_72' title="bbox 955 1461 1743 1497">
    <p class='ocr_par' dir='ltr' id='par_1_72' title="bbox 955 1461 1743 1497">
     <span class='ocr_line' id='line_1_72' title="bbox 955 1461 1743 1497; baseline -0.009 -5"><span class='ocrx_word' id='word_1_556' title='bbox 955 1464 1077 1492; x_wconf 84' lang='lat' dir='ltr'><strong>testamla</strong></span> <span class='ocrx_word' id='word_1_557' title='bbox 1090 1468 1116 1491; x_wconf 90' lang='lat' dir='ltr'><strong>et</strong></span> <span class='ocrx_word' id='word_1_558' title='bbox 1127 1471 1147 1490; x_wconf 87' lang='lat' dir='ltr'><strong>a-</strong></span> <span class='ocrx_word' id='word_1_559' title='bbox 1154 1463 1202 1491; x_wconf 86' lang='lat' dir='ltr'><strong>Dei</strong></span> <span class='ocrx_word' id='word_1_560' title='bbox 1217 1464 1331 1491; x_wconf 87' lang='lat' dir='ltr'><strong>veritate</strong></span> <span class='ocrx_word' id='word_1_561' title='bbox 1350 1462 1437 1491; x_wconf 87' lang='lat' dir='ltr'><strong>aliena</strong></span> <span class='ocrx_word' id='word_1_562' title='bbox 1455 1461 1625 1497; x_wconf 86' lang='lat' dir='ltr'><strong>pronuntiat.</strong></span> <span class='ocrx_word' id='word_1_563' title='bbox 1640 1464 1668 1487; x_wconf 86' lang='lat' dir='ltr'><strong>et</strong></span> <span class='ocrx_word' id='word_1_564' title='bbox 1681 1467 1743 1494; x_wconf 71' lang='lat' dir='ltr'><strong>qua:</strong></span> 
     </span>
    </p>
   </div>
   <div class='ocr_carea' id='block_1_73' title="bbox 956 1506 1744 1544">
    <p class='ocr_par' dir='ltr' id='par_1_73' title="bbox 956 1506 1744 1544">
     <span class='ocr_line' id='line_1_73' title="bbox 956 1506 1744 1544; baseline -0.006 -7"><span class='ocrx_word' id='word_1_565' title='bbox 956 1518 971 1537; x_wconf 93' lang='lat' dir='ltr'><strong>a</strong></span> <span class='ocrx_word' id='word_1_566' title='bbox 987 1509 1042 1538; x_wconf 82' lang='lat' dir='ltr'><strong>Deo</strong></span> <span class='ocrx_word' id='word_1_567' title='bbox 1061 1509 1169 1537; x_wconf 89' lang='lat' dir='ltr'><strong>condita</strong></span> <span class='ocrx_word' id='word_1_568' title='bbox 1194 1513 1269 1541; x_wconf 86' lang='lat' dir='ltr'><strong>sunt,</strong></span> <span class='ocrx_word' id='word_1_569' title='bbox 1291 1509 1385 1537; x_wconf 84' lang='lat' dir='ltr'><strong>nescio</strong></span> <span class='ocrx_word' id='word_1_570' title='bbox 1408 1508 1452 1536; x_wconf 84' lang='lat' dir='ltr'><strong>cui</strong></span> <span class='ocrx_word' id='word_1_571' title='bbox 1467 1507 1582 1544; x_wconf 84' lang='lat' dir='ltr'><strong>principi</strong></span> <span class='ocrx_word' id='word_1_572' title='bbox 1602 1514 1657 1534; x_wconf 91' lang='lat' dir='ltr'><strong>non</strong></span> <span class='ocrx_word' id='word_1_573' title='bbox 1684 1506 1744 1533; x_wconf 87' lang='lat' dir='ltr'><strong>sine</strong></span> 
     </span>
    </p>
   </div>
   <div class='ocr_carea' id='block_1_74' title="bbox 957 1552 1738 1588">
    <p class='ocr_par' dir='ltr' id='par_1_74' title="bbox 957 1552 1738 1588">
     <span class='ocr_line' id='line_1_74' title="bbox 957 1552 1738 1588; baseline -0.006 -5"><span class='ocrx_word' id='word_1_574' title='bbox 957 1563 1066 1584; x_wconf 83' lang='lat' dir='ltr'><strong>summa-</strong></span> <span class='ocrx_word' id='word_1_575' title='bbox 1079 1555 1104 1582; x_wconf 92' lang='lat' dir='ltr'><strong>in</strong></span> <span class='ocrx_word' id='word_1_576' title='bbox 1120 1554 1202 1582; x_wconf 80' lang='lat' dir='ltr'><strong>Deum</strong></span> <span class='ocrx_word' id='word_1_577' title='bbox 1221 1554 1385 1582; x_wconf 83' lang='lat' dir='ltr'><strong>contumelia</strong></span> <span class='ocrx_word' id='word_1_578' title='bbox 1402 1553 1513 1585; x_wconf 82' lang='lat' dir='ltr'><strong>tribuit,</strong></span> <span class='ocrx_word' id='word_1_579' title='bbox 1533 1556 1615 1588; x_wconf 84' lang='lat' dir='ltr'><strong>atque</strong></span> <span class='ocrx_word' id='word_1_580' title='bbox 1631 1552 1666 1579; x_wconf 87' lang='lat' dir='ltr'><strong>ab</strong></span> <span class='ocrx_word' id='word_1_581' title='bbox 1679 1552 1738 1586; x_wconf 78' lang='lat' dir='ltr'><strong>ipsa</strong></span> 
     </span>
    </p>
   </div>
   <div class='ocr_carea' id='block_1_75' title="bbox 956 1597 1744 1631">
    <p class='ocr_par' dir='ltr' id='par_1_75' title="bbox 956 1597 1744 1631">
     <span class='ocr_line' id='line_1_75' title="bbox 956 1597 1744 1631; baseline -0.006 -2"><span class='ocrx_word' id='word_1_582' title='bbox 956 1602 1070 1629; x_wconf 77' lang='lat' dir='ltr'><strong>veritate</strong></span> <span class='ocrx_word' id='word_1_583' title='bbox 1087 1605 1260 1629; x_wconf 59' lang='lat' dir='ltr'><strong>transversos</strong></span> <span class='ocrx_word' id='word_1_584' title='bbox 1277 1601 1383 1628; x_wconf 86' lang='lat' dir='ltr'><strong>animos</strong></span> <span class='ocrx_word' id='word_1_585' title='bbox 1397 1599 1530 1627; x_wconf 64' lang='lat' dir='ltr'><strong>abducit?</strong></span> <span class='ocrx_word' id='word_1_586' title='bbox 1544 1599 1615 1631; x_wconf 77' lang='lat' dir='ltr'><strong>Quin</strong></span> <span class='ocrx_word' id='word_1_587' title='bbox 1635 1602 1666 1625; x_wconf 39' lang='lat' dir='ltr'><strong>etv</strong></span> <span class='ocrx_word' id='word_1_588' title='bbox 1678 1597 1744 1624; x_wconf 87' lang='lat' dir='ltr'><strong>illud</strong></span> 
     </span>
    </p>
   </div>
   <div class='ocr_carea' id='block_1_76' title="bbox 957 1644 1747 1682">
    <p class='ocr_par' dir='ltr' id='par_1_76' title="bbox 957 1644 1747 1682">
     <span class='ocr_line' id='line_1_76' title="bbox 957 1644 1747 1682; baseline -0.005 -8"><span class='ocrx_word' id='word_1_589' title='bbox 957 1647 1067 1676; x_wconf 82' lang='lat' dir='ltr'><strong>auexit:</strong></span> <span class='ocrx_word' id='word_1_590' title='bbox 1084 1646 1311 1682; x_wconf 85' lang='lat' dir='ltr'><strong>Quandoquidem</strong></span> <span class='ocrx_word' id='word_1_591' title='bbox 1332 1646 1427 1673; x_wconf 85' lang='lat' dir='ltr'><strong>avulsa</strong></span> <span class='ocrx_word' id='word_1_592' title='bbox 1442 1645 1477 1672; x_wconf 89' lang='lat' dir='ltr'><strong>ab</strong></span> <span class='ocrx_word' id='word_1_593' title='bbox 1497 1645 1576 1672; x_wconf 85' lang='lat' dir='ltr'><strong>initio</strong></span> <span class='ocrx_word' id='word_1_594' title='bbox 1591 1644 1683 1671; x_wconf 84' lang='lat' dir='ltr'><strong>anima</strong></span> <span class='ocrx_word' id='word_1_595' title='bbox 1699 1651 1747 1670; x_wconf 85' lang='lat' dir='ltr'><strong>su-</strong></span> 
     </span>
    </p>
   </div>
   <div class='ocr_carea' id='block_1_77' title="bbox 957 1688 1744 1728">
    <p class='ocr_par' dir='ltr' id='par_1_77' title="bbox 957 1688 1744 1728">
     <span class='ocr_line' id='line_1_77' title="bbox 957 1688 1744 1728; baseline -0.004 -8"><span class='ocrx_word' id='word_1_596' title='bbox 957 1692 1057 1728; x_wconf 85' lang='lat' dir='ltr'><strong>periori</strong></span> <span class='ocrx_word' id='word_1_597' title='bbox 1073 1692 1166 1719; x_wconf 85' lang='lat' dir='ltr'><strong>virtuti</strong></span> <span class='ocrx_word' id='word_1_598' title='bbox 1184 1691 1336 1719; x_wconf 88' lang='lat' dir='ltr'><strong>molestiam</strong></span> <span class='ocrx_word' id='word_1_599' title='bbox 1352 1695 1433 1725; x_wconf 85' lang='lat' dir='ltr'><strong>atque</strong></span> <span class='ocrx_word' id='word_1_600' title='bbox 1446 1689 1636 1725; x_wconf 73' lang='lat' dir='ltr'><strong>aegritudinem</strong></span> <span class='ocrx_word' id='word_1_601' title='bbox 1654 1688 1744 1717; x_wconf 84' lang='lat' dir='ltr'><strong>all‘ert.</strong></span> 
     </span>
    </p>
   </div>
   <div class='ocr_carea' id='block_1_78' title="bbox 958 1733 1746 1773">
    <p class='ocr_par' dir='ltr' id='par_1_78' title="bbox 958 1733 1746 1773">
     <span class='ocr_line' id='line_1_78' title="bbox 958 1733 1746 1773; baseline -0.006 -8"><span class='ocrx_word' id='word_1_602' title='bbox 958 1741 1101 1773; x_wconf 82' lang='lat' dir='ltr'><strong>propterea</strong></span> <span class='ocrx_word' id='word_1_603' title='bbox 1115 1744 1164 1772; x_wconf 91' lang='lat' dir='ltr'><strong>per</strong></span> <span class='ocrx_word' id='word_1_604' title='bbox 1176 1735 1335 1764; x_wconf 78' lang='lat' dir='ltr'><strong>emissarios</strong></span> <span class='ocrx_word' id='word_1_605' title='bbox 1347 1735 1490 1770; x_wconf 85' lang='lat' dir='ltr'><strong>quosdam,</strong></span> <span class='ocrx_word' id='word_1_606' title='bbox 1509 1734 1641 1762; x_wconf 59' lang='lat' dir='ltr'><strong>videlicet»</strong></span> <span class='ocrx_word' id='word_1_607' title='bbox 1660 1733 1746 1761; x_wconf 86' lang='lat' dir='ltr'><strong>solem</strong></span> 
     </span>
    </p>
   </div>
   <div class='ocr_carea' id='block_1_79' title="bbox 960 1779 1748 1817">
    <p class='ocr_par' dir='ltr' id='par_1_79' title="bbox 960 1779 1748 1817">
     <span class='ocr_line' id='line_1_79' title="bbox 960 1779 1748 1817; baseline -0.006 -6"><span class='ocrx_word' id='word_1_608' title='bbox 960 1788 988 1811; x_wconf 81' lang='lat' dir='ltr'><strong>et</strong></span> <span class='ocrx_word' id='word_1_609' title='bbox 1014 1783 1124 1816; x_wconf 83' lang='lat' dir='ltr'><strong>lunam,</strong></span> <span class='ocrx_word' id='word_1_610' title='bbox 1148 1790 1214 1811; x_wconf 81' lang='lat' dir='ltr'><strong>suas</strong></span> <span class='ocrx_word' id='word_1_611' title='bbox 1233 1789 1250 1810; x_wconf 90' lang='lat' dir='ltr'><strong>a</strong></span> <span class='ocrx_word' id='word_1_612' title='bbox 1273 1781 1442 1817; x_wconf 83' lang='lat' dir='ltr'><strong>principibus</strong></span> <span class='ocrx_word' id='word_1_613' title='bbox 1462 1780 1603 1816; x_wconf 80' lang='lat' dir='ltr'><strong>reliquias,</strong></span> <span class='ocrx_word' id='word_1_614' title='bbox 1627 1779 1680 1807; x_wconf 89' lang='lat' dir='ltr'><strong>hoc</strong></span> <span class='ocrx_word' id='word_1_615' title='bbox 1704 1783 1748 1806; x_wconf 85' lang='lat' dir='ltr'><strong>est</strong></span> 
     </span>
    </p>
   </div>
   <div class='ocr_carea' id='block_1_80' title="bbox 961 1826 1747 1862">
    <p class='ocr_par' dir='ltr' id='par_1_80' title="bbox 961 1826 1747 1862">
     <span class='ocr_line' id='line_1_80' title="bbox 961 1826 1747 1862; baseline -0.008 -7"><span class='ocrx_word' id='word_1_616' title='bbox 961 1828 1090 1858; x_wconf 78' lang='lat' dir='ltr'><strong>animam,</strong></span> <span class='ocrx_word' id='word_1_617' title='bbox 1110 1831 1264 1862; x_wconf 82' lang='lat' dir='ltr'><strong>extorquet.</strong></span> <span class='ocrx_word' id='word_1_618' title='bbox 1283 1826 1410 1862; x_wconf 72' lang='lat' dir='ltr'><strong>Egregius</strong></span> <span class='ocrx_word' id='word_1_619' title='bbox 1426 1833 1491 1853; x_wconf 86' lang='lat' dir='ltr'><strong>vero</strong></span> <span class='ocrx_word' id='word_1_620' title='bbox 1504 1832 1566 1860; x_wconf 80' lang='lat' dir='ltr'><strong>spes</strong></span> <span class='ocrx_word' id='word_1_621' title='bbox 1579 1828 1699 1855; x_wconf 81' lang='lat' dir='ltr'><strong>nostras,</strong></span> <span class='ocrx_word' id='word_1_622' title='bbox 1715 1831 1747 1849; x_wconf 82' lang='lat' dir='ltr'><strong>ac</strong></span> 
     </span>
    </p>
   </div>
   <div class='ocr_carea' id='block_1_81' title="bbox 963 1870 1750 1908">
    <p class='ocr_par' dir='ltr' id='par_1_81' title="bbox 963 1870 1750 1908">
     <span class='ocr_line' id='line_1_81' title="bbox 963 1870 1750 1908; baseline -0.004 -9"><span class='ocrx_word' id='word_1_623' title='bbox 963 1873 1135 1908; x_wconf 79' lang='lat' dir='ltr'><strong>magniﬁcam</strong></span> <span class='ocrx_word' id='word_1_624' title='bbox 1151 1872 1287 1906; x_wconf 82' lang='lat' dir='ltr'><strong>ﬁduciam,</strong></span> <span class='ocrx_word' id='word_1_625' title='bbox 1309 1873 1420 1908; x_wconf 78' lang='lat' dir='ltr'><strong>quando</strong></span> <span class='ocrx_word' id='word_1_626' title='bbox 1439 1872 1528 1900; x_wconf 83' lang='lat' dir='ltr'><strong>bonus</strong></span> <span class='ocrx_word' id='word_1_627' title='bbox 1547 1871 1592 1898; x_wconf 89' lang='lat' dir='ltr'><strong>ille</strong></span> <span class='ocrx_word' id='word_1_628' title='bbox 1609 1870 1695 1903; x_wconf 77' lang='lat' dir='ltr'><strong>Deus,</strong></span> <span class='ocrx_word' id='word_1_629' title='bbox 1721 1873 1750 1897; x_wconf 88' lang='lat' dir='ltr'><strong>ct</strong></span> 
     </span>
    </p>
   </div>
   <div class='ocr_carea' id='block_1_82' title="bbox 962 1916 1748 1953">
    <p class='ocr_par' dir='ltr' id='par_1_82' title="bbox 962 1916 1748 1953">
     <span class='ocr_line' id='line_1_82' title="bbox 962 1916 1748 1953; baseline -0.008 -7"><span class='ocrx_word' id='word_1_630' title='bbox 962 1918 1050 1948; x_wconf 74' lang='lat' dir='ltr'><strong>vivus.</strong></span> <span class='ocrx_word' id='word_1_631' title='bbox 1071 1922 1098 1946; x_wconf 84' lang='lat' dir='ltr'><strong>et</strong></span> <span class='ocrx_word' id='word_1_632' title='bbox 1122 1922 1276 1953; x_wconf 61' lang='lat' dir='ltr'><strong>prapotens</strong></span> <span class='ocrx_word' id='word_1_633' title='bbox 1291 1918 1359 1946; x_wconf 83' lang='lat' dir='ltr'><strong>satis</strong></span> <span class='ocrx_word' id='word_1_634' title='bbox 1378 1917 1475 1944; x_wconf 85' lang='lat' dir='ltr'><strong>virium</strong></span> <span class='ocrx_word' id='word_1_635' title='bbox 1500 1924 1554 1944; x_wconf 82' lang='lat' dir='ltr'><strong>non</strong></span> <span class='ocrx_word' id='word_1_636' title='bbox 1578 1916 1668 1946; x_wconf 84' lang='lat' dir='ltr'><strong>habet,</strong></span> <span class='ocrx_word' id='word_1_637' title='bbox 1693 1921 1748 1941; x_wconf 90' lang='lat' dir='ltr'><strong>non</strong></span> 
     </span>
    </p>
   </div>
   <div class='ocr_carea' id='block_1_83' title="bbox 945 1959 1751 1999">
    <p class='ocr_par' dir='ltr' id='par_1_83' title="bbox 945 1959 1751 1999">
     <span class='ocr_line' id='line_1_83' title="bbox 945 1959 1751 1999; baseline 0 -8"><span class='ocrx_word' id='word_1_638' title='bbox 945 1989 947 1991; x_wconf 86' lang='lat'><strong>.</strong></span> <span class='ocrx_word' id='word_1_639' title='bbox 962 1963 1024 1991; x_wconf 84' lang='lat' dir='ltr'><strong>dico</strong></span> <span class='ocrx_word' id='word_1_640' title='bbox 1044 1964 1078 1992; x_wconf 89' lang='lat' dir='ltr'><strong>ad</strong></span> <span class='ocrx_word' id='word_1_641' title='bbox 1097 1973 1157 1992; x_wconf 85' lang='lat' dir='ltr'><strong>eam</strong></span> <span class='ocrx_word' id='word_1_642' title='bbox 1172 1964 1299 1992; x_wconf 86' lang='lat' dir='ltr'><strong>virtutem</strong></span> <span class='ocrx_word' id='word_1_643' title='bbox 1319 1963 1544 1999; x_wconf 82' lang='lat' dir='ltr'><strong>recuperandam,</strong></span> <span class='ocrx_word' id='word_1_644' title='bbox 1560 1970 1620 1998; x_wconf 64' lang='lat' dir='ltr'><strong>qua</strong></span> <span class='ocrx_word' id='word_1_645' title='bbox 1637 1959 1751 1997; x_wconf 68' lang='lat' dir='ltr'><strong>a669</strong></span> 
     </span>
    </p>
   </div>
   <div class='ocr_carea' id='block_1_84' title="bbox 963 2006 1751 2045">
    <p class='ocr_par' dir='ltr' id='par_1_84' title="bbox 963 2006 1751 2045">
     <span class='ocr_line' id='line_1_84' title="bbox 963 2006 1751 2045; baseline -0.005 -8"><span class='ocrx_word' id='word_1_646' title='bbox 963 2010 1053 2045; x_wconf 82' lang='lat' dir='ltr'><strong>seipse</strong></span> <span class='ocrx_word' id='word_1_647' title='bbox 1066 2010 1195 2037; x_wconf 83' lang='lat' dir='ltr'><strong>distracta</strong></span> <span class='ocrx_word' id='word_1_648' title='bbox 1212 2009 1264 2042; x_wconf 86' lang='lat' dir='ltr'><strong>sit,</strong></span> <span class='ocrx_word' id='word_1_649' title='bbox 1279 2010 1325 2037; x_wconf 83' lang='lat' dir='ltr'><strong>sed</strong></span> <span class='ocrx_word' id='word_1_650' title='bbox 1339 2010 1372 2037; x_wconf 89' lang='lat' dir='ltr'><strong>ad</strong></span> <span class='ocrx_word' id='word_1_651' title='bbox 1384 2017 1415 2037; x_wconf 87' lang='lat' dir='ltr'><strong>ea</strong></span> <span class='ocrx_word' id='word_1_652' title='bbox 1428 2009 1572 2041; x_wconf 84' lang='lat' dir='ltr'><strong>servanda,</strong></span> <span class='ocrx_word' id='word_1_653' title='bbox 1584 2015 1647 2043; x_wconf 64' lang='lat' dir='ltr'><strong>qua</strong></span> <span class='ocrx_word' id='word_1_654' title='bbox 1654 2006 1751 2042; x_wconf 74' lang='lat' dir='ltr'><strong>genuit</strong></span> 
     </span>
    </p>
   </div>
   <div class='ocr_carea' id='block_1_85' title="bbox 964 2052 1751 2090">
    <p class='ocr_par' dir='ltr' id='par_1_85' title="bbox 964 2052 1751 2090">
     <span class='ocr_line' id='line_1_85' title="bbox 964 2052 1751 2090; baseline -0.004 -8"><span class='ocrx_word' id='word_1_655' title='bbox 964 2062 996 2082; x_wconf 87' lang='lat' dir='ltr'><strong>ac</strong></span> <span class='ocrx_word' id='word_1_656' title='bbox 1010 2054 1097 2088; x_wconf 84' lang='lat' dir='ltr'><strong>ﬁnxit,</strong></span> <span class='ocrx_word' id='word_1_657' title='bbox 1112 2055 1165 2083; x_wconf 86' lang='lat' dir='ltr'><strong>nisi</strong></span> <span class='ocrx_word' id='word_1_658' title='bbox 1180 2055 1234 2082; x_wconf 85' lang='lat' dir='ltr'><strong>alia</strong></span> <span class='ocrx_word' id='word_1_659' title='bbox 1250 2055 1368 2090; x_wconf 87' lang='lat' dir='ltr'><strong>quadam</strong></span> <span class='ocrx_word' id='word_1_660' title='bbox 1381 2055 1487 2082; x_wconf 89' lang='lat' dir='ltr'><strong>ratione</strong></span> <span class='ocrx_word' id='word_1_661' title='bbox 1501 2062 1533 2082; x_wconf 88' lang='lat' dir='ltr'><strong>ac</strong></span> <span class='ocrx_word' id='word_1_662' title='bbox 1547 2055 1622 2081; x_wconf 88' lang='lat' dir='ltr'><strong>velut</strong></span> <span class='ocrx_word' id='word_1_663' title='bbox 1638 2052 1751 2080; x_wconf 87' lang='lat' dir='ltr'><strong>latroci-</strong></span> 
     </span>
    </p>
   </div>
   <div class='ocr_carea' id='block_1_86' title="bbox 964 2099 1752 2133">
    <p class='ocr_par' dir='ltr' id='par_1_86' title="bbox 964 2099 1752 2133">
     <span class='ocr_line' id='line_1_86' title="bbox 964 2099 1752 2133; baseline -0.005 -5"><span class='ocrx_word' id='word_1_664' title='bbox 964 2101 1010 2128; x_wconf 84' lang='lat' dir='ltr'><strong>nio</strong></span> <span class='ocrx_word' id='word_1_665' title='bbox 1031 2101 1187 2133; x_wconf 81' lang='lat' dir='ltr'><strong>tcutaverit,</strong></span> <span class='ocrx_word' id='word_1_666' title='bbox 1211 2105 1240 2129; x_wconf 90' lang='lat' dir='ltr'><strong>ut</strong></span> <span class='ocrx_word' id='word_1_667' title='bbox 1255 2102 1307 2130; x_wconf 90' lang='lat' dir='ltr'><strong>nisi</strong></span> <span class='ocrx_word' id='word_1_668' title='bbox 1323 2101 1458 2129; x_wconf 82' lang='lat' dir='ltr'><strong>sovulsam</strong></span> <span class='ocrx_word' id='word_1_669' title='bbox 1477 2100 1550 2127; x_wconf 87' lang='lat' dir='ltr'><strong>illam</strong></span> <span class='ocrx_word' id='word_1_670' title='bbox 1566 2099 1675 2126; x_wconf 77' lang='lat' dir='ltr'><strong>virtutis</strong></span> <span class='ocrx_word' id='word_1_671' title='bbox 1693 2103 1752 2125; x_wconf 72' lang='lat' dir='ltr'><strong>sum</strong></span> 
     </span>
    </p>
   </div>
   <div class='ocr_carea' id='block_1_87' title="bbox 918 1536 942 1566">
    <p class='ocr_par' dir='ltr' id='par_1_87' title="bbox 918 1536 942 1566">
     <span class='ocr_line' id='line_1_87' title="bbox 918 1536 942 1566; baseline 0 0"><span class='ocrx_word' id='word_1_672' title='bbox 918 1536 942 1566; x_wconf 89' lang='lat' dir='ltr'><strong><em>C</em></strong></span> 
     </span>
    </p>
   </div>
   <div class='ocr_carea' id='block_1_88' title="bbox 120 2142 1752 2183">
    <p class='ocr_par' dir='ltr' id='par_1_88' title="bbox 120 2142 1752 2183">
     <span class='ocr_line' id='line_1_88' title="bbox 120 2142 1752 2183; baseline -0.003 -9"><span class='ocrx_word' id='word_1_673' title='bbox 120 2147 284 2183; x_wconf 78' lang='lat' dir='ltr'><strong>particulam</strong></span> <span class='ocrx_word' id='word_1_674' title='bbox 301 2146 455 2174; x_wconf 79' lang='lat' dir='ltr'><strong>clanculum</strong></span> <span class='ocrx_word' id='word_1_675' title='bbox 485 2152 499 2173; x_wconf 87' lang='lat' dir='ltr'><strong>a</strong></span> <span class='ocrx_word' id='word_1_676' title='bbox 531 2144 690 2173; x_wconf 72' lang='lat' dir='ltr'><strong>coelestibus</strong></span> <span class='ocrx_word' id='word_1_677' title='bbox 705 2143 760 2172; x_wconf 88' lang='lat' dir='ltr'><strong>illis</strong></span> <span class='ocrx_word' id='word_1_678' title='bbox 789 2143 892 2172; x_wconf 80' lang='lat' dir='ltr'><strong>incolis</strong></span> <span class='ocrx_word' id='word_1_679' title='bbox 918 2145 1032 2182; x_wconf 85' lang='lat' dir='ltr'><strong>eripiat,</strong></span> <span class='ocrx_word' id='word_1_680' title='bbox 1051 2147 1280 2182; x_wconf 85' lang='lat' dir='ltr'><strong>quemadmodum</strong></span> <span class='ocrx_word' id='word_1_681' title='bbox 1301 2147 1435 2182; x_wconf 79' lang='lat' dir='ltr'><strong>impostor</strong></span> <span class='ocrx_word' id='word_1_682' title='bbox 1451 2146 1496 2173; x_wconf 80' lang='lat' dir='ltr'><strong>ille</strong></span> <span class='ocrx_word' id='word_1_683' title='bbox 1518 2149 1653 2180; x_wconf 82' lang='lat' dir='ltr'><strong>nugatur,</strong></span> <span class='ocrx_word' id='word_1_684' title='bbox 1674 2142 1752 2170; x_wconf 93' lang='lat' dir='ltr'><strong>nullo</strong></span> 
     </span>
    </p>
   </div>
   <div class='ocr_carea' id='block_1_89' title="bbox 121 2190 511 2227">
    <p class='ocr_par' dir='ltr' id='par_1_89' title="bbox 121 2190 511 2227">
     <span class='ocr_line' id='line_1_89' title="bbox 121 2190 511 2227; baseline -0.005 -7"><span class='ocrx_word' id='word_1_685' title='bbox 121 2193 205 2220; x_wconf 89' lang='lat' dir='ltr'><strong>modo</strong></span> <span class='ocrx_word' id='word_1_686' title='bbox 223 2199 333 2220; x_wconf 88' lang='lat' dir='ltr'><strong>servare</strong></span> <span class='ocrx_word' id='word_1_687' title='bbox 347 2199 398 2219; x_wconf 89' lang='lat' dir='ltr'><strong>nos</strong></span> <span class='ocrx_word' id='word_1_688' title='bbox 412 2190 511 2227; x_wconf 88' lang='lat' dir='ltr'><strong>possit.</strong></span> 
     </span>
    </p>
   </div>
   <div class='ocr_carea' id='block_1_90' title="bbox 158 2235 914 2273">
    <p class='ocr_par' dir='ltr' id='par_1_90' title="bbox 158 2235 914 2273">
     <span class='ocr_line' id='line_1_90' title="bbox 158 2235 914 2273; baseline -0.005 -7"><span class='ocrx_word' id='word_1_689' title='bbox 158 2240 221 2266; x_wconf 83' lang='lat' dir='ltr'><strong>NZ’.</strong></span> <span class='ocrx_word' id='word_1_690' title='bbox 238 2239 294 2266; x_wconf 80' lang='lat' dir='ltr'><strong>Kal.</strong></span> <span class='ocrx_word' id='word_1_691' title='bbox 306 2238 332 2265; x_wconf 81' lang='grc' dir='ltr'><em>τί</em></span> <span class='ocrx_word' id='word_1_692' title='bbox 347 2238 388 2265; x_wconf 75' lang='grc' dir='ltr'><strong>ἔτι</strong></span> <span class='ocrx_word' id='word_1_693' title='bbox 407 2237 608 2273; x_wconf 78' lang='grc' dir='ltr'><em>κατατρίϐομαι</em></span> <span class='ocrx_word' id='word_1_694' title='bbox 625 2236 697 2264; x_wconf 87' lang='grc' dir='ltr'><strong>κατὰ</strong></span> <span class='ocrx_word' id='word_1_695' title='bbox 714 2235 788 2269; x_wconf 80' lang='grc' dir='ltr'><em>λέξιν</em></span> <span class='ocrx_word' id='word_1_696' title='bbox 803 2235 853 2271; x_wconf 76' lang='grc' dir='ltr'><strong>τῆς</strong></span> <span class='ocrx_word' id='word_1_697' title='bbox 864 2236 914 2262; x_wconf 78' lang='grc' dir='ltr'><strong>αὒ-</strong></span> 
     </span>
    </p>
   </div>
   <div class='ocr_carea' id='block_1_91' title="bbox 120 2281 915 2321">
    <p class='ocr_par' dir='ltr' id='par_1_91' title="bbox 120 2281 915 2321">
     <span class='ocr_line' id='line_1_91' title="bbox 120 2281 915 2321; baseline -0.006 -9"><span class='ocrx_word' id='word_1_698' title='bbox 120 2285 167 2312; x_wconf 82' lang='grc' dir='ltr'>τοῦ</span> <span class='ocrx_word' id='word_1_699' title='bbox 183 2285 298 2316; x_wconf 80' lang='grc' dir='ltr'><em>ἀτοπίας</em></span> <span class='ocrx_word' id='word_1_700' title='bbox 325 2283 602 2321; x_wconf 76' lang='grc' dir='ltr'><em>χρονοτριὸοὑμενοςς</em></span> <span class='ocrx_word' id='word_1_701' title='bbox 624 2282 669 2314; x_wconf 81' lang='grc' dir='ltr'><em>Ὠς</em></span> <span class='ocrx_word' id='word_1_702' title='bbox 686 2282 734 2309; x_wconf 80' lang='grc' dir='ltr'><strong>καὶ</strong></span> <span class='ocrx_word' id='word_1_703' title='bbox 747 2281 915 2317; x_wconf 86' lang='grc' dir='ltr'><em>βλασφημῶν</em></span> 
     </span>
    </p>
   </div>
   <div class='ocr_carea' id='block_1_92' title="bbox 120 2326 916 2365">
    <p class='ocr_par' dir='ltr' id='par_1_92' title="bbox 120 2326 916 2365">
     <span class='ocr_line' id='line_1_92' title="bbox 120 2326 916 2365; baseline -0.008 -7"><span class='ocrx_word' id='word_1_704' title='bbox 120 2332 172 2358; x_wconf 78' lang='grc' dir='ltr'><strong>οὐκ</strong></span> <span class='ocrx_word' id='word_1_705' title='bbox 190 2330 347 2365; x_wconf 77' lang='grc' dir='ltr'><em>αίσχύνεται</em></span> <span class='ocrx_word' id='word_1_706' title='bbox 361 2330 375 2356; x_wconf 85' lang='grc' dir='ltr'>ὁ</span> <span class='ocrx_word' id='word_1_707' title='bbox 389 2329 472 2361; x_wconf 84' lang='grc' dir='ltr'><em>τάλας</em></span> <span class='ocrx_word' id='word_1_708' title='bbox 491 2329 537 2355; x_wconf 80' lang='grc' dir='ltr'><em>τὸν</em></span> <span class='ocrx_word' id='word_1_709' title='bbox 551 2328 706 2363; x_wconf 81' lang='grc' dir='ltr'><em>λαλήσαντα.</em></span> <span class='ocrx_word' id='word_1_710' title='bbox 731 2327 760 2354; x_wconf 86' lang='grc' dir='ltr'><strong>έν</strong></span> <span class='ocrx_word' id='word_1_711' title='bbox 776 2326 816 2362; x_wconf 84' lang='grc' dir='ltr'><strong>τῷ</strong></span> <span class='ocrx_word' id='word_1_712' title='bbox 839 2326 916 2362; x_wconf 82' lang='grc' dir='ltr'><em>νόμῳ</em></span> 
     </span>
    </p>
   </div>
   <div class='ocr_carea' id='block_1_93' title="bbox 122 2371 913 2412">
    <p class='ocr_par' dir='ltr' id='par_1_93' title="bbox 122 2371 913 2412">
     <span class='ocr_line' id='line_1_93' title="bbox 122 2371 913 2412; baseline -0.008 -8"><span class='ocrx_word' id='word_1_713' title='bbox 122 2378 168 2404; x_wconf 76' lang='grc' dir='ltr'><strong>καὶ</strong></span> <span class='ocrx_word' id='word_1_714' title='bbox 186 2378 216 2403; x_wconf 82' lang='grc' dir='ltr'><em>ὲν</em></span> <span class='ocrx_word' id='word_1_715' title='bbox 229 2377 285 2408; x_wconf 85' lang='grc' dir='ltr'><em>τοῖς</em></span> <span class='ocrx_word' id='word_1_716' title='bbox 300 2376 454 2412; x_wconf 80' lang='grc' dir='ltr'><em>προφήταις</em></span> <span class='ocrx_word' id='word_1_717' title='bbox 477 2374 595 2410; x_wconf 78' lang='grc' dir='ltr'><em>ἄρχοντα</em></span> <span class='ocrx_word' id='word_1_718' title='bbox 616 2373 707 2407; x_wconf 84' lang='grc' dir='ltr'><em>λέγειν</em></span> <span class='ocrx_word' id='word_1_719' title='bbox 728 2372 776 2399; x_wconf 84' lang='grc' dir='ltr'><em>τοῦ</em></span> <span class='ocrx_word' id='word_1_720' title='bbox 792 2371 913 2404; x_wconf 86' lang='grc' dir='ltr'><em>σκότους.</em></span> 
     </span>
    </p>
   </div>
   <div class='ocr_carea' id='block_1_94' title="bbox 122 2418 915 2458">
    <p class='ocr_par' dir='ltr' id='par_1_94' title="bbox 122 2418 915 2458">
     <span class='ocr_line' id='line_1_94' title="bbox 122 2418 915 2458; baseline -0.008 -8"><span class='ocrx_word' id='word_1_721' title='bbox 122 2423 267 2458; x_wconf 81' lang='grc' dir='ltr'><em>Μακάριαι</em></span> <span class='ocrx_word' id='word_1_722' title='bbox 283 2421 361 2457; x_wconf 81' lang='grc' dir='ltr'><em>ἡμῶν</em></span> <span class='ocrx_word' id='word_1_723' title='bbox 376 2421 405 2448; x_wconf 82' lang='grc' dir='ltr'><em>αἱ</em></span> <span class='ocrx_word' id='word_1_724' title='bbox 429 2420 547 2452; x_wconf 75' lang='grc' dir='ltr'><em>ἐλπίδες,</em></span> <span class='ocrx_word' id='word_1_725' title='bbox 564 2420 604 2446; x_wconf 81' lang='grc' dir='ltr'><strong>ὅτι</strong></span> <span class='ocrx_word' id='word_1_726' title='bbox 620 2419 732 2455; x_wconf 76' lang='grc' dir='ltr'><em>ἄρχοντι</em></span> <span class='ocrx_word' id='word_1_727' title='bbox 740 2418 788 2445; x_wconf 79' lang='grc' dir='ltr'><em>τοῦ</em></span> <span class='ocrx_word' id='word_1_728' title='bbox 803 2418 915 2449; x_wconf 83' lang='grc' dir='ltr'><em>σκότους</em></span> 
     </span>
    </p>
   </div>
   <div class='ocr_carea' id='block_1_95' title="bbox 122 2463 915 2505">
    <p class='ocr_par' dir='ltr' id='par_1_95' title="bbox 122 2463 915 2505">
     <span class='ocr_line' id='line_1_95' title="bbox 122 2463 915 2505; baseline -0.006 -10"><span class='ocrx_word' id='word_1_729' title='bbox 122 2471 138 2496; x_wconf 89' lang='grc' dir='ltr'>ὁ</span> <span class='ocrx_word' id='word_1_730' title='bbox 153 2468 271 2505; x_wconf 75' lang='grc' dir='ltr'><em>Χριστὸς</em></span> <span class='ocrx_word' id='word_1_731' title='bbox 294 2466 380 2494; x_wconf 72' lang='grc' dir='ltr'><em>ἐλθὼν</em></span> <span class='ocrx_word' id='word_1_732' title='bbox 405 2466 571 2502; x_wconf 82' lang='grc' dir='ltr'><em>προσφέρειν</em></span> <span class='ocrx_word' id='word_1_733' title='bbox 590 2464 740 2500; x_wconf 72' lang='grc' dir='ltr'><em>ἠνάγκαζε.</em></span> <span class='ocrx_word' id='word_1_734' title='bbox 755 2463 915 2500; x_wconf 80' lang='grc' dir='ltr'><em>Καθαρίσας</em></span> 
     </span>
    </p>
   </div>
   <div class='ocr_carea' id='block_1_96' title="bbox 123 2508 915 2550">
    <p class='ocr_par' dir='ltr' id='par_1_96' title="bbox 123 2508 915 2550">
     <span class='ocr_line' id='line_1_96' title="bbox 123 2508 915 2550; baseline -0.008 -9"><span class='ocrx_word' id='word_1_735' title='bbox 123 2515 178 2550; x_wconf 84' lang='grc' dir='ltr'><em>γὰρ</em></span> <span class='ocrx_word' id='word_1_736' title='bbox 190 2514 234 2541; x_wconf 76' lang='grc' dir='ltr'><strong>τὸν</strong></span> <span class='ocrx_word' id='word_1_737' title='bbox 245 2513 345 2549; x_wconf 79' lang='grc' dir='ltr'><em>λεπρδν</em></span> <span class='ocrx_word' id='word_1_738' title='bbox 359 2512 404 2539; x_wconf 74' lang='grc' dir='ltr'><strong>τὸν</strong></span> <span class='ocrx_word' id='word_1_739' title='bbox 419 2513 448 2539; x_wconf 86' lang='grc' dir='ltr'><em>ὲν</em></span> <span class='ocrx_word' id='word_1_740' title='bbox 460 2513 468 2528; x_wconf 78' lang='grc' dir='ltr'>ι</span> <span class='ocrx_word' id='word_1_741' title='bbox 487 2511 526 2547; x_wconf 84' lang='grc' dir='ltr'><strong>τῷ</strong></span> <span class='ocrx_word' id='word_1_742' title='bbox 542 2511 616 2546; x_wconf 87' lang='grc' dir='ltr'><em>νόμῳ</em></span> <span class='ocrx_word' id='word_1_743' title='bbox 626 2510 766 2546; x_wconf 79' lang='grc' dir='ltr'><em>γραφέντα</em></span> <span class='ocrx_word' id='word_1_744' title='bbox 774 2509 819 2536; x_wconf 82' lang='grc' dir='ltr'><strong>ὑπ’</strong></span> <span class='ocrx_word' id='word_1_745' title='bbox 832 2508 915 2536; x_wconf 78' lang='grc' dir='ltr'><em>αὐτοῦ</em></span> 
     </span>
    </p>
   </div>
   <div class='ocr_carea' id='block_1_97' title="bbox 124 2555 914 2595">
    <p class='ocr_par' dir='ltr' id='par_1_97' title="bbox 124 2555 914 2595">
     <span class='ocr_line' id='line_1_97' title="bbox 124 2555 914 2595; baseline -0.008 -8"><span class='ocrx_word' id='word_1_746' title='bbox 124 2561 304 2595; x_wconf 78' lang='grc' dir='ltr'><em>λαλήσαντος,</em></span> <span class='ocrx_word' id='word_1_747' title='bbox 333 2558 365 2585; x_wconf 78' lang='grc' dir='ltr'><strong>τὸ</strong></span> <span class='ocrx_word' id='word_1_748' title='bbox 390 2559 419 2585; x_wconf 81' lang='grc' dir='ltr'><em>ὲν</em></span> <span class='ocrx_word' id='word_1_749' title='bbox 439 2557 478 2594; x_wconf 82' lang='grc' dir='ltr'><strong>τῷ</strong></span> <span class='ocrx_word' id='word_1_750' title='bbox 507 2558 581 2593; x_wconf 81' lang='grc' dir='ltr'><em>νόμῳ</em></span> <span class='ocrx_word' id='word_1_751' title='bbox 609 2555 791 2583; x_wconf 73' lang='grc' dir='ltr'><em>ἐπιτελεῖσθαι</em></span> <span class='ocrx_word' id='word_1_752' title='bbox 818 2555 914 2590; x_wconf 83' lang='grc' dir='ltr'><em>δῶρον,</em></span> 
     </span>
    </p>
   </div>
   <div class='ocr_carea' id='block_1_98' title="bbox 131 2599 916 2639">
    <p class='ocr_par' dir='ltr' id='par_1_98' title="bbox 131 2599 916 2639">
     <span class='ocr_line' id='line_1_98' title="bbox 131 2599 916 2639; baseline -0.009 -6"><span class='ocrx_word' id='word_1_753' title='bbox 131 2605 284 2633; x_wconf 78' lang='grc' dir='ltr'><em>Ἀπελθὼν</em></span> <span class='ocrx_word' id='word_1_754' title='bbox 303 2603 487 2639; x_wconf 76' lang='grc' dir='ltr'><em>προσένεγκε</em></span> <span class='ocrx_word' id='word_1_755' title='bbox 509 2602 542 2629; x_wconf 85' lang='grc' dir='ltr'><em>τὸ</em></span> <span class='ocrx_word' id='word_1_756' title='bbox 561 2601 657 2635; x_wconf 81' lang='grc' dir='ltr'><em>δῶρόν</em></span> <span class='ocrx_word' id='word_1_757' title='bbox 672 2608 743 2634; x_wconf 86' lang='grc' dir='ltr'><em>σου,</em></span> <span class='ocrx_word' id='word_1_758' title='bbox 764 2599 804 2636; x_wconf 78' lang='grc' dir='ltr'><strong>τῷ</strong></span> <span class='ocrx_word' id='word_1_759' title='bbox 830 2599 916 2626; x_wconf 87' lang='grc' dir='ltr'><em>καθα-</em></span> 
     </span>
    </p>
   </div>
   <div class='ocr_carea' id='block_1_99' title="bbox 127 2644 916 2688">
    <p class='ocr_par' dir='ltr' id='par_1_99' title="bbox 127 2644 916 2688">
     <span class='ocr_line' id='line_1_99' title="bbox 127 2644 916 2688; baseline -0.01 -9"><span class='ocrx_word' id='word_1_760' title='bbox 127 2651 248 2688; x_wconf 78' lang='grc' dir='ltr'><em>ρισθέντι</em></span> <span class='ocrx_word' id='word_1_761' title='bbox 267 2651 312 2677; x_wconf 80' lang='grc' dir='ltr'><strong>ὑπ’</strong></span> <span class='ocrx_word' id='word_1_762' title='bbox 327 2649 410 2677; x_wconf 83' lang='grc' dir='ltr'><em>αὑτοῦ</em></span> <span class='ocrx_word' id='word_1_763' title='bbox 421 2648 514 2684; x_wconf 82' lang='grc' dir='ltr'><em>λεπρῷ</em></span> <span class='ocrx_word' id='word_1_764' title='bbox 527 2648 625 2682; x_wconf 85' lang='grc' dir='ltr'><em>λέγων,</em></span> <span class='ocrx_word' id='word_1_765' title='bbox 641 2646 737 2679; x_wconf 83' lang='grc' dir='ltr'><em>καθὼς</em></span> <span class='ocrx_word' id='word_1_766' title='bbox 749 2644 916 2680; x_wconf 76' lang='grc' dir='ltr'><em>προσέταξε</em></span> 
     </span>
    </p>
   </div>
   <div class='ocr_carea' id='block_1_100' title="bbox 127 2690 915 2733">
    <p class='ocr_par' dir='ltr' id='par_1_100' title="bbox 127 2690 915 2733">
     <span class='ocr_line' id='line_1_100' title="bbox 127 2690 915 2733; baseline -0.01 -8"><span class='ocrx_word' id='word_1_767' title='bbox 127 2700 213 2725; x_wconf 74' lang='grc' dir='ltr'><strong>Μωῦο</strong></span> <span class='ocrx_word' id='word_1_768' title='bbox 222 2696 269 2731; x_wconf 77' lang='grc' dir='ltr'><strong>ἧς.</strong></span> <span class='ocrx_word' id='word_1_769' title='bbox 287 2696 378 2733; x_wconf 75' lang='grc' dir='ltr'><em>Δῶρον</em></span> <span class='ocrx_word' id='word_1_770' title='bbox 392 2695 421 2722; x_wconf 68' lang='grc' dir='ltr'><strong>δὲ</strong></span> <span class='ocrx_word' id='word_1_771' title='bbox 431 2693 465 2730; x_wconf 82' lang='grc' dir='ltr'><em>ἦν</em></span> <span class='ocrx_word' id='word_1_772' title='bbox 480 2694 526 2721; x_wconf 70' lang='grc' dir='ltr'><strong>ἐπὶ</strong></span> <span class='ocrx_word' id='word_1_773' title='bbox 545 2693 594 2728; x_wconf 81' lang='grc' dir='ltr'><em>τῆς</em></span> <span class='ocrx_word' id='word_1_774' title='bbox 605 2693 707 2729; x_wconf 76' lang='grc' dir='ltr'><em>λέπρας</em></span> <span class='ocrx_word' id='word_1_775' title='bbox 720 2692 795 2728; x_wconf 73' lang='grc' dir='ltr'><em>ὅρνις</em></span> <span class='ocrx_word' id='word_1_776' title='bbox 810 2691 851 2723; x_wconf 80' lang='grc' dir='ltr'><strong>είς</strong></span> <span class='ocrx_word' id='word_1_777' title='bbox 867 2690 915 2717; x_wconf 87' lang='grc' dir='ltr'><strong>θυ-</strong></span> 
     </span>
    </p>
   </div>
   <div class='ocr_carea' id='block_1_101' title="bbox 165 2786 450 2821">
    <p class='ocr_par' dir='ltr' id='par_1_101' title="bbox 165 2786 450 2821">
     <span class='ocr_line' id='line_1_101' title="bbox 165 2786 450 2821; baseline -0.007 -6"><span class='ocrx_word' id='word_1_778' title='bbox 165 2788 173 2803; x_wconf 87' lang='grc'>¹</span> <span class='ocrx_word' id='word_1_779' title='bbox 185 2787 339 2821; x_wconf 88' lang='lat' dir='ltr'><strong>Corruptus</strong></span> <span class='ocrx_word' id='word_1_780' title='bbox 364 2786 450 2815; x_wconf 83' lang='lat' dir='ltr'><strong>locus.</strong></span> 
     </span>
    </p>
   </div>
   <div class='ocr_carea' id='block_1_102' title="bbox 133 2822 329 2855">
    <p class='ocr_par' dir='ltr' id='par_1_102' title="bbox 133 2822 329 2855">
     <span class='ocr_line' id='line_1_102' title="bbox 133 2822 329 2855; baseline -0.015 -4"><span class='ocrx_word' id='word_1_781' title='bbox 133 2822 142 2836; x_wconf 95' lang='grc'><strong>⁷</strong></span> <span class='ocrx_word' id='word_1_782' title='bbox 158 2822 224 2851; x_wconf 85' lang='lat' dir='ltr'><strong>Luc.</strong></span> <span class='ocrx_word' id='word_1_783' title='bbox 247 2830 271 2855; x_wconf 83' lang='grc' dir='ltr'><em>ιι,</em></span> <span class='ocrx_word' id='word_1_784' title='bbox 289 2822 329 2849; x_wconf 79' lang='grc' dir='ltr'>Η.</span> 
     </span>
    </p>
   </div>
   <div class='ocr_carea' id='block_1_103' title="bbox 490 2781 926 2816">
    <p class='ocr_par' dir='ltr' id='par_1_103' title="bbox 490 2781 926 2816">
     <span class='ocr_line' id='line_1_103' title="bbox 490 2781 926 2816; baseline -0.014 -4"><span class='ocrx_word' id='word_1_785' title='bbox 490 2785 499 2800; x_wconf 84' lang='grc'>⁸</span> <span class='ocrx_word' id='word_1_786' title='bbox 511 2786 578 2812; x_wconf 78' lang='lat' dir='ltr'><strong>Ucn.</strong></span> <span class='ocrx_word' id='word_1_787' title='bbox 596 2790 627 2816; x_wconf 87' lang='lat' dir='ltr'><strong>tt,</strong></span> <span class='ocrx_word' id='word_1_788' title='bbox 648 2783 688 2811; x_wconf 78' lang='grc' dir='ltr'><strong>ιδ.</strong></span> <span class='ocrx_word' id='word_1_789' title='bbox 727 2783 737 2798; x_wconf 80' lang='grc'>³</span> <span class='ocrx_word' id='word_1_790' title='bbox 757 2781 852 2809; x_wconf 75' lang='lat' dir='ltr'><strong>Matth.</strong></span> <span class='ocrx_word' id='word_1_791' title='bbox 868 2788 926 2812; x_wconf 71' lang='grc' dir='ltr'><em>χιι,</em></span> 
     </span>
    </p>
   </div>
   <div class='ocr_carea' id='block_1_104' title="bbox 931 2233 1751 2272">
    <p class='ocr_par' dir='ltr' id='par_1_104' title="bbox 931 2233 1751 2272">
     <span class='ocr_line' id='line_1_104' title="bbox 931 2233 1751 2272; baseline -0.004 -8"><span class='ocrx_word' id='word_1_792' title='bbox 931 2241 953 2268; x_wconf 89' lang='lat' dir='ltr'><strong>D</strong></span> <span class='ocrx_word' id='word_1_793' title='bbox 1002 2236 1081 2264; x_wconf 80' lang='lat' dir='ltr'><strong>LVII.</strong></span> <span class='ocrx_word' id='word_1_794' title='bbox 1102 2236 1263 2272; x_wconf 83' lang='lat' dir='ltr'><strong>Quanquam</strong></span> <span class='ocrx_word' id='word_1_795' title='bbox 1277 2236 1341 2271; x_wconf 90' lang='lat' dir='ltr'><strong>quid</strong></span> <span class='ocrx_word' id='word_1_796' title='bbox 1358 2236 1386 2263; x_wconf 90' lang='lat' dir='ltr'><strong>in</strong></span> <span class='ocrx_word' id='word_1_797' title='bbox 1400 2233 1595 2270; x_wconf 86' lang='lat' dir='ltr'><strong>percenscndis</strong></span> <span class='ocrx_word' id='word_1_798' title='bbox 1615 2233 1689 2262; x_wconf 70' lang='lat' dir='ltr'><strong>illius</strong></span> <span class='ocrx_word' id='word_1_799' title='bbox 1703 2234 1751 2261; x_wconf 87' lang='lat' dir='ltr'><strong>de-</strong></span> 
     </span>
    </p>
   </div>
   <div class='ocr_carea' id='block_1_105' title="bbox 968 2279 1752 2316">
    <p class='ocr_par' dir='ltr' id='par_1_105' title="bbox 968 2279 1752 2316">
     <span class='ocr_line' id='line_1_105' title="bbox 968 2279 1752 2316; baseline -0.003 -7"><span class='ocrx_word' id='word_1_800' title='bbox 968 2281 1038 2309; x_wconf 85' lang='lat' dir='ltr'><strong>liriis</strong></span> <span class='ocrx_word' id='word_1_801' title='bbox 1059 2282 1161 2309; x_wconf 77' lang='lat' dir='ltr'><strong>frustra</strong></span> <span class='ocrx_word' id='word_1_802' title='bbox 1180 2288 1292 2316; x_wconf 84' lang='lat' dir='ltr'><strong>operam</strong></span> <span class='ocrx_word' id='word_1_803' title='bbox 1314 2286 1475 2314; x_wconf 89' lang='lat' dir='ltr'><strong>tempusque</strong></span> <span class='ocrx_word' id='word_1_804' title='bbox 1495 2279 1651 2306; x_wconf 80' lang='lat' dir='ltr'><strong>cousumo?‘</strong></span> <span class='ocrx_word' id='word_1_805' title='bbox 1664 2279 1752 2314; x_wconf 84' lang='lat' dir='ltr'><strong>Cujus</strong></span> 
     </span>
    </p>
   </div>
   <div class='ocr_carea' id='block_1_106' title="bbox 968 2324 1753 2362">
    <p class='ocr_par' dir='ltr' id='par_1_106' title="bbox 968 2324 1753 2362">
     <span class='ocr_line' id='line_1_106' title="bbox 968 2324 1753 2362; baseline -0.004 -6"><span class='ocrx_word' id='word_1_806' title='bbox 968 2332 1043 2356; x_wconf 83' lang='lat' dir='ltr'><strong>tanta</strong></span> <span class='ocrx_word' id='word_1_807' title='bbox 1057 2332 1100 2356; x_wconf 89' lang='lat' dir='ltr'><strong>est</strong></span> <span class='ocrx_word' id='word_1_808' title='bbox 1113 2327 1282 2362; x_wconf 85' lang='lat' dir='ltr'><strong>impudentia</strong></span> <span class='ocrx_word' id='word_1_809' title='bbox 1295 2334 1327 2353; x_wconf 80' lang='lat' dir='ltr'><strong>ac</strong></span> <span class='ocrx_word' id='word_1_810' title='bbox 1345 2325 1492 2361; x_wconf 87' lang='lat' dir='ltr'><strong>petulantis</strong></span> <span class='ocrx_word' id='word_1_811' title='bbox 1510 2324 1536 2352; x_wconf 91' lang='lat' dir='ltr'><strong>in</strong></span> <span class='ocrx_word' id='word_1_812' title='bbox 1551 2324 1636 2352; x_wconf 85' lang='lat' dir='ltr'><strong>Deum</strong></span> <span class='ocrx_word' id='word_1_813' title='bbox 1654 2324 1753 2359; x_wconf 65' lang='lat' dir='ltr'><strong>linguas</strong></span> 
     </span>
    </p>
   </div>
   <div class='ocr_carea' id='block_1_107' title="bbox 967 2369 1753 2405">
    <p class='ocr_par' dir='ltr' id='par_1_107' title="bbox 967 2369 1753 2405">
     <span class='ocr_line' id='line_1_107' title="bbox 967 2369 1753 2405; baseline -0.005 -5"><span class='ocrx_word' id='word_1_814' title='bbox 967 2373 1086 2403; x_wconf 84' lang='lat' dir='ltr'><strong>licentia.</strong></span> <span class='ocrx_word' id='word_1_815' title='bbox 1100 2376 1130 2400; x_wconf 93' lang='lat' dir='ltr'><strong>ut</strong></span> <span class='ocrx_word' id='word_1_816' title='bbox 1142 2372 1315 2400; x_wconf 89' lang='lat' dir='ltr'><strong>tenebrarum</strong></span> <span class='ocrx_word' id='word_1_817' title='bbox 1328 2370 1478 2405; x_wconf 89' lang='lat' dir='ltr'><strong>principem</strong></span> <span class='ocrx_word' id='word_1_818' title='bbox 1497 2370 1573 2396; x_wconf 89' lang='lat' dir='ltr'><strong>illttm</strong></span> <span class='ocrx_word' id='word_1_819' title='bbox 1589 2369 1677 2404; x_wconf 85' lang='lat' dir='ltr'><strong>ipsum</strong></span> <span class='ocrx_word' id='word_1_820' title='bbox 1691 2377 1753 2397; x_wconf 84' lang='lat' dir='ltr'><strong>esse</strong></span> 
     </span>
    </p>
   </div>
   <div class='ocr_carea' id='block_1_108' title="bbox 967 2415 1754 2452">
    <p class='ocr_par' dir='ltr' id='par_1_108' title="bbox 967 2415 1754 2452">
     <span class='ocr_line' id='line_1_108' title="bbox 967 2415 1754 2452; baseline -0.005 -6"><span class='ocrx_word' id='word_1_821' title='bbox 967 2418 1113 2450; x_wconf 78' lang='lat' dir='ltr'><strong>defendat,</strong></span> <span class='ocrx_word' id='word_1_822' title='bbox 1134 2417 1181 2452; x_wconf 93' lang='lat' dir='ltr'><strong>qui</strong></span> <span class='ocrx_word' id='word_1_823' title='bbox 1201 2417 1229 2444; x_wconf 91' lang='lat' dir='ltr'><strong>in</strong></span> <span class='ocrx_word' id='word_1_824' title='bbox 1250 2417 1308 2452; x_wconf 79' lang='lat' dir='ltr'><strong>lege</strong></span> <span class='ocrx_word' id='word_1_825' title='bbox 1322 2423 1355 2443; x_wconf 86' lang='lat' dir='ltr'><strong>ac</strong></span> <span class='ocrx_word' id='word_1_826' title='bbox 1371 2415 1511 2450; x_wconf 87' lang='lat' dir='ltr'><strong>prophetis</strong></span> <span class='ocrx_word' id='word_1_827' title='bbox 1532 2415 1641 2443; x_wconf 82' lang='lat' dir='ltr'><strong>locutus</strong></span> <span class='ocrx_word' id='word_1_828' title='bbox 1657 2420 1699 2442; x_wconf 86' lang='lat' dir='ltr'><strong>est</strong></span> <span class='ocrx_word' id='word_1_829' title='bbox 1729 2415 1754 2442; x_wconf 92' lang='lat'><strong>0</strong></span> 
     </span>
    </p>
   </div>
   <div class='ocr_carea' id='block_1_109' title="bbox 968 2461 1752 2498">
    <p class='ocr_par' dir='ltr' id='par_1_109' title="bbox 968 2461 1752 2498">
     <span class='ocr_line' id='line_1_109' title="bbox 968 2461 1752 2498; baseline -0.006 -6"><span class='ocrx_word' id='word_1_830' title='bbox 968 2464 1062 2492; x_wconf 77' lang='lat' dir='ltr'><strong>felices</strong></span> <span class='ocrx_word' id='word_1_831' title='bbox 1076 2472 1109 2492; x_wconf 88' lang='lat' dir='ltr'><strong>ac</strong></span> <span class='ocrx_word' id='word_1_832' title='bbox 1131 2463 1277 2498; x_wconf 66' lang='lat' dir='ltr'><strong>praeclaras</strong></span> <span class='ocrx_word' id='word_1_833' title='bbox 1287 2471 1349 2498; x_wconf 88' lang='lat' dir='ltr'><strong>spes</strong></span> <span class='ocrx_word' id='word_1_834' title='bbox 1361 2467 1482 2492; x_wconf 83' lang='lat' dir='ltr'><strong>nostras.</strong></span> <span class='ocrx_word' id='word_1_835' title='bbox 1497 2469 1558 2488; x_wconf 88' lang='lat' dir='ltr'><strong>cum</strong></span> <span class='ocrx_word' id='word_1_836' title='bbox 1578 2461 1752 2489; x_wconf 87' lang='lat' dir='ltr'><strong>tenebrarum</strong></span> 
     </span>
    </p>
   </div>
   <div class='ocr_carea' id='block_1_110' title="bbox 969 2506 1753 2546">
    <p class='ocr_par' dir='ltr' id='par_1_110' title="bbox 969 2506 1753 2546">
     <span class='ocr_line' id='line_1_110' title="bbox 969 2506 1753 2546; baseline -0.008 -7"><span class='ocrx_word' id='word_1_837' title='bbox 969 2510 1085 2546; x_wconf 89' lang='lat' dir='ltr'><strong>principi</strong></span> <span class='ocrx_word' id='word_1_838' title='bbox 1105 2509 1231 2538; x_wconf 88' lang='lat' dir='ltr'><strong>Christus</strong></span> <span class='ocrx_word' id='word_1_839' title='bbox 1249 2515 1362 2536; x_wconf 86' lang='lat' dir='ltr'><strong>munera</strong></span> <span class='ocrx_word' id='word_1_840' title='bbox 1376 2507 1484 2536; x_wconf 78' lang='lat' dir='ltr'><strong>deferre</strong></span> <span class='ocrx_word' id='word_1_841' title='bbox 1496 2507 1630 2542; x_wconf 82' lang='lat' dir='ltr'><strong>coegerit!</strong></span> <span class='ocrx_word' id='word_1_842' title='bbox 1645 2506 1753 2534; x_wconf 82' lang='lat' dir='ltr'><strong>Postea-</strong></span> 
     </span>
    </p>
   </div>
   <div class='ocr_carea' id='block_1_111' title="bbox 969 2549 1753 2590">
    <p class='ocr_par' dir='ltr' id='par_1_111' title="bbox 969 2549 1753 2590">
     <span class='ocr_line' id='line_1_111' title="bbox 969 2549 1753 2590; baseline -0.008 -8"><span class='ocrx_word' id='word_1_843' title='bbox 969 2562 1050 2590; x_wconf 84' lang='lat' dir='ltr'><strong>quam</strong></span> <span class='ocrx_word' id='word_1_844' title='bbox 1068 2555 1141 2582; x_wconf 84' lang='lat' dir='ltr'><strong>enim</strong></span> <span class='ocrx_word' id='word_1_845' title='bbox 1162 2553 1378 2588; x_wconf 86' lang='lat' dir='ltr'><strong>elcphantiacum</strong></span> <span class='ocrx_word' id='word_1_846' title='bbox 1400 2549 1475 2578; x_wconf 83' lang='lat' dir='ltr'><strong>illum</strong></span> <span class='ocrx_word' id='word_1_847' title='bbox 1500 2550 1634 2585; x_wconf 78' lang='lat' dir='ltr'><strong>purgavit,</strong></span> <span class='ocrx_word' id='word_1_848' title='bbox 1651 2549 1753 2577; x_wconf 90' lang='lat' dir='ltr'><strong>donum</strong></span> 
     </span>
    </p>
   </div>
   <div class='ocr_carea' id='block_1_112' title="bbox 968 2595 1753 2635">
    <p class='ocr_par' dir='ltr' id='par_1_112' title="bbox 968 2595 1753 2635">
     <span class='ocr_line' id='line_1_112' title="bbox 968 2595 1753 2635; baseline -0.008 -8"><span class='ocrx_word' id='word_1_849' title='bbox 968 2599 1050 2632; x_wconf 85' lang='lat' dir='ltr'><strong>illud,</strong></span> <span class='ocrx_word' id='word_1_850' title='bbox 1072 2599 1144 2634; x_wconf 86' lang='lat' dir='ltr'><strong>quod</strong></span> <span class='ocrx_word' id='word_1_851' title='bbox 1169 2599 1227 2635; x_wconf 73' lang='lat' dir='ltr'><strong>lege</strong></span> <span class='ocrx_word' id='word_1_852' title='bbox 1247 2598 1437 2634; x_wconf 81' lang='lat' dir='ltr'><strong>praescriptum</strong></span> <span class='ocrx_word' id='word_1_853' title='bbox 1458 2602 1516 2627; x_wconf 81' lang='lat' dir='ltr'><strong>est.</strong></span> <span class='ocrx_word' id='word_1_854' title='bbox 1543 2597 1639 2624; x_wconf 80' lang='lat' dir='ltr'><strong>afferre</strong></span> <span class='ocrx_word' id='word_1_855' title='bbox 1661 2595 1753 2622; x_wconf 86' lang='lat' dir='ltr'><strong>statim</strong></span> 
     </span>
    </p>
   </div>
   <div class='ocr_carea' id='block_1_113' title="bbox 965 2641 1753 2680">
    <p class='ocr_par' dir='ltr' id='par_1_113' title="bbox 965 2641 1753 2680">
     <span class='ocr_line' id='line_1_113' title="bbox 965 2641 1753 2680; baseline -0.01 -8"><span class='ocrx_word' id='word_1_856' title='bbox 965 2644 1058 2680; x_wconf 83' lang='lat' dir='ltr'><strong>jussit.</strong></span> <span class='ocrx_word' id='word_1_857' title='bbox 1078 2643 1159 2674; x_wconf 83' lang='lat' dir='ltr'><strong>Vade.</strong></span> <span class='ocrx_word' id='word_1_858' title='bbox 1176 2643 1274 2678; x_wconf 83' lang='lat' dir='ltr'><strong>inquit,</strong></span> <span class='ocrx_word' id='word_1_859' title='bbox 1285 2642 1350 2677; x_wconf 63' lang='lat' dir='ltr'><strong>offer</strong></span> <span class='ocrx_word' id='word_1_860' title='bbox 1363 2649 1456 2668; x_wconf 74' lang='lat' dir='ltr'><strong>munus</strong></span> <span class='ocrx_word' id='word_1_861' title='bbox 1479 2646 1563 2671; x_wconf 81' lang='lat' dir='ltr'><strong>tuum,</strong></span> <span class='ocrx_word' id='word_1_862' title='bbox 1576 2641 1644 2666; x_wconf 79' lang='lat' dir='ltr'><strong>sicut</strong></span> <span class='ocrx_word' id='word_1_863' title='bbox 1658 2645 1753 2672; x_wconf 73' lang='grc' dir='ltr'><em>ιιι-αοε-</em></span> 
     </span>
    </p>
   </div>
   <div class='ocr_carea' id='block_1_114' title="bbox 967 2681 1755 2723">
    <p class='ocr_par' dir='ltr' id='par_1_114' title="bbox 967 2681 1755 2723">
     <span class='ocr_line' id='line_1_114' title="bbox 967 2681 1755 2723; baseline -0.011 -7"><span class='ocrx_word' id='word_1_864' title='bbox 967 2689 1005 2723; x_wconf 82' lang='lat' dir='ltr'><strong>pit</strong></span> <span class='ocrx_word' id='word_1_865' title='bbox 1026 2687 1131 2723; x_wconf 70' lang='lat' dir='ltr'><strong>Moyses</strong></span> <span class='ocrx_word' id='word_1_866' title='bbox 1145 2687 1167 2715; x_wconf 91' lang='grc'><strong>⁷.</strong></span> <span class='ocrx_word' id='word_1_867' title='bbox 1184 2686 1324 2722; x_wconf 80' lang='lat' dir='ltr'><strong>Ejusmodi</strong></span> <span class='ocrx_word' id='word_1_868' title='bbox 1342 2693 1423 2720; x_wconf 84' lang='lat' dir='ltr'><strong>porro</strong></span> <span class='ocrx_word' id='word_1_869' title='bbox 1440 2691 1550 2716; x_wconf 78' lang='lat' dir='ltr'><strong>munus,</strong></span> <span class='ocrx_word' id='word_1_870' title='bbox 1574 2682 1649 2717; x_wconf 82' lang='lat' dir='ltr'><strong>quod</strong></span> <span class='ocrx_word' id='word_1_871' title='bbox 1669 2681 1705 2708; x_wconf 92' lang='lat' dir='ltr'><strong>ob</strong></span> <span class='ocrx_word' id='word_1_872' title='bbox 1721 2681 1755 2708; x_wconf 82' lang='lat' dir='ltr'><strong>le-</strong></span> 
     </span>
    </p>
   </div>
   <div class='ocr_carea' id='block_1_115' title="bbox 1609 2770 1754 2799">
    <p class='ocr_par' dir='ltr' id='par_1_115' title="bbox 1609 2770 1754 2799">
     <span class='ocr_line' id='line_1_115' title="bbox 1609 2770 1754 2799; baseline 0.014 -2"><span class='ocrx_word' id='word_1_873' title='bbox 1609 2770 1618 2785; x_wconf 87' lang='lat'><strong>‘</strong></span> <span class='ocrx_word' id='word_1_874' title='bbox 1630 2770 1696 2798; x_wconf 82' lang='lat' dir='ltr'><strong>ibid.</strong></span> <span class='ocrx_word' id='word_1_875' title='bbox 1708 2770 1754 2799; x_wconf 74' lang='lat'><strong>22.</strong></span> 
     </span>
    </p>
   </div>
   <div class='ocr_carea' id='block_1_116' title="bbox 954 2772 1569 2815">
    <p class='ocr_par' dir='ltr' id='par_1_116' title="bbox 954 2772 1569 2815">
     <span class='ocr_line' id='line_1_116' title="bbox 954 2772 1569 2815; baseline -0.013 -9"><span class='ocrx_word' id='word_1_876' title='bbox 954 2779 970 2806; x_wconf 76' lang='grc' dir='ltr'><em>ι</em></span> <span class='ocrx_word' id='word_1_877' title='bbox 985 2787 1045 2815; x_wconf 85' lang='lat' dir='ltr'><strong>sqq.</strong></span> <span class='ocrx_word' id='word_1_878' title='bbox 1076 2778 1086 2794; x_wconf 77' lang='grc'>⁸</span> <span class='ocrx_word' id='word_1_879' title='bbox 1108 2777 1206 2814; x_wconf 64' lang='lat' dir='ltr'><strong>Epirus.</strong></span> <span class='ocrx_word' id='word_1_880' title='bbox 1225 2786 1249 2808; x_wconf 81' lang='grc' dir='ltr'><strong>ν,</strong></span> <span class='ocrx_word' id='word_1_881' title='bbox 1272 2777 1317 2803; x_wconf 70' lang='grc'><strong>52.</strong></span> <span class='ocrx_word' id='word_1_882' title='bbox 1371 2777 1381 2792; x_wconf 86' lang='grc'><strong><em>⁵</em></strong></span> <span class='ocrx_word' id='word_1_883' title='bbox 1401 2775 1467 2802; x_wconf 81' lang='lat' dir='ltr'><strong>Gen.</strong></span> <span class='ocrx_word' id='word_1_884' title='bbox 1482 2781 1512 2804; x_wconf 84' lang='lat' dir='ltr'><strong>Il,</strong></span> <span class='ocrx_word' id='word_1_885' title='bbox 1525 2772 1569 2799; x_wconf 65' lang='lat'><strong>25.</strong></span> 
     </span>
    </p>
   </div>
  </div>
