1939 3036
192 124 244 153 H‘J

893 124 920 152 S.
943 125 1112 153 EPIPHANH

1766 122 1815 151 H0

193 183 294 209 umle
306 180 412 211 habuit,
426 180 489 215 quis
504 180 669 207 immobilem
685 181 757 207 illam
774 181 836 207 mali
852 186 977 208 naturam

1032 183 1163 218 ἄτρεπτον
1189 183 1270 217 φύσιν
1295 181 1393 213 κακίας
1412 182 1549 217 τραπῆναι
1567 181 1612 207 ἐπὶ
1626 181 1660 208 τὰ
1676 181 1713 217 μὴ
1735 190 1822 216 προα-

194 231 271 253 tanto
285 226 428 253 intervallo
442 226 567 257 mulavit,
585 229 615 252 ut
630 233 660 253 se
676 226 710 252 ad
734 226 822 253 aliena
838 232 977 254 converte-

194 272 254 299 ret?
268 272 296 298 Si
313 273 338 298 id
353 280 385 299 eo
403 271 503 298 factum
515 276 568 300 est.
584 272 656 306 quod
669 272 750 307 672
773 272 892 299 nondum
909 280 977 307 prae-

193 319 255 345 data
268 318 394 345 virtutem
410 322 493 348 esset,
506 325 594 352 neque
608 318 711 345 bonum
720 323 913 354 expugnasset,
931 324 978 346 aut

193 365 253 397 eius
268 370 434 390 armaturam
447 368 619 398 occupasset,
637 372 691 399 qua
711 372 741 392 se
756 364 932 392 conﬁrmaret
947 373 977 392 ac

193 412 332 442 pasceret,
354 411 434 442 atque
450 408 486 434 ita
508 412 547 435 tot
562 409 615 436 illis
636 409 744 436 smculis
769 410 858 436 omnis
880 417 978 443 expers

193 454 326 484 alimenti.
344 461 395 480 nec
411 461 476 481 vero
498 453 574 481 illius
588 454 714 490 indigens
732 455 900 489 permansit;
916 455 978 488 quis

193 507 252 526 eam
268 505 402 531 naturam,
419 507 479 534 quae
491 499 649 526 alimentum
663 500 797 528 hactenus
807 501 918 526 minimc
932 500 979 526 de—

192 541 340 578 siderabat,
366 545 400 573 ad
425 546 492 573 illud
520 547 718 582 capessendum
745 546 865 581 impulit,
897 546 978 581 idque

192 591 282 624 ipsum
302 591 507 626 requirendum,
529 592 601 627 quod
616 600 670 619 non
685 595 764 619 antea
787 591 934 627 ﬂagitabat,
951 591 978 618 id

191 637 350 664 desiderare
363 637 492 673 denique,
505 638 578 673 quod
594 645 767 673 nequaquam
779 642 859 664 antea
875 637 980 664 deside-

192 684 317 710 raverat?
335 682 503 713 Naturamne
527 684 663 712 mutavit?
679 684 731 711 Ubi
754 684 836 718 igitur
858 684 903 710 illa
926 687 978 715 est,

191 735 273 762 quam
292 729 405 760 asseris,
420 728 599 756 immutabilis
616 729 680 756 mali
698 729 840 756 conditio?
861 728 937 762 Quod
955 728 978 756 si

194 774 339 807 pristinum
357 774 431 801 illum
450 783 545 803 rursus
559 775 592 802 ad
608 778 708 802 statum
735 775 846 806 redeat,
871 780 901 801 ut
925 782 998 808 quo-

193 824 319 847 vescatur
340 820 439 847 habent
459 821 538 853 nihil,
565 828 684 855 quonam
707 821 900 855 pacto-malus
922 819 978 851 ille,

193 869 369 899 posteaquam
383 865 455 892 vesci
468 866 653 898 consueverit,
668 865 797 900 deinceps
809 865 892 891 vitam
908 865 977 892 tole-
991 856 1012 885 (ἶ

194 917 255 937 rare
265 910 325 937 sine
338 910 400 938 cibo
416 911 532 945 poterit?
547 910 655 938 Etenim
671 911 693 938 si
705 918 759 945 quo
773 915 894 945 tempore
907 918 976 936 non-

193 956 258 981 dum
280 954 351 982 cibis
373 959 543 988 assueverat,
567 956 704 983 sustinere
723 955 901 983 nihilominus
923 963 976 982 non

194 999 291 1033 potuit,
310 1000 356 1027 sed
377 1000 411 1027 ad
426 1001 602 1035 quaerendum
619 1001 747 1036 pabulum
771 1005 814 1028 est
832 1001 977 1035 impulsus.

195 1052 226 1071 ac
246 1044 354 1072 demum
372 1046 511 1080 praedatus
531 1045 649 1073 animam
667 1054 699 1073 ea
721 1054 771 1081 pro
793 1046 855 1073 cibo
875 1045 978 1073 abusus

193 1095 258 1117 est:
279 1090 323 1118 ubi
345 1091 469 1118 ciborum
494 1092 687 1119 consuetudini
712 1091 868 1124 indulserit,
893 1091 978 1118 multo

195 1139 285 1166 minus
307 1139 435 1166 cohibere
458 1146 518 1167 sese
539 1143 648 1173 poterit,
673 1146 722 1166 nec
744 1139 797 1165 ulla
822 1139 929 1166 ratione
951 1138 975 1166 ei

193 1184 356 1211 suavitatem
369 1184 486 1219 experiri
499 1184 622 1219 cmperit,
633 1183 668 1211 ab
682 1185 728 1211 illo
743 1191 803 1212 sese
818 1184 974 1212 contineat:

193 1230 373 1264 conlprobare
387 1231 495 1258 nititur.

230 1275 285 1302 LX.
300 1275 400 1303 Verum
411 1276 463 1304 hoc
477 1277 537 1304 loco
551 1278 734 1312 praetermisso
747 1277 780 1304 ad
794 1277 846 1304 alia
857 1277 980 1311 ejusdem

195 1321 314 1349 hominis
326 1321 422 1349 deliria
437 1322 589 1350 orationem
609 1322 760 1350 conferam.
779 1322 921 1357 Principes
942 1323 981 1349 ait

197 1371 332 1400 postremo
347 1367 393 1395 illo
407 1372 529 1403 tempore
550 1368 668 1403 propriis
691 1368 803 1396 sedibus
824 1369 980 1396 restitutum

197 1412 242 1443 iri,
264 1419 296 1438 ac
310 1411 417 1439 Patrem
430 1416 550 1440 suasmet
565 1413 652 1447 ipsius
674 1417 767 1448 partes
789 1421 851 1442 esse
866 1421 981 1449 recupe-

198 1460 331 1483 raturum.
345 1457 413 1489 Quis
422 1461 465 1484 est
475 1457 520 1485 ille
530 1461 585 1484 tam
596 1465 701 1492 aequus,
713 1463 742 1485 ut
754 1458 902 1493 unicuique
911 1459 980 1493 parti

198 1503 330 1530 terminos
346 1510 411 1530 suos
427 1503 499 1530 velut
517 1503 682 1538 decempeda
704 1503 849 1531 metiatur?
862 1503 979 1536 Quinam
994 1512 1017 1542 ο

196 1555 261 1574 vero
270 1547 376 1582 parebit
391 1548 448 1579 ille,
461 1548 508 1582 qui
518 1548 626 1576 veritati
641 1555 674 1575 ac
689 1549 763 1576 bono
773 1557 875 1576 morem
888 1557 981 1584 gerere

198 1592 277 1620 initio
293 1593 426 1621 noluerit?
437 1594 466 1620 Si
478 1594 504 1621 id
520 1594 686 1622 necessitate
705 1595 806 1622 bonum
821 1599 980 1623 exorturum

195 1637 309 1670 dixeris,
325 1642 354 1664 ut
368 1637 489 1672 injusttts
500 1638 545 1666 ille
556 1638 614 1666 suis
626 1639 708 1667 rebus
718 1644 863 1667 contentus
875 1640 921 1672 sit,
931 1647 982 1668 nec

196 1683 225 1711 in
238 1684 301 1711 boni
318 1685 519 1718 possessionem
540 1685 652 1718 involet,
666 1693 716 1712 cur
738 1693 793 1713 non
812 1684 902 1714 facere
916 1686 982 1714 illud

197 1729 276 1756 initio
299 1730 401 1764 potuit,
430 1730 588 1766 priusquam
616 1738 673 1758 suae
692 1731 745 1759 sibi
771 1735 864 1766 partes
890 1736 983 1759 essent

196 1774 315 1808 erepth
328 1774 370 1801 An
384 1781 448 1802 vero
461 1774 543 1804 simul
561 1783 623 1802 esse
636 1775 691 1802 duo
707 1775 746 1802 illi
762 1780 901 1811 poterunt,
919 1783 982 1803 cum

194 1825 275 1845 suam
292 1818 410 1852 quisque
423 1822 527 1852 partem
538 1819 676 1846 obtineat?
689 1819 745 1854 Age
757 1827 821 1846 vero
837 1820 859 1847 si
871 1820 984 1846 omnino

199 1870 254 1888 sum
263 1862 448 1896 Omnipotenti
466 1867 557 1897 partes
570 1863 708 1891 attributa:
720 1864 786 1897 sint,
803 1863 872 1892 adeo
891 1869 920 1891 ut
931 1871 984 1892 cat-

199 1913 264 1933 terae
277 1906 344 1932 nihil
362 1906 396 1933 ad
413 1899 504 1941 ipsum
524 1908 690 1942 pertineant,
699 1908 878 1943 Omnipotens
892 1908 984 1942 appel-

200 1951 250 1978 lari
269 1950 393 1984 desinet,
417 1951 523 1980 desinet
541 1953 663 1980 omnium
689 1961 750 1981 esse
771 1953 859 1987 Deus,
879 1954 985 1981 desinet

200 1997 289 2024 malus
306 1997 378 2024 bono
399 2004 460 2025 esse
475 1997 626 2032 subjectus,
647 2006 709 2026 cum
731 2001 920 2037 unusquisque
935 2007 985 2027 sua

200 2050 230 2070 se
247 2042 435 2071 dominatione
449 2043 598 2071 contineat.
620 2044 706 2079 Cujus
729 2053 811 2080 porro
833 2046 921 2073 malus
939 2046 986 2074 ille

200 2088 330 2117 dominus
347 2090 410 2122 erit,
422 2090 446 2117 si
461 2097 551 2125 neque
572 2090 691 2118 mundus
715 2092 833 2126 amplius
853 2092 984 2127 supersit,

202 2142 251 2162 nec
265 2134 409 2167 animalia,
429 2135 471 2162 vel
494 2135 619 2163 homines
641 2136 704 2170 ulli,
720 2137 767 2172 qui
790 2137 863 2164 illius
887 2137 985 2164 ditioni

201 2180 359 2215 subjacent?
381 2181 515 2209 Prteterea
533 2189 595 2208 cum
618 2182 688 2209 idem
715 2182 761 2210 ille
775 2183 887 2210 materia
905 2184 986 2211 simul
1002 2178 1025 2206 Ι)

200 2232 282 2262 atque
302 2227 444 2263 corruptio
465 2227 512 2261 sit,
528 2235 620 2255 nonne
643 2235 699 2263 prae
720 2229 827 2256 caeteris
847 2229 986 2265 corrumpi

200 2273 260 2308 ipse
279 2273 392 2301 debuit?
411 2273 479 2301 Nam
495 2274 519 2302 si
538 2282 573 2302 ex
588 2274 635 2302 illo
652 2278 774 2309 tempore
790 2275 891 2302 malum
905 2275 986 2311 673

200 2318 394 2353 ctsicorruptio
403 2319 473 2347 foret
492 2324 645 2356 calet-aque
656 2326 855 2356 corrumperet,
866 2322 986 2356 scipsum

202 2364 313 2391 minime
334 2366 496 2400 corrumpit,
513 2373 568 2393 non
589 2371 631 2393 est
653 2367 724 2401 quod
748 2367 919 2401 corruptioni
938 2367 988 2394 ob-

202 2411 314 2438 noxium
339 2410 404 2437 illud
419 2418 481 2438 esse
497 2411 678 2446 suspicemur,
695 2419 756 2439 cum
772 2412 808 2439 ita
829 2415 988 2446 corrumpat

202 2463 311 2489 caetera,
329 2457 419 2491 ipsum
438 2456 591 2483 immortale
604 2457 649 2488 sit,
666 2465 715 2484 nec
730 2457 867 2492 exstingui
889 2457 985 2491 possit.

203 2503 242 2530 Ex
256 2510 311 2538 quo
325 2507 352 2530 et
369 2502 436 2529 illud
460 2503 596 2536 sequitur,
613 2510 674 2529 cum
699 2503 785 2530 solida
802 2506 987 2538 perpetuaque

203 2549 357 2578 substantia
370 2552 488 2580 constet,
503 2556 535 2575 ac
547 2552 646 2583 praeter
654 2556 715 2577 sese
728 2553 872 2577 consumat
883 2549 986 2580 omnia,

203 2596 271 2623 nihil
284 2595 319 2623 ab
336 2595 382 2622 illo
397 2595 523 2622 relictura
538 2594 583 2626 iri,
599 2594 646 2621 sed
662 2602 725 2621 cum
743 2599 906 2622 cmterorum
919 2602 987 2622 con-

204 2641 324 2676 sumptio
343 2641 389 2674 sit,
413 2640 467 2668 illis
483 2640 549 2674 ipsis
562 2640 703 2668 interitum
720 2640 877 2667 allaturum.
889 2640 988 2674 Quam-

204 2689 299 2715 obrem
312 2687 351 2714 sic
366 2686 438 2714 illius
453 2686 608 2714 substantia
624 2686 804 2721 permanebit,
818 2686 886 2714 nihil
901 2691 983 2714 utco-

203 2740 266 2761 καίει
280 2740 340 2767 qua:
358 2736 421 2760 sunt
436 2731 554 2759 residere
570 2730 705 2767 patiatur,
724 2731 770 2760 sed
790 2731 847 2760 sola
861 2738 987 2767 persevc-

238 2808 246 2823 ¹
262 2807 294 2835 F.
313 2808 404 2842 ἔμενε.

1027 229 1145 264 ήκοντας
1164 228 1194 254 El
1211 228 1265 264 γὰρ
1279 227 1355 254 οὔπω
1367 226 1401 263 ἦν
1416 227 1562 262 ἁρπάξασα
1575 227 1699 261 δύναμιν,
1715 227 1762 253 καὶ
1773 235 1822 253 κα⁸

1026 274 1253 310 ταπολεμήσασα,
1283 274 1350 308 μηδὲ
1366 273 1486 299 λαϐοῦσα
1507 272 1656 298 πανοπλίαν
1678 273 1718 303 εἰς
1735 272 1821 306 αὐτῆς

1027 320 1143 355 δύναμιν
1161 319 1208 346 καὶ
1219 319 1258 350 εις
1271 319 1382 353 ἐδωδὴν,
1399 317 1494 353 ἔμελλε
1506 318 1513 332 ¹
1526 317 1553 343 δὲ
1567 318 1595 343 ἐν
1607 317 1713 348 πολλοῖς
1725 317 1820 343 αἰῶσιν

1027 365 1154 400 ἄτροφος,
1170 364 1238 400 μηδὲ
1249 364 1352 399 τροφῆς
1366 362 1536 397 ὲπιδεομένη·
1551 362 1594 393 τίς
1604 361 1700 397 ἔτρεψε
1711 362 1761 396 τήν
1772 368 1821 386 πο-

1026 418 1056 436 τε
1073 411 1110 445 μὴ
1127 410 1304 445 ἐπιδεομένην
1316 409 1418 444 τροφῆς
1431 410 1472 440 εἰς
1485 408 1589 443 τροφὴν
1605 408 1693 443 ἥκειν,
1706 407 1753 434 καὶ
1764 408 1820 434 ἐπι-

1030 455 1128 489 ζητεῖν,
1160 455 1228 490 ὅπερ
1254 453 1318 480 ποτὲ
1344 454 1393 479 οὐκ
1422 452 1559 487 ἐπεζήτει,
1586 452 1633 479 καὶ
1666 452 1819 478 ἐπιδέεσθαι

1027 499 1096 534 ὅπερ
1107 499 1172 525 ποτὲ
1187 500 1236 526 οὐκ
1248 499 1382 530 ἐπεδέκο,
1399 498 1456 525 ἀλλ’
1472 499 1496 525 εἰ
1509 498 1562 534 ἄρα
1579 499 1684 534 ἐτράπη
1699 498 1748 533 τὴν
1767 498 1817 532 φύ-

1029 552 1088 577 σιν;
1112 544 1166 571 Καὶ
1183 544 1243 576 πῶς
1267 545 1283 580 ή
1298 543 1375 579 παρὰ
1393 544 1435 570 σοὶ
1455 544 1569 579 ἁτρεψία
1587 536 1713 579 περὶτοῦ
1732 543 1818 570 κακοῦ

1030 589 1244 625 consequent;
1261 591 1292 617 Et
1306 590 1335 617 δὲ
1351 590 1398 616 καὶ
1414 590 1494 617 πάλιν
1510 591 1550 622 εἰς
1565 589 1632 616 ἰδίαν
1652 589 1819 615 κατάστασιν

1029 636 1110 669 ἔλθοι,
1125 636 1224 672 μηκέτι
1241 636 1365 672 εὐπορῶν
1379 637 1393 663 6
1406 636 1498 672 φάγοι,
1515 636 1573 668 πῶς
1589 637 1602 662 6
1618 635 1700 662 πάλιν
1714 636 1743 661 ὲν
1755 643 1818 662 συν-

1029 681 1109 717 ηθείᾳ
1134 681 1254 716 γεγονὼς
1270 682 1382 718 κακδςῆ
1397 682 1515 718 πονηρὸς
1529 682 1576 708 τοῦ
1594 681 1758 716 βιὸρώσκειν
1771 680 1816 707 καὶ

1029 726 1112 762 ὲδωδῇ
1132 727 1260 762 χρῆσθαι,
1279 727 1390 754 δύναται
1415 728 1561 763 ὑπομένειν
1585 727 1626 758 εἰς
1646 726 1692 753 τὸν
1711 726 1819 752 ἐπιόντα

1030 773 1125 808 χρόνον
1148 774 1211 801 ἄνευ
1231 773 1331 808 ἐδωδῆς
1349 773 1496 806 διατελῶνς
1519 773 1550 799 Εἰ
1572 772 1628 808 γὰρ
1645 773 1674 798 ὲν
1691 771 1822 807 συνηθείᾳ

1033 817 1184 853 βρωμάτων
1198 818 1234 853 μὴ
1249 817 1369 852 γεγονὼς
1382 818 1431 844 οὐκ
1445 817 1564 853 ἠδυνήθη
1580 815 1739 851 ὑποστῆναι,
1752 815 1822 843 ἀλλὰ

1029 863 1134 897 ἐτράπη
1149 863 1190 894 εἰς
1204 863 1304 898 ἐδωδὴν
1317 863 1453 898 ἔρχεσθαι,
1467 863 1513 889 καὶ
1526 863 1645 898 συλήσας
1658 862 1708 897 τὴν
1719 862 1820 896 ψυχὴν,

1031 907 1129 944 βρῶμα
1157 908 1245 944 ἑαυτῷ
1267 910 1490 944 περιεποιήσατο,
1518 908 1618 944 μᾶλλον
1640 908 1669 935 ἒν
1690 907 1819 942 συνηθείᾳ

1032 954 1174 989 βρώματος
1183 954 1303 989 γεγονὼς
1320 955 1432 990 ἄσχετος
1445 955 1521 981 ἔσται
1535 954 1584 990 τὴν
1604 954 1694 988 φύσιν,
1711 953 1757 979 καὶ
1773 953 1818 980 οὒς

1029 1000 1074 1026 δὲν
1092 999 1125 1027 ἂν
1150 1000 1243 1027 τοῦτον
1264 1000 1442 1036 παραπείσειε
1461 1000 1549 1035 λίχνον
1567 999 1697 1034 γεγονότα
1722 998 1769 1025 καὶ
1792 999 1820 1024 ἑν

1031 1045 1115 1081 πείρᾳ
1128 1046 1229 1081 ἐδωδῆς
1248 1046 1312 1073 ἄνευ
1327 1046 1430 1074 τούτων
1442 1046 1583 1079 διατελεῖν,
1597 1045 1635 1077 ὼς
1651 1045 1664 1071 6
1682 1044 1728 1076 σὸς
1742 1043 1822 1078 λόγος

1031 1090 1182 1122 ἀσύστατος
1199 1091 1329 1127 ὑπάρχων
1340 1091 1420 1118 τοῦτο
1437 1091 1570 1126 βούλεται.

1005 1138 1167 1173 persuaderi
1189 1138 1300 1173 poterit,
1316 1143 1345 1165 ut
1363 1143 1540 1174 posteaquam
1573 1139 1684 1174 ligurire
1704 1145 1737 1165 ac
1767 1134 1820 1163 cibi

1010 1184 1083 1219 quod
1107 1189 1197 1211 tamen
1230 1191 1300 1211 vana
1323 1188 1369 1211 tua
1392 1185 1561 1220 minimeque
1584 1185 1726 1213 cohaerens
1750 1181 1825 1209 ratio

1068 1274 1093 1291 Et

1066 1291 1086 1301 -ι
1097 1295 1102 1302 -

1133 1273 1212 1301 Ἀλλὰ
1241 1274 1446 1310 παρελεύσομαι
1471 1274 1565 1301 τοῦτον
1589 1275 1634 1301 τὸν
1660 1275 1753 1301 τόπον
1778 1276 1821 1310 ἐφ’

1031 1320 1114 1354 ἕτερα
1126 1320 1154 1346 δὲ
1166 1320 1247 1346 πάλιν
1261 1321 1310 1356 τῆς
1324 1319 1406 1347 αὐτοῦ
1422 1320 1556 1355 ληρωδίας
1570 1320 1763 1355 ἐπεκτείνομαι
1773 1321 1822 1356 τὴν

1031 1364 1165 1399 διήγησιν.
1189 1365 1273 1392 Πάλιν
1290 1365 1344 1400 γὰρ
1362 1365 1472 1399 φάσκει,
1486 1366 1527 1392 ὅτι
1543 1366 1567 1391 οἱ
1580 1365 1707 1401 ἄρχοντες
1721 1366 1750 1392 ὲν
1766 1367 1821 1398 τοῖς

1034 1410 1108 1441 ἰδίοις
1126 1410 1220 1445 μέρεσι
1233 1410 1293 1437 τότε
1307 1411 1424 1443 ἔσονται,
1439 1411 1486 1437 καὶ
1497 1412 1511 1437 6
1525 1411 1620 1446 Πατὴρ
1639 1411 1672 1439 τὰ
1686 1411 1738 1438 ῐδια
1755 1412 1823 1438 ἀπο-

1033 1454 1147 1490 λήψεται
1160 1455 1241 1491 μέρη.
1254 1455 1301 1487 Τίς
1316 1456 1391 1491 άραὸ
1402 1455 1526 1491 ἐπιεικὴς
1542 1453 1629 1488 οὗτος,
1639 1456 1681 1483 ἵνα
1695 1456 1742 1483 τὸν
1755 1457 1818 1492 ὅρον

1032 1499 1136 1534 διχόθεν
1152 1500 1266 1526 ἑκάστου
1291 1500 1391 1536 μέρους
1409 1501 1607 1536 γεωμετρήσῃς
1633 1501 1695 1532 Πῶς
1717 1501 1746 1528 δὲ
1763 1510 1822 1528 πει-

1033 1545 1159 1580 σθήσεται
1180 1546 1194 1571 6
1213 1545 1341 1581 ἀπαρχῆς
1361 1547 1394 1581 τῇ
1415 1545 1529 1581 ἀληθείᾳ
1548 1547 1595 1572 καὶ
1615 1545 1655 1581 τῷ
1670 1545 1765 1580 ἀγαθῷ
1784 1546 1821 1581 μὴ

1032 1591 1190 1626 πειθόμενος
1201 1600 1208 1623 ς
1220 1592 1251 1618 Εἰ
1265 1591 1293 1618 δὲ
1309 1592 1366 1627 μετ’
1380 1592 1503 1627 ἀνάγκης
1518 1592 1712 1627 παραπείσειεν
1725 1593 1738 1618 6
1752 1592 1816 1625 ἀγα-

1032 1637 1078 1669 θὸς
1094 1638 1140 1664 τὸν
1159 1638 1317 1673 παράνομον
1333 1637 1407 1669 ἰδίοις
1425 1639 1551 1673 στοιχεῖν,
1568 1638 1614 1665 καὶ
1631 1638 1668 1673 μὴ
1687 1637 1820 1672 ἐπεμϐαί-

1032 1691 1087 1710 νειν
1102 1685 1134 1719 τῇ
1149 1683 1196 1710 τοῦ
1212 1683 1313 1718 ἀγαθοῦ
1332 1683 1430 1718 μερίδι,
1451 1683 1494 1710 διὰ
1507 1684 1533 1710 τί
1547 1683 1584 1718 μὴ
1601 1683 1727 1718 ἀπαρχῆς
1743 1682 1821 1709 τοῦτο

1032 1730 1150 1764 ἠδυνήθη
1166 1730 1286 1765 ποιῆσαι,
1303 1730 1367 1765 πρὶν
1385 1730 1401 1765 ἥ
1416 1729 1485 1761 ὅλως
1503 1730 1550 1757 ἀπ’
1567 1730 1654 1764 αὐτῆς
1675 1729 1822 1765 συληθῆναι

1032 1775 1067 1802 τὰ
1088 1776 1174 1811 μέρη;
1190 1776 1252 1808 Πῶς
1265 1775 1293 1802 δὲ
1309 1775 1416 1803 ἔσονται
1434 1776 1458 1802 οἱ
1477 1775 1523 1802 δύο
1539 1775 1693 1806 ὲπιτοαυτὸ,
1709 1775 1762 1802 ἀνὰ
1774 1775 1822 1810 μέ-

1035 1830 1080 1856 ρος
1091 1821 1205 1853 ἕκαστος
1218 1822 1402 1857 κεκτημένος;
1418 1822 1449 1848 Et
1464 1822 1517 1857 γὰρ
1533 1822 1600 1853 ὅλως
1615 1821 1684 1856 μέρη
1696 1821 1762 1856 ἔχει,
1775 1821 1823 1847 καὶ

1033 1866 1068 1893 τὰ.
1090 1867 1172 1901 ἕτερα
1190 1867 1261 1902 μέρη
1276 1867 1327 1894 οὐκ
1353 1867 1447 1898 αὑτοῦ,
1468 1867 1560 1893 οὐκέτι
1578 1866 1780 1900 Παντοκράτωρ
1806 1866 1822 1892 6

1036 1914 1234 1949 Παντοκράτωρ
1247 1912 1422 1948 κληθήσεται,
1439 1913 1529 1939 οὐκέτι
1541 1912 1607 1943 Θεὸς
1615 1911 1670 1938 τῶν
1683 1912 1820 1943 ἁπάντων,

1034 1957 1124 1983 οὐκέτι
1137 1957 1292 1993 ὑποχείριος
1305 1959 1319 1984 ὁ
1335 1957 1420 1989 κακὸς
1437 1957 1484 1984 τοῦ
1501 1956 1602 1991 ἀγαθοῦ
1620 1957 1741 1992 γένηται,
1754 1956 1821 1983 ἀλλὰ

1034 2003 1148 2034 ἕκαστος
1171 2003 1261 2030 αὐτῶν
1277 2003 1333 2038 ἔχει
1352 2004 1402 2039 τὴν
1423 2003 1490 2030 ἰδίαν
1508 2002 1674 2029 δεσποτείαν.
1695 2002 1775 2033 Τίνος
1792 2001 1822 2029 δὲ

1035 2047 1088 2083 ἄρα
1105 2048 1119 2074 6
1133 2048 1249 2084 πονηρὸς
1265 2049 1398 2084 δεσπότης
1412 2048 1498 2080 ἔσται,
1516 2048 1612 2083 μηκέτι
1626 2047 1701 2079 ὄντος
1714 2047 1761 2074 τοῦ
1778 2047 1822 2074 κό-

1036 2101 1115 2128 σμου,
1137 2093 1205 2128 μήτε
1225 2093 1278 2120 τῶν
1296 2094 1341 2120 ὑπ’
1355 2093 1438 2121 αὐτοῦ
1459 2093 1536 2126 ζώων
1558 2103 1588 2120 τε
1608 2094 1655 2121 καὶ
1670 2093 1821 2129 ἀνθρώπων

1036 2139 1256 2174 κυριευομένων;
1272 2140 1304 2166 Εἰ
1324 2140 1352 2166 δὲ
1369 2140 1439 2172 ὅλως
1461 2140 1544 2171 κακός
1565 2141 1624 2166 ἐστι
1643 2140 1689 2166 καὶ
1707 2139 1757 2174 ὕλη
1775 2139 1821 2165 καὶ

1038 2185 1135 2221 φθορὰ,
1151 2185 1210 2217 πῶς
1225 2186 1325 2221 μᾶλλον
1339 2185 1388 2212 οὐκ
1402 2186 1506 2221 ἐφθάρη
1519 2194 1525 2218 ;
1540 2186 1572 2212 Εἰ
1583 2185 1635 2221 γὰρ
1647 2185 1740 2211 ἔκτοτε
1752 2186 1769 2220 ἡ
1778 2182 1822 2211 οὖ-

1038 2240 1071 2258 σα
1086 2231 1169 2257 κακία
1183 2231 1270 2266 φθορὰ
1290 2231 1407 2266 ὑπῆρχε,
1425 2232 1472 2258 καὶ
1493 2230 1597 2266 φθείρει
1620 2231 1670 2266 μὲν
1690 2231 1725 2258 τὰ
1743 2230 1820 2262 ἄλλα,

1037 2278 1105 2312 αὕτη
1120 2277 1148 2303 δὲ
1164 2277 1262 2312 ἑαυτὴν
1276 2277 1306 2304 οὺ
1321 2277 1437 2312 φθείρει,
1451 2277 1542 2303 οὐκέτι
1553 2277 1716 2312 φθειρομένη
1732 2277 1821 2311 ὑπάρ-

1037 2332 1089 2359 χει,
1107 2325 1123 2359 ἡ
1146 2323 1213 2350 ἄλλα
1233 2323 1281 2358 μὲν
1298 2323 1456 2359 φθείρουσα,
1475 2322 1544 2358 αὕτη
1565 2323 1681 2358 μένουσα
1699 2322 1820 2354 άένναος,

1037 2369 1084 2395 καὶ
1102 2368 1139 2403 μὴ
1152 2367 1347 2404 ἀφανιζομένη.
1369 2367 1459 2402 Αὐτῆς
1478 2368 1506 2394 δὲ
1526 2367 1660 2402 μενούσης
1680 2367 1709 2393 ὲν
1726 2366 1822 2401 στερεᾷ

1038 2413 1194 2446 ὑποστάσει,
1214 2413 1375 2449 φθειρούσης
1391 2414 1420 2440 δὲ
1435 2414 1468 2440 τὰ
1484 2413 1562 2445 ἄλλα,
1577 2413 1624 2439 καὶ
1642 2413 1690 2447 οὐχ
1712 2412 1820 2448 ἑαυτὴν,

1037 2460 1112 2487 οὐδὲν
1129 2459 1184 2494 ἔχει
1201 2460 1291 2492 ἐᾶσαι,
1307 2459 1374 2486 ἀλλὰ
1389 2459 1496 2491 πάντως
1512 2460 1528 2494 ή
1547 2458 1634 2494 φθορὰ
1653 2457 1708 2484 τῶν
1722 2458 1821 2493 ἐτέρων

1037 2507 1071 2534 τὰ
1087 2508 1167 2543 ἕτερα
1182 2507 1296 2543 φθείρει.
1325 2506 1507 2542 Ἐπιμένουσα
1522 2506 1550 2532 δὲ
1573 2506 1590 2540 ὴ
1607 2505 1691 2540 αὐτῆς
1706 2504 1822 2531 ὑπόστα-

1039 2561 1090 2585 σις,
1103 2553 1149 2579 καὶ
1169 2552 1259 2579 οὐκέτι
1272 2552 1346 2579 ἐάσει
1361 2560 1388 2578 τι
1399 2551 1453 2578 τῶν
1469 2552 1562 2583 ὄντων,
1580 2550 1647 2578 ἀλλὰ
1664 2550 1734 2585 αὕτη
1755 2550 1820 2585 μόνη

1040 2599 1124 2633 μενεῖ·
1139 2598 1173 2625 τὰ
1187 2598 1216 2625 δὲ
1231 2597 1395 2633 φθειρόμενα
1414 2597 1447 2624 δι’
1461 2596 1545 2631 αὐτῆς
1564 2596 1732 2630 ἀφανίζεται.
1747 2595 1779 2621 Εἰ
1795 2594 1821 2622 δι

1038 2644 1084 2670 καὶ
1095 2644 1176 2678 ἑαυτῇ
1187 2644 1245 2670 ἐστι
1260 2643 1341 2678 κακὴ,
1358 2643 1405 2670 καὶ
1419 2643 1500 2678 ἑαυτῇ
1515 2642 1612 2678 φθορὰ,
1628 2641 1718 2668 οὐκέτι
1729 2642 1746 2676 ἠ
1760 2641 1822 2666 61:6-

1040 2698 1133 2720 στάσις
1147 2690 1232 2724 αὐτῆς
1248 2688 1422 2724 σταθήσεται.
1441 2688 1478 2714 Οὐ
1502 2687 1580 2722 μόνον
1602 2687 1631 2714 ἐν
1644 2685 1683 2721 τῷ
1702 2685 1822 2721 μέλλοντι

1039 2735 1152 2770 εἴποιμι,
1172 2734 1241 2762 ἀλλὰ
1259 2735 1305 2761 καὶ
1323 2733 1416 2761 ἔκτοτε
1437 2732 1616 2768 ἀφανισθεῖσα
1638 2731 1670 2759 ἂν
1690 2731 1821 2767 ὑπῆρχεν,
