1939 3036
106 153 156 183 {ll

433 151 616 180 ADVEIKSUS
634 152 804 181 "IERESES
825 154 888 183 Lib.
910 155 940 183 il.
961 155 1041 184 ΤΟΜ.
1064 156 1132 183 IL—
1152 155 1288 183 lleliES.
1309 155 1399 184 LXVI.

1682 157 1734 185 1‘29

106 213 158 246 ἠδη
170 211 199 237 δὲ
213 210 242 237 ὲν
257 210 339 244 ἑαυτῇ
354 209 452 243 ἑαυτὴν
473 209 608 245 φθείρασα
628 219 658 236 τε
679 211 726 238 καὶ
742 210 899 247 ᾶφανισοεῖ-

951 221 1016 241 rans
1043 213 1170 240 universa
1202 212 1364 248 proﬂigabit.
1388 211 1454 238 Nam
1480 212 1503 240 si
1524 220 1600 240 suam
1620 221 1646 239 Ill
1672 221 1733 241 sese

107 266 153 282 σα.
178 255 258 282 Ἀλλὰ
273 255 358 281 ταῦτα
375 254 464 282 πάντα
481 256 539 281 ἐστὶ
560 256 596 282 τὰ
610 256 767 292 διηγήματα
784 258 834 293 τῆς
849 258 897 285 τοῦ

105 303 224 336 ἄφρονος
246 299 450 335 ματαιολογίας,
479 300 497 326 ἃ
514 302 729 336 κατανοήσαντες
748 303 772 329 οε
795 304 900 330 συνετοὶ

105 347 159 372 οῐοὶ
167 346 217 380 τῆς
225 346 304 380 ἁγίας
317 345 363 372 τοῦ
372 345 440 371 Θεοῦ
453 345 612 380 Ἐκκλησίας
625 347 741 379 πίστεώς
748 357 776 374 τε
787 348 833 375 τοῦ
842 350 899 375 Κυ-

107 390 178 426 ρίου,
191 391 346 426 διακρίνατε
362 389 408 417 τὸν
423 390 557 425 ἀγύρτην,
572 391 618 417 καὶ
632 393 835 426 καταγελάσαιτε
849 394 900 428 τῆς

105 435 191 462 αὑτοῦ
216 436 360 471 ληρωδίας.
384 435 608 463 Ἐπανελεύσεται
626 437 654 463 δὲ
674 438 714 469 εἰς
736 438 786 469 τὰς
807 439 900 470 κακῶς

105 481 195 516 ἑαυτῷ
209 482 421 516 ὲπινενοημένας
436 483 597 517 προφάσεις,
615 483 662 509 καὶ
680 483 734 510 ἀπὸ
752 484 806 510 τῶν
821 484 899 511 θείων

105 528 225 563 Γραφῶν
239 528 392 563 ὁμοιώσεις,
407 529 453 555 καὶ
463 529 513 563 οὐχ
526 528 612 559 οὕτως
627 529 750 563 ἐχούσας,
769 529 837 556 ἀλλὰ
852 530 899 556 οὖ-

104 578 160 606 τὼς
175 575 221 600 ὑπ’
234 575 316 601 αὑτοῦ
335 575 428 607 κακῶς
442 575 598 610 νοουμένας.
610 575 678 611 Φέρε
691 574 737 602 οὖν
754 576 898 612 ὲκοώμεοα

105 620 177 646 αὐτὰ
204 620 236 655 δὴ
263 620 334 647 κατὰ
352 620 434 652 λέξιν,
454 621 487 653 ἃς
505 621 682 648 ὑποκλέπτων
703 622 734 648 ἐκ
748 621 803 648 τῶν
819 622 898 650 θείων

105 665 233 701 Γραφῶν,
246 665 284 697 ὡς
299 665 376 700 ἔφην,
397 667 467 692 κατὰ
481 666 526 692 τὸν
538 666 600 692 νοῦν
613 665 694 693 αὑτοῦ
708 666 840 701 διηγεῖται
849 676 855 682 ·
870 668 893 693 εί

105 711 156 738 καὶ
183 711 300 746 μάλιστα
322 711 453 743 πολλάκις
472 711 523 744 τὰς
549 711 634 743 αὑτὰς
655 711 894 747 διαλαμϐάνοντες,

105 756 246 792 ἁκρότατα
260 756 450 791 διηλέγξσμεν.

949 259 1079 286 malitiam
1091 262 1215 285 exerceat
1234 265 1317 292 seque
1330 258 1387 292 ipsa
1401 261 1568 292 corrumpat,
1581 266 1633 285 non
1645 262 1733 294 potest

949 307 1079 331 constans
1087 303 1147 337 ejus
1161 310 1222 330 esse
1234 303 1395 337 stabilisque
1409 303 1571 330 substantia.
1584 303 1622 330 Ac
1633 303 1732 331 nedum

950 349 1050 376 futuris
1063 353 1156 383 postea
1172 349 1350 384 temporibus,
1365 349 1455 376 sedne
1466 350 1610 383 praeteritis
1624 350 1734 384 quidem

949 395 1039 422 facere
1052 395 1148 430 potuit,
1165 395 1230 430 quin
1249 403 1278 422 se
1294 400 1390 430 suapte
1405 395 1489 430 ipsius
1504 395 1623 430 pernicie
1637 396 1735 423 exitio-

947 449 1000 476 que
1016 442 1172 468 conﬁceret.
1195 440 1333 474 Ejusmodi
1355 445 1418 468 sunt
1438 441 1598 475 ineptissitui
1617 441 1734 468 hominis

948 495 1026 522 nugs:
1041 494 1073 513 ac
1091 486 1199 513 fabulis.
1216 486 1320 518 Quibus
1336 486 1534 513 animadversis
1550 494 1599 513 vos
1616 486 1734 521 pruden-

946 537 997 563 tes,
1014 538 1116 559 sanct.e
1126 531 1173 559 Dei
1189 532 1315 559 Ecclesia:
1333 539 1364 558 ac
1380 531 1525 558 Dominicaa
1541 531 1601 558 ﬁdei
1619 532 1732 565 alumni,

946 577 1034 611 qualis
1052 579 1185 611 impostor
1201 577 1246 603 ille
1261 576 1296 604 sit
1310 584 1372 603 cum
1389 576 1492 610 judicio
1513 580 1603 603 vestro
1616 584 1728 611 perpen-

949 621 1017 653 Jite,
1038 622 1152 656 ejusque
1177 621 1282 648 somnia
1299 621 1429 649 deridete.
1450 620 1502 648 Sed
1522 622 1555 648 ad
1573 626 1732 655 argumenta

945 665 1067 699 qumdam
1076 665 1288 700 occasionesque
1298 673 1437 700 perperam
1447 674 1479 693 ex
1489 665 1638 700 Scripturis
1648 666 1734 693 sacris

945 711 982 738 ob
1003 711 1159 737 nonnullum
1189 711 1395 738 similitudinem
1421 719 1567 746 expressas
1592 711 1734 745 confugit;

947 765 1008 791 qua:
1023 763 1084 783 cum
1102 756 1174 783 aliud
1197 756 1248 783 sibi
1265 757 1359 788 velint,
1379 757 1448 783 tnale
1463 757 1496 783 ab
1513 765 1546 784 eo
1565 757 1734 784 contrarium

106 804 136 832 in
153 811 263 831 sensum
281 803 435 830 trahuntur.
454 803 523 837 Ergo
543 803 599 830 lucc
615 803 674 838 ipsa
698 802 790 830 furtim
809 802 843 829 ab
861 810 893 830 co
913 802 1026 829 sacrise
1047 801 1158 828 Litteris
1173 801 1334 833 interversa,
1352 807 1378 829 et
1409 802 1442 829 ad
1460 802 1546 837 ipsius
1573 801 1734 836 sententiam

105 847 313 874 accommodata
329 847 424 874 iisdem
446 847 535 874 verbis
550 847 578 874 in
601 847 720 874 medium
740 846 896 874 all‘eramus.
916 845 1078 880 Quanquam
1092 853 1143 873 nos
1155 845 1235 873 exiis
1261 846 1362 881 smpius
1379 846 1551 881 disputantes
1582 849 1734 875 accuratis-

106 896 177 922 sime
190 893 352 921 refellimus.

143 938 203 965 ΞΛ’.
217 939 327 974 Πρῶτον
346 939 396 974 μὲν
409 936 455 966 οὖν
465 939 506 966 ὅτι
521 938 608 974 εὑρὼν
621 939 649 965 ὲν
664 940 723 970 ταῖς
734 939 819 970 θείαις
829 939 899 973 Γρα-

985 936 1099 967 ιΧΙ.,Ιιι
1112 936 1208 971 primis
1223 936 1306 971 igitur
1320 944 1382 964 cum
1399 937 1501 965 divinis
1513 937 1540 964 in
1559 937 1669 966 Litteris
1690 939 1737 967 l’a-

106 986 172 1018 φαίς
194 985 259 1020 περὶ
275 984 454 1020 Παρακλήτου
471 984 613 1019 ὀνόματος,
635 984 681 1010 καὶ
695 983 831 1019 ἀγνοήσας
848 983 898 1019 τὴν

107 1030 155 1057 τοῦ
171 1030 247 1065 ἁγίου
265 1031 443 1066 Παρακλήτου
459 1030 584 1065 δύναμιν,
596 1029 691 1056 ἑαυτὸν
704 1029 896 1065 ὑπεισήνεγκε,

107 1075 222 1111 νομίσας
243 1074 312 1102 εἶναι
339 1075 426 1102 τοῦτο.
444 1076 498 1102 Καὶ
517 1077 615 1110 φάσκει
639 1076 688 1110 μὲν
707 1075 783 1110 αὐτῷ
796 1075 831 1101 τὰ
846 1075 899 1101 ὑπὸ

105 1122 154 1148 τοῦ
177 1122 254 1155 ἁγίου
276 1122 383 1148 Παύλου
407 1122 539 1157 εἰρημένα
566 1121 841 1157 παρακεχωρηκέναι,
861 1121 898 1152 ὡς

107 1168 155 1193 τοῦ
181 1167 259 1201 ἁγίου
286 1168 446 1194 Ἀποστόλου
466 1168 611 1203 φήσαντος·
641 1167 708 1194 Ἀπὸ
724 1166 836 1201 μέρους
858 1174 899 1200 τι-

105 1213 275 1248 νώσκομεν,
292 1213 341 1240 καὶ
353 1213 413 1240 ἀπὸ
427 1212 536 1247 μέρους
549 1213 785 1247 προφητεύομεν.
806 1211 900 1239 Ὅταν

104 1259 181 1292 ἔλθῃ
196 1258 228 1285 τὸ
241 1259 368 1291 τέλειον,
376 1258 408 1286 τὸ
425 1258 485 1286 ἀπὸ
500 1258 610 1293 μέρους
631 1257 898 1292 καταργηθήσεται.

105 1304 193 1331 Τοῦτο
217 1304 246 1332 δὲ
270 1305 335 1341 περὶ
359 1304 539 1341 Παρακλήτω
562 1304 617 1331 οὐδ’
635 1304 703 1336 ὅλως
728 1304 865 1331 ἐκτίθεται
885 1304 900 1330 ὁ

105 1350 185 1385 ἅγιος
210 1350 378 1382 ’Λπόστολος,
399 1351 414 1382 ᾧ
435 1349 614 1382 καταξιωθεὶς
642 1349 725 1376 αὑτοῦ
753 1349 799 1375 τοῦ
821 1349 898 1383 ἁγίου

107 1396 266 1431 Πνεύματος
282 1396 350 1431 μετὰ
364 1396 418 1422 τῶν
435 1396 535 1431 ὁμοίων
549 1396 631 1422 αὑτοῦ
644 1395 810 1422 ἀποστόλωνο
832 1395 900 1422 ἀλλὰ

107 1443 172 1477 περὶ
188 1442 242 1468 τῶν
257 1442 304 1468 δύο
318 1442 427 1476 κόσμων
447 1442 575 1478 διηγεῖτο,
597 1442 662 1476 περὶ⁸
683 1441 731 1468 τοῦ
753 1441 900 1472 ἐνεστῶτος

107 1489 156 1515 καὶ
171 1488 323 1524 μέλλοντος,
342 1488 379 1520 ὡς
393 1488 471 1523 ἔφην,
489 1490 546 1520 τοῖς
565 1488 737 1523 βουλομένοις
756 1487 819 1522 περὶ
837 1496 896 1513 και-

111 1534 166 1569 ρῶν
180 1534 408 1569 καταλαμὸάνειν.
431 1534 497 1560 Ὀτι
512 1533 610 1568 μηδὲν
629 1533 707 1568 ὑμᾶς
722 1532 854 1567 πτυρέτω
866 1533 901 1559 ἐν

107 1579 198 1613 λόγῳ,
212 1579 247 1605 ὲν
259 1577 418 1613 ἐπιστολῇ,
429 1578 469 1611 ὡς
482 1577 527 1605 ὅτι
545 1579 564 1612 ’ἠ
574 1578 669 1613 ἡμέρα
686 1577 831 1611 ἐνέστηκε
847 1577 901 1604 τοῦ

109 1609 232 1658 Κιίρίου.
259 1623 330 1650 Ἐὰν
430 1609 474 1658 μὴ
493 1609 695 1657 (immitia-500;}
722 1624 739 1649 ὁ
762 1609 827 1655 υίὸς
845 1621 900 1656 τῆς
915 1609 936 1637 C

109 1669 246 1704 ἀνομίας,
270 1671 287 1697 ὁ
308 1669 462 1703 ἅνθρωπος
479 1668 535 1702 τῆς
552 1668 680 1701 ἀδικίας,
703 1669 750 1695 καὶ
773 1667 808 1694 τὰ
827 1668 900 1702 ἑξῆς.

110 1715 166 1742 Καὶ
180 1715 262 1742 πάλιν
275 1714 456 1742 συνελθόντων
466 1714 521 1741 τῶν
534 1714 662 1750 μαθητῶν
675 1713 743 1749 πρὸς
756 1713 802 1739 τὸν
816 1713 904 1748 Σωτῆ-

111 1770 157 1798 ρα,
181 1760 294 1797 ἠρώτων
321 1761 402 1787 αὑτὸν
423 1761 488 1796 περὶ
504 1761 553 1796 τῆς
566 1759 730 1791 συντελείας,
749 1759 797 1786 καὶ
811 1758 902 1793 ἔλεγεν

109 1807 213 1838 αὐτοῖς·
243 1808 305 1842 Οὐχ
322 1806 406 1841 ὑμῶν
428 1806 589 1841 ἐπιγνῶναι
616 1806 746 1841 χρόνους
769 1805 818 1832 καὶ
844 1813 904 1831 και-

107 1852 194 1887 ροὺς,
209 1852 262 1884 οὓς
281 1853 297 1878 ό
308 1851 410 1885 Πατὴρ
426 1852 508 1878 ἔθετο
520 1851 556 1877 ὲν
566 1850 604 1884 τῇ
619 1851 678 1883 ὶὸίςι
694 1849 830 1882 ἐξουσίᾳ·
847 1849 902 1876 ἀλ-

110 1898 151 1925 λὰ
161 1891 300 1931 ,λήψεσθε
312 1897 440 1931 δύναμιν
455 1896 635 1928 ἐπελθόντος
648 1895 701 1922 τοῦ
715 1894 801 1929 ἁγίου
810 1894 903 1921 Πνεύ-

108 1951 204 1978 ματος
219 1942 265 1977 ἐφ’
282 1942 369 1977 ὑμᾶς.
385 1942 441 1968 Καὶ
459 1941 540 1968 πάλιν
561 1940 662 1975 ἐλεγεψ
687 1941 759 1968 Ἀπὸ
781 1940 903 1974 Ἰεροσο-

111 1989 215 2023 λύμων
226 1989 269 2022 μὴ
282 1986 449 2023 χωρίζὲσθε,
460 1986 693 2020 ἀπεκδεχόμενοι
713 1985 770 2020 τὴν
780 1985 904 2020 ἐπαγγε-

110 2036 184 2063 λίαν
207 2035 260 2062 τοῦ
287 2035 469 2069 Πνεύματος,
493 2033 534 2068 ἣν
550 2034 710 2068 ἠκούσατε,
732 2033 854 2060 τουτέστι
872 2033 904 2060 τδ

111 2082 225 2118 Πνεῦμα
245 2082 276 2108 τδ
292 2080 479 2117 Παράκλητον,
499 2080 586 2116 ὃέφη·
607 2079 678 2107 Ἐὰν
695 2080 753 2114 ἐγὼ
771 2079 902 2111 ἀπέλθω,

110 2127 228 2160 ἐκεῖνος
242 2127 408 2158 ἐλεύσεται,
419 2125 470 2153 καὶ
488 2125 649 2160 ἀναγγελεῖ
662 2125 733 2160 ὑμῖν
744 2126 781 2152 τὰ
794 2124 901 2152 πάντα.

111 2174 151 2202 Τὸ
161 2174 200 2206 δὲ,
223 2171 398 2207 ’Δναττελεῖ
416 2171 486 2205 ὑμῖν
509 2171 545 2198 τὰ
560 2171 668 2202 πάντα,
690 2170 723 2196 δι’
736 2171 769 2206 ἣν
793 2169 904 2205 ἔμελλον

112 2218 309 2252 καταξιοῦσθαι
324 2218 438 2254 δωρεὰν,
458 2217 593 2253 ἐνοικήσει
616 2218 645 2244 ὲν
661 2217 752 2247 αὐτοῖς
774 2216 806 2242 τὸ
827 2215 904 2249 ἅγιον

949 983 1043 1010 raeleti
1065 990 1163 1010 nomen
1186 983 1344 1014 invenisset,
1365 990 1397 1010 ac
1419 983 1472 1010 vim
1496 983 1569 1011 illius
1587 985 1734 1019 ignoraret,

949 1033 1037 1056 semet
1051 1029 1139 1064 ipsum
1155 1037 1205 1064 pro
1222 1037 1287 1057 vero
1302 1029 1404 1064 Spiritu
1419 1031 1572 1064 supposuit.
1592 1030 1683 1065 Itaque
1703 1032 1736 1058 ad

949 1083 1010 1103 sese
1031 1075 1167 1110 pertinere
1190 1076 1235 1103 illa
1257 1076 1347 1107 docet,
1369 1083 1430 1110 qua:
1446 1076 1480 1103 ab
1503 1077 1626 1110 apostolo
1653 1077 1737 1104 Paulo

949 1121 1077 1148 dicmttur
1094 1130 1100 1148 :
1118 1121 1160 1148 Ex
1182 1126 1257 1155 parte
1273 1122 1465 1156 cognoscimus,
1486 1126 1511 1148 et
1530 1130 1562 1149 ex
1580 1128 1656 1155 parte
1676 1131 1738 1156 pro-

948 1168 1094 1202 phetamus.
1112 1167 1179 1194 Cum
1199 1168 1294 1194 venerit
1312 1167 1380 1202 quod
1398 1167 1541 1201 perfectum
1557 1172 1606 1200 est,
1626 1177 1737 1195 evacua-

950 1212 1020 1238 Litur
1041 1213 1109 1246 quod
1122 1220 1154 1239 ex
1171 1216 1247 1245 parte
1261 1217 1299 1239 est
1320 1213 1339 1239 '.
1363 1212 1442 1246 Atqui
1458 1212 1492 1240 de
1510 1212 1650 1240 Paracleto
1663 1214 1738 1241 nullo

950 1257 1030 1284 modo
1052 1257 1109 1285 lucc
1128 1257 1313 1292 pronuntiavit
1329 1258 1478 1292 Apostolus
1489 1278 1496 1290 ,
1513 1259 1560 1293 qui
1578 1267 1640 1285 cum
1657 1259 1738 1286 soda-

950 1303 1022 1330 libus
1036 1303 1093 1331 suis
1110 1304 1241 1338 apostolis
1255 1303 1385 1338 Spiritum
1403 1308 1528 1331 sanctum
1543 1305 1668 1339 accipere
1681 1313 1738 1333 me-

950 1349 1024 1383 ruit;
1043 1350 1091 1377 sed
1106 1350 1139 1377 de
1156 1350 1260 1385 duplici
1281 1351 1383 1378 mundo
1397 1358 1552 1378 sermonem
1569 1351 1737 1384 instituerat,

951 1396 1076 1429 pra-senti
1093 1395 1219 1423 videlicet
1229 1403 1260 1423 ac
1276 1396 1379 1429 futuro,
1396 1400 1507 1431 propter
1522 1396 1677 1428 nonnullos,
1690 1396 1738 1431 qui

951 1442 984 1469 de
1009 1442 1180 1476 temporibus
1210 1442 1283 1470 scire
1308 1446 1390 1477 atque
1417 1442 1556 1477 inquirere
1582 1442 1737 1476 cupiebant.

952 1488 1039 1520 Nihil,
1057 1488 1157 1523 inquit,
1178 1493 1274 1515 terreat
1294 1497 1338 1515 vos
1362 1489 1389 1515 in
1407 1496 1535 1520 sermone,
1550 1493 1596 1514 aut
1616 1488 1737 1522 epistola,

951 1534 1028 1569 quosi
1043 1535 1122 1560 instet
1135 1533 1191 1560 dies
1207 1533 1324 1559 Domini.
1343 1533 1405 1559 Nisi
1416 1533 1486 1559 enim
1508 1533 1638 1559 revelatus
1658 1533 1738 1566 fuerit

952 1579 1023 1614 fidus
1036 1579 1194 1612 iniquitatis.
1208 1578 1284 1606 homo
1305 1579 1444 1613 injustititz
1460 1579 1480 1610 ',
1495 1583 1548 1605 etc.
1570 1578 1640 1611 Quin
1657 1578 1738 1606 etiam

953 1624 1179 1651 convenientibus
1202 1624 1371 1651 Salvatorem
1387 1623 1530 1658 apostolis.
1545 1631 1576 1650 ac
1591 1623 1625 1650 de
1645 1622 1738 1649 inuudi

953 1676 1052 1697 occasu
1066 1669 1282 1700 sciscitantibus,
1295 1669 1332 1695 ita
1342 1669 1400 1704 ipse
1413 1668 1569 1703 respondit;
1583 1668 1665 1703 674,
1678 1667 1738 1694 Non

952 1719 990 1741 ost
1006 1719 1119 1742 vestrum
1138 1723 1215 1742 nosse
1232 1720 1350 1749 tempora
1366 1715 1405 1741 vel
1431 1719 1573 1745 monmita.
1589 1722 1646 1748 quw
1659 1714 1739 1740 Pater

951 1761 1038 1795 posuit
1053 1761 1080 1787 in
1098 1769 1147 1787 sua
1163 1765 1313 1795 potestate;
1340 1761 1383 1787 sed
1401 1760 1532 1793 accipietis
1549 1760 1669 1786 i-irtutcm
1696 1767 1740 1785 su—

952 1807 1121 1841 pervenienlis
1133 1805 1248 1840 Spiritus
1266 1807 1350 1832 sancti
1362 1806 1389 1832 iu
1409 1814 1452 1832 vos
1460 1805 1480 1831 ³.
1497 1805 1572 1836 Item.
1584 1804 1738 1838 Hierosoly-

952 1852 1014 1882 mis.
1031 1851 1130 1887 inquit,
1151 1859 1182 1878 ne
1192 1851 1327 1882 discedite,
1344 1854 1523 1884 exspectantes
1535 1850 1739 1884 promissionem

952 1899 1072 1933 spiritus,
1090 1906 1169 1933 quam
1189 1896 1302 1924 audistis
1320 1897 1341 1929 ⁸,
1359 1897 1411 1923 hoc
1424 1900 1465 1924 est
1478 1895 1647 1922 Paracletum
1660 1895 1736 1921 illum

954 1943 1097 1979 Spiritum,
1114 1944 1149 1971 de
1163 1951 1218 1978 quo
1229 1943 1335 1970 dixerat
1349 1951 1355 1969 :
1375 1941 1406 1968 Si
1422 1950 1468 1976 ego
1483 1941 1571 1968 abiero
1584 1938 1630 1968 itii:
1645 1940 1738 1972 veniet,

952 1994 977 2016 et
997 1988 1163 2016 annuntiabit
1185 1988 1254 2016 vobis
1272 1988 1361 2014 omnia
1383 1987 1405 2014 '.
1424 1986 1490 2019 Qua:
1513 1986 1621 2020 quidem
1643 1984 1737 2017 verba,

953 2033 1128 2060 Annuntinbit
1152 2033 1223 2060 vobis
1240 2033 1346 2064 omnia,
1374 2031 1407 2058 ad
1423 2031 1534 2058 coalesle
1557 2030 1658 2057 donum
1674 2029 1740 2056 illud

953 2077 1027 2113 quod
1041 2082 1120 2105 erant
1130 2077 1266 2113 adepturi,
1277 2085 1326 2112 par
1340 2080 1381 2103 est
1394 2075 1501 2108 referri,
1521 2074 1593 2110 quod
1610 2074 1739 2101 nimirum

955 2123 1127 2152 habitaturus
1143 2123 1169 2150 in
1189 2122 1256 2158 ipsis
1273 2125 1347 2149 essm
1362 2121 1482 2156 Spiritus
1496 2124 1620 2150 sanctus,
1636 2127 1689 2153 quo
1705 2119 1740 2146 iis

955 2174 1047 2205 aperte
1064 2169 1191 2196 universa
1206 2167 1368 2198 declararet,
1391 2173 1451 2200 quae
1465 2165 1574 2200 quidem
1598 2164 1740 2201 caperem

956 2216 1006 2242 hac
1021 2215 1074 2242 vita
1090 2217 1225 2249 poterant.
1238 2212 1419 2246 Quamobrem
1434 2218 1495 2238 cum
1510 2209 1542 2236 ad
1554 2217 1615 2236 eum
1629 2209 1739 2236 modum

113 2265 236 2301 Πνεῦμα,
263 2265 336 2296 ὅπως
360 2264 395 2291 τὰ
422 2265 511 2292 πάντα
537 2263 627 2294 αὐτοῖς
656 2261 749 2296 σαφῶς
771 2261 900 2296 διηγήση-

955 2261 1089 2288 Paracleti
1105 2260 1224 2294 Spiritus
1231 2262 1324 2286 essent
1339 2258 1365 2284 in
1381 2258 1431 2284 hac
1442 2257 1497 2283 vita
1513 2259 1652 2290 compotes
1665 2254 1739 2285 facti,

111 2320 169 2343 ται,
197 2311 248 2337 ὅσα
271 2310 401 2346 ἠδύναντο
425 2309 454 2336 ὲν
486 2307 525 2344 τῷ
552 2307 631 2334 αἰῶνι
651 2306 737 2341 τούτῳ
766 2306 901 2341 χωρῆσαι.

113 2355 170 2381 Καὶ
185 2351 237 2381 ὧδε
259 2354 308 2389 μὲν
333 2354 361 2380 ὲν
388 2353 427 2389 τῷ
455 2352 534 2380 αιῶνι
550 2352 636 2386 τούτῳ
663 2351 848 2387 χωρήσαντες,
873 2350 904 2377 τὸ

114 2400 227 2436 Πνεῦμα
245 2401 275 2427 τὺ
291 2399 470 2436 Παράκλητον
495 2399 710 2434 προεφήτευσαν·
730 2398 769 2430 ὡς
785 2397 903 2432 Ἄγαϐος

114 2448 303 2483 προεφήτευσε
321 2447 386 2482 περὶ
399 2445 478 2481 λιμοῦ
493 2445 632 2480 ἐσομένου·
650 2445 696 2472 καὶ
711 2445 751 2471 ὅτι
766 2444 904 2479 προφῆται

114 2493 169 2520 ἀπὸ
188 2493 319 2529 Ἱεροσολύ
324 2502 381 2528 μων
392 2492 557 2528 κατέϐησαψ
573 2492 622 2518 καὶ
631 2492 672 2518 ὅτι
688 2489 759 2526 ἦσαν
770 2490 904 2526 τέσσαρες

113 2537 264 2574 Θυγατέρες
275 2538 315 2573 τῷ
328 2538 453 2573 Φιλίππῳ
464 2536 692 2573 προφητεύουσαι.
709 2536 793 2562 Ὅταν
803 2535 831 2561 δὲ
842 2543 906 2570 προ-

115 2583 289 2620 φητεύουσιν,
304 2583 358 2610 ἀπὸ
374 2583 474 2618 μέρους
491 2581 703 2618 προφητεύουσι,
718 2580 764 2608 καὶ
783 2580 836 2607 ἀπὸ
855 2580 905 2615 μέ-

116 2638 181 2666 ροιις
202 2629 376 2665 γινώσκουσι.
396 2629 433 2656 Τὸ
459 2629 487 2655 δὲ
508 2628 609 2655 τέλειον
630 2627 660 2654 ὲν
681 2628 738 2664 τοῖς
764 2626 905 2662 μέλλουσιν

115 2674 213 2700 αἰῶσιν
239 2673 395 2705 ἑλπίζοντες
417 2673 603 2709 προσδοκῶσιν
617 2673 697 2703 ,ὅταν
731 2672 762 2698 τὸ
785 2671 904 2707 φθαρτὸν

117 2722 156 2751 εἰς
174 2720 329 2756 ἀφθαρσίαν
345 2720 512 2755 μεταϐληθῇ,
528 2719 574 2746 καὶ
590 2718 620 2745 τὸ
636 2717 730 2754 Θνητὸν
753 2718 791 2748 εἰς
804 2717 903 2744 ﬂava.-

155 2809 163 2825 ‘
178 2808 186 2834 l
200 2807 264 2835 Cor.
277 2816 336 2836 xui.
353 2809 378 2836 9.

119 2843 166 2872 28.
203 2844 213 2859 '
227 2843 294 2871 ibid.
314 2843 359 2869 ‘27.
394 2843 477 2870 ‘Act.
497 2851 553 2875 ut,
573 2843 600 2870 9.
639 2843 648 2858 '
664 2840 674 2868 ἰ
689 2842 752 2869 Cor.
768 2848 827 2873 xui,
844 2841 870 2868 9.

957 2305 1094 2332 vaticinati
1116 2308 1189 2331 sunt.
1211 2302 1444 2336 Quemadmodum
1468 2300 1578 2336 Agabus
1598 2305 1739 2327 venturam

955 2351 1053 2378 famem
1067 2350 1193 2385 praedixit
1204 2350 1226 2376 ⁸.
1247 2347 1368 2382 Itemque
1383 2347 1522 2382 prophetae
1542 2344 1740 2380 Hierosolymis

955 2395 1159 2423 advenerunt".
1178 2395 1270 2431 δῆσαι
1286 2393 1412 2428 Philippo
1438 2396 1558 2427 quatuor
1580 2398 1659 2419 erant
1680 2391 1741 2418 lilia:

956 2440 1133 2476 prophetissa:
1148 2440 1170 2467 ⁸.
1191 2440 1324 2466 Caeterum
1335 2437 1443 2472 quoties
1456 2444 1551 2464 omnes
1568 2437 1606 2463 illi
1621 2436 1739 2470 prophe-

955 2491 1025 2519 tant,
1040 2494 1073 2514 ex
1089 2491 1165 2521 parte
1177 2485 1350 2520 prophetarit,
1362 2488 1390 2510 et
1404 2491 1439 2510 ex
1449 2488 1525 2517 parte
1535 2487 1703 2517 cognoscunt
1714 2482 1738 2509 '.

956 2532 1034 2565 Quod
1050 2539 1116 2559 vero
1130 2531 1279 2566 perfectum
1295 2534 1337 2557 est
1353 2528 1444 2556 futuro
1459 2528 1486 2555 in
1502 2528 1602 2555 sacculo
1615 2527 1739 2554 tribuen-

955 2578 1020 2606 dum
1037 2586 1084 2613 spe
1096 2581 1123 2605 et
1149 2576 1352 2612 exspectatione
1366 2574 1535 2610 praecipiunt,
1552 2573 1660 2608 quando
1678 2580 1740 2599 eor—

957 2623 1085 2658 ruptibile
1103 2623 1130 2650 in
1146 2621 1392 2656 incorruptionem,
1405 2618 1521 2646 mortale
1535 2618 1563 2645 iu
1578 2616 1738 2644 immortali-

955 2673 1038 2696 tatem
1053 2671 1249 2695 commutatum
1265 2665 1386 2697 fuerit”.
1398 2672 1459 2692 cum
1474 2667 1502 2691 ct
1519 2663 1587 2690 facie
1597 2662 1630 2689 ad
1643 2662 1739 2688 faciem

958 2715 1123 2742 intuebimur
1133 2714 1165 2742 “.
1177 2713 1255 2740 Nunc
1265 2712 1337 2740 enim
1349 2718 1393 2738 res
1415 2712 1514 2736 nostra!
1529 2715 1577 2743 per
1595 2706 1739 2741 :enigmata

430 2809 439 2824 ²
454 2807 475 2834 ll
493 2807 590 2844 Thess.
610 2806 680 2844 in}.
759 2806 770 2821 ³
786 2805 878 2844 Actg.
892 2804 900 2831 Ἰ

952 2839 960 2844 .
976 2839 983 2844 _
997 2804 1085 2844 futtid.
1104 2803 1179 2844 ιτ]
1196 2800 1401 2844 ,ιοξιιικνκνῃβς
1427 2795 1492 2844 illud.
1513 2796 1553 2824 14.
1591 2797 1671 2844 wet.
1689 2799 1738 2828 ιι,

939 2839 960 2854 ¹³
974 2839 983 2866 l
997 2840 1060 2868 Cor.
1077 2838 1176 2872 xv,53.
1215 2838 1234 2853 “
1256 2837 1338 2864 tuor.
1357 2841 1414 2868 xm,
1432 2834 1472 2862 t2.
