1939 3036
193 103 246 130 19.3

886 100 914 127 Ξ.
938 99 1107 127 ΕΡΚΡΗᾹΜΙ

1776 101 1833 130 £92

190 168 217 190 et
243 162 386 190 involucra
405 162 597 197 transiguntur
621 162 640 188 ¹.
659 161 715 188 Illic
733 168 764 188 ea
781 165 977 195 prmparantur.

1041 159 1103 186 ῖὶαν·
1130 160 1193 188 ὅταν
1220 167 1281 186 τοτε
1307 158 1451 195 πρόσωπον
1473 159 1542 195 πρὸς
1562 157 1720 194 πρόσωπον.
1745 161 1833 196 Ἀρτι

186 217 248 245 qua:
276 209 319 236 hic
337 209 434 236 oculus
455 217 508 235 non
525 209 593 235 vidit
609 208 630 235 ¹,
654 207 714 235 lllic
734 207 867 242 perfectio
882 207 980 241 retegi-

188 259 243 288 tur,
255 263 317 290 qua:
332 255 375 283 hic
389 256 464 283 auris
476 262 649 289 nequaquam
661 254 748 280 audiit
760 254 779 280 ³.
795 253 854 280 Illic
877 252 979 280 donmn

188 300 286 336 ingens
302 301 406 328 sanctis
427 301 567 332 tribuitur,
586 299 658 334 quod
677 299 721 326 hie
746 299 773 326 in
792 306 840 325 cor
862 298 981 327 hominis

189 355 243 374 non
259 347 384 375 ascendit
399 347 419 374 ⁵.
447 346 485 373 Ex
498 346 598 381 quibus
611 345 808 376 animadvertis
827 345 980 372 uberiorem

189 392 266 419 illam
283 392 520 427 copiosioremque
535 392 678 419 scientiam
690 391 838 419 Manichmo
854 397 981 418 reserva—

188 442 245 464 tam
268 446 320 464 non
343 437 437 465 fuisse.
456 437 599 470 Quomodo
622 438 694 465 enim
713 437 764 465 ista
788 440 935 471 cognoscet
958 435 982 464 is

189 484 236 519 qui
254 483 287 510 ab
299 491 331 510 eo
344 483 415 517 quod
433 483 484 509 sibi
500 487 681 517 proposuerat
696 482 816 510 excidit?
831 482 897 509 Nam
911 481 982 509 Mar-

190 530 290 556 cellum
305 529 504 556 circumvenire
514 529 630 563 primum
644 533 686 556 est
697 536 852 563 aggressus.
868 527 936 555 Tum
949 527 982 554 ad

193 573 359 600 Archelaum
372 573 458 606 venit,
472 579 501 601 ut
513 581 575 601 eum
595 575 729 606 vinceret,
743 574 816 608 quod
832 577 922 600 tamen
940 581 982 601 as-

192 619 270 653 sequi
285 628 339 646 non
354 619 453 654 potuit.
470 619 579 648 Fierine
594 619 677 656 igitur
690 623 790 654 potest,
805 624 833 646 ut
843 619 889 654 qui
907 619 980 654 quod

190 665 260 693 adeo
284 673 379 693 recens
394 669 437 692 cst
455 665 598 700 ignorarit,
617 665 723 699 majora
748 665 793 691 illa
816 665 984 700 cognoscat?

191 712 247 739 Cur
261 720 316 739 non
334 720 399 739 vero
424 712 571 739 Persarum
591 712 664 746 regis
680 719 778 738 manus
796 711 900 745 cffugit,
922 718 984 737 cum

190 757 225 784 ab
236 764 268 784 eo
277 756 492 791 comprehensus
502 763 534 783 ac
545 757 634 790 poenis
646 755 760 782 allectus
773 755 835 782 est?
849 755 883 781 Ut
891 759 984 789 aperte

1033 206 1087 240 γὰρ
1106 205 1140 232 δι’
1159 205 1320 240 αἰνίγματος
1338 204 1373 232 τὰ
1393 205 1637 241 πράγματαηὲκεῖ
1648 205 1676 231 δὲ
1687 206 1829 240 ἑτοιμάζε-

1031 260 1076 278 ται
1094 251 1112 278 ἃ
1124 252 1138 277 ὁ
1149 251 1288 285 ὀφθαλμὸς
1302 247 1353 278 ὧδε
1368 251 1417 277 οὐκ
1430 249 1509 277 εἶδεν.
1519 251 1593 278 Ἐκεῖ
1604 251 1833 279 ἀποκαλύπτεται

1031 298 1048 332 ὴ
1057 297 1204 332 τελειότης,
1212 297 1231 324 ὃ.
1242 295 1288 328 οὖς
1300 296 1417 324 ἐνταῦθα
1428 297 1479 323 οὐκ
1497 297 1624 332 ἠκουσεν.
1635 297 1710 324 Ἑκεῖ
1719 297 1749 324 τὸ
1759 298 1834 332 μέγα

1033 344 1157 378 χάρισμα
1170 344 1227 374 τοῖς
1236 342 1335 377 ἁγίοις,
1348 342 1362 369 ὃ
1379 342 1426 369 ἐπὶ
1435 342 1550 377 καρδίαν
1565 341 1709 378 ἀνθρώπου
1722 343 1773 369 οὐκ
1784 344 1834 369 ἁν-

1034 389 1083 424 έόη
1099 388 1226 416 ἐνταῦθα.
1239 389 1295 415 Καὶ
1304 389 1381 424 ὁρᾷς,
1397 389 1437 415 ὅτι
1451 388 1512 423 οὐχὶ
1524 388 1563 423 τῷ
1576 388 1656 424 Μάνῃ
1669 389 1834 424 ἐταμιεύετο

1035 433 1065 460 τὸ
1077 433 1175 460 ειδέναι
1191 433 1224 460 τὰ
1239 434 1362 468 περιττά.
1383 433 1446 465 Πῶς
1459 433 1513 468 γὰρ
1525 433 1582 468 ᾔδει
1596 434 1692 468 Μάνης
1704 434 1751 460 τοῦ
1768 442 1835 460 σκο-

1036 479 1087 507 ποῦ
1113 479 1161 506 τοῦ
1185 479 1250 506 ίδίου
1269 478 1410 512 tumcum;
1434 478 1613 506 Ἐπεὸἀλλετο
1641 479 1696 514 γὰρ
1717 479 1760 506 ἵνα
1784 479 1834 506 τὸν

1036 525 1194 561 Μάρκελλον
1205 524 1380 561 χειρώσηται.
1398 525 1516 561 Ἤρχετο
1529 525 1597 561 πρὸς
1610 525 1655 551 τὸν
1671 525 1833 560 ’Δρχέλαον,

1037 572 1081 598 ἵνα
1095 571 1174 597 αὑτὸν
1191 571 1307 607 ήττήσῃ.
1318 571 1366 597 καὶ⁸
1376 571 1406 598 οὐ
1419 571 1572 606 δεδύνηται.
1588 571 1651 603 Πῶς
1664 569 1835 606 οὗν,ὰγνοῶν

1036 616 1066 643 τὸ
1093 616 1260 652 πρόσφατον,
1274 615 1386 643 δύναται
1407 615 1506 644 εἰδέναι
1527 616 1592 651 περὶ
1613 616 1666 642 τῶν
1681 615 1833 650 μειζόνων;

1037 662 1099 694 Πῶς
1112 663 1141 690 δὲ
1158 663 1207 689 οὐκ
1217 662 1295 689 ἔλαθε
1308 663 1358 694 τὰς
1374 664 1468 699 χεῖρας
1483 662 1529 688 τοῦ
1545 661 1678 697 βασιλέως
1692 662 1745 689 τῶν
1759 663 1835 696 Περ⁶

1039 709 1112 741 σῶν;
1139 709 1177 740 ὡς
1204 709 1248 735 ὅτε
1264 709 1343 740 ἁλοὺς
1356 708 1439 735 ἔδωκε
1451 708 1540 744 δίκην,
1553 708 1611 734 ἀλλ’
1629 707 1673 734 ἴνα
1687 709 1834 743 καταφανῇ

1038 756 1094 786 τοῖς
1112 754 1219 782 σύνεσιν
1239 754 1419 789 κεκτημένοις
1439 755 1510 781 κατὰ
1532 754 1623 781 πάντα
1641 753 1806 789 ψευδόμενος

191 806 299 830 constet
313 803 348 830 iis
363 804 409 836 qui
424 802 578 837 prudentia:
593 801 696 838 aliquid
713 801 843 833 habeant,
860 801 937 827 illum
951 800 978 827 in
995 801 1126 828 omnibus
1138 809 1200 828 esse
1216 801 1372 828 mentitum.

229 847 307 874 LXII.
326 847 378 874 Sed
393 847 530 882 quoddam
549 846 738 874 testimonium
755 851 843 882 urget,
857 850 886 872 ut
901 854 981 873 sumn

1071 848 1130 873 UB'.
1152 847 1237 873 Πάλιν
1247 847 1275 873 δὲ
1288 846 1411 881 βούλεται
1423 846 1516 881 φέρειν
1531 845 1697 882 μαρτυρίαν,
1713 846 1759 873 ἴνα
1776 855 1834 873 πα-

192 893 258 922 iliud
269 901 316 927 par
326 893 523 928 principiorum
539 893 664 924 allirmet,
676 900 761 927 eaque
778 900 793 920 α
822 901 852 920 se
867 893 984 919 invicem

192 938 295 966 frustra
316 938 438 965 dirimat.
460 937 534 973 Ergo
553 938 604 964 hac
617 938 767 965 Salvatoris
782 945 849 965 voce
866 938 983 965 nititur:

193 984 256 1011 Non
277 988 361 1018 potest
378 984 457 1010 urbor
474 983 542 1010 bona
562 983 666 1018 {ructus
684 983 769 1010 malos
794 983 890 1018 facere,
904 991 986 1018 neque

193 1029 273 1056 arbor
294 1029 366 1056 mala
386 1029 490 1063 [ructus
514 1029 594 1055 bonos
618 1029 715 1063 facere.
743 1028 784 1056 Ea:
802 1029 890 1063 fructu
917 1029 986 1056 enim

193 1074 273 1100 arbor
307 1074 473 1109 cognoscitur
507 1074 529 1102 ⁵.
562 1073 630 1101 Vide
660 1074 781 1102 hominis
819 1075 985 1106 levitatem,

194 1119 277 1154 675
298 1119 345 1154 qui
363 1119 430 1146 nihil
446 1119 472 1147 in
492 1118 644 1155 Scripturis
661 1124 805 1154 penetrare
821 1119 904 1146 altius
920 1126 987 1154 pos-

194 1166 240 1192 sit.
260 1165 366 1192 Etenim
380 1166 402 1193 si
426 1165 561 1200 principia
584 1166 630 1192 illa
653 1166 767 1193 arbores
791 1167 858 1198 sint,
887 1166 988 1193 habent

195 1211 280 1245 igitur
291 1215 318 1238 et
333 1211 482 1246 agricolam
501 1218 592 1242 suum,
608 1215 711 1238 etcum
730 1211 830 1246 planta:
846 1212 912 1244 sint,
928 1219 988 1239 om-

195 1257 260 1284 nino
285 1264 299 1283 a
321 1256 450 1292 quopiam
474 1257 605 1292 plantatte
629 1260 703 1283 sunt.
732 1256 870 1291 Quidquid
898 1261 988 1285 autem

196 1302 348 1337 plantatum
374 1305 426 1334 est,
448 1301 612 1336 priucipimn
640 1302 723 1329 habet
740 1321 748 1334 ,
775 1302 944 1338 proindeque
963 1307 989 1330 et

198 1347 280 1374 linem
306 1347 428 1375 habebit.
455 1346 549 1382 Itaque
575 1348 658 1374 arbor
681 1348 751 1374 mala
780 1356 834 1376 non
858 1353 989 1384 perpetuo

203 1393 320 1424 exstitit,
351 1393 398 1421 sed
427 1398 469 1421 est
494 1394 643 1428 aliquando
669 1394 786 1421 consita.
815 1394 902 1421 Arbor
926 1402 989 1422 vero

198 1438 270 1465 bona
282 1446 336 1465 non
353 1438 386 1465 ad
404 1447 485 1466 omne
500 1438 633 1467 bonitatis
659 1447 795 1474 suprema:
809 1447 896 1475 genus
910 1439 990 1466 debet

199 1483 305 1511 referri.
331 1483 387 1510 Illic
408 1484 484 1511 enim
507 1490 592 1518 certa,
617 1484 782 1520 minimeque
807 1485 933 1518 mendax,
963 1489 990 1512 et

1039 893 1164 929 ραστήσῃ
1181 892 1230 928 τὴν
1244 893 1309 928 παρ’
1327 892 1401 928 αὐτῷ
1421 891 1572 926 λεγομένην
1584 891 1678 922 δυάδα,
1693 892 1741 918 καὶ
1756 891 1837 928 aia-9

1038 938 1177 973 ἀναμέσον
1190 938 1244 964 τῶν
1255 937 1302 964 δύο
1314 937 1405 972 ἀρχῶν
1419 936 1516 970 κενῶς,
1528 938 1557 963 ἐν
1569 937 1608 972 τῷ
1620 938 1706 964 εἰπεῖν
1716 938 1761 963 τὸν
1776 937 1836 963 Σω-

1039 983 1120 1019 τῆρα·
1140 984 1181 1010 Οὺ
1196 983 1322 1010 δύναται
1338 982 1464 1017 δένδρον
1489 982 1601 1017 ἀγαθὸν
1619 982 1754 1017 καρποὺς
1778 991 1834 1009 κα-

1040 1029 1114 1062 κοὺς
1127 1028 1260 1063 ποιῆσαι,
1273 1028 1343 1056 οὐδὲ
1351 1028 1476 1062 δένδρον
1485 1028 1605 1062 σαπρὸν
1617 1028 1753 1062 καρποὺς
1764 1027 1836 1062 ἁγα-

1039 1075 1112 1109 θοὺς
1127 1074 1262 1110 ποιῆσαι.
1293 1076 1345 1102 Ἐκ
1366 1075 1423 1109 γὰρ
1443 1075 1497 1102 τοῦ
1517 1073 1633 1109 καρποῦ
1657 1074 1690 1100 τὸ
1706 1073 1837 1108 δένδρον

1041 1121 1228 1156 γινώσκεται.
1259 1121 1315 1147 Καὶ
1338 1120 1390 1156 δρα
1417 1129 1462 1155 μοι
1487 1119 1537 1155 τὴν
1559 1118 1679 1155 ἐλαφρὰν
1700 1119 1835 1151 διάνοιαν,

1041 1167 1089 1193 καὶ
1108 1166 1190 1202 μηδὲν
1206 1166 1235 1193 ὲν
1251 1165 1327 1201 βάθει
1342 1165 1376 1192 τὰ
1398 1166 1447 1201 τῆς
1465 1165 1540 1197 θείας
1559 1165 1670 1200 Γραφῆς
1686 1163 1834 1192 xamva-

1042 1221 1101 1240 σαν.
1125 1213 1156 1238 Εἰ
1185 1212 1233 1247 μὲν
1258 1213 1311 1247 γὰρ
1337 1211 1432 1247 δένδρα
1457 1212 1538 1247 εἰσλν,
1560 1211 1614 1247 ἄρα
1638 1210 1685 1237 καὶ
1711 1209 1839 1245 γεωργὸν

1042 1258 1142 1293 ἔχουσι,
1157 1258 1204 1285 καὶ
1223 1257 1294 1292 φυτὰ
1309 1257 1486 1292 τυγχάνοντα,
1507 1257 1553 1285 καὶ
1570 1257 1677 1288 πάντως
1695 1257 1747 1283 ὑπό
1762 1256 1836 1287 τινός

1042 1305 1095 1330 εἱσι
1126 1304 1336 1338 πεφυτευμένα·
1365 1304 1418 1330 πᾶν
1444 1303 1473 1329 δὲ
1496 1303 1528 1330 τὸ
1555 1302 1757 1337 πεφυτευμένον
1784 1302 1837 1328 οὐκ

1042 1348 1116 1375 ἔστιν
1135 1349 1263 1384 ἄναρχον,
1277 1348 1345 1376 ἀλλὰ
1359 1349 1447 1384 ἀρχὴν
1463 1348 1534 1383 ἕχει·
1549 1347 1636 1383 ἀρχὴν
1661 1347 1689 1374 δὲ
1704 1347 1766 1382 ἕχον
1784 1347 1834 1373 καὶ

1042 1394 1117 1425 τέλος
1129 1393 1232 1428 ὑφέξει.
1246 1393 1341 1421 Τοίνυν
1359 1393 1389 1420 τὸ
1409 1392 1514 1428 σαπρὸν
1536 1392 1642 1427 δένδρον
1665 1392 1714 1418 οὐκ
1729 1389 1763 1426 ἦν
1780 1391 1835 1423 ἀεὶ,

1043 1440 1110 1467 ἀλλὰ
1125 1439 1301 1474 πεφύτευται.
1318 1439 1373 1466 Καὶ
1399 1438 1430 1464 τὸ
1445 1437 1546 1473 ἀγαθὸν
1571 1437 1677 1473 δένδρον
1701 1436 1781 1464 τοῦτο
1803 1437 1835 1463 οὑ

1044 1487 1108 1522 περὶ
1124 1486 1213 1521 πάσης
1227 1485 1278 1520 τῆς
1298 1484 1400 1512 ἄνωθεν
1414 1484 1580 1519 ὰγαθὸτητος
1596 1483 1741 1518 διηγεῖται.
1760 1483 1833 1509 Ἐκεῖ

200 1528 382 1555 immutabilis
408 1529 518 1556 bonitas
540 1532 594 1561 est,
618 1532 712 1563 utpote
730 1537 791 1563 qua:
804 1529 840 1556 sit
855 1528 900 1555 Dei
917 1528 989 1563 cogi-

1043 1532 1098 1568 γὰρ
1112 1532 1244 1566 ἄψευστος
1267 1530 1405 1566 ἀγαθότης
1422 1529 1572 1565 μεταϐολὴν
1598 1529 1635 1564 μὴ
1660 1528 1769 1563 έχουσι,
1787 1529 1836 1555 καὶ

202 1573 270 1600 tatio
285 1574 466 1608 inexplicabili
484 1573 601 1609 quodam
620 1574 722 1600 honore
743 1573 865 1608 prmdita.
889 1572 987 1600 Utrum

206 1626 271 1646 vero
301 1619 335 1646 ad
367 1619 521 1654 plantarum
551 1619 757 1654 productionem
794 1619 991 1647 accommodati

201 1664 301 1700 possit,
319 1665 464 1692 videndum
488 1673 521 1692 ac
546 1665 742 1701 disputandum
766 1665 846 1692 nobis
866 1668 918 1692 est.
941 1664 987 1691 Et-

200 1711 274 1737 enim
290 1710 313 1737 si
329 1709 363 1738 de
378 1709 488 1738 diabolo
511 1717 601 1737 sermo
619 1710 665 1741 sit.
687 1717 759 1747 saepe
779 1709 855 1735 illum
871 1709 992 1736 ostendi-

201 1764 264 1783 mus
277 1756 379 1783 malum
396 1757 431 1784 ab
445 1756 552 1790 origine
565 1764 620 1783 non
635 1755 721 1785 fuisse
736 1764 743 1783 :
756 1755 823 1782 nihil
836 1757 908 1783 enim
922 1755 993 1784 Deus

203 1802 307 1828 malum
331 1801 463 1832 condidit,
485 1801 570 1836 idque
586 1801 653 1829 adeo
670 1801 854 1836 prudentibus
871 1804 914 1829 est
939 1808 993 1827 ma-

202 1848 347 1877 nifestum.
366 1849 405 1875 Ac
422 1848 486 1876 licet
500 1848 527 1875 in
543 1847 638 1875 eodem
660 1852 822 1883 argumento
838 1855 991 1879 versemur,

202 1902 258 1922 non
271 1894 446 1929 gravabimur
457 1898 548 1921 tamen
559 1893 701 1921 veritatem
713 1893 795 1920 etiam
808 1894 835 1920 in
850 1893 994 1928 praisentia

207 1939 398 1973 comprobare.
417 1938 500 1974 Igitur
514 1939 603 1966 malus
618 1938 696 1966 initio
713 1938 838 1966 diabolus
855 1946 908 1966 non
924 1937 973 1966 fuit
985 1958 993 1970 ,

206 1983 255 2011 sed
269 1983 358 2011 evasit
368 1989 472 2019 postea.
486 1983 576 2016 Quare
594 1984 684 2011 locum
698 1983 811 2019 hic_non
828 1984 910 2012 habet
921 1984 994 2019 quod

202 2028 237 2056 de
260 2028 357 2055 arbore
381 2028 553 2063 proponitur.
579 2027 647 2055 Nam
675 2032 702 2056 et
727 2028 842 2056 Saulum
870 2029 995 2058 videmus

203 2079 406 2111 persecutorem
421 2073 518 2106 fuisse.
537 2073 718 2109 eumdemque
731 2081 780 2109 pro
793 2082 826 2102 eo
840 2075 911 2110 quod
927 2075 997 2103 insc-

203 2124 283 2146 eutus
299 2119 386 2146 fuerat
401 2119 531 2146 nomine6
549 2119 765 2154 persecutionem
782 2127 842 2148 esse
871 2128 994 2155 passum.

204 2167 307 2194 Contra
331 2173 396 2193 vero
423 2165 520 2193 ludam
545 2174 608 2194 cum
631 2166 773 2194 duodecim
797 2167 927 2201 apostolis
941 2168 996 2195 ele-

208 2217 283 2239 ctum
328 2212 477 2240 descivisse
507 2212 696 2247 postmodum.
724 2216 751 2240 et
780 2213 813 2241 ad
841 2213 993 2248 improbant

203 2256 350 2286 factionem
367 2263 540 2294 aggregatum
553 2259 655 2292 ’.Quin
669 2263 696 2287 et
713 2259 807 2287 Rahab
827 2260 995 2287 meretricem

205 2304 344 2331 cernimus
364 2304 399 2331 ab
420 2304 571 2332 lsraelitico
595 2312 694 2340 genere
723 2305 856 2332 hactenus
879 2306 995 2333 alienant

207 2353 269 2382 post
291 2349 482 2383 pmnitentiam
502 2354 642 2384 receptum
661 2350 694 2377 ad
712 2349 760 2377 Dei
779 2350 996 2378 misericordiam

206 2393 336 2421 habuisse
352 2394 374 2421 ³.
407 2393 538 2422 Videmus
560 2400 587 2422 et
610 2396 745 2423 latronem
769 2396 796 2423 in
819 2396 940 2424 facinore
950 2397 997 2424 de.-

205 2438 370 2473 preheusum
385 2444 412 2466 et
427 2439 454 2466 in
490 2447 600 2467 crucem
617 2441 752 2469 sublatum
768 2445 830 2476 post
844 2442 996 2469 confessio»

207 2492 269 2512 nem
296 2492 349 2511 una
367 2492 429 2511 cum
449 2484 563 2513 Domino
582 2486 609 2513 iu
627 2486 784 2521 paradisum
809 2487 994 2522 ingressum”.

206 2530 347 2558 Nicolaum
372 2535 504 2566 przeterea
529 2531 654 2560 videmus
674 2533 762 2560 virum
786 2533 888 2560 bonum
903 2538 930 2560 et
945 2534 997 2561 ele-

206 2577 327 2609 ctum“,
352 2578 516 2605 sceleratum
539 2578 728 2613 posteafuisse
741 2583 823 2614 atque
851 2580 922 2607 inter
940 2580 995 2606 lue-

207 2631 304 2651 rcseon
320 2627 447 2651 auctores
461 2625 624 2659 ascriptum.
652 2625 723 2657 Quid
738 2625 781 2652 hie
799 2630 912 2653 caeteros
926 2632 998 2652 com-

207 2669 376 2697 memorem?
395 2668 533 2702 Quidnam
561 2677 644 2705 porro
669 2670 767 2697 malam
785 2671 855 2698 hanc
870 2671 995 2698 arborem

245 2760 252 2775 ¹
270 2759 279 2786 l
294 2761 358 2788 (Inr.
372 2770 429 2789 xm.
446 2761 487 2788 l2.
526 2763 536 2778 ²
551 2761 560 2788 l
574 2762 638 2789 Cor.
655 2770 686 2794 ιι,
704 2763 731 2790 9.
769 2763 779 2779 ³
801 2762 866 2790 ibid.
905 2762 916 2778 ’⁵
935 2763 1001 2790 ibid.
1040 2763 1050 2779 '
1072 2762 1166 2789 Matth.
1185 2770 1233 2794 vn,
1258 2762 1301 2796 18,
1318 2762 1364 2790 ‘20.
1404 2763 1414 2779 ⁶
1441 2763 1502 2789 Act.
1532 2771 1568 2794 Ix,
1590 2762 1600 2788 Ι
1621 2768 1682 2796 sqq.

676 2799 686 2814 ’
701 2797 768 2826 Luc.
789 2806 865 2830 χχιιι,
882 2798 916 2826 40
929 2806 990 2833 sqq.
1023 2798 1045 2814 ¹⁰
1062 2802 1122 2825 Act.
1138 2805 1175 2830 vt,
1188 2798 1216 2825 5.

211 2802 281 2828 xm,
304 2796 330 2823 5.
383 2797 394 2811 ⁵
407 2796 489 2825 Josuc
505 2796 559 2828 u.l
578 2806 638 2833 sqq.

1042 1579 1071 1604 ὲν
1085 1574 1351 1613 τιμῇ’ἀνεκλαλήτῳ
1366 1576 1414 1603 τοῦ
1436 1575 1513 1607 ὄντος
1533 1575 1610 1609 ἁγίου
1635 1574 1701 1601 Θεοῦ
1724 1574 1755 1601 τδ
1779 1574 1836 1601 δια-

1041 1624 1140 1659 verum.
1162 1623 1208 1655 Είς
1230 1622 1259 1649 δὲ
1273 1622 1322 1657 τὴν
1338 1621 1402 1657 περὶ
1418 1620 1509 1655 φυτῶν
1523 1620 1665 1655 ἐνέργειαν
1689 1619 1790 1654 ἴδωμεν
1807 1620 1833 1645 εί

1041 1669 1127 1701 οὓτως
1143 1668 1210 1703 ἔχει,
1233 1667 1281 1694 καὶ
1297 1667 1424 1702 λάϐωμεν
1450 1666 1550 1701 λέγειν.
1575 1666 1606 1692 Et
1624 1666 1674 1700 μὲν
1697 1665 1752 1700 γὰρ
1769 1666 1835 1700 περὶ

1042 1714 1089 1741 τοῦ
1106 1713 1229 1740 διαϐόλου
1246 1712 1319 1739 ἐστὶν
1334 1713 1348 1738 ὁ
1364 1711 1452 1745 λόγος,
1469 1711 1519 1746 ήδη
1537 1710 1667 1743 πολλάκις
1682 1710 1835 1745 ἐδείξαμεν.

1042 1760 1083 1787 ὅτι
1098 1759 1129 1786 οὐ
1150 1758 1268 1794 πονηρὸς
1290 1757 1453 1792 γεγένηται·
1469 1756 1544 1783 οὐδὲν
1557 1756 1612 1792 γὰρ
1629 1756 1728 1791 φαῦλον
1741 1757 1757 1783 ὁ
1769 1756 1835 1788 Θεὸς

1042 1804 1164 1840 ἐποίησε,
1182 1804 1229 1831 καὶ
1244 1803 1322 1830 τοῦτο
1338 1804 1395 1834 τοῖς
1411 1803 1531 1834 συνετοῖς
1552 1802 1610 1829 ἐστι
1627 1802 1790 1838 κατάδηλον,
1804 1803 1835 1828 Et

1043 1850 1097 1886 γὰρ
1109 1850 1180 1877 κατὰ
1194 1849 1249 1876 τῶν
1267 1849 1357 1876 αὐτῶν
1377 1849 1527 1884 φερόμεθα,
1549 1848 1625 1875 οὐδὲν
1640 1848 1756 1883 λυπήσει
1769 1849 1836 1876 ἁπο-

1043 1895 1127 1928 δεῖξαι
1148 1895 1195 1922 καὶ
1222 1895 1251 1921 ὲν
1273 1893 1311 1929 τῷ
1337 1893 1451 1929 παρόντι
1476 1893 1521 1920 τδν
1544 1894 1608 1928 περὶ
1631 1893 1681 1928 τῆς
1706 1893 1836 1926 ἀληθείας

1043 1941 1133 1975 λόγον.
1152 1941 1197 1967 Ἐν
1213 1941 1246 1975 τῇ
1261 1940 1332 1975 ἀρχῇ
1349 1939 1438 1966 τοίνυν
1457 1938 1558 1975 φαῦλος
1571 1939 1622 1965 οὐκ
1635 1937 1679 1974 ἦν,
1697 1938 1788 1973 ἀπέϐη
1805 1938 1834 1965 δὲ

1045 1986 1155 2021 φαῦλος.
1177 1985 1242 2012 Ἰδοὺ
1262 1985 1292 2011 οὺ
1314 1985 1514 2020 συσταθήσεται
1536 1984 1565 2014 ὲν
1588 1983 1628 2019 τῷ
1644 1984 1723 2020 μέρει
1747 1983 1834 2019 τούτῳ

1045 2032 1059 2059 ὁ
1072 2032 1138 2067 περὶ
1152 2030 1199 2058 τοῦ
1224 2030 1309 2066 φυτοῦ
1326 2030 1414 2064 λόγος.
1433 2029 1557 2065 Ὀρῶμεν
1586 2029 1641 2065 γὰρ
1657 2029 1704 2056 καὶ
1732 2029 1833 2056 Σαῦλον

1045 2077 1161 2112 διώκτην
1176 2077 1331 2112 γενόμενον,
1354 2075 1465 2111 ὓστερον
1479 2076 1508 2103 δὲ
1523 2075 1687 2111 διωκόμενον
1704 2076 1774 2111 ὑπὲρ
1787 2075 1832 2103 τοῦ

1045 2123 1177 2159 ὀνόματος
1194 2120 1223 2150 οὗ
1241 2123 1306 2150 ποτὲ
1325 2122 1446 2149 ἐδίωκεν.
1465 2122 1586 2158 Ὀρῶμεν
1607 2122 1652 2148 τὸν
1669 2122 1770 2148 Ἰούδαν
1790 2123 1834 2148 ἐκ-

1046 2169 1206 2204 λελεγμένον
1226 2169 1275 2195 σϋν
1289 2170 1345 2200 τοῖς
1360 2168 1464 2195 δώδεκα
1476 2167 1644 2199 ἀποστόλοις,
1661 2168 1708 2194 καὶ
1723 2167 1834 2202 ὕστερον

1047 2214 1198 2246 ἀποϐάντα,
1216 2214 1263 2241 καὶ
1278 2214 1308 2240 ὲν
1325 2213 1415 2249 μερίδι
1431 2213 1537 2250 πονηρᾷ
1556 2213 1736 2248 τεταγμένον.
1753 2212 1835 2248 Ὁρῶ-

1046 2269 1098 2295 μεν
1115 2259 1200 2286 Ῥαὰὸ
1219 2259 1268 2294 τὴν
1295 2259 1396 2294 πόρνην
1413 2257 1556 2295 ἀλλοτρίαν
1581 2255 1664 2285 οὖσαν
1679 2256 1726 2284 τοῦ
1742 2257 1834 2291 γένους

1053 2306 1177 2342 Ἰσραὴλ,
1201 2305 1313 2341 ὕστερον
1337 2304 1365 2330 δὲ
1404 2305 1610 2340 μετανοήσασαν
1632 2304 1678 2330 καὶ
1702 2303 1834 2330 λαόοὖσαν

1047 2351 1114 2379 Θεοῦ
1134 2352 1178 2377 τὸν
1195 2350 1281 2378 ἔλεον.
1305 2350 1428 2386 Ὁρῶμεν
1451 2351 1497 2377 τὸν
1521 2349 1623 2387 λῃπὴν
1647 2349 1694 2376 ἐπὶ
1719 2358 1835 2385 κακουρ-

1047 2398 1109 2431 γίας
1127 2397 1241 2429 ἁλόντα,
1265 2397 1313 2424 καὶ
1335 2396 1523 2433 κρεμασθέντα
1549 2396 1595 2422 ἐπὶ
1616 2395 1662 2422 τοῦ
1680 2395 1771 2427 ξύλου,
1791 2394 1835 2422 καὶ

1047 2443 1324 2479 ὲξομολογησάμενον,
1340 2444 1386 2470 καὶ
1401 2443 1460 2478 ἅμα
1477 2442 1516 2478 τῷ
1537 2441 1632 2477 Κυρίῳ
1649 2442 1677 2468 ἐν
1692 2441 1732 2476 τῷ
1750 2450 1835 2477 παρα-

1047 2490 1128 2524 δείσῳ
1151 2489 1350 2524 εἰσεληλυθότα.
1369 2488 1492 2524 Ὀρῶμεν
1519 2487 1652 2514 Νικόλαον
1677 2486 1760 2513 καλὸν
1776 2486 1835 2513 ὅντα

1049 2535 1096 2562 καὶ
1110 2534 1314 2570 ἐκλελεγμένον,
1329 2533 1442 2569 ὕστερον
1456 2533 1484 2560 δὲ
1499 2532 1640 2560 ἀποϐάντα
1659 2531 1778 2566 πονηρὸν
1791 2530 1836 2557 καὶ

1049 2580 1078 2606 ὲν
1095 2581 1150 2612 τοῖς
1167 2579 1356 2615 αίρεσιὰρχαις
1370 2578 1513 2614 ταχθέντα.
1528 2578 1582 2604 Καὶ
1598 2577 1624 2604 τί
1642 2585 1687 2612 μοι
1701 2576 1734 2603 τὰ
1748 2575 1833 2610 πλήθη

1049 2625 1153 2660 λέγειν;
1173 2625 1204 2652 Τί
1219 2624 1265 2653 οὖν
1281 2627 1338 2652 ἐστι
1354 2625 1385 2651 τὸ
1404 2625 1486 2660 φυτὸν
1503 2623 1582 2651 τοῦτο
1597 2623 1626 2651 τὸ
1644 2622 1773 2658 πονηρὸν,
1791 2621 1832 2656 ἀφ’

1049 2668 1079 2699 οὗ
1104 2671 1205 2706 ἀγαθὸν
1228 2671 1259 2698 οὺ
1276 2671 1398 2706 viveret;
1422 2670 1502 2697 Ἀλλὰ
1527 2670 1608 2697 πάλιν
1633 2669 1746 2705 πράξεις
1769 2668 1832 2695 είσὶν

1732 2757 1829 2787 'Luc.
