1939 3036
114 147 167 175 Ιῖδ

445 142 629 170 ADVERSUS
648 140 821 168 ΙΙᾸΞῘζΕΞΕδ
841 139 902 167 LIB.

978 140 1060 168 TOM.
1081 139 1293 167 II.—IIA£IiES.
1314 138 1406 166 LXVI.

1690 138 1740 166 I26

110 203 272 239 ἀνθρώπιον.
287 201 325 229 Οὐ
347 200 459 227 δύναται
477 201 532 236 γὰρ
554 201 586 226 ὲκ
613 199 741 235 πορνείας
765 199 902 234 ἀγαθότης

970 206 1015 226 sse
1029 198 1162 231 dicemus,
1185 205 1201 224 e
1217 205 1270 233 qua
1293 197 1394 224 bonum
1416 196 1482 223 oriri
1502 196 1638 230 nequeat?
1659 195 1742 224 Plane

110 248 181 277 εἷναι
191 257 198 264 ·
214 248 245 274 οὐ
260 247 372 274 δύναται
398 245 431 272 ὲκ
447 245 543 281 φθόνου
569 244 702 280 πονηρίας
723 244 879 279 δικαιοσύνη
892 264 900 276 ,

109 294 142 321 οὺ
157 292 269 320 δύναται
284 292 316 317 ὲκ
336 290 459 326 μοιχείας
477 289 586 321 ἔπαινος
605 289 742 323 γενέσθαι.
762 288 833 315 Αὐτὸ
848 288 903 323 γὰρ

111 338 143 365 τὸ
158 338 207 372 τῆς
229 336 366 372 ἁμαρτίας
386 335 493 370 δένδρον
508 335 537 361 οὺ
553 334 665 360 δύναται
690 334 722 359 δι’
736 333 903 368 ἀγαοότητος

111 383 256 418 γενέσθαι·
276 382 416 408 τουτέστιν
429 381 460 407 οὐ
481 381 553 406 ποιεῖ
568 379 676 415 δένδρον
697 379 814 415 πονηρὸν
834 386 902 413 καρ-

113 431 183 462 ποὺς
201 429 335 464 ἀγαθούς·
353 428 414 455 οὐδὲ
435 427 538 462 ἀγαθοῦ
555 426 663 462 δένδρου
680 427 804 462 καρποὺς
822 434 904 460 πονη-

114 479 180 514 ροὺς
197 477 333 511 γενέσθαι.
348 473 409 502 Οἷον
425 475 456 502 τὸ
471 474 571 508 ἀγαθὸν
585 473 693 509 δένδρον
706 473 737 499 τὸ
755 472 792 508 μὴ
810 472 903 499 ποιοῦν

114 523 237 558 καρποὺς
263 521 406 557 πονηροὺς,
421 519 556 554 ξενοδοχία
579 519 719 553 γινομένη,
736 518 787 545 κᾶν
810 526 840 543 τε
854 517 906 544 ὅσα

115 569 207 604 ἀποϐῇ
223 568 278 595 ἀπὸ
291 568 342 603 τῆς
363 565 530 601 ξενοδοχίας,
555 565 605 599 οὐχ
631 564 723 590 ἕνεκεν
741 562 905 598 φαυλότητος

116 614 175 648 εχει
199 613 250 647 τὴν
274 611 401 646 δύναμιν.
422 608 622 644 Ἐλεημοσύνη,
646 608 741 642 ἁγνεία
765 607 808 634 διὰ
828 606 904 638 Θεὸν,

116 658 268 694 ἐγκράτεια
293 656 337 684 διὰ
361 656 407 683 τὸν
434 654 584 690 Δεσπότην,
610 653 767 688 δικαιοσύνη
793 651 837 679 διὰ
861 652 906 679 τὸν

117 703 210 739 νόμον.

154 791 213 820 EB’.
233 791 327 819 Ταῦτα
347 791 382 818 τὰ
397 790 444 817 δύο
459 790 556 826 δένδρα
580 789 644 825 περί
669 788 846 822 δικαιοσύνης
860 787 907 814 καὶ

952 244 986 272 de
1002 240 1142 271 hominum
1151 242 1305 270 actionibus
1318 241 1492 276 interpretari
1502 240 1743 277 debemus.Ncque

952 290 1025 317 enim
1039 297 1054 316 e
1068 293 1164 323 stupro
1186 287 1304 315 derivari
1323 287 1432 314 bonitas
1453 291 1561 321 potest,
1597 293 1685 320 neque
1710 294 1743 313 ex

952 334 1083 369 nequitia:
1105 334 1190 360 livore
1205 332 1331 368 justitia,
1357 340 1445 367 neque
1464 340 1497 358 ex
1521 331 1658 358 adulterio
1674 331 1743 358 laus.

956 380 1097 414 Siquidem
1117 379 1199 405 arbor
1222 379 1268 405 illa
1293 377 1396 412 peccati
1423 385 1437 405 a
1458 377 1580 404 bonitate
1604 376 1742 411 proﬁcisci

954 433 1007 452 non
1025 429 1125 460 potest,
1144 425 1196 451 hoc
1206 428 1258 456 est,
1272 423 1353 450 arbor
1370 423 1441 450 mala
1460 422 1546 449 bonos
1569 421 1675 450 fructus
1690 429 1743 449 non

954 471 1029 500 facit.
1043 477 1131 504 neque
1149 469 1219 496 bona
1232 476 1264 496 cx
1280 468 1376 495 arbore
1389 468 1452 495 mali
1467 467 1572 496 fruetus
1585 468 1711 494 oriuntur
1721 467 1741 493 ³.

955 515 1077 550 Exempli
1093 515 1178 550 gratia
1193 514 1274 542 arbor
1291 514 1337 541 illa
1353 513 1433 545 bona,
1450 521 1510 547 quae
1532 513 1618 541 malos
1639 513 1745 540 l'ructus

955 562 1036 590 edere
1054 569 1109 589 non
1132 564 1233 596 potest,
1253 559 1289 587 sit
1313 559 1428 595 benigna
1450 559 1588 593 hospitum
1609 559 1743 593 exceptio.

959 607 1099 642 Quidquid
1113 607 1186 634 enim
1205 605 1240 633 ab
1261 613 1293 633 ea
1315 605 1516 641 proﬁciscatur,
1533 604 1616 640 676
1631 604 1670 631 vis
1686 604 1745 637 ejus

956 654 991 681 ab
1007 652 1181 687 improbitate
1203 659 1258 679 non
1280 652 1380 678 oritur.
1405 649 1537 678 Similiter
1562 651 1746 684 eleemosyna,

957 699 1120 726 castimonia
1141 706 1202 733 qua:
1225 703 1336 734 propter
1353 696 1437 725 Deum
1454 697 1563 730 colitur,
1578 695 1746 723 continentia

958 749 1069 781 propter
1093 744 1248 774 Dominum,
1277 743 1383 778 justitia
1402 743 1469 777 legis
1494 742 1581 777 gratia
1606 745 1745 776 suscepta.

993 790 1072 817 LXII.
1094 789 1279 822 Quamobrem
1305 789 1392 815 amba:
1409 788 1462 815 illa:
1479 788 1593 815 arbores
1613 786 1646 814 de
1663 787 1748 822 justi-

119 838 185 874 περὶ
202 837 339 874 ἁμαρτίας
353 836 446 863 τοῦτον
470 836 526 871 ἔχει
551 834 596 862 τὸν
613 834 721 870 τρόπον.
739 834 805 869 Περὶ
829 833 856 859 δὲ
871 830 908 861 ὧν

972 837 997 863 ia
1013 840 1040 863 ct
1055 838 1168 870 peccato
1183 834 1298 868 intelligi
1316 833 1460 860 commode
1481 836 1608 868 possunt.
1631 832 1665 858 At
1686 832 1750 859 bar-

118 873 197 915 οὖτος
214 884 228 910 6
242 882 379 918 βάρϐαρος
398 881 495 916 Μάνης
514 880 668 908 διανοεῖται,
684 879 747 914 περὶ
764 879 831 904 Θεοῦ
849 878 910 913 βού-

969 889 1045 909 ιιιινυε
1063 881 1108 907 ille
1124 879 1288 906 Manichaeus
1308 886 1449 913 perperam
1467 878 1499 904 de
1516 877 1572 904 Deo
1591 884 1623 904 ac
1642 877 1750 903 diabolo

118 929 197 955 λεται
219 927 319 961 λέγειν,
344 927 392 952 καὶ
407 925 472 960 περὶ
492 924 540 951 τοῦ
559 923 693 952 διαϐόλου.
710 923 764 949 Καὶ
786 923 827 949 ὅτι
845 923 910 957 περὶ

120 972 190 998 Θεοῦ
206 972 294 1003 οὐδεὶς
307 971 418 997 δύναται
441 969 573 1005 τολμῆσαι
594 969 642 995 καὶ
657 969 754 1000 εἰπεῖν,
769 969 810 994 ὅτι
826 967 910 994 κακὸν

121 1018 231 1052 ποιήσει
250 1017 327 1048 ποτὲ,
343 1016 382 1052 μὴ
396 1015 513 1050 γένοιτο,
528 1015 576 1042 καὶ
591 1013 654 1040 οὔτε
669 1014 733 1049 περὶ
748 1012 795 1039 τοῦ
818 1013 911 1039 διαϐό-

121 1064 179 1096 λου,
193 1063 234 1089 ὄτι
250 1061 351 1097 ἀγαθὸν
370 1060 533 1098 ἐργάζεται,
556 1059 635 1086 τοῦτο
659 1059 747 1094 δῆλον.
766 1058 848 1085 Ἀλλὰ
868 1057 912 1084 διὰ

122 1108 192 1135 Θεοῦ
206 1109 294 1135 πάντα
308 1107 413 1142 γίνεται
428 1106 462 1132 τὰ
480 1105 581 1140 ἀγαθὰ,
597 1105 645 1132 καὶ
665 1104 765 1139 φαῦλον
783 1103 814 1135 ἐξ
829 1103 911 1130 αὐτοϋ

122 1154 201 1182 οὐδὲν
228 1154 388 1185 κέκτισται,
417 1151 476 1178 οὐδὲ
500 1151 614 1185 γίνεται.
636 1149 668 1176 Εἰ
689 1149 717 1175 δὲ
737 1150 769 1176 ὲκ
790 1148 912 1175 διαϐόλου

122 1200 275 1235 ἐνεργεῖται
296 1198 402 1234 πονηρά
417 1205 488 1229 τινα,
510 1196 564 1222 ἰδοὺ
579 1195 735 1230 εὑρήκαμεν
752 1194 799 1221 καὶ
814 1194 847 1221 δι’
863 1195 913 1221 αὑ-

123 1244 174 1272 τοῦ
196 1244 327 1278 στέφανον
344 1243 510 1278 πλεκόμενον
533 1241 638 1275 ἁγίοις,
660 1240 707 1266 καὶ
732 1239 858 1275 βραϐεῖον
874 1239 913 1265 δι-

124 1291 237 1325 δόμενον
260 1291 316 1321 τοῖς
343 1287 505 1324 νενικηκόσι.
526 1287 581 1313 Καὶ
600 1286 723 1312 διέπεσεν
738 1287 752 1312 6
766 1285 848 1312 αὑτοῦ
869 1285 913 1312 λό-

125 1344 185 1368 γος.
199 1335 236 1361 Τὸ
247 1334 301 1370 γὰρ
315 1333 417 1368 σαπρὸν
433 1333 539 1368 δένδρον
553 1332 600 1358 καὶ
616 1331 717 1366 ἀγαθὸν
730 1331 837 1367 δένδρον
851 1330 915 1366 περὶ

125 1379 237 1414 ἀγαθῶν
252 1379 339 1415 ἔργων
355 1378 482 1413 τυγχάνει
508 1377 555 1403 καὶ
576 1377 640 1412 περὶ
657 1376 779 1411 φαύλων·
804 1377 851 1402 καὶ
866 1377 916 1402 οὐκ

125 1425 187 1454 ἐστι
210 1425 274 1461 περὶ
292 1424 412 1456 Παλαιᾶς
437 1423 574 1458 Διαοήκης
601 1423 649 1448 καὶ
676 1423 798 1457 Καινῆς,
824 1421 916 1453 καθὼς

127 1471 252 1507 βούλεται
268 1471 282 1497 6
296 1469 343 1496 τοῦ
357 1469 438 1504 Μάνη
453 1469 540 1503 λόγος.

164 1516 222 1542 ΞΓ¹.
244 1515 303 1541 Ἔτι
322 1514 351 1541 δὲ
373 1515 387 1541 ὁ
410 1513 490 1545 αὐτὸς
515 1513 674 1549 βουλόμενος
698 1513 836 1548 παριστᾷν
867 1511 916 1543 τὰς

963 930 1077 954 conatur
1092 925 1226 959 accipere.
1242 923 1343 951 Verum
1361 923 1498 950 neminem
1513 929 1545 950 eo
1558 921 1678 948 audacia!
1694 929 1751 955 pro-

963 971 1039 1006 gredi
1065 977 1144 1005 posse
1162 969 1337 1004 perspicuum
1356 971 1409 999 est,
1424 970 1455 994 ut
1475 970 1523 993 aut
1541 965 1623 992 Deum
1647 969 1753 993 assorat

965 1015 1065 1043 malum
1088 1013 1236 1048 aliquando
1258 1013 1406 1042 facturum,
1423 1014 1470 1037 aut
1483 1010 1622 1038 diabolum
1639 1009 1752 1036 bemun.

965 1061 1036 1094 Quin
1051 1061 1105 1087 imo
1119 1060 1191 1086 bona
1215 1060 1308 1086 omnia
1334 1057 1404 1084 Deus
1426 1056 1517 1089 elIicit,
1540 1064 1628 1090 neque
1650 1055 1752 1083 malum

965 1105 1114 1140 quidquam
1139 1105 1173 1131 ab
1189 1111 1220 1131 eo
1240 1102 1404 1138 productum
1427 1107 1480 1134 est,
1499 1105 1547 1128 aut
1563 1109 1628 1128 vero
1650 1099 1753 1135 produ-

966 1153 1047 1179 citur.
1074 1150 1151 1183 Quod
1177 1150 1200 1177 si
1229 1149 1355 1176 diubolus
1381 1147 1512 1174 nonnulla
1537 1147 1608 1173 mala
1631 1145 1752 1177 molitur,

967 1196 1095 1223 nimirum
1112 1195 1163 1222 hac
1178 1195 1250 1222 illius
1263 1201 1344 1228 opera
1365 1193 1468 1220 sanctis
1482 1191 1638 1218 hominibus
1652 1197 1754 1217 corona

967 1243 1095 1273 incolitur,
1114 1249 1146 1268 ae
1164 1240 1306 1276 praemium
1325 1239 1475 1266 ιὶιτιοῐὶὶιιιε
1491 1237 1635 1264 tribuitur.
1653 1236 1755 1270 Sicque

968 1292 1023 1315 tota
1049 1287 1122 1314 illius
1134 1287 1205 1313 ratio
1225 1285 1339 1312 corruit.
1365 1284 1434 1310 Mala
1450 1284 1521 1310 enim
1543 1283 1626 1309 arbor
1642 1286 1669 1309 et
1684 1281 1755 1308 bona

967 1333 1002 1360 de
1024 1333 1102 1359 bonis
1123 1339 1154 1359 ac
1177 1331 1254 1358 malis
1276 1330 1406 1365 operibus
1432 1329 1621 1363 explicantur;
1645 1335 1695 1354 nec
1720 1327 1755 1353 ad

971 1378 1053 1405 Vetus
1078 1377 1238 1411 Novumque
1250 1375 1454 1403 Testamentum
1470 1374 1617 1409 pertinent,
1642 1376 1671 1399 ut
1684 1371 1755 1399 falso

969 1424 1133 1451 Manichacus
1149 1422 1298 1450 existimat.

1006 1509 1097 1537 LXIII.
1119 1508 1172 1536 Sed
1195 1509 1278 1535 instat
1293 1506 1364 1533 idem
1379 1505 1434 1536 ilic,
1455 1508 1482 1531 ct
1498 1507 1527 1530 ut
1539 1509 1618 1530 suum
1636 1500 1669 1527 de
1687 1499 1756 1526 dno-

128 1561 263 1597 περὶτῶν
283 1560 330 1588 δύο
349 1560 440 1596 ἀρχῶν
456 1544 623 1596 προιράσεις,
642 1544 917 1594 θηρώμενος-ἐπιτη-

972 1557 1022 1583 htts
1038 1553 1181 1590 principiis
1204 1553 1302 1587 dogma
1325 1550 1459 1581 stabiliat,
1486 1547 1634 1576 nonnullas
1650 1553 1665 1572 ε
1682 1544 1756 1571 Scri-

128 1607 235 1635 δεύεται
252 1606 302 1638 τὰς
321 1606 395 1642 αὐτῷ
415 1604 545 1636 δοκούσας
566 1605 664 1637 λέξεις,
685 1603 770 1634 οὕτως
787 1602 917 1637 ἐχούσας·

130 1654 203 1685 Ὅτι,
224 1653 300 1687 φησὶ,
324 1653 380 1683 τοῖς
398 1651 535 1682 Ἰουδαίοις
549 1650 654 1684 ἐλεγεψ
677 1648 770 1684 Ἰ”μεῖς
786 1648 843 1675 υἱοὶ
867 1647 920 1673 τοῦ

129 1700 271 1726 διαϐόλου
291 1698 371 1725 ἐστέ.
386 1697 514 1729 Ἐκεῖνος
534 1695 779 1730 ἀνθρωποκτόνος
799 1692 854 1729 ἦν·
875 1692 920 1719 ὅτι

131 1748 149 1774 ὁ
164 1745 262 1779 πατὴρ
275 1744 368 1772 αὑτοῦ
383 1744 520 1779 ψεύστης
534 1741 583 1778 ἦν.
605 1741 734 1768 Βούλεται
753 1740 782 1766 δὲ
802 1739 922 1774 βλασφη-

132 1793 205 1828 μεῖν,
224 1791 271 1817 καὶ
291 1789 381 1824 λέγειν
399 1789 444 1815 τὸν
460 1787 575 1823 ποιητὴν
593 1785 707 1822 οὐρανοῦ
731 1785 778 1811 καὶ
792 1784 844 1819 γῆς
870 1792 922 1809 πα-

132 1838 202 1873 τέρα
224 1834 294 1863 εἶναι
313 1835 359 1862 τοῦ
376 1833 510 1867 διαϐόλου,
528 1832 660 1868 μηδαμῶς
682 1831 830 1866 δυνάμενον
854 1829 921 1860 ὅλως

132 1884 182 1910 ἐπὶ
201 1882 279 1909 τοῦτο
292 1873 421 1916 τὸ’ρητὸν
444 1878 587 1914 φαίνεσθαι
601 1877 621 1903 ¹.
647 1877 679 1903 Et
702 1876 757 1911 γὰρ
784 1874 852 1905 ὅλως
874 1873 921 1899 τοῦ

131 1928 257 1957 διαϐόλου
274 1927 326 1954 υἱοί
344 1927 407 1959 εἰσι,
421 1925 544 1952 διέπεσεν
558 1924 572 1950 6
589 1922 648 1950 κατ’
664 1921 744 1949 αὑτὸν
765 1920 854 1954 λόγος,
876 1919 922 1946 καὶ

133 1973 224 2008 ἑαυτῷ
237 1971 418 2008 ἁντιμάχεται
443 1970 457 1996 6
474 1970 569 2004 Μάνης
583 1967 698 2002 ἀγνοῶν.
718 1965 923 2002 ’Ᾱφωρίσοησαν

135 2020 193 2055 γὰρ
208 2017 300 2045 λοιπὸν
317 2018 346 2044 αἱ
369 2015 459 2044 αὐτῶν
471 2015 557 2050 ψυχαὶ
573 2015 605 2040 ὲκ
626 2012 750 2040 διαϐόλου
772 2008 923 2046 γεγενημέ-

135 2073 198 2097 ναι,
219 2063 268 2090 καὶ
293 2062 386 2089 οὐκέτι
408 2061 478 2087 εἰσὶν
503 2059 557 2086 ἀπὸ
581 2058 632 2093 τῆς
655 2057 758 2085 ἄνωθεν
783 2055 925 2091 δυνάμεως

136 2110 208 2139 κατὰ
221 2109 266 2136 τὸν
280 2107 362 2135 αὑτοῦ
385 2105 480 2142 μῦθον,
495 2105 511 2141 ἢ
525 2105 574 2132 οὐκ
588 2104 646 2130 ἐστι
662 2103 744 2138 μέρος
758 2101 805 2128 τοῦ
825 2100 923 2135 φωτὸς,

136 2158 154 2193 ἢ
168 2155 318 2187 πανοπλίας
330 2153 378 2181 τοῦ
393 2152 486 2185 αὑτοῦ,
504 2151 521 2186 ἢ
544 2150 591 2178 τοῦ
608 2149 704 2176 στύλου
726 2148 773 2175 τού
794 2147 891 2182 φωτὺς,
908 2144 924 2180 ἢ

968 1602 1057 1638 pluris
1082 1607 1164 1628 voces
1180 1607 1229 1634 pro
1257 1605 1307 1626 sua
1329 1597 1442 1624 libidine
1463 1597 1572 1629 captat,
1600 1599 1661 1627 quae
1692 1593 1758 1617 sunt.

968 1636 1118 1682 ejusmodi.
1135 1645 1249 1677 Iudaeis,
1268 1643 1367 1678 inquit,
1383 1642 1514 1668 Dominus
1532 1639 1621 1666 dixit:
1639 1637 1689 1665 Vos
1705 1636 1757 1670 ﬁlii

970 1693 1069 1720 diaboli
1081 1692 1155 1719 estis.
1168 1690 1218 1717 Ille
1231 1687 1363 1716 homicida
1386 1687 1448 1720 fuit,
1465 1685 1589 1720 quoniam
1612 1687 1686 1717 pater
1701 1689 1758 1716 ejus

971 1736 1083 1764 mendas
1104 1740 1160 1762 erat
1173 1736 1194 1761 ⁸.
1215 1733 1302 1767 Cujus
1320 1739 1353 1759 ex
1366 1729 1512 1758 occasione
1529 1727 1581 1754 loci
1597 1727 1679 1753 homo
1692 1732 1759 1752 con-

971 1782 1115 1809 tumeliose
1144 1780 1172 1807 in
1198 1779 1282 1806 Deum
1307 1776 1412 1812 garrire
1434 1782 1489 1802 non
1509 1772 1626 1803 dubitat,
1646 1775 1673 1798 et
1697 1769 1759 1797 ςαξιί

971 1833 1105 1862 terraeque
1135 1825 1304 1852 conditorem
1331 1825 1434 1857 patrem
1453 1827 1514 1847 esse
1539 1817 1639 1845 diaboli
1659 1816 1760 1847 dicere,

971 1883 1033 1903 cun
1047 1873 1113 1900 nihil
1126 1870 1262 1907 ejusmodi
1285 1870 1363 1897 locus
1381 1867 1426 1895 ille
1447 1865 1603 1897 contineat;
1619 1862 1718 1890 ctenim
1736 1860 1759 1888 si

972 1919 1072 1947 diaboli
1089 1903 1273 1945 [ilii'habendi
1290 1913 1329 1941 illi
1345 1915 1420 1941 sunt,
1442 1909 1542 1937 falsum
1559 1911 1600 1934 est
1615 1904 1688 1941 quod
1706 1903 1761 1930 alio

973 1965 1033 1992 loco
1052 1961 1191 1994 defendit,
1222 1966 1254 1986 ac
1277 1958 1330 1986 sibi
1351 1957 1410 1991 ipse
1435 1952 1596 1989 imprudens
1616 1950 1759 1994 repugnat.

974 2009 1104 2045 Sequitur
1134 2007 1208 2034 enim
1239 2006 1380 2039 separatas
1408 2000 1537 2033 deinceps
1561 2000 1588 2024 et
1615 2003 1630 2022 a
1653 1993 1762 2021 diabolo

973 2038 1124 2093 productas
1149 2053 1259 2080 illorum
1284 2049 1391 2077 animas
1415 2041 1712 2093 ιἰιίειεοηιιιίιιίιιιοιιιιθ1
1728 2038 1763 2064 ab

975 2083 1080 2130 bailesti
1093 2100 1194 2128 virtute
1217 2095 1366 2132 profectas,
1381 2095 1411 2119 ut
1425 2091 1499 2119 illius
1515 2087 1606 2116 fabula
1622 2083 1762 2112 narrabat.

977 2155 1029 2176 nec
1051 2147 1107 2181 jam
1124 2152 1188 2180 pars
1199 2143 1252 2170 crit
1270 2141 1324 2168 ulla
1348 2138 1428 2169 lucis,
1450 2140 1497 2162 aut
1515 2134 1590 2162 illius
1607 2133 1763 2178 armatum,

255 2173 399 2236 zﬁq‘Cwﬁq.
409 2199 441 2225 EI
454 2173 486 2225 δέ
499 2173 566 2229 ὅλως
579 2196 655 2223 αὐτοὶ
661 2194 714 2239 τοῦ
725 2173 859 2224 διαϐόλου,
871 2173 917 2228 apt

979 2197 1026 2220 aut
1046 2173 1180 2219 columnae
1193 2186 1315 2218 luminis,
1330 2187 1376 2211 aut
1388 2182 1484 2210 matris
1499 2180 1572 2206 vitae.
1587 2177 1643 2203 Imo
1661 2182 1726 2201 vero
1740 2173 1764 2200 si

1058 2237 1063 2239 ’
1105 2236 1146 2239 “““”
1223 2237 1228 2239 ‘
1267 2231 1274 2239 ‘
1285 2232 1290 2239 '
1322 2230 1347 2239 ν¹ν
1358 2236 1433 2239 -ΑΑ---
1452 2226 1533 2239 λιες-ω
1553 2223 1660 2239 “hu-nm
1677 2224 1761 2239 ι-νιιρι-Δ

198 2237 216 2274 V6
235 2245 360 2282 ’Δδραὰμ
382 2245 396 2270 6
411 2242 514 2270 τούτων
528 2241 629 2277 πατὴρ,
644 2237 675 2267 οὗ
691 2239 802 2274 σπέρμα
825 2237 927 2271 τυγχά-

138 2301 230 2321 νουσιν
260 2291 337 2318 αὐτοὶ
355 2290 380 2318 οι
401 2289 535 2320 Ἰουδαῖοι,
560 2287 608 2314 καὶ
630 2285 711 2317 αὐτὸς
734 2283 781 2311 τοῦ
803 2282 926 2310 διαϐόλου

137 2341 209 2372 ἐστὶ,
222 2339 294 2367 κατὰ
312 2338 357 2365 τὸν
379 2336 427 2363 τοῦ
445 2335 524 2370 Μάνη
548 2333 637 2367 λόγον.
653 2331 715 2362 [Ιῶς
737 2327 783 2356 οὖν
805 2329 820 2355 6
834 2327 928 2362 Πατὴρ

138 2385 272 2417 λεκτικῶς
283 2385 293 2400 ²
307 2383 381 2418 λέγει
397 2382 499 2413 αὐτοῖς’
515 2379 606 2414 Ὑμεῖς
622 2379 678 2404 οὐκ
694 2375 764 2402 ἐστὲ
774 2374 864 2402 τέκνα
876 2372 929 2399 τοῦ

147 2428 367 2466 Ἂϐραὰμ,ἁλλὰ
380 2427 434 2455 τοῦ
445 2425 557 2459 πατρὸς
569 2423 651 2458 ὑμῶν
663 2422 717 2449 τοῦ
734 2420 883 2447 διαϐόλου.
899 2419 933 2445 EI

207 2464 259 2511 vita
271 2475 360 2502 τέκνα
371 2473 424 2501 τοῦ
431 2472 562 2506 Ἀϐραὰμ,
575 2470 611 2496 τὰ
617 2468 689 2503 ἔργα
696 2465 789 2494 αὑτοῦ
796 2464 930 2502 ἐποιεῖτε.

147 2509 248 2559 pair;
265 2522 320 2557 τὰρ
335 2519 445 2554 ζητεῖτέ
458 2526 496 2553 με
509 2514 694 2545 ἀποκτεῖναι,
711 2513 877 2546 ἄνθρωπον,
897 2509 931 2542 ὃς

141 2555 201 2604 τὴν
228 2555 375 2600 ἀλήθειαν
400 2563 558 2596 λελάληκα
579 2559 659 2595 ὑμῖν.
692 2557 782 2585 Τοῦτο
803 2555 931 2604 ἶΑσραὰμ

142 2600 199 2642 ob;
224 2613 360 2646 ἐποίησε.
379 2610 434 2637 Καὶ
448 2608 532 2644 ὁρᾷς,
546 2607 586 2633 ὅτι
612 2601 830 2638 καταχρηστικός
856 2600 930 2646 ἐστιν

141 2662 159 2690 ὁ
171 2660 262 2694 λόγος·
280 2645 371 2684 αύτῶν
387 2655 442 2691 γὰρ
463 2654 548 2680 ὅντων
565 2651 631 2678 υἱῶν
658 2649 704 2676 τοῦ
725 2646 863 2683 Ἀϐραὰμ,
883 2645 931 2672 καὶ

143 2706 191 2735 τοῦ
208 2692 313 2741 Κυρίου
330 2700 573 2737 ἀπαλλοτριοῡντος
588 2696 686 2728 αὐτοὺς
700 2694 743 2722 διὰ
763 2693 817 2720 τῶν
833 2692 932 2728 ἔργων,

203 2808 212 2824 ¹
243 2806 274 2836 F.
304 2804 444 2841 φέρεσθαι.
510 2803 521 2819 ’
541 2801 604 2830 Cor.
631 2796 727 2833 Σωτὴρ
768 2795 942 2830 ἐλεγκτικῶς.

146 2842 193 2873 59.
212 2842 258 2870 ιο.

976 2237 1076 2267 diaboli
1100 2236 1148 2263 lilii
1167 2237 1242 2263 sunt,
1261 2230 1434 2258 Abrahamus
1450 2226 1534 2254 etiam
1553 2223 1661 2250 illorum
1677 2224 1763 2255 pater,

976 2266 992 2311 ὲ
1009 2290 1062 2318 quo
1077 2280 1164 2308 Judtei
1181 2276 1321 2314 propagati
1346 2277 1421 2304 sunt,
1444 2269 1544 2318 diaboli
1563 2267 1634 2294 Iilius
1649 2266 1709 2296 erit,
1731 2271 1764 2291 ex

978 2313 1024 2355 illa
1042 2313 1187 2353 Manichaei
1211 2319 1357 2350 sententia.
1380 2315 1459 2350 Quod
1476 2315 1498 2342 si
1523 2313 1559 2340 ita
1576 2314 1629 2344 est,
1647 2315 1765 2355 quanam

978 2354 1084 2399 ratione
1120 2368 1245 2395 Salvator
1270 2365 1329 2399 ipse
1352 2362 1396 2390 his
1419 2361 1480 2388 illos
1507 2357 1598 2385 verbis
1627 2354 1764 2390 appellat:

986 2417 1037 2444 Vos
1057 2423 1109 2442 mm
1126 2413 1189 2441 estis
1205 2411 1255 2446 ﬁlii
1271 2408 1418 2437 Abraham,
1441 2404 1486 2432 sed
1512 2403 1597 2439 patris
1613 2401 1691 2428 vestri
1706 2399 1760 2425 dia-

981 2462 1044 2490 boli.
1057 2461 1087 2489 Si
1101 2460 1170 2487 enim
1185 2445 1277 2485 essetis
1297 2454 1347 2490 ﬁlii
1369 2452 1515 2482 Abraham,
1534 2449 1608 2476 illius
1624 2455 1701 2480 opera
1721 2445 1767 2478 [a-

980 2508 1081 2536 ceretis.
1105 2505 1156 2532 Vos
1173 2504 1242 2531 enim
1264 2500 1383 2537 quwritis
1401 2495 1606 2530 meinterﬁcere,
1625 2493 1766 2521 hominem.

979 2554 1024 2589 qui
1036 2553 1170 2580 ueritatem
1185 2549 1287 2575 locutus
1314 2554 1372 2574 sum
1390 2544 1473 2572 vobis.
1496 2541 1553 2569 Hoc
1567 2538 1699 2566 Abraham
1716 2544 1767 2562 nun

983 2586 1074 2634 fecit“.
1091 2596 1171 2633 377
1188 2594 1269 2621 Vides
1289 2592 1371 2628 igitur
1386 2598 1433 2626 per
1443 2586 1623 2618 catachreSim
1648 2589 1766 2616 usurpa-

988 2649 1048 2671 tttm
1070 2632 1203 2672 idrluisse,
1222 2643 1252 2666 ut
1267 2636 1415 2665 Abrahatni
1435 2634 1542 2669 quidem
1559 2634 1651 2658 essent
1670 2632 1768 2654 n:.tura

987 2689 1046 2722 ﬁlii,
1061 2692 1088 2716 ct
1112 2687 1146 2715 ab
1162 2686 1255 2714 eodem
1278 2682 1464 2713 nihilominus,
1491 2677 1595 2705 Domini
1623 2677 1767 2704 sententia,

1663 2774 1674 2790 '
1693 2771 1748 2800 ibid
1754 2788 1761 2799 .

1008 2793 1018 2808 ³
1038 2789 1134 2819 Matth.
1160 2795 1209 2821 vn,
1241 2786 1283 2813 18.
1349 2784 1359 2800 ⁸
1375 2782 1454 2810 Joan.
1480 2786 1539 2810 vnt,
1563 2776 1607 2804 Η.
