1939 3036
148 165 202 192 129

485 162 670 191 ADVERSUS
689 163 860 192 “(ERESES
881 163 944 191 LIB.
965 163 996 192 ll.
1017 163 1099 192 ΤΟΜ.
1121 164 1333 193 ll.—-IUERES.
1355 167 1446 195 LXVI.

1732 172 1783 201 {30

146 224 178 251 οὐ
196 222 329 250 κατέλασε
347 208 471 257 τίφῶς,
495 224 562 250 πολὺ
586 223 666 251 τοῦτο
690 224 842 252 διαλλάττει
866 233 927 261 παρ

993 225 1122 253 tenebras
1144 230 1248 258 narrat.
1266 227 1313 254 sed
1331 232 1358 255 et
1371 227 1440 255 lucis
1457 231 1624 255 armaturam
1646 231 1779 264 rapuisse.

145 270 194 297 τὸν
213 269 276 297 νοῦν
290 269 336 296 τοῦ
354 269 444 305 Μάνη,
464 268 511 296 τοῦ
529 269 664 303 λέγοντος,
678 270 719 296 ὅτι
733 271 764 297 οὐ
780 270 860 305 μόνον
875 279 941 297 κατ-

146 315 269 350 είληφεν,
294 313 362 341 ἀλλὰ
385 315 433 341 καὶ
464 315 617 342 πανοπλίαν
646 315 711 351 παρ’
735 315 817 342 αὐτοῦ
844 317 939 352 ἀφήρ-

145 368 230 387 πασε.
254 360 316 391 Πῶς
337 360 428 387 τοίνυν
444 361 509 395 παρ’
525 360 600 396 αὐτῷ
616 361 867 397 καταγγελλόμενον
888 363 938 398 ἡρ-

122 402 137 425 ι’
145 405 265 432 ιιι-ακέναι
275 404 426 432 πανοπλίαν
433 405 486 432 οὐδ’
496 405 564 437 ὂλως
572 405 705 433 κατέλαϐε
712 406 743 432 τὸ
754 407 811 442 φῶς
821 416 828 440 ;
839 406 901 438 Πῶς
910 407 939 434 δὲ

115 443 118 448 λ
145 451 204 484 φῶς
218 450 383 485 διωκόμενον
393 451 619 487 αὐτο-προαιρέσει
630 451 720 486 φαίνει
733 453 761 479 ὲν
776 452 814 488 τῷ
829 453 936 486 exorat;

149 496 220 523 Ἃλλ*
235 496 328 531 ἐπειδὴ
349 496 539 531 ὲσκοτισμέναι
557 495 628 533 ἦσαν
647 498 675 524 αἱ
694 497 808 525 διάνοιαι
823 498 877 525 τῶν
891 499 938 526 ἀν-

143 542 262 578 θρώπων
278 541 322 568 διὰ
335 541 384 577 τὴν
405 542 518 569 θόλωσιν
538 543 587 579 τῆς
604 543 758 579 ἁμαρτίας,
778 545 936 572 ἀπέστειλεν

142 587 158 613 ὁ
174 586 241 618 Θεὸς
268 586 375 622 πρῶτον
397 586 442 614 τὸν
468 587 558 622 νόμον¹
583 587 708 623 φωτίζων
731 590 769 621 ὡς
792 590 822 617 ἐν
846 590 935 626 λύχνῳ

142 632 357 667 παραφαίνοντι·
375 632 413 664 ὥς
432 641 514 669 φησιν
541 634 643 670 Πέτρος
668 635 697 662 ὲν
720 636 752 671 τῇ
771 636 933 673 Ἐπιστολῇ·

141 678 350 714 Προσέχοντες
377 678 418 712 τῷ
446 679 617 714 προφητικῷ
644 682 735 716 λόγῳ,
760 683 801 715 ὡς
831 684 934 718 λύχνῳ

141 725 280 759 φαίνοντι
301 725 336 751 ὲν
351 724 493 760 αὐχμηρῷ
508 726 597 759 τόπῳ.
620 726 676 760 ἕως
691 728 850 762 φωσφόρος
866 729 935 756 ἀνα-

140 770 243 804 τείλῃ,
270 770 319 797 καὶ
343 771 436 805 ἡμέρα
463 772 639 808 metaan
657 772 692 798 ἐν
715 772 780 805 ταῖς
798 774 933 808 καρδίαις

139 814 235 849 ὑμῶν.
254 814 373 842 Ἐκεῖθεν
397 816 451 851 γὰρ
468 816 499 842 τὺ
515 815 573 851 φῶς
592 818 621 844 ἐν
637 817 676 853 τῷ
690 818 780 844 σκότει
801 819 901 853 φαίνει,
918 820 933 846 ὁ

139 860 224 895 νόμος
237 861 324 892 δοθεὶς
345 862 375 888 ἐν
395 862 466 898 χειρὶ
486 862 597 896 μεσίτου
612 862 656 890 διὰ
675 863 723 890 τοῦ
738 864 835 890 πιστοῦ
851 864 932 901 θερά-

993 270 1137 303 Quomodo
1159 272 1243 307 igitur
1263 280 1326 308 qute
1343 277 1511 300 armaturam
1534 274 1657 309 rapuisse
1684 275 1782 310 praedi-

992 319 1102 347 cantur,
1130 316 1219 344 lucem
1250 317 1481 352 comprehendere
1505 319 1581 346 nullo
1595 319 1676 346 modo
1686 324 1781 354 potuc-

992 358 1078 385 runt?
1092 357 1217 392 Quonam
1229 360 1327 388 deinde
1338 365 1417 396 pacto
1431 361 1522 397 fugata
1537 363 1583 389 lux
1597 371 1647 390 sua
1664 363 1691 391 in
1706 369 1781 392 tene-

991 403 1048 431 bris
1075 408 1172 439 sponte
1197 406 1376 441 resplendet?
1395 407 1467 443 Ergo
1491 408 1529 434 ila
1551 416 1584 436 ex
1603 408 1642 436 rei
1666 410 1781 437 veritate

991 453 1078 476 totum
1102 451 1168 478 illud
1187 451 1376 487 accipiendum
1389 456 1441 480 est.
1457 453 1525 480 Cum
1542 455 1648 489 peccati
1663 455 1780 491 caligine
1799 447 1803 455 ’

990 493 1135 522 obcaecalae
1147 499 1252 524 tuentes
1264 496 1407 524 hominum
1417 497 1516 530 forent,
1529 498 1665 534 principio
1679 500 1721 527 lex
1737 504 1780 528 est

988 545 1004 566 a
1015 537 1069 566 Deo
1078 539 1173 572 missa,
1181 548 1243 575 qua,
1252 541 1324 569 velut
1335 542 1442 569 sublata
1454 543 1577 575 lucerna.
1587 544 1776 572 collustraret:

989 585 1062 618 quod
1083 585 1111 612 in
1134 585 1257 620 Epistola
1280 595 1329 614 sua
1350 587 1449 615 Petrus
1474 588 1579 616 indicat
1602 590 1644 618 bis
1662 591 1774 621 verbis:

988 630 1155 658 Attendentes
1179 633 1332 667 prophetico
1355 635 1482 667 sermoni,
1509 640 1636 670 tanquam
1664 637 1778 663 lucorum

989 675 1085 702 lucenti
1098 677 1126 702 in
1143 677 1289 712 caliginoso
1302 679 1369 711 loco,
1391 679 1472 706 donec
1491 679 1599 715 Lucifer
1616 682 1733 713 oriatur,
1750 687 1776 709 et

987 720 1043 748 dies
1056 721 1191 749 illucescat
1211 724 1238 750 in
1257 725 1380 751 cordibus
1403 726 1495 753 vestris
1510 726 1528 752 ‘.
1555 727 1634 754 Illinc
1648 735 1713 762 ergo
1729 729 1775 755 lux

987 766 1015 794 in
1031 768 1152 796 tenebris
1174 769 1264 797 lucet:
1278 770 1406 798 nimirum
1430 772 1482 805 lex,
1505 781 1566 808 qum
1581 781 1629 809 per
1641 774 1774 809 interpre-

986 815 1040 839 tem
1060 820 1092 840 ac
1111 819 1292 848 sequestrem,
1316 816 1368 843 hoc
1390 821 1433 844 est
1459 817 1564 845 ﬁdelem
1596 818 1642 846 Dei
1663 827 1774 847 servum

987 857 1118 894 Moysem,
1136 864 1178 888 est
1198 862 1367 897 prtescripla.
1393 863 1430 890 Ac
1454 865 1643 899 superioribus
1665 866 1774 900 quidem

139 913 239 937 ποντος
255 905 302 932 τοῦ
320 906 388 934 Θεοῦ
411 907 561 939 Μωῦσέως.
576 908 626 934 Διὰ
651 908 739 941 τοῦτο,
763 909 856 946 ἐπειδὴ
879 910 927 937 ἀπί

985 902 1155 936 temporibus
1186 904 1233 931 lux
1261 906 1348 940 primo
1376 907 1498 941 quadam
1525 908 1552 935 in
1577 913 1680 936 naturae
1703 910 1774 944 lege,

137 950 195 977 τῶν
220 951 353 979 ἀνέκαθεν
384 952 491 988 πρῶτον
515 951 549 989 ἦν
574 953 604 980 τὺ
625 953 683 988 φῶς
709 955 814 989 φαῖνον,
839 955 933 992 ὥσπερ

138 997 259 1033 σπινθὴρ
276 998 306 1024 ὲν
320 998 358 1033 τῷ
374 998 449 1034 νόμῳ
472 999 512 1034 τῷ
536 1000 607 1026 κατὰ
631 1000 722 1034 φύσιν,
735 1000 749 1027 ὅ
766 1001 933 1037 θεασάμενος

145 1041 231 1077 Ἑνὼχ
261 1042 428 1078 εὐηρέστησε
455 1042 493 1078 τῷ
517 1043 627 1081 Κυρίῳ·
654 1044 688 1072 δι’
710 1041 742 1072 οὗ
765 1046 932 1082 χαθοδηγού-

139 1095 221 1121 μενος
236 1088 251 1114 ὁ
271 1087 354 1114 Ἀὃελ
380 1088 548 1125 εὐηρέστησε
572 1089 612 1125 τῷ
634 1090 743 1127 Κυρίῳ·
759 1091 793 1118 δι’
814 1089 844 1119 οὗ
868 1087 932 1127 εὗρε

136 1133 200 1160 Νῶε
215 1134 295 1169 χάριν
315 1133 432 1161 ἐνώπιον
447 1134 496 1161 τοῦ
515 1134 583 1161 θεοῦ
598 1137 769 1173 κατανοήσας
787 1137 837 1172 τὴν
854 1137 913 1165 ὁδόν
923 1146 931 1153 ·

135 1179 170 1205 δι’
184 1177 215 1206 οὗ
235 1179 357 1214 Ἀϐραὰμ
373 1180 536 1207 ἐπίστευσε
559 1180 600 1214 τῷ
625 1181 695 1215 Θεῷ,
712 1182 761 1209 καὶ
786 1183 930 1218 ἐλογίσθη

135 1223 218 1256 αὐτῷ
233 1226 277 1257 εις
292 1225 499 1260 δικαιοσύνην.
515 1223 583 1253 Εἶτα
603 1227 737 1263 παρελθὸν
751 1229 782 1255 τὺ
802 1229 860 1264 φῶς
876 1229 930 1256 ἀπὸ

138 1270 358 1305 σπινθηροειδοῦς
372 1270 474 1306 τρόπου
497 1271 646 1307 προσέθετο
659 1273 815 1309 φαιδρότητι
832 1274 929 1309 λύχνου

135 1317 267 1350 φανέντος
281 1317 309 1343 ἐν
324 1319 459 1354 αὐχμηρῴ
477 1318 569 1354 τόπῳ⁹
587 1319 711 1346 τουτέστι
724 1319 755 1346 τὸ
775 1320 833 1354 φῶς
852 1321 880 1347 ὲν
896 1321 929 1356 τῇ

136 1362 233 1398 σκοτίᾳ
249 1363 354 1397 φαίνει,
370 1364 387 1399 ἡ
403 1364 496 1399 ἐντολὴ
520 1364 567 1392 τοῦ
587 1364 666 1398 Θεοῦ,
689 1366 736 1392 καὶ
752 1367 768 1401 ἡ
787 1366 857 1393 κατὰ
880 1366 929 1402 τὴν

135 1407 293 1444 ἀγαθότητα
317 1408 435 1442 διάνοια,
459 1410 616 1445 φωτίζουσα
642 1411 671 1437 ἐν
688 1411 787 1447 καρδίᾳ
812 1411 928 1444 πιστῶν,

136 1453 274 1489 ἀναμέσον
290 1454 340 1490 τῆς
354 1455 541 1491 τεθολωμένης
564 1456 681 1489 διανοίας
696 1456 751 1484 τῶν
765 1458 794 1484 ὲν
809 1459 864 1490 τοῖς
880 1458 927 1485 ἀν.

136 1498 256 1534 θρώποις
276 1500 426 1534 γεγονότων
441 1500 551 1535 φαύλων
565 1502 611 1528 καὶ
631 1501 724 1529 κακῶν
744 1502 926 1538 πραγμάτων,

134 1544 356 1581 εἰδωλολατρείας
377 1554 406 1572 τε
425 1547 472 1574 καὶ
494 1547 713 1583 ὲπαρνησιθεΐας,
728 1547 815 1582 φόνων
829 1557 858 1575 τε
880 1549 927 1575 καὶ

983 948 1111 976 scintillae
1143 949 1249 984 instar,
1275 951 1424 980 alTulseral.
1455 953 1540 986 Quam
1575 955 1775 990 contemplatus

983 992 1075 1020 Enoch
1098 995 1199 1029 placuit
1213 995 1283 1029 Deo;
1307 1005 1356 1031 per
1372 1006 1452 1033 quam
1470 999 1603 1028 deductus
1627 1000 1694 1028 Abel
1711 1009 1774 1036 per-

983 1037 1048 1066 inde
1073 1047 1103 1067 se
1128 1039 1244 1069 Domino
1264 1043 1406 1077 probavit;
1426 1052 1474 1078 per
1491 1052 1572 1079 quam
1598 1045 1641 1073 via
1665 1047 1773 1082 cognita

981 1082 1038 1111 Noe
1055 1085 1126 1119 apud
1150 1085 1234 1113 Deum
1255 1089 1394 1122 gratiosus
1411 1090 1536 1117 exstitit:
1551 1098 1599 1125 per
1617 1099 1699 1126 quam
1716 1101 1773 1118 cre-

980 1129 1050 1157 didit
1081 1131 1216 1158 Abraham
1242 1132 1296 1160 Deo
1322 1139 1347 1160 et
1373 1139 1522 1168 reputatum
1542 1141 1580 1162 est
1601 1137 1626 1163 el
1643 1137 1678 1163 ad
1691 1136 1774 1172 justi-

981 1175 1046 1201 tium
1062 1176 1082 1201 '.
1099 1175 1202 1205 Deinde
1216 1177 1251 1205 ab
1265 1178 1315 1205 bac
1327 1179 1401 1206 tenui
1419 1181 1535 1207 scintilla
1552 1181 1680 1215 paulatim
1694 1182 1771 1209 exci-

979 1223 1036 1247 tata
1066 1221 1111 1248 lux
1140 1221 1173 1248 ad
1202 1224 1321 1251 lucernae
1341 1224 1368 1251 in
1392 1225 1542 1260 caliginoso
1567 1226 1627 1252 loco
1654 1226 1771 1253 lucentis

980 1267 1153 1302 splendorem
1175 1269 1306 1296 excrevit.
1334 1269 1426 1305 anue
1445 1271 1504 1305 ipsa
1526 1271 1573 1298 lux
1592 1276 1645 1304 est,
1666 1280 1727 1307 qua
1742 1272 1770 1300 in

979 1313 1100 1341 tenebris
1123 1314 1195 1342 lucet
1209 1315 1220 1330 ³
1233 1336 1241 1348 ,
1265 1314 1317 1342 hoc
1336 1320 1378 1343 est
1399 1316 1558 1343 mandatum
1574 1316 1631 1349 Dei,
1649 1323 1675 1345 et
1686 1318 1770 1345 animi

979 1364 1193 1387 consentaneum
1210 1367 1273 1388 cum
1289 1361 1411 1389 bonitate
1430 1363 1588 1396 consilium,
1608 1364 1681 1398 quod
1705 1364 1769 1391 inli-

979 1405 1080 1433 delium
1108 1407 1264 1442 pectoribus
1286 1408 1314 1435 in
1337 1408 1427 1436 medio
1454 1409 1611 1444 caliginosae
1635 1410 1768 1437 malorum

978 1451 1184 1487 scelerumque,
1210 1460 1271 1488 qutr
1295 1453 1322 1480 in
1343 1453 1464 1481 humano
1487 1462 1585 1490 genere
1609 1458 1766 1487 versantur,

979 1497 1155 1532 cogitationis
1180 1499 1269 1526 illuxit
1291 1508 1298 1526 :
1323 1499 1479 1534 cujusmodi
1506 1504 1571 1527 sunt
1594 1500 1767 1533 idololatria,

980 1541 1026 1569 Dei
1051 1542 1207 1579 abnegalio,
1227 1544 1327 1577 ctedes,
1353 1544 1496 1577 adulteria,
1508 1548 1534 1571 et
1555 1544 1581 1571 id
1599 1552 1685 1580 genus
1700 1543 1764 1572 alii.

136 1569 354 1626 ,2;
367 1591 423 1619 τῶν
435 1569 620 1620 ⁷ἓ.λλων.¹⁷”οἶτι
641 1593 670 1620 δὲ
690 1569 774 1629 ἴλθεν
796 1595 811 1620 ὁ
838 1595 924 1630 μέγας

1230 1569 1327 1577 ηπ--.
1511 1569 1533 1571 ν
1599 1569 1684 1580 οε---π-
1701 1569 1714 1571 -
1746 1569 1764 1572 ν-

980 1587 1042 1616 Post
1067 1588 1124 1616 haec
1146 1590 1237 1616 omnia
1254 1597 1383 1625 magnum
1406 1589 1472 1617 illud
1494 1589 1628 1617 luminare
1655 1589 1767 1625 produt,

135 1635 258 1671 φωστὴρ,
280 1636 314 1663 τὸ
339 1635 403 1671 φῶς
424 1636 457 1663 τὸ
483 1637 639 1672 ἀληθινὸν,
654 1637 670 1665 ὃ
693 1639 807 1673 φωτίζει
826 1639 925 1666 πάντα

134 1681 293 1715 ἄνθρωπον
325 1682 489 1716 ἐρχόμενον
510 1684 555 1716 είς
581 1683 635 1710 τὸν
661 1685 788 1718 κόσμον.
812 1685 860 1711 Ἑν
884 1684 925 1718 τῷ

134 1727 238 1760 κόσμῳ
254 1725 302 1762 ἦν.
326 1727 376 1754 καὶ
392 1729 409 1755 d
425 1729 539 1763 κόσμος
564 1729 601 1756 δι’
617 1729 708 1756 αὑτοῦ
727 1729 854 1764 ἐγένετο,
874 1730 923 1757 καὶ

135 1773 151 1798 d
168 1772 281 1806 κόσμος
293 1773 388 1800 αὑτὸν
405 1775 460 1801 οὐκ
476 1775 563 1809 ἔγνω.
584 1774 611 1800 '0
626 1776 669 1808 εις
684 1775 721 1802 τὰ
740 1775 800 1802 ἴδια
816 1775 924 1808 ἐλθὼν,

134 1817 185 1844 καὶ
205 1819 232 1844 οι
254 1818 323 1845 ἴδιοι
344 1819 439 1846 αὑτὸν
453 1820 490 1846 οὐ
505 1819 685 1854 παρέλαϐον.
701 1821 783 1848 Ὅσοι
805 1820 839 1848 δὲ
856 1821 926 1848 ἕλα-

135 1863 189 1889 6ον
203 1864 306 1896 αὺτὸν,
320 1863 433 1892 ἔδωκεν
455 1865 558 1898 αὐτοῖς
575 1866 720 1898 ἐξουσίαν
737 1867 828 1894 τέκνα
850 1866 924 1894 Θεοῦ

135 1909 285 1943 γενέσθαι.
306 1909 361 1937 Καὶ
376 1911 442 1946 ὁρᾷς
463 1911 541 1938 τοῦτο
555 1911 586 1938 τὸ
609 1912 666 1946 φῶς
689 1913 718 1938 ὲν
741 1913 805 1948 ποίᾳ
830 1913 925 1948 σκοτίᾳ

134 1955 236 1989 φαίνει,
257 1955 303 1982 καὶ
321 1956 384 1982 ποία
402 1957 509 1984 σκοτία
523 1957 588 1984 αὐτὸ
602 1959 638 1985 οὐ
663 1958 846 1990 κατέλαϐεν;
865 1959 924 1986 ’Ὁτι

134 2000 166 2026 τὺ
191 2001 293 2035 ἀγαθὸν
317 2002 360 2028 ἀεὶ
384 2002 460 2038 παρὰ
486 2002 554 2030 Θεοῦ
582 2003 757 2039 πεμπόμενον
773 2005 805 2040 τῇ
821 2004 924 2041 διανοίᾳ

133 2048 189 2074 τῶν
203 2048 362 2084 ἀνθρώπων,
386 2050 433 2076 καὶ
448 2050 564 2084 φωτίζον
587 2050 616 2078 ὲν
632 2050 671 2086 τῷ
687 2051 792 2086 κόσμῳ,
807 2051 859 2078 ὑπὸ
874 2051 924 2087 τῆς

135 2094 271 2129 ἁμαρτίας
285 2095 333 2130 οὐχ
347 2095 472 2132 ἥττηται.

169 2140 229 2167 EE'.
250 2141 286 2167 Τὸ
308 2141 401 2176 ὅμοιον
420 2142 448 2168 δὲ
466 2142 548 2170 πάλιν
570 2143 783 2178 ἐπιλαμϐάνεται
804 2143 818 2170 ὁ
841 2143 923 2176 αὐτὸς

133 2185 231 2222 Μάνης
245 2186 299 2213 ἀπὸ
312 2187 358 2214 τοῦ
372 2187 418 2214 τὸν
430 2188 543 2224 Σωτῆρα
555 2188 703 2223 εἰρηκέναι·
721 2189 823 2223 Ὁμοία
838 2188 923 2216 ἐστὶν

975 1641 1036 1661 uera
1057 1634 1114 1666 lux,
1135 1635 1250 1668 scilicet,
1267 1643 1326 1669 qua;
1352 1635 1486 1661 illuminat
1514 1634 1644 1661 hominem
1665 1635 1768 1662 venien-

976 1684 1027 1706 tem
1051 1680 1079 1706 in
1102 1680 1239 1707 mundum.
1257 1680 1291 1707 In
1315 1680 1411 1707 mundo
1435 1685 1503 1712 erat,
1526 1686 1550 1708 et
1579 1681 1692 1707 mundus
1721 1689 1769 1716 per

974 1726 1062 1760 ipsum
1086 1726 1173 1760 [actus
1196 1730 1251 1757 est,
1276 1730 1301 1752 et
1322 1725 1434 1753 mundus
1460 1734 1519 1752 eum
1548 1735 1599 1753 non
1628 1728 1767 1762 cognorit:

975 1771 1002 1798 in
1024 1771 1132 1806 propria
1162 1773 1251 1805 venit,
1279 1776 1304 1799 et
1336 1772 1420 1807 679
1453 1772 1496 1798 sui
1525 1780 1584 1799 eum
1616 1781 1668 1799 non
1697 1781 1767 1800 rere-

974 1821 1078 1852 perunt.
1102 1817 1235 1852 Quotquot
1253 1823 1340 1844 autem
1361 1822 1511 1851 receperunt
1534 1818 1622 1850 illum,
1644 1818 1714 1845 dedit
1728 1819 1766 1845 eis

974 1867 1129 1898 potestatem
1144 1863 1214 1898 ﬁlios
1231 1863 1279 1891 Dei
1292 1864 1350 1898 ﬁeri
1363 1863 1383 1889 ⁸.
1400 1863 1518 1891 Videsne
1532 1863 1631 1898 quibus
1649 1863 1675 1890 in
1691 1867 1766 1891 tene-

975 1909 1032 1937 bris
1044 1909 1090 1936 lux
1102 1908 1154 1936 ista
1169 1909 1360 1944 resplendeat?
1384 1913 1430 1936 aut
1454 1916 1577 1944 quaenam
1601 1909 1675 1936 illam
1694 1914 1765 1936 tene-

974 1962 1028 1989 bra:
1055 1970 1106 1989 non
1136 1962 1407 1996 comprehenderunt?
1430 1962 1564 1990 Nimirum
1585 1963 1657 1997 quod
1678 1971 1692 1990 a
1711 1963 1765 1990 Deo

974 2006 1075 2034 bonum
1094 2008 1231 2035 mentibus
1245 2007 1372 2035 humanis
1393 2008 1560 2041 immittitur,
1575 2012 1602 2036 et
1615 2009 1641 2035 iu
1661 2009 1765 2036 mundo

974 2052 1057 2086 lucet,
1075 2061 1090 2081 a
1109 2057 1223 2089 peccato
1236 2053 1348 2081 minime
1361 2057 1517 2089 superatur.

1009 2141 1088 2170 LXV.
1104 2141 1157 2170 Sed
1172 2142 1206 2169 ad
1227 2142 1299 2169 illam
1322 2141 1471 2169 Salvatoris
1489 2149 1582 2168 vocem
1598 2141 1763 2170 Manichacus

973 2189 1153 2221 adhaerescit,
1180 2196 1243 2216 cum
1266 2188 1311 2215 ille
1334 2188 1404 2214 dixit
1419 2188 1448 2214 ':
1476 2187 1568 2214 Simile
1592 2193 1631 2214 est
1655 2196 1763 2223 regnum

133 2231 154 2266 ἠ
167 2232 313 2263 ,ϐασιλεία
325 2232 386 2260 τῶν
401 2233 539 2268 οὐρανῶν
554 2233 698 2268 ἀνθρώπῳ
710 2234 920 2268 οῑκυδεσπότῃ,

980 2234 1097 2261 :aelorum
1107 2233 1207 2260 Itomint'
1221 2233 1414 2267 patrifamilias
1426 2233 1471 2267 qui
1484 2232 1624 2259 seminavit
1643 2233 1670 2259 in
1697 2240 1764 2267 agro

133 2281 168 2309 ὃς
180 2277 302 2312 ἔσπειρε
319 2278 374 2305 τὸν
386 2279 479 2313 ἀγρὸν
496 2279 590 2306 αὑτοῦ
605 2279 703 2306 καλὸν
719 2279 847 2314 σπέρμα.
868 2280 922 2306 Kal

132 2322 340 2350 καθευδόντων
363 2323 422 2350 τῶν
440 2324 614 2358 ἀνθρώπων,
639 2325 746 2358 ἐχθρὸς
769 2323 923 2357 ἅνθρωπος

132 2367 208 2403 ἦλθε
218 2389 225 2402 ,
241 2369 291 2396 καὶ
312 2368 434 2404 ἔσπειρε
455 2369 572 2400 ζὶζάνια.
597 2368 671 2397 Εἶτα
686 2370 832 2405 λέγουσιν
842 2368 922 2402 αὐτῷ

132 2414 161 2441 οι
181 2413 285 2442 δοῦλοι
306 2415 415 2442 αὑτοῦ·
441 2414 515 2450 οὐχί
534 2414 631 2442 καλὸν
647 2414 765 2449 σπέρμα
781 2415 923 2448 ἔσπειρας

131 2461 168 2488 δν
182 2459 223 2494 τῷ
236 2460 334 2495 enati):
357 2460 388 2488 '0
407 2460 441 2487 δὲ
454 2460 523 2495 εφη·
537 2461 603 2488 Ναί.
617 2460 713 2487 Πόθεν
731 2458 788 2487 οὖν
800 2460 836 2487 τὰ
850 2459 921 2490 ιηζά-

131 2515 182 2534 νια
190 2514 200 2538 ;
217 2506 244 2532 '0
259 2505 293 2532 δὲ
306 2506 544 2540 ἀποκρινάμενος
558 2504 652 2533 εἶπεν
673 2505 796 2540 Ἐχθρὸς
811 2505 923 2539 ἂνθρω-

132 2560 186 2585 πος
207 2551 296 2579 τοῦτο
314 2552 470 2586 ἐποίησεν.
495 2554 527 2579 οι
544 2552 578 2579 δὲ
602 2552 707 2580 δοῦλοι
730 2553 805 2585 πρὸς
829 2552 923 2579 αὑτὸν

131 2599 234 2626 εἶπον
262 2598 364 2632 Θέλεις
387 2597 444 2626 οὖν
461 2598 646 2631 ἀπελθόντες
665 2597 869 2632 ἐκριζώσωμεν
886 2598 923 2624 τὰ

132 2644 263 2677 (lar-ta;
291 2644 322 2671 '0
346 2644 380 2671 δὲ
401 2644 476 2678 πρὸς
500 2643 611 2677 αὐτοὺς
637 2644 712 2678 ἔφη·
734 2644 793 2670 Οὐ·
815 2642 923 2678 μήπως

130 2689 316 2724 ἐκριζοῦντες
330 2690 366 2717 τὰ
381 2690 488 2720 ζιζὶὶνιιι
500 2689 676 2724 ἐκριζώσητε
691 2690 740 2717 καὶ
756 2689 810 2716 τὸν
823 2689 919 2717 σῖτον.

138 2737 214 2764 Ἀλλ’
227 2737 318 2771 ἄφετε
332 2737 388 2771 ἕως
409 2737 514 2771 καιροῦ
537 2736 591 2764 τοῦ
615 2736 768 2771 θερισμοῦ,
790 2736 839 2763 καὶ
863 2735 920 2770 ἐρῶ

130 2782 193 2815 τοῖς
208 2781 375 2816 θερισταῖς·
403 2781 576 2813 Συλλέξατε
593 2781 629 2809 τὰ
651 2779 773 2813 ᾄζάνια,
794 2780 844 2808 καὶ
867 2779 919 2813 δή-

169 2871 177 2886 '
197 2869 216 2896 ll
228 2869 302 2897 Pclr.
318 2879 337 2901 I.
355 2871 395 2899 l9.
435 2871 444 2886 '
459 2870 536 2898 Rom.
552 2877 591 2904 Iv,
609 2870 636 2898 3.
677 2870 687 2886 ³
699 2869 779 2898 Joan.
802 2877 822 2903 ι,
836 2869 862 2897 5.

969 2288 1018 2308 suo
1038 2279 1134 2305 bonum
1158 2285 1255 2306 semen.
1282 2277 1348 2305 Cum
1369 2283 1456 2304 autent
1472 2277 1615 2304 dormirent
1634 2277 1762 2310 homines,

970 2324 1094 2351 inimicus
1112 2323 1189 2349 ίιοηιο
1204 2323 1288 2353 renit,
1304 2326 1328 2349 et
1347 2323 1485 2349 seminavit
1500 2323 1618 2350 zizania.
1641 2322 1707 2350 Tum
1724 2325 1764 2350 sic

969 2371 993 2397 ei
1008 2369 1075 2396 servi
1095 2368 1177 2395 locuti
1196 2372 1256 2394 sunt
1272 2375 1281 2394 :
1299 2367 1394 2394 Nonne
1411 2369 1507 2395 bonum
1524 2377 1611 2396 semen
1626 2370 1764 2396 scmiuasti

970 2415 998 2442 in
1018 2415 1103 2450 agro?
1120 2413 1175 2448 Ego
1194 2421 1253 2440 vero
1272 2413 1409 2445 seminari,
1430 2415 1574 2448 respondit.
1594 2413 1667 2442 Unde
1682 2415 1764 2450 igitur

971 2461 1076 2487 zizania
1089 2461 1102 2487 7
1113 2459 1251 2491 Inimicus,
1266 2459 1362 2497 inquit.
1374 2459 1451 2487 Itomo
1461 2460 1510 2487 hoc
1525 2461 1597 2495 fecit.
1610 2459 1661 2487 Cui
1676 2461 1744 2487 servi
1754 2469 1764 2488 :

980 2507 1035 2540 Vis,
1056 2507 1188 2541 inquiunt,
1207 2514 1308 2538 eamus,
1321 2511 1346 2534 et
1357 2507 1532 2541 exstirpemus
1555 2507 1660 2533 zizania
1672 2507 1684 2533 ?
1698 2507 1760 2540 Qui-

974 2553 1021 2580 bus
1042 2552 1088 2579 ille
1107 2552 1196 2579 dixit:
1213 2551 1274 2579 Non
1287 2560 1297 2579 :
1318 2560 1349 2579 ne
1366 2552 1434 2587 forte
1464 2553 1639 2587 exstirpantes
1656 2553 1762 2579 zizania

974 2606 1027 2625 una
1050 2603 1073 2624 et
1097 2597 1215 2624 triticum
1243 2598 1406 2632 erstirpetis.
1435 2597 1486 2625 Sed
1516 2598 1594 2625 sinite
1613 2605 1693 2632 usque
1728 2596 1762 2622 ad

975 2648 1074 2677 tempus
1110 2644 1223 2677 messis,
1254 2649 1279 2671 et
1310 2643 1398 2670 dicam
1429 2644 1586 2671 messoribus
1606 2652 1615 2670 .'
1640 2642 1763 2676 Colligite

976 2689 1095 2718 zizania.
1113 2693 1138 2715 et
1154 2689 1232 2724 ligate
1249 2697 1280 2716 ca
1302 2690 1328 2716 in
1348 2690 1509 2724 fasciculos;
1535 2689 1649 2714 triticum
1674 2693 1762 2714 autem

975 2734 1105 2762 retundite
1118 2736 1143 2761 in
1158 2735 1263 2768 horreo,
1280 2741 1304 2762 et
1318 2741 1466 2770 prn‘pnrate
1481 2735 1587 2762 :izania
1607 2734 1641 2761 ad
1654 2734 1761 2762 combu-

973 2780 1083 2807 rendum
1107 2781 1161 2816 igni
1185 2781 1403 2816 inexstingnibiii.
1437 2780 1583 2816 Discipulis
1599 2788 1664 2808 vero
1685 2780 1759 2809 domi

903 2870 913 2884 ’⁵
931 2869 984 2896 ibid
1001 2868 1077 2896 9--12,
1117 2869 1230 2902 |Matth.
1254 2877 1314 2903 sm,
1329 2870 1363 2896 ‘M
1378 2877 1439 2905 sqq.
