1939 3036
185 160 233 188 IIII

896 160 924 187 S.
945 158 1112 186 EPIPIIANlI

1766 163 1819 192 IS!

183 220 219 247 ita
241 219 424 254 rogantibus:
446 219 496 246 Dic
519 218 593 246 nobis
615 218 771 253 parubolam
795 218 968 249 zizaniorum,

1026 226 1101 246 σατε
1119 218 1234 253 δεσμάς
1247 228 1251 234 ·
1269 219 1322 246 τεν
1334 219 1368 246 δὲ
1382 219 1470 247 σῖτον
1483 220 1633 248 ἀπόθεσθε
1646 220 1682 248 ὲν
1696 221 1733 256 τῇ
1744 222 1818 250 ἀπο-

181 264 327 300 explicavit
356 265 409 297 ille,
440 272 474 292 ne
503 264 584 292 ullam
614 263 756 299 iinpnstori
785 265 973 300 oppugnandae

184 310 308 337 Veritatis
324 310 495 337 occasionem
517 309 694 344 relinqueret.
719 309 812 342 Quare
832 309 974 344 perspicue

184 354 316 381 Dominus
329 355 365 380 ita
380 354 527 389 respondet
543 363 549 381 :
574 354 627 387 Qui
644 354 749 386 bonum,
764 353 867 389 inquit,
886 362 973 381 semen

182 402 333 432 seminavit,
356 400 426 426 Deus
438 404 476 426 est
488 407 498 430 ,'
516 407 578 434 ager
592 404 630 426 est
646 399 778 431 mundus;
793 400 898 426 zizania
910 391 973 426 mali

182 447 300 472 homines
316 449 393 476 sinit;
409 445 532 471 inimicus
543 445 620 471 homo
631 449 669 471 est
684 444 822 477 diabolus;
834 453 972 477 messores,

182 491 284 526 angeli;
306 489 397 517 messis
419 489 493 523 ipsa,
509 490 702 516 consummatio
727 491 836 522 sa‘culi;
854 490 971 516 triticum

181 545 271 571 porro,
290 537 338 563 viri
358 536 429 563 boui.
450 535 518 562 Cum
542 535 625 570 igitur
643 534 775 562 Dominus
792 535 894 570 angelis
914 536 972 562 suis

182 583 350 618 praeceperit,
366 582 393 609 hi
415 583 545 608 collectos
561 582 587 608 in
605 589 689 608 unum
708 586 866 616 peccatores
881 588 913 608 ac
929 588 972 608 re-

181 637 235 663 gno
252 629 382 655 caelorum
397 629 524 655 exclusos
538 627 755 654 coucremaudos
772 626 888 654 tradent.
905 627 973 653 Ani-

184 675 360 706 madvcrlile,
383 682 492 709 qumso.
515 676 650 708 quotquot
668 673 735 700 estis
757 673 881 701 veritatis
903 672 970 705 lilii,

182 728 352 756 qiuccuuque
371 729 457 748 novus
490 720 534 747 ille
557 719 659 746 Jannes
689 726 720 746 ac
737 719 862 746 Jambre'
882 718 972 746 dicere

183 768 346 802 aggreditur,
363 771 457 793 contra
480 774 508 794 se
528 766 617 800 ipsum
639 764 770 800 proferre.
788 764 894 791 Etenim
909 771 970 790 cum

182 813 227 840 ille
242 813 372 839 mundum
387 811 421 837 ad
438 811 520 838 Deum
541 814 666 845 spectare
683 814 779 844 neget,
796 816 890 836 contra
909 809 970 837 Sal-

181 863 260 885 vator
275 858 327 885 hoc
340 858 400 884 loco
419 861 446 884 et
460 865 554 892 agrum
577 864 639 884 esse
657 857 787 883 mundum
806 857 970 891 interpreta-

1025 264 1114 298 θήκῃ,
1131 263 1181 290 καὶ
1189 265 1366 299 ἑτοιμάσατε
1383 267 1419 294 τὰ
1436 266 1543 297 (tab-ia
1557 268 1602 300 sic
1617 268 1651 294 τὸ
1667 268 1816 303 κατακειιῖ-

1024 317 1073 336 ναι
1089 310 1160 343 πυρὶ
1173 310 1323 342 ἀσϐέστῳ.
1345 311 1406 339 Τῶν
1421 312 1449 338 δὲ
1464 312 1593 347 μαθητῶν
1608 313 1690 340 αὑτοῦ
1706 315 1753 340 ἐπὶ
1769 314 1818 349 τῆς

1024 355 1112 386 οἰκίας
1129 355 1260 389 λεγόντων
1273 363 1281 371 ·
1304 357 1378 383 Εἰπὲ
1392 357 1465 392 ἡμῖν
1486 357 1545 391 τὴν
1564 359 1741 392 παραϐολὴν
1759 359 1817 386 τῶν

1024 399 1165 433 ὒζανίων,
1177 401 1191 427 6
1199 400 1226 427 δὲ
1237 401 1353 434 ἐπιλύει,
1372 403 1418 429 καὶ
1428 403 1459 429 οὐ
1471 403 1560 438 κρίνει
1571 403 1591 434 ³,
1602 403 1645 430 ἴνα
1662 404 1700 439 μὴ
1711 412 1817 440 συγχω-

1025 446 1094 482 ρήσῃ
1115 446 1153 481 τῷ
1169 446 1306 473 ἀπατεῶνι
1322 447 1393 474 κατὰ
1408 448 1457 483 τῆς
1479 447 1610 483 ἀληθείας
1626 449 1713 485 λαὸὴν
1732 450 1814 485 ἔχειν.

1030 489 1218 526 Ἀποκρίνεται
1232 489 1278 519 οὖν
1290 492 1383 527 σαφῶς
1395 493 1409 519 6
1426 493 1538 528 Κύριος,
1556 493 1604 519 καὶ
1619 493 1710 528 λέγει·
1734 495 1766 521 ’0
1782 495 1815 521 τὸ

1024 536 1120 562 καλὸν
1133 537 1252 572 σπέρμα
1266 539 1394 572 σπείρας
1405 538 1490 565 ἐστὶν
1503 539 1520 565 ό
1535 539 1623 572 Θεός·
1641 541 1657 566 o'
1668 539 1703 566 δὲ
1725 540 1814 574 ἀγρός

1022 581 1108 608 ἐστιν
1122 584 1139 608 ό
1153 584 1285 618 κόσμος·
1300 584 1336 610 τὰ
1352 583 1460 614 (“fde
1480 585 1560 611 εἰσιν
1580 585 1607 611 οι
1623 585 1747 619 πονηροὶ
1763 585 1815 611 dr-

1022 629 1132 662 θρωποι
1141 636 1148 643 ·
1168 630 1184 656 ό
1199 630 1306 664 ἐχθρὸς
1317 630 1475 664 ἄνθρωπός
1490 631 1578 658 ἐστιν
1591 634 1607 658 d
1618 631 1773 665 διάϐολος·
1787 633 1814 659 οἱ

1022 674 1155 707 θερισταί
1173 676 1254 702 εἰσιν
1276 676 1303 702 οι
1324 675 1455 710 ἄγγελον
1480 677 1497 703 ὁ
1523 677 1662 710 θερισμός
1687 677 1772 703 ἐστιν·
1795 677 1812 710 ἡ

1022 719 1182 746 συντέλεια
1204 721 1258 747 τοῦ
1282 720 1390 755 αιῶνος
1403 730 1409 737 ·
1434 723 1451 748 ό
1469 721 1555 754 σῖτός
1575 723 1661 749 ἐστιν
1683 723 1710 748 ol
1725 724 1811 749 καλοὶ

1021 763 1180 799 ἅνθρωποι.
1207 766 1271 792 Ὂτε
1293 767 1477 802 παραγγέλλει
1496 768 1510 793 6
1526 766 1628 802 Κύριος
1645 767 1709 799 τοὺς
1730 768 1814 802 ἀγγέ-

1022 809 1082 841 λους
1109 811 1192 837 αὑτοῦ
1205 830 1213 843 ,
1231 811 1279 838 καὶ
1305 812 1454 846 συνάγουσι
1474 812 1538 844 τοὺς
1555 811 1734 847 ἁμαρτωλοὺς
1758 813 1812 839 ἀπὸ

1022 857 1070 892 τῆς
1091 857 1173 884 αὐτοῦ
1199 857 1355 892 βασιλείας,
1371 857 1419 884 καὶ
1442 858 1637 893 παραδιδόασιν
1652 858 1750 890 αὐτοὺς
1772 859 1812 890 εἰς

181 908 236 936 tur,
264 908 291 930 et
316 902 538 937 patremfamilias
555 900 668 936 agrique
686 900 828 928 dominum
859 901 967 928 Patrem

1020 902 1051 928 τὸ
1066 903 1174 938 καῆναι.
1188 904 1242 930 Καὶ
1254 904 1392 940 θεωρεῖτε,
1409 905 1461 931 υἱοὶ
1476 905 1525 939 τῆς
1538 903 1677 940 ἀληθείας,
1689 905 1730 931 ὅτι
1741 904 1811 931 αὐτὰ

181 957 262 976 suum
279 948 406 984 appellat,
420 947 467 982 qui
480 947 582 974 bonum
600 946 666 973 illud
689 953 782 974 semen
797 946 968 981 prosemina-

184 995 264 1023 verit.

1021 948 1039 975 ἃ
1055 947 1179 983 βούλεται
1193 949 1294 984 λέγειν,
1316 950 1377 977 καθ’
1395 950 1492 977 ἑαυτοῦ
1512 950 1704 986 προεαλλεται.
1726 947 1812 982 οὗτος

1020 994 1034 1020 6
1048 995 1250 1028 ἀνακαινισθεὶς
1258 997 1324 1032 ἡμῖν
1337 997 1397 1023 ἀντὶ
1410 997 1465 1023 τῶν
1477 997 1540 1032 περὶ
1558 997 1661 1031 Ἰαννῆν
1671 997 1719 1023 καὶ
1739 997 1810 1032 Ἰαμ-

179 1040 259 1076 6ρῆν.
277 1040 362 1071 Αὐτὸς
381 1039 430 1075 μὲν
448 1039 502 1074 γὰρ
531 1039 654 1074 ἀρνεῖται
675 1037 721 1064 τὸν
736 1037 838 1073 κόσμον
869 1038 916 1064 τοῦ
931 1038 998 1065 Θεοῦ
1016 1037 1102 1067 εἶναι·
1126 1038 1178 1068 ὦδε
1201 1042 1230 1068 δὲ
1254 1043 1268 1068 ὁ
1292 1042 1387 1078 Σωτὴρ
1409 1042 1455 1069 τὸν
1475 1042 1578 1077 κόσμον
1599 1042 1650 1078 ἔφη
1676 1041 1745 1070 εἶναι
1766 1043 1810 1069 τὸν

180 1086 278 1120 amp!”-
297 1084 341 1110 τὸν
357 1084 385 1110 δὲ
404 1082 596 1117 οικοδεσπότην
611 1081 659 1108 καὶ
686 1081 779 1117 κύριον
804 1081 851 1108 τοῦ
874 1081 976 1117 ἀγροῦ,
993 1085 1118 1112 τουτέστι
1133 1085 1181 1113 τὸν
1211 1085 1295 1113 αὑτοῦ
1313 1086 1438 1121 Πατέρα,
1461 1086 1508 1113 καὶ
1528 1087 1622 1113 ἑαυτὸν
1641 1089 1810 1120 ὲσπαρκέναι

178 1132 209 1157 τὴ
225 1130 305 1157 καλὸν
322 1129 403 1156 αὑτοῦ
421 1128 542 1163 σπέρμα.

214 1177 307 1211 Neque
332 1182 396 1202 vero
413 1178 460 1200 aut
481 1180 496 1200 a
519 1172 682 1208 corporibus
706 1172 832 1204 animas,
863 1176 910 1199 aut
936 1172 970 1199 ab

178 1223 322 1249 animabus
337 1227 452 1254 corpora
471 1219 627 1253 separavit,
646 1218 694 1245 sed
720 1218 861 1244 inimicum
882 1218 970 1245 homi-

179 1276 241 1295 nem
256 1265 360 1293 zizania
377 1264 534 1291 COIISCViSSC
556 1267 669 1295 narrat,
684 1263 737 1290 hoc
751 1267 794 1290 est
808 1263 970 1298 depravatos

179 1312 323 1342 homines;
335 1318 385 1337 nec
398 1310 522 1336 homines
534 1308 617 1344 680
631 1310 704 1343 ipsos
722 1309 836 1336 Scorsim
853 1309 886 1336 de
906 1317 969 1336 cor-

180 1359 292 1394 poribus
323 1355 444 1390 accepit,
469 1354 516 1382 sed
541 1355 627 1381 malos
649 1353 774 1381 homines
801 1355 968 1388 conjunctim

180 1403 306 1439 appellat.
323 1402 361 1428 Ita
378 1401 480 1429 bonum
507 1407 601 1428 semen
618 1407 634 1428 e
648 1401 789 1427 contrario
810 1400 967 1435 paterfami-

180 1451 231 1477 lias
247 1451 274 1477 in
293 1457 359 1484 agro
373 1456 422 1476 suo
434 1447 548 1475 seminat
558 1466 565 1479 ,
581 1447 667 1474 bonos
682 1446 807 1474 videlicet
825 1447 947 1475 homines
959 1467 967 1479 ,

180 1503 235 1522 non
255 1495 351 1521 horum
373 1492 506 1519 duntaxat
519 1491 642 1524 animas,
660 1492 706 1520 scd
722 1492 823 1524 bonos.
846 1493 967 1528 inquam,

1057 1173 1112 1199 Καὶ
1134 1172 1196 1198 οὗτε
1211 1172 1292 1198 διεῖλε
1313 1171 1402 1207 ψυχὰς
1424 1171 1478 1199 ἀπὺ
1497 1172 1640 1208 σωμάτων,
1658 1173 1674 1208 ἦ
1695 1182 1809 1209 ccupat:

1021 1218 1076 1244 ἀπὸ
1098 1218 1202 1253 ψυχῶν,
1227 1217 1295 1244 ἀλλὰ
1320 1218 1365 1244 τὴν
1391 1218 1440 1252 μὲν
1466 1218 1562 1254 ἐχθρὸν
1585 1218 1728 1254 ἄνθρωπον
1758 1221 1809 1257 ἔφη

1021 1265 1186 1300 ἐσπαρκέναι
1205 1263 1239 1290 τὰ
1256 1263 1379 1296 ζιζάνια,
1400 1264 1419 1290 ἃ
1439 1265 1510 1291 εἰσιν
1523 1265 1547 1290 οἱ
1570 1266 1683 1300 πονηροὶ
1705 1267 1810 1302 ἄνθρω-

1021 1318 1067 1337 ποι
1076 1319 1084 1326 ο
1104 1309 1261 1345 ἀνθρώπους
1272 1309 1301 1336 δὲ
1316 1309 1347 1336 οὐ
1360 1309 1434 1344 λέγει
1448 1309 1560 1345 σώματα
1571 1311 1631 1337 κατ’
1649 1311 1726 1343 ἰδίαν.
1743 1312 1808 1339 ἀλλα

1021 1355 1090 1391 ὁμοῦ
1111 1354 1173 1382 εἷπε
1192 1355 1328 1391 πονηροὺς
1347 1355 1515 1392 ἀνθρώπους.
1534 1356 1619 1383 Πάλιν
1635 1357 1664 1383 δὲ
1678 1357 1809 1390 ὡσαύτως

1021 1402 1053 1428 τὸ
1070 1401 1172 1436 ἀγαθὸν
1192 1401 1303 1437 σπέρμα
1326 1401 1340 1427 6
1362 1401 1555 1436 οἰκοδεσπότης
1579 1401 1705 1438 ἔσπειρεν
1726 1404 1756 1430 tv
1771 1404 1809 1439 τῷ

1024 1447 1080 1483 ἰδίῳ
1099 1447 1187 1482 ἀγρῷ,
1202 1448 1266 1476 τοὺς
1279 1446 1398 1482 ἀγαθοὺς
1419 1455 1485 1482 φησι
1498 1447 1668 1482 ἀνθρώπους.
1687 1449 1742 1475 Καὶ
1760 1450 1808 1476 οὐχ

1020 1491 1082 1520 εἷπε
1104 1493 1153 1524 τὰς
1170 1492 1272 1520 τούτων
1295 1493 1400 1528 ψυχὰς,
1418 1492 1476 1520 ἀλλ’
1498 1493 1616 1527 ἀγαθοὺς
1636 1494 1684 1521 σὺν
1702 1494 1808 1530 σώματι

179 1549 294 1576 corpore
316 1540 461 1574 animaque
475 1542 644 1566 constantes.
667 1539 801 1571 Quocirca
820 1543 875 1566 tam
897 1539 967 1566 Deus

1020 1540 1066 1566 καὶ
1077 1539 1160 1574 ψυχῇ.
1176 1539 1246 1575 ’Ἄρα
1259 1538 1324 1572 γοῦν
1336 1537 1380 1564 διὰ
1393 1539 1442 1573 τῆς
1453 1538 1626 1571 διδασκαλίας
1636 1541 1650 1566 δ
1658 1540 1725 1572 Θεὸς
1736 1541 1809 1567 σπεί-

180 1587 279 1614 bonum
304 1586 331 1612 in
347 1583 505 1612 hominibus
526 1583 650 1610 doctrina
671 1591 731 1616 sua,
747 1591 828 1618 quam
843 1583 969 1612 diabolus

181 1633 252 1660 mala
267 1631 363 1659 iisdem
376 1631 403 1658 in
418 1629 574 1658 hominibus
585 1629 758 1665 improbitate
773 1637 822 1657 sua
837 1632 967 1658 conserit.

179 1679 376 1713 Quamcunque
395 1684 459 1705 vero
477 1684 526 1704 nos
549 1675 575 1703 in
593 1680 698 1711 partem
722 1680 878 1708 vertamus,
893 1676 968 1704 radi-

178 1734 236 1752 rem
258 1723 401 1760 pravitatis
425 1722 527 1750 nullam
551 1723 738 1757 reperiemus,
756 1722 804 1749 sed
825 1729 856 1749 ea
879 1721 967 1749 solum

177 1778 260 1804 opera
273 1779 333 1805 qua:
351 1778 366 1796 a
384 1769 464 1796 nobis
480 1772 680 1804 perpetrantur.
702 1767 741 1794 Ac
752 1775 786 1795 ne
798 1767 967 1794 zizaniorqu

177 1815 288 1850 quidem
301 1820 377 1842 satus
394 1814 467 1841 illius
481 1821 565 1840 causa
580 1813 705 1840 diabolus
725 1817 776 1844 est,
791 1813 882 1840 statim
896 1813 967 1840 enim

179 1861 244 1888 illud
259 1861 386 1887 additur:
405 1860 471 1888 Cum
494 1860 638 1887 dormirent
663 1859 790 1885 homines.
809 1858 868 1886 Non
883 1858 965 1890 dixit,

178 1907 246 1934 Cum
263 1906 394 1934 dormiret
413 1905 620 1940 paterfamilias.
637 1904 704 1931 Dum
721 1904 792 1931 enim
803 1903 967 1931 intermissis

179 1951 259 1978 bonis
284 1951 413 1986 operibus
442 1951 611 1982 dormimus,
639 1951 703 1977 dum
731 1949 823 1976 ofﬁcia
854 1949 967 1984 iustitiae

179 1997 353 2032 negligimus,
373 1997 437 2024 dum
452 1997 484 2024 ad
503 1995 677 2031 exsequenda
695 1995 740 2022 Dei
753 1995 878 2022 mandata
892 1995 965 2029 vigili

178 2048 391 2078 cxperreetoqne
418 2041 509 2070 animo
534 2049 588 2068 non
614 2048 720 2072 sumus,
748 2045 812 2067 tunc
836 2041 864 2068 in
887 2041 966 2068 nobis

179 2092 291 2123 peccata
305 2087 539 2123 proseminantur.
550 2086 671 2113 Videsne
686 2091 814 2121 praeterea
831 2090 859 2113 ut
874 2086 900 2113 iu
915 2086 965 2113 hac

177 2135 307 2170 parabola
335 2141 473 2161 messores
502 2133 536 2160 ad
560 2132 789 2159 concremandum
819 2131 965 2166 fasriculos

177 2179 360 2214 componant?
377 2178 442 2210 Dic,
468 2178 548 2205 sodes
559 2198 566 2211 ,
583 2185 600 2204 ο
616 2176 782 2204 Mauiclune:
802 2175 965 2204 Vinciuntnr

1021 1594 1062 1621 ρει
1075 1585 1106 1612 τὸ
1119 1585 1220 1619 ἀγαθὸν
1235 1585 1264 1611 ὲν
1279 1585 1336 1616 τοῖς
1353 1583 1518 1619 ἀνθρώποις,
1534 1585 1581 1610 καὶ
1596 1585 1641 1611 διὰ
1660 1586 1712 1620 τῆς
1726 1595 1809 1614 xam—

1021 1631 1155 1667 μηχανίας
1170 1631 1184 1656 6
1205 1630 1329 1662 διάϐολος
1343 1630 1506 1665 ὑποσπείρει
1521 1630 1554 1657 τὰ
1569 1631 1676 1666 πονηρὰ
1695 1631 1764 1667 ἔργα
1779 1633 1808 1659 ὲν

1018 1680 1074 1710 τοῖς
1087 1678 1252 1714 ἀνθρώποις.
1270 1677 1367 1704 Ἔνθεν
1382 1678 1410 1704 δὲ
1426 1678 1472 1704 καὶ
1491 1677 1567 1705 ἔνθεν
1586 1678 1617 1705 οὗ
1635 1679 1713 1714 ῥίζαν
1725 1681 1808 1716 εὑρῆ-

1019 1733 1102 1760 σομεν
1115 1724 1225 1756 κακίας,
1238 1723 1296 1750 ἀλλ’
1311 1723 1379 1759 ἔργα
1393 1723 1426 1750 δι’
1441 1723 1520 1758 ἡμῶν
1532 1723 1739 1760 ἐπιτελούμενα.
1753 1726 1808 1752 Καὶ

1017 1770 1078 1796 οὐδὲ
1101 1770 1169 1801 ὅλως
1191 1770 1205 1796 6
1228 1769 1351 1800 διάϐολος
1369 1769 1455 1800 αἴτιός
1476 1769 1535 1795 ἐστι
1554 1769 1609 1795 τῶν
1627 1770 1807 1805 ἐσπαρμένων

1020 1815 1158 1847 ζιζανίων.
1177 1814 1266 1846 Εὐθὺς
1279 1814 1334 1849 γὰρ
1347 1813 1446 1849 φράζει
1459 1813 1546 1848 λέγων
1556 1822 1562 1830 ο
1581 1815 1632 1842 Ἑν
1647 1815 1687 1848 τῷ
1698 1817 1808 1844 καθεύ-

1017 1861 1082 1888 δειν
1097 1860 1169 1893 τοὺς
1183 1859 1367 1894 ἀνθρώπους.
1392 1859 1447 1886 Καὶ
1460 1859 1511 1886 οὐκ
1532 1857 1618 1886 εἶπεν·
1629 1861 1672 1888 Ἑν
1685 1861 1724 1897 τῷ
1743 1862 1807 1888 καθ-

1017 1906 1105 1933 εύδειν
1127 1906 1173 1932 τὸν
1188 1905 1392 1940 οἰκοδεσπότην,
1419 1905 1503 1932 Ὅταν
1519 1906 1574 1941 γὰρ
1602 1906 1682 1941 ἡμεῖς
1695 1907 1807 1933 ἀποκοι-

1019 1951 1150 1987 μηθῶμεν
1164 1951 1218 1978 ἀπὸ
1235 1950 1346 1984 ἀγαθῶν
1361 1950 1449 1986 ἔργων
1459 1970 1467 1983 ,
1482 1951 1546 1976 ὅταν
1561 1950 1743 1986 ἀμελήσωμεν
1757 1952 1805 1987 τῆς

1015 1997 1197 2032 δικαιοσύνης,
1217 1997 1282 2023 ὅταν
1306 1997 1352 2023 τὸν
1377 1997 1439 2023 νοῦν
1457 1996 1495 2032 μὴ
1517 1997 1666 2033 ἑγρήγορον
1687 1998 1805 2032 ¹ιιιοιήσω-

1018 2052 1067 2078 μεν
1084 2043 1152 2078 πρὸς
1164 2043 1214 2078 τὴν
1226 2042 1273 2069 τοῦ
1290 2042 1359 2070 Θεοῦ
1373 2043 1494 2078 ἐντολὴν,
1507 2043 1568 2069 τότε
1590 2043 1758 2079 σπειρόμεθα
1771 2044 1805 2070 τὰ

1016 2088 1212 2124 ἁμαρτήματα.
1233 2088 1324 2124 Ὁρᾷς,
1339 2088 1380 2114 ὅτι
1393 2089 1417 2114 οἱ
1433 2087 1555 2123 θερισταὶ
1568 2088 1739 2123 ἑτοιμάζουσι
1754 2089 1804 2121 τὰς

1014 2131 1115 2166 δέσμας
1131 2132 1171 2163 εἰς
1187 2131 1218 2158 τδ
1231 2131 1287 2167 πῦρ
1302 2131 1334 2158 τὸ
1356 2131 1483 2164 αἰώνιον;
1499 2132 1568 2165 Λέγε
1589 2141 1634 2167 μοι
1645 2152 1652 2164 ,
1672 2130 1694 2159 ὢ
1710 2133 1802 2168 Μάνη⁸

1015 2177 1111 2212 Ψυχὰς
1124 2178 1183 2204 ἐκεῖ
1194 2177 1382 2213 δεσμεύουσιν,
1399 2177 1415 2212 ἢ
1433 2177 1547 2212 σώματα
1568 2179 1615 2205 σὺν
1629 2178 1702 2214 ψυχῇ
1712 2179 1804 2205 καίου-

177 2226 233 2254 illic
247 2226 360 2258 animae.
383 2232 418 2252 an
434 2232 496 2252 cum
516 2224 607 2251 anima
623 2230 738 2258 corpora
753 2223 962 2255 comburuntur,

1020 2230 1069 2253 σιν,
1086 2222 1102 2257 ἢ
1117 2222 1224 2253 καὶτὰς
1237 2222 1343 2257 ψυχάς;
1360 2222 1456 2249 Οὐκέτι
1471 2222 1526 2258 γὰρ
1541 2223 1702 2258 σταθήσεται
1717 2225 1731 2250 ὀ
1742 2225 1803 2260 περὶ

177 2281 211 2298 an
228 2272 292 2300 solm
304 2272 436 2299 duntaxat
449 2270 567 2298 animae?
581 2269 640 2298 Non
656 2270 727 2297 enim
739 2270 839 2304 poterit
859 2275 903 2297 tua
918 2270 963 2297 illa

177 2318 211 2344 de
234 2318 386 2344 animorum
403 2317 563 2352 purgatione
590 2321 663 2343 stare
690 2319 834 2348 sententia,
850 2324 912 2343 cum
929 2316 962 2343 ad

178 2362 339 2397 Supplicium
356 2370 386 2389 ac
399 2361 532 2396 judicium
552 2362 702 2389 tradentur.
719 2362 772 2389 Sed
789 2361 823 2388 de
839 2362 880 2388 his
897 2361 961 2388 hac-

177 2412 274 2439 tenus;
291 2411 354 2436 sunt
372 2407 442 2434 enim
466 2408 588 2435 veritatis
606 2408 688 2435 verba
707 2407 877 2442 sapientibus
890 2407 961 2433 haud

176 2455 302 2482 obscura.

211 2499 303 2526 LXVI.
325 2499 404 2526 Aliud
423 2506 531 2534 quoque
548 2498 734 2526 testiinonium
752 2498 855 2532 profert
874 2498 961 2525 sacris

175 2554 190 2573 e
207 2545 318 2573 Litteris
339 2545 541 2580 depromptum,
555 2544 634 2578 cujus
651 2550 762 2571 sensum
779 2550 840 2570 cum
856 2543 961 2578 ignoret

176 2591 300 2626 penitus.
319 2590 447 2618 salutaris
467 2589 598 2616 doctrina:
614 2588 666 2614 vim
694 2587 782 2613 aliena
799 2587 962 2621 interpreta-

175 2637 249 2663 tione
270 2636 428 2670 detorquet;
447 2641 480 2661 eo
500 2633 582 2668 igitur
598 2632 670 2667 quod
693 2639 709 2657 a
724 2630 837 2657 Domino
857 2631 961 2657 dictum

174 2686 216 2709 est
231 2683 369 2709 abutitur:
387 2679 462 2707 Venit
487 2680 605 2713 princeps
627 2677 716 2704 mundi
739 2677 817 2709 huius
833 2677 900 2704 etin
922 2685 961 2703 me

175 2735 253 2753 suum
265 2728 330 2754 nihil
346 2726 444 2753 invenit
460 2725 481 2751 '.
501 2723 569 2750 Tum
587 2723 651 2750 illud
671 2722 792 2757 Apostoli
806 2731 812 2748 :
826 2721 896 2748 Deus
913 2721 961 2747 Im-

173 2771 217 2806 ius
234 2772 325 2799 surculi
347 2771 485 2798 cmcazcavit
502 2769 670 2804 cogitationes
686 2767 845 2802 inﬁdelium,
866 2771 894 2793 ul
908 2774 959 2793 non

1017 2267 1188 2303 καθαρισμοῦ
1202 2276 1248 2294 σου
1269 2267 1324 2294 τῶν
1341 2267 1434 2302 ψυχῶν
1450 2268 1528 2302 λόγος
1541 2288 1549 2299 ,
1563 2268 1643 2295 ὁπότε
1663 2268 1702 2300 είς
1718 2277 1803 2304 τιμω-

1017 2314 1077 2349 ρίαν
1088 2314 1134 2340 καὶ
1147 2313 1237 2349 κρίσιν
1252 2313 1494 2348 παραδοθήσονται.
1522 2313 1601 2340 Ἀλλὰ
1614 2314 1726 2350 ἀρκέσει
1738 2315 1802 2350 περὶ

1016 2358 1117 2385 τούτων
1136 2359 1187 2390 ἕως
1200 2359 1254 2384 τῶν
1275 2359 1392 2386 ἐνταῦθα
1402 2367 1409 2374 ·
1423 2361 1480 2390 τοῖς
1500 2359 1556 2394 γὰρ
1576 2362 1694 2393 συνετοίς
1709 2361 1801 2394 φαίνε-

1015 2412 1061 2430 ται
1075 2404 1109 2430 τὰ
1122 2404 1191 2438 ῥητὰ
1202 2404 1250 2439 τῆς
1270 2404 1406 2438 ἀληθείας.

1049 2493 1117 2527 Ξεῖκ
1135 2492 1366 2528 Ἐπιλαμὸάνεται
1382 2492 1463 2519 πάλιν
1481 2493 1575 2529 ἑτέρου
1590 2494 1682 2529 ῥητοῦ,
1696 2495 1736 2526 εἰς
1752 2495 1801 2529 μι-

1015 2548 1061 2565 σον
1080 2539 1180 2574 φέρων,
1198 2539 1244 2565 καὶ
1261 2539 1298 2575 μὴ
1310 2539 1378 2566 νοῶν
1391 2539 1425 2566 τὰ
1437 2541 1467 2566 ὲν
1480 2540 1554 2575 αὐτῷ
1569 2540 1727 2575 ἐγκείμενα,
1742 2541 1800 2567 ἑτέ-

1014 2593 1067 2620 ρως
1081 2584 1285 2620 παρερμηνεύει
1299 2584 1349 2618 τῆς
1364 2584 1553 2620 σωτηριώδους
1565 2584 1740 2617 διδασκαλίας
1751 2586 1800 2621 τὴν

1011 2630 1137 2664 δύναμιν,
1151 2629 1195 2656 διὰ
1211 2629 1241 2656 τὸ
1261 2629 1403 2665 εἰρηκέναι
1420 2630 1465 2656 τὸν
1490 2629 1615 2665 Σωτῆρα,
1639 2631 1679 2657 ὅτι
1695 2631 1800 2665 Ἔρχε-

1011 2683 1057 2701 ται
1083 2677 1099 2702 ὁ
1123 2674 1225 2709 ἅρχων
1248 2675 1300 2702 τοῦ
1322 2675 1440 2709 κόσμου
1472 2676 1591 2708 τούτου,
1617 2675 1665 2701 καὶ
1687 2675 1722 2702 ἐν
1735 2675 1799 2710 ἐμοὶ

1010 2720 1101 2747 οὐδὲν·
1124 2719 1183 2746 τῶν
1204 2719 1298 2746 αὑτοῦ
1323 2721 1471 2754 εὑρίσκει·
1497 2720 1544 2746 καὶ
1567 2719 1650 2746 πάλιν
1667 2720 1742 2755 παρὰ
1761 2721 1800 2757 τῷ

1016 2765 1181 2801 ’Δποστόλῳ,
1196 2766 1237 2792 ὅτι
1263 2765 1296 2792 ’0
1316 2765 1389 2799 Θεὸς
1403 2766 1455 2794 τοῦ
1474 2766 1582 2799 αἰῶνος
1609 2767 1717 2794 τούτου
1735 2767 1800 2794 ἐιιᾶ-

228 2847 237 2865 ¹
250 2847 271 2874 ll
283 2847 353 2874 Tim.
372 2854 414 2879 tu,
427 2847 452 2873 8.
491 2848 501 2862 ¹
517 2846 595 2873 Joan.
611 2853 669 2877 xlv,
686 2845 729 2873 50.
762 2845 771 2860 ³
791 2844 820 2872 F.
836 2844 883 2870 καὶ
896 2843 1026 2878 εὐκρινεῖ.
