1939 3036
105 135 155 164 15⁵1

461 135 646 182 ADVER§US
664 135 837 163 HERESES
856 134 909 161 LIB
935 134 967 160 ll.
987 133 1069 162 TOM.
1089 132 1121 160 ll.
1141 147 1174 152 —
1195 131 1322 159 IM‘IRES
1347 130 1439 158 LXVI.

1667 127 1719 156 158

103 193 206 228 ἀγαθὸν
222 193 388 228 ἐργάσασθαι.
404 193 433 219 ὲν
454 193 621 228 τελειότητι·
636 193 660 219 ει
675 193 704 219 δὲ
716 192 761 218 διὰ
774 192 804 218 τὺ
818 189 887 218 εῖναι

948 197 993 225 [uo
1004 191 1029 217 hi
1047 190 1093 224 qui
1110 193 1253 217 servantur
1263 188 1402 223 propagati
1418 191 1490 214 sunt.
1507 185 1608 213 Deinde
1621 186 1644 213 si
1657 194 1720 214 cum

103 239 187 266 αὐτὸν
200 239 308 273 φύσεως
332 239 368 273 μὴ
391 237 557 273 σωζομένης,
580 237 661 264 αὐτὸν
683 238 732 272 μὲν
751 236 888 268 ἀδυνάτως

104 285 160 319 ἔχει
179 283 285 315 σώζειν,
299 284 362 314 τοὺς
376 283 404 309 δὲ
417 283 463 309 ὑπ’
476 282 558 309 αὐτοῦ
574 283 773 317 γεγενημένους
794 280 874 313 σώζει
883 302 889 312 ,

105 329 196 363 πολλῷ
222 328 320 363 μᾶλλον
335 329 360 355 οἱ
383 328 412 361 ἐξ
427 327 509 354 αὐτοϋ
529 327 706 363 γεγενημένοι
733 327 890 363 σαθρότεροι

105 374 188 401 αὑτοῦ
204 374 354 409 ὑπάρχουσι
366 394 374 403 ,
392 373 438 400 καὶ
460 374 597 404 ἀδυνάτως
615 372 705 408 ἔχουσι
721 373 787 407 πρὸς
805 381 892 407 σωτη-

106 419 178 454 ρίαν.
190 419 246 445 Καὶ
256 418 343 449 ἄλλως
352 419 390 449 δὲ,
403 419 427 445 εί
442 418 504 454 μὲν,
518 418 572 444 ίδιά
582 427 641 444 τινα
654 418 691 453 μὴ
702 418 770 453 ἔχων
783 417 889 448 σώζειν,

107 465 145 491 el:
164 463 197 490 τὰ
217 464 343 498 ἀλλότρια
359 461 440 499 ἢλθεν
458 463 611 496 ἐπιδείξεως
628 463 718 499 χάριν,
739 463 788 498 τὴν
809 463 890 489 αὑτοῦ

107 511 232 546 βοήθειαν
246 510 342 543 δεῖξαι,
357 510 441 546 πολλὴ
453 512 469 546 ή
486 511 596 546 ἀπορία,
608 512 625 546 ἡ
641 511 677 546 μὴ
689 511 823 546 δυναμένη
838 510 891 537 ἴδια

49 552 53 555 ’
107 556 216 588 σώζειν,
235 557 282 583 καὶ
295 558 335 589 είς
357 557 391 583 τὰ
407 557 535 592 ἀλλότρια
551 557 738 592 ὲπιδημλοῦσα,
755 558 829 589 ὅπως
849 558 893 583 ὲν-

107 602 228 637 δείξηται
251 603 282 629 τὸ
302 603 391 638 ἔργον.
411 603 425 628 ὃ
447 603 475 628 ἐν
495 604 550 634 τοῖς
567 603 642 634 ίδίοις
657 603 892 637 ἀδυνάτως’ἕσχεν

107 647 303 680 ἐπιδείξασθαι.
319 648 372 673 Καὶ
388 647 437 682 ἤδη
451 647 573 674 διέπεσεν
589 648 603 673 ὁ
620 648 684 682 περὶ
702 647 748 673 τοῦ
767 647 893 682 Σωτῆρος

107 694 156 719 καὶ
178 692 224 719 τοῦ
239 693 369 727 ἄρχοντος
388 693 433 719 τοῦ
455 693 552 724 αἰῶνος
568 693 662 719 τούτου
682 693 734 719 ὑπὸ
748 692 795 719 τοῦ
810 693 889 728 Μάνη

108 738 253 773 εἰρημένος
264 738 351 771 λόγος.
369 739 422 765 Καὶ
433 738 489 764 ἔστι
503 738 542 773 τῷ
556 738 612 764 ὗντι
626 739 640 764 ὀ
653 738 718 769 Θεὸς
733 738 780 764 τοῦ
797 738 893 769 αἰῶνος

108 785 204 810 τούτου
219 785 249 809 οὐ
262 784 327 814 Θεὸς
339 784 562 819 παρηλλαγμένος
575 784 650 819 παρὰ
661 785 704 810 τὸν
715 784 779 810 ὄντα
795 783 892 814 ﬁne);

108 829 170 855 οὐδὲ
188 829 368 860 ἑνυπόστατος
384 829 448 860 Θεὸς
469 829 557 860 ἄλλος,
578 829 614 864 μὴ
628 829 748 863 γένοιτοῑ
763 829 828 860 Θεὸς
839 829 893 862 γὰρ

941 235 1009 261 alios
1031 234 1136 266 liberet,
1157 234 1272 261 liberare
1288 233 1465 260 nihilominus
1480 233 1547 259 nolit
1569 233 1655 265 illum,
1671 233 1722 260 im-

941 279 1090 315 perfectum
1106 280 1235 314 quiddam
1252 284 1304 310 est,
1319 279 1392 314 quod
1409 279 1531 312 molitur,
1547 287 1597 307 nec
1615 279 1725 307 absolu-

939 329 998 352 tum
1017 325 1117 353 bonum
1133 329 1263 360 praestare
1281 332 1362 359 posse
1384 324 1499 352 videtur.
1527 323 1586 351 Jam
1606 331 1671 352 vero
1688 325 1723 357 si,

941 372 1012 406 quod
1033 371 1168 406 ejusmodi
1182 375 1286 398 natum
1299 378 1353 398 non
1369 370 1414 403 sit,
1430 378 1490 404 quae
1505 371 1609 398 servari
1626 371 1724 405 possit,

941 418 1055 446 salutem
1078 416 1142 442 huic
1159 415 1254 442 ali'crre
1276 419 1401 449 nequeat,
1426 422 1507 450 quam
1530 415 1565 442 ab
1580 423 1613 443 eo
1627 416 1725 451 genitis

941 462 1104 497 impertitur,
1121 469 1186 488 sane
1201 461 1245 495 qui
1262 460 1295 486 ab
1310 460 1356 487 illo
1370 461 1422 487 orti
1436 465 1499 487 sunt
1514 461 1593 496 longe
1606 461 1725 488 deterio-

941 516 985 535 res
1002 516 1063 535 esse
1079 508 1187 537 debent,
1205 511 1233 533 ut
1248 515 1280 533 ne
1296 507 1410 533 salutem
1425 507 1533 540 quidem
1549 507 1662 542 adipisci
1673 507 1727 542 ipsi

941 554 1057 589 possint.
1070 553 1110 580 Ad
1124 553 1180 580 bzec
1191 560 1226 585 ει,
1239 561 1301 580 cum
1316 553 1417 579 nullam
1425 553 1558 587 privatam
1574 554 1727 588 possessio-

942 608 1002 627 nem
1017 600 1125 631 habeal,
1139 607 1220 632 quatit
1236 599 1365 630 vindicet,
1381 599 1415 625 ad
1427 598 1541 625 alienam
1555 601 1683 632 accessit,
1698 605 1727 626 ιιι

941 646 1061 680 seipsum
1087 650 1114 671 et
1128 652 1204 678 opem
1217 647 1365 671 ostentaret
1376 651 1464 676 suam,
1477 644 1635 679 perplexum
1648 645 1727 679 quiti-

942 691 1004 718 dam
1017 695 1044 718 et
1060 691 1227 725 implicatum
1239 690 1364 722 cliicitur,
1383 694 1413 716 ut
1425 698 1486 724 qua:
1502 691 1585 718 virtus
1602 699 1646 718 res
1663 699 1727 719 suus

942 745 1051 764 servare
1068 740 1195 771 nequeat,
1212 736 1244 762 ad
1261 736 1363 763 alienas
1378 744 1407 762 se
1421 736 1555 767 conferat,
1574 743 1601 764 ut
1617 737 1683 764 illud
1701 739 1727 764 in

943 782 976 809 iis
992 784 1112 816 prtcstet.
1132 781 1204 814 qqu
1229 781 1255 806 in
1274 780 1391 814 propriis
1412 788 1539 807 exercere
1558 789 1611 807 non
1628 783 1726 816 potuit.

944 827 1000 853 lloc
1023 827 1106 861 igitur
1128 826 1209 852 modo
1234 826 1288 852 ruit
1312 826 1400 852 munis
1420 826 1465 852 illa
1489 826 1524 853 de
1544 826 1686 855 Salvatore
1698 836 1730 856 ac

108 876 124 901 ὁ
140 875 250 901 πάντων
265 875 412 910 Δεσπότης,
427 875 441 900 ό
460 877 505 901 τὸν
521 862 622 909 κόσμον
639 875 765 909 ποιήσας,
783 871 822 905 εἷς
836 874 893 900 ἐστι

948 873 1036 901 δίπουιὶ
1061 873 1143 907 hujus
1163 872 1286 906 principe
1311 871 1452 898 Ilanichaei
1475 873 1619 899 sententia.
1644 874 1683 899 Ac
1707 881 1730 901 si

109 920 186 952 Θεὸς,
203 921 217 946 ὸ
230 920 330 954 Πατὴρ
343 920 396 946 τοῦ
412 921 523 954 Κυρίου
536 919 620 955 ήμῶν
637 920 738 954 Ἰησοῦ
752 919 892 954 Χριστοῦ,

109 965 157 992 καὶ
168 965 295 992 οὐδέποτε
309 965 451 992 διαλείπει.

946 919 1019 955 quod
1047 927 1090 946 res
1112 922 1155 946 est
1178 918 1255 945 lateri
1271 918 1407 949 volumus,
1431 917 1512 946 istius
1537 919 1629 946 smeuli
1660 918 1732 947 Deus

947 973 1002 992 non
1019 965 1090 991 alius
1110 967 1163 997 est,
1187 971 1202 990 a
1222 971 1287 990 vero
1302 962 1357 990 Deo
1371 963 1506 995 diversus.
1531 972 1582 992 nec
1597 965 1651 991 ulla
1665 966 1732 994 sub-

110 1013 211 1040 stantia
224 1014 352 1048 przeditus
381 1014 461 1041 alitus.
488 1012 626 1049 Siquidem
642 1013 772 1041 Dominus
803 1013 924 1041 omnium
941 1012 1030 1045 Deus,
1055 1019 1088 1038 ac
1111 1011 1205 1038 mundi
1228 1010 1354 1038 conditor
1374 1010 1446 1038 Deus
1470 1019 1543 1039 unus
1571 1018 1629 1045 est,
1651 1013 1734 1041 Pater

112 1059 220 1087 Domini
243 1060 327 1087 nostri
349 1059 413 1086 Jesu
439 1059 569 1093 Christi‘,

145 1106 205 1132 ΞΘ.
228 1106 294 1141 Περὶ
310 1103 340 1132 οὗ
353 1106 381 1132 δὲ
402 1107 416 1132 ὀ
444 1106 602 1137 Ἀπὸστολος
620 1106 708 1140 λέγει,
722 1106 754 1132 ὃν
770 1106 897 1141 ῄρέτισαν

108 1152 157 1178 τὸν
173 1152 238 1177 Θεδν
254 1151 356 1177 ἑαυτῶν
372 1149 441 1178 εἶναι
454 1152 478 1178 οἱ
495 1152 613 1183 ἄπιστοι,
627 1152 659 1178 οὐ
677 1151 755 1186 μόνον
766 1151 837 1184 λέγω
849 1150 898 1177 ἕνα

110 1197 179 1223 Θεδν
193 1196 261 1224 εἶναι
278 1197 325 1224 τοῦ
343 1197 440 1228 αἰῶνος
456 1197 562 1229 τούτου,
580 1197 617 1232 μὴ
633 1197 750 1232 γένοιτοί
769 1197 837 1224 ἀλλὰ
851 1198 899 1225 καὶ

111 1242 236 1274 πολλοὺς,
256 1239 296 1274 οἷς
316 1243 428 1273 ἑαυτοὺς
448 1243 582 1274 ὑπέταξαν
601 1244 625 1270 oi
644 1243 763 1273 ἄπιστοι,
780 1243 827 1269 καὶ
839 1242 899 1269 tcu-

111 1287 205 1323 φλὼθη
211 1297 259 1314 σαν
274 1287 323 1323 τὴν
334 1287 451 1314 διάνοιαν
462 1296 468 1302 ·
480 1288 518 1319 ὡς
534 1288 580 1315 καὶ
594 1289 622 1314 ὲν
638 1288 710 1324 ἄλλῳ
725 1289 799 1324 τόπῳ
812 1288 897 1322 λέγει·

111 1330 170 1360 ’.Ων
184 1335 200 1360 ὀ
222 1334 293 1366 Θεὸς
309 1334 328 1368 ἡ
348 1334 456 1365 κοιλία,
470 1333 520 1360 καί
536 1333 555 1367 ἡ
569 1333 643 1365 δόξα
660 1333 694 1360 ἐν
712 1333 750 1367 τῇ
767 1335 899 1370 αἰσχύνῃ

111 1379 223 1406 αὐτῶν·
237 1379 284 1405 καὶ
294 1380 308 1405 ὁ
324 1378 425 1414 Κύριος
439 1379 467 1405 ὲν
480 1378 519 1413 τῷ
530 1378 694 1414 Εὑαγγελίῳ·
713 1379 754 1405 Οὐ
767 1378 900 1406 δύνασθε

112 1425 186 1451 δυσὶ
205 1425 314 1458 κυρίοις
334 1424 508 1455 δουλεύειν,
526 1424 618 1458 φησίν.
635 1422 700 1450 Εἶτα
719 1423 787 1458 μετὰ
804 1423 898 1456 πολλὰ,

113 1469 160 1496 ἴνα
174 1469 247 1504 δείξῃ
269 1469 340 1500 τίνες
356 1469 427 1495 εῐσὶν
451 1469 476 1495 ol
493 1468 539 1494 δύο
560 1468 659 1504 κύριοι,
677 1468 769 1503 φησιν·
790 1469 831 1494 οὐ
847 1467 899 1494 δύ-

113 1516 210 1542 νασθε
229 1515 291 1547 Θεῷ
313 1514 469 1541 δουλεύειν
485 1513 533 1541 καὶ
549 1513 709 1549 μαμμω-νᾷ.
733 1513 802 1548 Ἄρα
821 1511 867 1539 οὖν
884 1513 899 1539 ὁ

93 1569 103 1576 ο
113 1559 182 1590 Θεὸς
193 1559 269 1590 Θεὸς,
285 1559 332 1585 καὶ
352 1558 505 1593 μαμμωνᾶς
519 1557 584 1588 Θεὸς
595 1557 641 1583 τοῦ
655 1557 767 1591 κόσμου.
782 1556 831 1583 Διά
845 1556 899 1591 γὰρ

114 1604 163 1632 τοῦ
193 1604 332 1639 μαμμωνᾶ
355 1603 469 1638 καὶτῆς
491 1603 593 1634 κοιλίας
614 1602 667 1628 τῶν
693 1602 739 1628 δύο
762 1601 864 1628 τούτων
882 1602 899 1636 ἡ

115 1651 229 1684 πλείστη
255 1649 335 1683 φύσις
355 1649 409 1675 τῶν
433 1647 583 1684 ἀνθρώπων
605 1647 755 1681 τυφλόητει
776 1645 900 1677 δελεαζο-

115 1697 198 1732 μένη,
214 1696 263 1730 οὐχ
276 1695 328 1721 ὑπὸ
342 1694 408 1721 Θεοῦ
423 1694 540 1720 λαῦοὖσα
555 1694 605 1729 τὴν
618 1694 764 1728 πρόφασιν,
778 1692 844 1719 ἀλλὰ
857 1692 900 1718 διὰ

115 1741 166 1775 τῆς
180 1740 246 1771 ιδίας
265 1739 479 1774 κακομηχανίας,
494 1739 529 1770 ὡς
544 1739 658 1770 ἕκαστος
674 1738 835 1774 ὀρεγόμενος
854 1738 900 1764 ἐπὶ

114 1788 151 1822 τῇ
164 1786 276 1821 ἀπιστίᾳ
287 1786 383 1812 ἑαυτὸν
407 1785 588 1820 παραδίδωσιν
609 1784 763 1820 ὑποχείριον
780 1784 898 1810 πάντων.

116 1832 199 1858 Ὅθεν
211 1832 256 1858 καὶ
265 1833 279 1858 ὁ
294 1831 452 1862 Ἀπόστολος
460 1831 533 1864 λέγει
541 1839 548 1845 ·
569 1829 641 1860 Ῥίζα
653 1830 773 1857 πάντων
784 1829 842 1856 τῶν
851 1838 901 1856 κα-

115 1877 179 1905 κῶν
186 1878 270 1904 ἐστιν
276 1879 294 1912 ἠ
305 1877 491 1912 φιλαργυρία.
502 1877 556 1903 Καὶ
561 1876 605 1903 διὰ
617 1876 697 1904 τοῦτο
706 1876 838 1911 ἐπαρᾶται
849 1884 884 1902 κα
889 1890 898 1895 -

115 1925 152 1959 κῇ
167 1923 440 1959 προλήψειθεοποιίας
451 1922 547 1955 λέγων’
559 1921 781 1956 Τὰβρώματατῇ
791 1921 899 1954 κοιλίᾳ,

115 1969 167 1996 καί
178 1969 197 2003 ἡ
209 1969 308 1995 κοιλία
315 1968 378 2001 τοῖς
385 1967 552 2002 βρώμασιν.
567 1968 598 1993 '0
610 1967 644 1993 δὲ
652 1967 723 1999 Θεὸς
731 1967 778 1994 καὶ
789 1967 902 1999 ταύτην

115 2015 166 2042 καὶ
179 2014 272 2041 ταῦτα
285 2014 464 2048 καταργήσει
473 2023 480 2029 ·
491 2013 666 2049 ἐπαρώμενος
678 2014 794 2047 γαστρὸς
808 2013 900 2040 ἐπιου-

118 2061 203 2096 μίαις.
222 2061 253 2087 Ὀ
266 2060 335 2093 Θεὸς
349 2060 438 2086 τοίνυν
452 2059 505 2086 τοῦ
516 2058 622 2091 αἰῶνος
630 2060 737 2086 τούτου
752 2059 902 2093 ἐτύφλωσε

115 2108 154 2134 τὰ
165 2106 298 2141 νοήματα
308 2105 367 2132 τῶν
377 2106 520 2133 ἀπίστων·-
532 2104 569 2136 ὼς
584 2104 631 2130 καὶ
651 2105 680 2130 έν
693 2104 732 2139 τῷ
746 2104 902 2138 Εὑαγγελίῳ

116 2152 272 2186 εὑρίσκεται
283 2152 297 2177 ὁ
307 2151 486 2185 γραμματεὺς
494 2149 600 2185 πρῶτος
609 2149 655 2175 καὶ
668 2149 791 2184 δεύτερος
801 2149 886 2183 λέγων
893 2159 901 2165 ·

597 1061 645 1095 qui
672 1067 811 1095 nunquam
836 1068 899 1087 esse
915 1060 1030 1087 desinet.

984 1103 1076 1131 LXIX.
1092 1103 1178 1137 Quem
1193 1111 1257 1131 vero
1269 1107 1465 1132 commemorat
1477 1104 1635 1140 Apostolus,
1648 1107 1734 1135 ultro-

949 1158 1002 1185 que
1024 1150 1058 1178 ab
1093 1150 1246 1177 inﬁdelibus
1267 1150 1422 1185 adoptatum
1441 1151 1613 1186 ascitumque
1628 1157 1733 1188 narrat,

949 1204 1005 1224 non
1022 1204 1105 1223 unum
1119 1196 1193 1222 illum
1223 1196 1365 1230 solumque
1379 1196 1470 1223 saeculi
1483 1196 1563 1231 hujus
1577 1205 1637 1225 esse
1648 1197 1733 1226 Deum

949 1242 1022 1275 dico,
1038 1242 1086 1270 sed
1101 1242 1203 1277 plures,
1220 1242 1319 1277 quibus
1336 1249 1365 1269 se
1378 1241 1500 1269 inﬁdeles
1516 1242 1692 1278 subjecerint,
1707 1248 1735 1272 et

949 1288 1049 1316 animis
1078 1287 1208 1315 obcaecati
1231 1287 1297 1314 sint.
1329 1286 1562 1320 Quemadmbdum
1589 1289 1645 1316 alio
1674 1290 1734 1319 loco

950 1333 1037 1361 dicit:
1058 1333 1177 1366 Quorum
1200 1333 1271 1360 Deus
1287 1338 1374 1360 venter
1391 1338 1441 1365 est,
1457 1338 1483 1360 et
1499 1334 1586 1369 αισι-ἕο
1600 1335 1627 1362 in
1641 1336 1735 1371 confu-

949 1381 1022 1408 sione
1036 1381 1180 1415 ipsorum'.
1209 1380 1276 1407 ltem
1295 1381 1323 1407 in
1339 1379 1484 1415 Evangelio
1500 1381 1630 1410 Dominus
1644 1392 1650 1409 :
1672 1383 1735 1410 Non

949 1426 1056 1460 potestis
1066 1425 1165 1452 duobus
1177 1425 1290 1452 dominis
1302 1425 1422 1452 seruire’.
1432 1425 1534 1453 Deinde
1547 1427 1640 1454 multis
1651 1427 1739 1455 inter.

947 1471 1039 1505 jectis.
1054 1474 1082 1498 ut
1098 1471 1207 1505 quinam
1221 1470 1274 1498 duo
1287 1470 1324 1497 illi
1335 1470 1436 1498 domini
1449 1475 1541 1498 essent
1555 1472 1712 1500 ostenderet
1725 1483 1732 1500 :

951 1515 1013 1543 Non
1044 1516 1162 1550 potestis,
1185 1517 1282 1551 inquit,
1307 1517 1403 1544 servire
1423 1516 1475 1544 Deo
1497 1522 1523 1544 et
1550 1519 1734 1546 mammona".

951 1560 1131 1593 Quamobrem
1151 1565 1178 1588 ct
1193 1561 1264 1589 Deus
1279 1569 1342 1589 vere
1358 1561 1428 1589 Deus
1448 1566 1499 1594 est,
1520 1566 1547 1590 et
1567 1571 1736 1591 mammonas

950 1606 1033 1642 hujus
1050 1606 1144 1634 mundi
1161 1607 1241 1634 Deus.
1268 1607 1335 1634 Nam
1352 1607 1506 1640 amborum,
1523 1608 1575 1636 hoc
1590 1613 1632 1637 est
1647 1617 1735 1637 mam-

951 1660 1038 1680 mona!
1062 1660 1094 1680 ac
1117 1653 1231 1685 ventris,
1248 1653 1373 1680 illecebra
1396 1653 1508 1687 pellecta
1533 1655 1648 1681 maxima
1671 1663 1734 1690 pars

951 1698 1104 1724 mortalium
1121 1702 1289 1730 exczecatur;
1318 1698 1397 1731 cujus
1412 1698 1521 1732 quidem
1539 1699 1646 1733 culpam
1664 1699 1735 1728 Deus

951 1742 1063 1769 minime
1084 1742 1211 1774 sustinet,
1231 1743 1279 1769 sed
1300 1743 1404 1776 privata
1427 1742 1535 1769 illorum
1562 1743 1734 1779 improbitas,

951 1794 1001 1820 pro
1012 1793 1045 1813 eo
1061 1793 1093 1813 ac
1106 1787 1222 1822 quisque
1237 1787 1385 1821 cupiditate
1408 1787 1506 1814 ductus
1522 1795 1569 1823 per
1588 1789 1734 1817 inlidelita-

952 1835 1004 1858 tem
1019 1831 1170 1866 subjectum
1188 1832 1270 1868 690
1283 1840 1313 1860 se
1327 1833 1454 1860 omnibus
1467 1833 1669 1868 obnoxiumque
1682 1839 1736 1862 tra-

952 1877 1063 1903 diderit.
1080 1877 1149 1904 Hinc
1161 1878 1228 1905 illud
1236 1878 1358 1912 Apostoli
1371 1878 1474 1906 dictum
1485 1888 1491 1905 :
1507 1879 1594 1906 Radix
1605 1881 1736 1908 malorum

952 1923 1068 1949 omnium
1088 1928 1127 1950 est
1142 1924 1256 1950 avaritia
1265 1925 1286 1951 ⁵.
1311 1923 1380 1951 lliuc
1396 1929 1587 1960 praesumptam
1608 1927 1681 1952 illam
1704 1934 1736 1954 ac

951 1968 1124 2004 depravatum
1140 1969 1268 1997 falsorum
1284 1969 1396 1997 deorum
1411 1970 1566 2005 opinionem
1579 1977 1738 2000 exsecratur

952 2014 995 2041 his
1009 2015 1116 2042 verbis:
1135 2014 1206 2042 Esca
1220 2016 1301 2043 ventri
1322 2021 1348 2042 et
1367 2021 1454 2043 venter
1465 2017 1542 2044 escis.
1559 2017 1630 2045 Deus
1648 2023 1735 2046 autent

952 2059 1055 2099 ethunc
1070 2065 1095 2086 et
1110 2060 1172 2097 ittas
1186 2060 1328 2088 destruet‘.
1351 2061 1456 2094 Quibus
1471 2062 1562 2090 verbis
1577 2064 1680 2091 ventris
1691 2072 1737 2091 cu-

953 2105 1081 2139 piditutcs
1092 2106 1136 2133 ille
1146 2106 1296 2134 detestatus
1307 2112 1358 2134 cst.
1372 2107 1442 2134 Deus
1455 2108 1546 2142 itaque
1556 2109 1646 2135 stt-culi
1659 2109 1736 2144 hujus

952 2151 1093 2177 exca’cauit
1113 2156 1211 2178 mentes
1231 2152 1407 2186 infidelium".
1438 2153 1498 2185 Quo
1522 2153 1588 2180 illud
1608 2154 1736 2188 pertinet,

118 2197 153 2224 Τί
180 2197 309 2231 ποιήσας
332 2196 408 2230 ζωὴν
426 2195 546 2222 αἰώνιον
563 2194 795 2229 κληρονομήσω;
819 2196 848 2221 ’0
872 2195 897 2221 δὲ

953 2195 1026 2230 quod
1038 2196 1064 2222 in
1078 2195 1222 2231 Evangelia
1235 2197 1357 2232 legimus,
1368 2198 1483 2231 primum
1495 2198 1571 2225 illum
1583 2202 1610 2226 et
1620 2199 1735 2226 alterum

117 2245 170 2279 ἔφη
181 2253 188 2259 ·
211 2244 281 2278 Τίμα
299 2242 352 2269 τὸν
368 2242 480 2276 πατέρα
502 2241 551 2268 καὶ
570 2241 628 2274 τὴν
643 2240 757 2274 μητέρα
777 2240 852 2266 κατὰ
867 2241 900 2266 τὸ

117 2289 329 2324 γεγραμμένον.
346 2288 383 2314 Οὐ
407 2288 461 2323 γὰρ
489 2285 523 2322 ἦν
542 2286 669 2321 ἀλλότρια
683 2285 716 2311 τὰ
735 2284 782 2311 τοῦ
807 2285 900 2320 νόμου.

123 2334 260 2366 Ὡσαύτως
271 2335 286 2360 ὁ
299 2333 398 2368 Κύριος
411 2333 531 2360 διδάσκει
546 2331 619 2366 ζωῆς
640 2331 818 2366 κληρονομίας
833 2329 902 2356 εῖναι

115 2380 168 2415 τὴν
195 2379 395 2414 παραφυλακὴν
417 2378 463 2404 τοῦ
487 2377 580 2412 νόμου.
606 2375 671 2404 Εἶτά
699 2384 780 2411 φησι·
808 2376 903 2402 Ταῦτα

116 2426 219 2453 πάντα
240 2425 370 2458 ἐποίησα
393 2425 427 2451 ἐκ
448 2424 589 2457 νεότητός
609 2432 681 2457 μου.
711 2422 763 2448 Καὶ
783 2421 902 2453 ἀκούσας

115 2473 215 2508 ἐχάρη,
228 2472 271 2498 ἵνα
283 2471 356 2506 δείξῃ
366 2470 414 2501 τὰς
427 2470 535 2500 ἐντολὰς
548 2469 594 2495 τοῦ
608 2469 690 2503 νόμον
702 2469 752 2494 οὐκ
763 2467 902 2502 ἀλλοτρίας

116 2520 168 2553 τῆς
183 2518 263 2544 αὑτοῦ
277 2517 401 2552 θεότητος
413 2515 597 2551 ὑπαρχούσας.
616 2514 665 2541 Διὰ
679 2514 732 2549 γὰρ
747 2513 793 2540 τοῦ
805 2515 901 2544 εἰπεῖν,

116 2568 158 2594 ὄτι
176 2566 272 2601 ἐχάρη,
296 2564 492 2599 συγκατάθεσιν
507 2563 652 2597 ἐποιήσατο
670 2562 792 2592 Παλαιᾶς
807 2560 902 2595 Διαθή-

117 2622 170 2648 κης
184 2612 251 2648 πρὸς
268 2612 340 2638 Νέαν
357 2610 503 2646 Διαθὴκην.
520 2608 599 2635 ’Λλλά
616 2615 697 2642 φησι’
719 2607 749 2633 Τί
763 2606 806 2633 ἔτι
820 2608 903 2633 ὑστε-

113 2658 174 2694 ρῶ,
190 2659 245 2685 Καὶ
267 2658 332 2692 φησὶ
350 2656 417 2692 πρὸς
431 2656 526 2682 αὐτόν·
548 2655 582 2680 El
602 2654 698 2686 θέλεις
718 2653 832 2685 τέλειος
855 2661 902 2686 τε-

116 2704 238 2735 νέσθαι,
261 2702 403 2735 πώλησον
426 2701 461 2727 τὰ
487 2696 660 2733 ὑπάρχοντά
683 2707 747 2730 σοι,
774 2696 824 2724 καὶ
851 2697 903 2730 δὸς

954 2241 1059 2268 dixisse
1074 2242 1192 2269 scribam
1205 2251 1210 2269 :
1229 2242 1298 2275 Quid
1309 2243 1430 2276 faciendo
1445 2244 1527 2270 vitam
1541 2248 1665 2270 (uernam
1677 2254 1725 2271 can

952 2287 1071 2321 sequar?
1096 2286 1216 2318 Honora,
1240 2287 1337 2321 inquit,
1359 2292 1459 2321 patrem
1479 2292 1503 2314 et
1528 2292 1649 2318 matrem,
1669 2289 1736 2316 sicut

952 2331 1078 2365 scriptum
1099 2332 1165 2359 est“.
1197 2331 1255 2358 Non
1275 2332 1346 2358 enim
1364 2332 1450 2359 aliena
1473 2332 1540 2367 legis
1558 2337 1638 2360 erant.
1654 2335 1689 2361 ab
1705 2342 1737 2362 eo

953 2377 1094 2411 mandata;
1120 2377 1286 2412 perindeque
1307 2372 1435 2404 Dominus
1451 2378 1525 2405 illius
1546 2378 1737 2409 observatione

953 2423 1013 2450 vitae
1025 2424 1145 2450 caelestis
1157 2423 1341 2450 litereditatem
1356 2423 1471 2451 obtineri
1489 2425 1591 2451 docuit.
1616 2425 1738 2459 Subjecit

952 2469 986 2496 ad
1006 2469 1062 2496 [nec
1074 2469 1184 2503 juvenis
1200 2468 1281 2496 :Ilwe
1297 2469 1385 2497 omnia
1401 2471 1500 2496 servavi
1513 2471 1546 2496 ab
1561 2470 1738 2498 adolescentia

952 2515 1036 2542 rnea’.
1055 2514 1115 2548 Quo
1129 2514 1221 2542 audito
1235 2514 1358 2542 Christus
1373 2515 1484 2550 gavisus
1499 2520 1552 2548 est,
1570 2520 1599 2543 ut
1610 2517 1737 2545 ostende-

953 2566 994 2588 ret
1010 2569 1024 2587 a
1038 2561 1180 2588 divinitate
1200 2569 1248 2588 sua
1271 2569 1440 2596 nequaquam
1458 2567 1590 2597 praecepta
1608 2562 1674 2597 legis
1689 2563 1738 2589 ab—

955 2607 1074 2634 horrere.
1101 2607 1168 2634 Cum
1190 2607 1260 2634 enim
1286 2607 1395 2642 gavisus
1418 2615 1478 2635 esse
1499 2608 1609 2640 dicitur,
1629 2607 1736 2635 Veteris

954 2653 1119 2680 Testamenti
1134 2661 1196 2680 cum
1208 2652 1282 2680 Novo
1296 2653 1506 2681 consensionem
1519 2662 1551 2681 ac
1563 2653 1738 2680 concordiam

947 2698 1079 2736 astruxit.
1092 2698 1210 2726 lustante
1222 2706 1285 2726 vero
1302 2699 1474 2726 adolescente
1503 2703 1540 2732 et,
1570 2698 1641 2732 Quid
1652 2697 1736 2725 adhuc

165 2784 190 2810 ¹Ι
209 2784 273 2812 Cor.
293 2791 312 2813 ι,
332 2783 360 2809 3.
397 2783 407 2797 '
419 2781 534 2816 Philipp.
548 2780 646 2811 "1,19.
662 2815 666 2816 ν
684 2780 693 2796 ³
705 2779 807 2816 Matth.
823 2787 861 2812 vt,
878 2778 924 2806 24.
966 2779 978 2795 ⁸
997 2779 1061 2808 ibid.
1082 2779 1112 2807 ⁵1
1128 2779 1198 2808 Tim.
1213 2788 1251 2814 vt,
1265 2780 1309 2808 10.
1346 2781 1356 2796 ⁶
1371 2781 1379 2808 Ι
1393 2780 1452 2809 Cor.
1473 2788 1510 2812 vr,
1531 2779 1564 2807 I3
1612 2778 1656 2808 'II
1668 2778 1737 2810 Cor.

237 2819 248 2835 ‘
270 2818 362 2847 Matth.
381 2825 436 2848 xix,
454 2815 548 2843 ιϋὲιυ.
585 2816 596 2831 ⁹
613 2815 680 2843 ibid.
697 2815 742 2843 20.

304 2865 437 2894 Pnnot.
453 2863 512 2893 Gn.
537 2861 632 2892 XLll.

119 2827 157 2852 ιν,
171 2819 199 2848 4.

1539 2859 1560 2891 5
