1939 3036
229 134 281 163 139

913 131 942 157 S.
962 129 1134 157 EPIPHANI]

1803 132 1851 160 H0

228 194 292 221 mihi
311 192 404 220 deest?
425 193 623 228 interrogante,
645 191 778 219 Dominus
799 191 954 226 respondit:
986 191 1015 218 Si

1069 189 1204 224 πτωχοῖς,
1218 190 1268 216 καὶ
1279 190 1352 217 λάϐε
1368 188 1421 216 τὸν
1431 190 1562 225 σταυρόν
1579 197 1637 218 σου
1647 199 1654 206 ·
1670 191 1718 218 καὶ
1732 191 1853 219 ἀκολού-

229 241 267 268 vis
280 239 409 274 perfectus
420 247 486 270 esse,
497 238 576 266 vende
585 246 644 271 que
657 237 747 269 habes,
759 242 783 265 et
797 237 832 264 da
846 238 1016 272 pauperibus,

227 292 252 313 et
268 294 342 312 sume
361 293 464 312 crucem
486 289 575 315 tuam,
604 289 628 311 et
651 291 756 318 sequere
776 291 834 314 me;
858 288 882 310 et
911 283 1016 310 habebis

228 332 381 358 thesaurum
402 331 428 357 in
445 329 520 357 caelo.
547 330 582 356 At
597 329 642 356 ille
659 329 744 356 tristis
765 329 848 360 abiit;
871 333 928 356 erat
946 330 1015 356 enim

227 377 372 404 admodum
388 375 458 403 dives
471 375 489 402 '.
513 374 570 402 Sub
587 375 644 402 haec
660 375 807 403 Dominus:
829 375 948 402 Facilius
966 380 1015 408 est,

227 423 326 458 inquit,
351 421 481 448 camelum
503 428 552 455 per
575 420 694 455 foramen
716 429 778 448 acus
801 420 913 456 ingredi,
937 429 1017 456 quant

225 469 333 496 divitem
347 467 374 494 in
390 475 498 502 regnum
513 467 637 494 caelorum
647 467 668 494 ‘.

262 514 323 542 Ideo
342 514 415 541 enim
431 513 537 548 ingredi
559 519 709 548 nequeunt,
727 513 799 548 quod
820 520 835 540 a
855 513 907 540 deo
924 514 1016 540 saeculi

226 560 309 595 hujus
325 559 455 587 obcaecati
471 558 584 590 fuerint,
596 562 624 586 et
635 566 819 586 mammonam
833 566 884 594 pro
900 558 954 586 Deo
970 559 1016 585 ha-

226 607 290 633 ltere
305 605 484 638 instituerint,
506 612 538 632 ac
555 613 585 632 se
599 604 717 639 denique
732 605 824 632 saeculi
841 605 892 631 deo
906 609 1015 639 sponte,

226 652 279 679 hoc
295 656 337 679 est
353 651 484 684 avaritim,
498 650 676 685 subiecerint.
698 650 738 677 Ad
754 651 825 685 quod
843 651 907 679 illud
926 650 1018 677 Salva-

227 698 294 725 toris
312 701 434 733 spectat:
467 697 598 724 Attettdite
616 705 632 722 α
660 696 788 731 fermento
806 695 1015 727 Pharisa'orum,

226 743 295 773 quod
307 747 345 770 est
359 742 531 778 hypocrisis‘.
565 741 626 768 Alio
647 749 712 768 vero
727 741 796 773 loco,
816 742 884 775 quod
899 747 938 768 est
954 750 1017 768 ava-

227 790 300 816 ritia.
311 788 396 822 Cujus
411 793 439 815 ut
454 788 572 815 fructum
588 795 711 822 opusqtte
725 787 902 822 signiﬁcaret,
921 787 1015 820 Duces,

228 834 333 868 inquit,
357 834 421 860 cmci
443 839 514 860 sunt.
539 832 630 860 Cacus
654 837 740 859 autem
762 840 858 859 arcum
881 833 904 859 si
923 832 1014 865 ducat,

1068 239 1111 263 θει
1123 245 1188 271 μοι’
1214 237 1262 263 καὶ
1282 237 1362 269 ἕξεις
1380 237 1535 270 θησαυρὸν
1558 237 1592 263 ὲν
1614 236 1741 271 οὐρανῷ.
1766 238 1796 264 ’0
1819 238 1851 264 δὲ

1067 281 1185 316 ἀπῆλθε
1200 283 1404 316 λυπούμενοςε
1423 280 1463 316 ἦν
1482 282 1538 316 τὰρ
1557 282 1706 320 πλούσιος
1725 283 1850 317 σφόδρα.

1067 327 1133 354 Εἷτα
1148 328 1163 353 ὀ
1182 327 1284 363 Κύριος
1308 327 1359 362 ἔφη
1371 334 1378 341 ·
1395 327 1609 361 Εὐκοπώτερόν
1629 327 1694 353 ἐστι
1718 327 1852 361 κάμηλον

1067 373 1116 400 διὰ
1134 373 1296 408 τρυμαλιᾶς
1303 372 1432 408 ῥαφίδος
1445 373 1594 400 εισελθεῖν
1602 393 1609 406 ,
1622 373 1642 407 ἢ
1658 373 1809 400 πλούσιον
1819 373 1853 399 ἐν

1067 419 1105 453 τῇ
1113 420 1257 453 βασιλείᾳ
1270 419 1329 446 τῶν
1339 419 1484 453 οὐρανῶν.

1102 507 1139 533 Οὐ
1163 506 1273 533 δύναται
1292 506 1348 542 γὰρ
1363 506 1509 538 εἰσελθεῖν,
1523 506 1564 533 ὅτι
1585 505 1780 540 ὲτυφλώθησαν
1803 505 1853 531 ὑπὸ

1066 552 1113 579 τοῦ
1144 552 1205 579 θεοῦ
1231 552 1278 579 τοῦ
1299 552 1407 584 αἰῶνος,
1430 552 1600 587 ἡγησάμενοι
1626 551 1672 577 τὸν
1698 552 1852 586 μαμμωνᾱν

1067 598 1170 625 ἑαυτῶν
1186 598 1266 630 Θεὸν,
1287 599 1333 625 καὶ¹
1355 599 1467 629 ἑαυτοὺς
1485 598 1656 633 ὑποχειρίους
1674 597 1852 632 πεποιηκότες

1066 643 1106 678 τῷ
1125 643 1179 678 θεῷ
1191 642 1238 669 τοῦ
1251 642 1349 674 αἰῶνος
1364 642 1469 673 τούτου,
1485 642 1608 668 τουτέστι
1623 642 1655 676 τῇ
1669 641 1851 676 φιλαργυρίᾳ·

1067 690 1104 721 ὡς
1121 689 1210 723 λέγει·
1235 690 1403 723 Προσέχετε
1427 688 1485 716 ἀπὸ
1506 688 1561 722 τῆς
1580 687 1672 722 ᾆᾶμης
1693 687 1749 722 τῆς
1766 688 1852 720 Φαρι-

1066 736 1177 766 σαίων,
1191 734 1258 768 ἣτις
1273 735 1358 762 ἐστὶν
1372 735 1548 768 ὑπόκρισις·
1562 735 1609 762 καὶ
1625 735 1654 761 ὲν
1673 734 1745 769 ἄλλῳ
1760 733 1851 768 τόπῳ·

1067 781 1134 814 ἣτις
1157 781 1222 807 ἐστὶ
1243 780 1432 815 φιλαργυρία.
1455 781 1510 806 Καὶ
1531 780 1575 807 ἵνα
1600 779 1674 816 δείξῃ
1698 779 1802 814 ταύτης
1824 780 1853 806 τὺ

1066 827 1240 862 ἀποτέλεσμα
1256 826 1304 853 καὶ
1322 826 1352 852 τὺ
1369 826 1459 861 ἔργον,
1475 826 1563 860 λέγει·
1589 825 1708 860 Ὀδηγυί
1723 826 1792 852 είσι⁸
1805 834 1854 852 τυ-

227 879 305 906 amba
321 880 349 905 in
371 878 473 912 foveam
489 877 612 904 cadent‘.
638 876 715 910 Quod
739 877 865 904 videlicet
885 885 934 905 sua
955 878 1016 905 illos

1069 873 1148 906 φλοι.
1167 872 1284 906 Τυφλὸς
1300 872 1334 898 δὲ
1351 872 1469 906 τυφλὸν
1485 871 1617 905 ὁδηγῶν,
1635 871 1796 906 ἀμφότεροι
1811 872 1854 903 εἰς

223 925 372 953 excmcarit
388 925 512 956 avaritia,
528 924 574 958 qui
590 926 632 951 est
650 923 731 958 hujus
748 923 840 950 smculi
859 924 926 951 deus
938 944 946 954 ,
968 931 1016 950 ne-

228 979 282 1007 que
297 972 332 999 ob
348 978 408 998 eam
427 970 576 997 caecitatem
593 969 621 996 in
644 977 740 996 eorum
756 969 885 996 cordibus
902 977 1017 1004 evange-

229 1017 299 1044 licus
312 1016 357 1043 ille
370 1015 499 1051 splendor
511 1014 638 1041 illuxerit.
653 1013 741 1048 Atque
753 1013 810 1041 haec
824 1014 881 1049 ipsa
895 1015 1018 1048 pecnnim

227 1061 368 1096 cupiditas
396 1068 450 1087 non
467 1059 547 1087 ntodo
558 1058 655 1086 Judam
670 1059 827 1092 excatcavit,
840 1059 887 1087 sed
901 1064 928 1086 et
942 1059 1016 1086 Ana-

228 1109 282 1135 niae
296 1114 391 1135 necem
406 1106 508 1138 attulit,
523 1109 550 1133 et
565 1105 708 1140 plerosque
721 1105 791 1133 alios
806 1105 948 1133 exstinxit.
967 1104 1017 1132 llic

228 1158 282 1186 est,
297 1153 421 1188 inquam,
437 1152 520 1187 hujus
534 1152 626 1179 saeculi
648 1151 727 1184 deus,
737 1158 818 1185 quem
834 1158 885 1186 pro
901 1150 1017 1178 Deosibi

229 1199 390 1234 adoptantes
402 1197 538 1230 homines,
549 1204 611 1225 cum
623 1196 647 1224 ei
660 1196 821 1224 honorando
833 1196 1016 1228 studuissent,

229 1245 375 1273 Dominum
392 1247 633 1278 contempserunt:
650 1243 724 1278 quod
739 1243 783 1270 his
798 1243 856 1278 ipse
870 1242 961 1270 verbis
976 1242 1017 1268 ἰη-

229 1289 318 1316 dicat:
338 1287 424 1315 Unum
439 1287 619 1321 amplectetur,
637 1287 750 1314 alterum
761 1291 918 1314 contemnet.
934 1287 1015 1322 691

230 1334 292 1362 Non
316 1334 424 1369 potestis
445 1333 499 1361 Dea
523 1333 620 1361 servire
637 1337 663 1360 et
686 1333 873 1360 mammonw‘.
899 1332 1017 1360 Videsne

229 1387 311 1415 quam
340 1379 443 1406 diserte
468 1378 666 1413 perspicueque
693 1385 739 1405 res
767 1382 826 1406 tota
846 1377 1018 1406 declaretur?

220 1426 296 1453 Nam
307 1425 399 1453 nullus
410 1424 479 1452 alter
490 1424 560 1452 Deus
570 1427 622 1458 est,
635 1431 685 1451 nec
697 1424 725 1451 in
735 1424 818 1456 coelo,
831 1431 881 1452 nec
893 1424 921 1451 in
931 1428 1016 1457 terra,

230 1477 280 1497 nec
299 1469 363 1497 ullis
379 1469 440 1496 aliis
462 1469 491 1496 in
508 1469 586 1500 locis,
611 1473 710 1503 praeter
729 1476 813 1497 unum
837 1469 957 1502 Patrem,
983 1477 1017 1496 ex

230 1523 284 1549 quo
308 1515 419 1548 omnia;
446 1518 474 1542 et
495 1522 579 1542 unum
605 1514 748 1542 Dominum
774 1519 901 1543 nostrum
922 1514 1017 1542 Iesum

1064 917 1200 949 βόθυνον
1212 917 1423 952 ἐμπεσοῦνται.
1445 916 1553 952 Ἐπειδὴ
1569 916 1623 952 γὰρ
1639 915 1794 950 ἐτύφλωσεν
1807 917 1855 942 αὺ-

1066 962 1129 994 τοὺς
1149 963 1166 997 ἡ
1183 962 1361 998 φιλαργυρία,
1385 963 1400 988 ὁ
1415 961 1475 994 θεὸς
1490 962 1538 988 τοῦ
1561 961 1658 993 αἰῶνος
1678 961 1784 993 τούτου,
1807 961 1854 988 καὶ

1067 1007 1097 1033 οὐ
1118 1007 1293 1042 κατηύγασεν
1311 1007 1326 1033 ὁ
1342 1007 1481 1042 φωτισμὸς
1494 1007 1542 1033 τοῦ
1563 1006 1727 1041 Εὐαγγελίου
1743 1007 1772 1033 ἑν
1795 1007 1855 1038 ταῖς

1067 1053 1192 1089 καρδίαις
1207 1052 1297 1080 αὐτῶν
1307 1073 1315 1086 ,
1331 1053 1376 1080 διὰ
1390 1053 1421 1080 τὸ
1441 1053 1628 1088 τετυφλῶσθαι
1642 1053 1707 1089 περὶ
1727 1053 1777 1088 τὴν
1793 1053 1854 1088 φιλ-

1067 1098 1211 1134 αργυρίαν.
1232 1097 1306 1134 Αὕτη
1327 1098 1382 1134 γὰρ
1395 1099 1441 1125 τὸν
1467 1098 1567 1125 Ἰούδαν
1586 1098 1755 1132 ἐτύφλωσεν·
1784 1098 1854 1133 αὕτη

1067 1143 1115 1169 καὶ
1139 1143 1202 1174 τοὺς
1219 1143 1283 1178 περὶ
1307 1143 1431 1170 Ἁνανίαν
1453 1143 1630 1170 ἀπέκτεινεν⁹
1651 1142 1721 1179 αὕτη
1741 1143 1855 1174 πολλοὺς

1069 1188 1218 1225 ήφάνησεν.
1240 1185 1325 1220 Οὗτός
1345 1190 1419 1216 ἐστιν
1437 1190 1452 1216 ὁ
1473 1189 1534 1221 θεὸς
1551 1189 1598 1216 τοῦ
1622 1189 1719 1220 αἰῶνος
1742 1189 1854 1216 τούτου·

1068 1235 1097 1262 ὃν
1118 1235 1299 1270 αίρησάμενοι
1320 1235 1387 1263 Θεὸν
1410 1236 1434 1262 οί
1460 1235 1598 1271 ἄνθρωποι
1621 1235 1786 1262 ἐπελάϐοντο
1807 1236 1857 1271 τῆς

1067 1281 1135 1317 πρὸς
1152 1281 1234 1308 αὑτὸν
1248 1281 1342 1316 τιμῆς,
1355 1282 1404 1308 καὶ
1417 1281 1622 1317 κατεφρόνησαν
1633 1281 1681 1307 τοῦ
1692 1281 1808 1316 Κυρίου,
1819 1282 1857 1312 ὡς

1066 1325 1158 1360 λέγει·
1182 1325 1236 1354 Τοῦ
1256 1326 1314 1361 μὲν
1329 1326 1399 1360 ἐνὸς
1422 1326 1593 1359 ἀνθέξεται,
1617 1327 1671 1354 τοῦ
1693 1327 1728 1354 δὲ
1753 1326 1857 1361 ἐτέρου

1067 1372 1299 1407 καταφρονήσει.
1321 1373 1362 1399 οὐ
1383 1372 1517 1400 δύνασθε
1533 1372 1594 1405 Θεῷ
1613 1372 1785 1406 δουλεύειν,
1807 1373 1858 1400 καὶ

1064 1417 1220 1453 μαμμωνᾷ.
1239 1417 1295 1444 Καὶ⁵
1313 1418 1380 1454 ὁρᾷς
1399 1417 1488 1453 ῥητῶς
1507 1419 1554 1445 καὶ
1574 1418 1667 1454 σαφῶς
1692 1419 1721 1445 τὸ
1740 1420 1858 1454 πρᾶγμα

1067 1464 1300 1500 ὲρμηνευόμενον;
1332 1463 1426 1495 Οὐδεὶς
1451 1464 1506 1499 γὰρ
1528 1463 1568 1490 ἐνι
1591 1464 1683 1499 ἕτερος
1708 1464 1785 1495 Θεὸς,
1807 1465 1858 1491 οὐκ

1067 1511 1097 1537 ὲν
1110 1510 1227 1546 οὐρανῷ,
1241 1509 1291 1536 οὐκ
1304 1510 1334 1536 ὲν
1347 1510 1380 1544 τῇ
1397 1510 1444 1544 γῇ,
1456 1510 1506 1536 οὐκ
1525 1510 1554 1536 ὲν
1567 1510 1635 1536 πᾶσι
1654 1510 1775 1545 χωρίοις,
1788 1510 1857 1537 ἀλλὰ

229 1560 381 1592 Christum,
395 1567 442 1594 per
455 1566 536 1594 quem
548 1559 655 1592 omnia;
667 1563 695 1587 et
709 1567 793 1587 unum
805 1559 937 1595 Spiritum
951 1567 1015 1588 san-

1069 1553 1107 1588 εῖς
1121 1556 1227 1592 Πατὴρ,
1242 1555 1272 1587 ἐξ
1286 1552 1316 1583 οὗ
1330 1555 1364 1582 τὰ
1379 1555 1482 1586 πάντα,
1504 1556 1551 1582 καὶ
1571 1553 1611 1587 εἷς
1627 1555 1729 1591 Κύριος
1753 1556 1857 1592 Ἰησοῦς

229 1610 315 1639 ctum,
330 1605 358 1632 in
373 1612 429 1640 quo
444 1604 535 1632 omnia
549 1613 557 1638 ;
577 1613 638 1640 quae
650 1610 693 1632 est
703 1607 868 1641 sempiterna
884 1605 1016 1640 Trinitas,

228 1656 256 1681 et
273 1659 327 1679 una
345 1651 485 1688 divinitas,
495 1651 540 1679 cui
550 1658 600 1678 nec
613 1651 743 1680 accedere
759 1652 898 1687 quidpiam
915 1655 1016 1687 potest,

229 1706 280 1726 nec
290 1697 433 1726 decedere.

264 1785 347 1814 LXX.
366 1785 418 1813 Sed
436 1785 491 1821 jam
507 1785 541 1813 ad
561 1785 614 1812 alia
629 1789 814 1818 transeamus,
835 1790 917 1820 atque
935 1785 1018 1820 hujus

230 1833 334 1863 bestiae,
349 1836 375 1859 et
390 1831 506 1864 inimici,
517 1835 598 1866 atque
611 1832 775 1859 insecutoris
787 1832 899 1867 laqueos
914 1831 1017 1859 discer-

231 1885 337 1913 pamus,
353 1885 369 1904 ο
381 1877 536 1904 charissitni
550 1878 556 1903 l
579 1876 647 1904 adeo
664 1881 694 1903 ut
712 1884 773 1912 quae
785 1877 820 1904 ab
835 1877 881 1904 illo
894 1876 1019 1904 aﬂectata

230 1922 376 1950 verborum
401 1921 521 1948 novitate
536 1920 675 1955 disputata
690 1925 755 1947 sunt
769 1920 803 1947 ad
818 1920 941 1948 veritatis
958 1928 1018 1948 ser-

230 1966 556 1997 monemtransl‘eramus,
564 1966 591 1993 in
600 1973 693 1993 eorum
703 1966 829 2001 gratiam,
841 1965 887 2000 qui
895 1966 1018 1993 veritatis

230 2013 430 2048 cognoscendae
441 2013 577 2040 desiderio
588 2016 726 2043 tenentur,
741 2016 822 2046 atque
831 2011 866 2039 ab
874 2011 956 2046 impia
963 2011 1019 2038 hae-

230 2066 328 2087 rescon
344 2059 466 2085 omnium
488 2058 611 2085 doctrina
633 2057 754 2084 animum
773 2061 895 2084 avertere
912 2056 1017 2083 volunt.

231 2105 321 2140 Pergit
334 2104 417 2140 igitur
432 2105 518 2139 legem
531 2111 562 2130 ac
574 2104 720 2139 prophetas
735 2103 922 2137 perstringens
937 2102 1019 2129 homo

230 2155 285 2177 tam
301 2150 434 2182 veritatis,
448 2157 528 2186 quam
547 2148 670 2184 Spiritus
687 2148 786 2180 sancti,
805 2148 853 2182 qui
868 2147 896 2174 in
912 2147 972 2182 lege
987 2154 1019 2174 ac

230 2196 370 2232 prophetis
394 2197 501 2223 locutus
525 2199 578 2226 est.
604 2195 747 2226 inimicus;
780 2198 862 2229 atque
887 2193 1018 2222 adversus

229 2244 352 2270 omnium
369 2242 537 2269 conditorem
552 2242 647 2272 Deum.
660 2242 706 2276 qui
722 2242 748 2268 in
762 2241 821 2276 lege
832 2249 864 2268 ac
878 2241 1018 2276 prophetis

230 2290 339 2317 locutus
353 2294 405 2321 est,
420 2289 600 2322 eumdemque
612 2288 719 2315 Domini
736 2288 824 2316 nostri
835 2287 899 2316 Jesu
917 2288 1020 2316 Christi

231 2335 351 2366 Patrem,
375 2343 407 2362 ex
421 2343 471 2370 quo
485 2335 569 2362 omnis
586 2335 732 2370 palcrnitas
744 2335 771 2362 in
791 2335 854 2362 caelo
869 2339 893 2362 et
906 2335 934 2362 in
947 2339 1020 2362 terra

231 2382 385 2408 nominatur
393 2381 414 2412 ‘,
430 2381 521 2407 laxata
535 2380 672 2408 eﬂ‘renatm
682 2381 781 2417 linguae
794 2381 945 2416 petulantia
960 2389 1018 2408 om-

232 2428 274 2454 nis
292 2427 367 2453 illum
379 2426 537 2461 cupiditatis
550 2431 699 2459 auctorem,
714 2435 746 2454 ac
758 2427 885 2459 caedium,
900 2427 1020 2461 reliquo-

232 2479 347 2507 rumque
365 2471 517 2499 facinorum
534 2473 675 2501 exstitisse
689 2473 785 2505 docet;
809 2472 910 2507 quippe
931 2472 976 2507 qui
991 2476 1018 2500 et

232 2523 322 2546 vestes
332 2517 468 2553 [Egyptiis
485 2518 591 2553 eripere
605 2519 749 2554 jusserit’,
763 2523 790 2546 et
807 2526 869 2545 cum
884 2518 1017 2545 sacriﬁcia

232 2564 459 2597 sibimetotl‘erre,
473 2569 528 2591 lum
538 2572 707 2600 quascunque
719 2565 771 2591 alia
785 2564 850 2599 legis
859 2564 1019 2599 praescripto

232 2611 407 2637 mandantur.
434 2611 506 2644 Quin
522 2615 549 2638 et
566 2611 731 2638 homicidam
750 2610 914 2643 interﬁcere,
931 2617 1020 2645 neque

233 2656 318 2691 priori
338 2657 413 2684 cardo
437 2660 581 2684 contentos
598 2657 722 2688 alteram,
744 2657 822 2691 quasi
842 2656 876 2683 ad
900 2657 1020 2692 priorem

232 2702 444 2735 vindicandam,
471 2707 638 2739 perpetrare.
667 2701 737 2729 Tum
759 2711 824 2730 vero
852 2703 1021 2738 cupiditates

1069 1602 1196 1638 Χριστὸς,
1212 1601 1245 1628 δι’
1259 1597 1289 1628 οὗ
1303 1601 1338 1627 τὰ
1352 1601 1457 1633 πάντα,
1476 1601 1522 1627 καὶ
1540 1601 1569 1628 ἓν
1585 1601 1695 1636 Πνεῦμα
1711 1601 1741 1628 τὸ
1767 1602 1857 1635 ἆγιον.

1068 1648 1098 1674 ὲν
1108 1644 1130 1682 ᾧ
1143 1647 1178 1674 τὰ
1194 1648 1292 1674 πάντα·
1307 1647 1352 1674 ἀεὶ
1364 1644 1432 1674 οὖσα
1450 1647 1467 1682 ἡ
1478 1646 1573 1682 Τριὰς,
1592 1647 1642 1682 μία
1657 1648 1674 1682 ὴ
1690 1648 1796 1682 θεότης,
1811 1649 1859 1674 καὶ

1070 1693 1204 1728 μηδέποτε
1229 1691 1388 1728 προσθήκην
1408 1691 1600 1727 λαμϐάνουσα,
1627 1692 1689 1719 οὒτε
1713 1694 1858 1729 ἀφαίρεσιν

1068 1739 1240 1774 ἐνδεχομένη.

1104 1785 1142 1812 0'.
1159 1785 1258 1820 Ἴωμεν
1268 1785 1296 1811 δὲ
1309 1785 1352 1819 ἐφ’
1366 1784 1448 1820 ἕτερα
1465 1785 1555 1817 πάλιν,
1578 1785 1625 1812 καὶ
1638 1784 1671 1812 τὰ
1682 1785 1780 1812 δίκτυα
1795 1785 1857 1812 τού-

1068 1838 1115 1857 του
1128 1829 1175 1857 τοῦ
1191 1829 1274 1865 θηρὺς
1294 1829 1341 1856 καὶ
1355 1830 1453 1865 ἐχθροῦ
1475 1831 1521 1857 καὶ
1537 1829 1679 1866 ἐκδικητοῦ
1701 1830 1858 1858 διασπασώ-

1071 1875 1150 1911 μεθα,
1163 1876 1310 1910 ἀγαπητοὶ,
1324 1876 1370 1902 ἐπὶ
1385 1876 1434 1912 τὴν
1447 1876 1547 1912 φράσιν
1564 1877 1614 1911 τῆς
1625 1876 1754 1911 ἀληθείας
1765 1876 1799 1904 τὰ
1813 1877 1859 1904 ὑπ’

1069 1921 1152 1948 αὐτοῦ
1171 1921 1397 1957 ξενολεκτοὺμενᾶ
1416 1922 1543 1958 φέροντες
1560 1924 1616 1954 τοῖς
1632 1922 1808 1958 βουλομένοις
1825 1924 1859 1950 τὰ

1069 1967 1119 2002 τῆς
1135 1967 1263 2003 ἀληθείας
1273 1967 1451 2003 καταμαθεῖν,
1466 1968 1512 1994 καὶ
1525 1968 1726 2004 ἀποτρέπεσθαι
1739 1969 1786 1996 τὸν
1797 1969 1859 1996 νοῦν

1069 2013 1123 2039 ἀπὸ
1145 2013 1389 2044 κακοδιδασκαλίας
1407 2013 1496 2048 πάσης
1514 2013 1656 2048 αἱρέσεως.
1689 2013 1859 2050 Ἐπιλαμῦά-

1069 2068 1144 2086 νεται
1153 2059 1207 2094 γὰρ
1218 2059 1265 2085 τοῦ
1280 2059 1361 2094 νόμου
1376 2059 1456 2086 πάλιν
1468 2060 1514 2086 καὶ
1525 2059 1578 2086 τῶν
1591 2060 1748 2096 προφητῶν,
1762 2061 1860 2096 ἐχθρὸς

1069 2103 1107 2130 ὢν
1122 2105 1171 2140 τῆς
1193 2104 1324 2140 ἀληθείας
1343 2105 1390 2131 καὶ
1410 2105 1456 2131 τοῦ
1473 2105 1551 2139 ἁγίου
1576 2105 1750 2141 Πνεὺματος,
1766 2106 1815 2133 τοῦ
1832 2108 1860 2133 ὲν

1070 2150 1144 2186 νόμῳ
1158 2151 1206 2178 καὶ
1223 2151 1251 2177 ὲν
1265 2151 1419 2186 προφήταις
1435 2151 1623 2187 λελαληκότος.
1641 2152 1695 2178 Καί
1708 2161 1793 2187 φησι,
1810 2161 1859 2188 χα-

1069 2197 1154 2229 λάσας
1167 2197 1301 2231 γλῶσσαν,
1313 2197 1352 2229 ὡς
1364 2198 1411 2224 καὶ
1424 2197 1479 2228 ἀεὶ.
1495 2198 1564 2224 κατὰ
1576 2197 1623 2224 τοῦ
1637 2198 1704 2224 Θεοῦ
1717 2198 1765 2225 τοῦ
1779 2200 1859 2234 ποιή-

1071 2252 1167 2274 σαντος
1186 2243 1222 2270 τὰ
1244 2243 1349 2275 πάντα,
1370 2242 1536 2278 λαλήσαντός
1557 2252 1587 2270 τε
1613 2245 1642 2271 ὲν
1666 2245 1740 2280 νόμῳ
1763 2246 1811 2272 καὶ
1831 2247 1861 2273 ἐν

1070 2289 1240 2324 προφήταις,
1263 2288 1369 2323 Πατρδς
1386 2289 1462 2320 ὄντος
1483 2289 1530 2316 τοῦ
1547 2290 1650 2325 Κυρίου
1671 2290 1749 2325 ὑμῶν
1773 2291 1860 2326 Ἰησοῦ

1070 2335 1188 2370 Χριστοῦ
1199 2355 1206 2367 ,
1222 2334 1256 2366 ἐξ
1275 2333 1311 2362 οὗ
1327 2334 1412 2362 πᾶσα
1432 2335 1540 2369 πατριὰ
1560 2336 1595 2363 ὲν
1608 2336 1726 2370 οὐρανῷ
1746 2335 1797 2364 καί
1812 2338 1861 2364 ἐπὶ

1070 2382 1127 2417 τῆς
1138 2380 1319 2416 ὀνομάζεται·
1332 2381 1378 2407 καί
1390 2390 1488 2417 φησιν·
1505 2381 1550 2413 ἘΞ
1564 2381 1646 2408 αὐτοῦ
1658 2382 1803 2418 ἐπιθυμία,
1816 2384 1862 2411 καὶ

1070 2428 1100 2460 ἐξ
1119 2427 1201 2454 αὐτοῦ
1225 2428 1309 2461 φόνοι,
1333 2427 1380 2454 καὶ
1397 2427 1431 2453 τὰ
1451 2427 1519 2454 ἄλλα
1535 2428 1633 2454 πάντα.
1658 2429 1863 2464 Παρεκελεὺετο

1070 2474 1125 2508 γὰρ
1149 2473 1195 2499 καὶ
1216 2473 1310 2507 ἱμάτια
1326 2472 1485 2508 ἀφαρπάξαι
1501 2472 1555 2499 τῶν
1578 2473 1749 2507 Αἰγυπτίων,
1767 2475 1863 2506 θυσίας

1071 2520 1099 2546 δὲ
1113 2519 1186 2554 αὐτῷ
1200 2519 1417 2554 προσφέρεσθαι,
1434 2519 1480 2545 καὶ
1491 2519 1525 2546 τὰ
1542 2519 1610 2546 ἄλλα
1624 2521 1710 2547 πάντα
1726 2521 1777 2547 ὅσα
1790 2530 1859 2556 παρ-

1073 2566 1127 2601 ἐχει
1153 2566 1241 2600 νόμος.
1260 2565 1383 2592 Φονεύειν
1408 2565 1436 2591 δὲ
1455 2565 1501 2591 τὴν
1519 2566 1674 2600 φονεύοντα.
1698 2567 1736 2598 ὡς
1764 2567 1863 2602 μηκέτι

1073 2612 1215 2648 ἀρκεῖσθαι
1231 2611 1270 2646 τῷ
1287 2611 1385 2647 πρώτῳ
1405 2612 1488 2646 φόνῳ,
1500 2611 1568 2638 ἀλλὰ
1582 2612 1628 2639 καὶ
1640 2611 1768 2648 δεύτερον
1782 2613 1864 2648 ἐργά-

1074 2657 1178 2690 ζεσθαι,
1197 2657 1277 2692 δῆθεν
1292 2657 1461 2689 ἐκδικοῦντος
1475 2658 1557 2685 αὑτοῦ
1576 2659 1621 2684 τὸν
1640 2659 1750 2693 πρῶτον
1772 2659 1861 2694 φόνον,

1074 2703 1217 2738 ἐμϐάλλειν
1230 2711 1259 2728 τε
1273 2702 1421 2738 ἐπιθυμίας
1434 2704 1473 2734 εἰς
1493 2702 1543 2735 τὰς
1555 2703 1672 2735 διανοίας
1689 2703 1744 2730 τῶν
1758 2702 1863 2739 ἀνθρώ-

270 2803 281 2839 ξ
299 2801 394 2839 Matth.
416 2810 471 2839 xta,
490 2801 591 2835 2l,22.
630 2801 715 2829 ’ibid.
736 2801 781 2829 2L
820 2801 908 2828 'Luc.
927 2802 1009 2834 md.
1049 2801 1060 2817 ⁸
1075 2801 1172 2828 Matth.
1188 2809 1232 2835 xv,
1255 2801 1296 2829 14,
1329 2801 1347 2823 α’
1364 2801 1461 2830 Matth.
1483 2803 1578 2836 vr,24.
1617 2804 1739 2839 ‘Ephes.
1755 2812 1798 2836 ιιι,
1819 2803 1862 2831 l5.

236 2837 348 2866 ‘Exod.
375 2844 414 2869 at,
441 2837 469 2863 εὶ.
