1939 3036
134 155 180 184 1H

505 156 688 186 ADVERSUS
709 154 880 184 ΗίΕΙὶΕδΕε
897 154 925 180 Ll

983 154 1015 181 ll.
1036 153 1116 182 ΤΟΜ.
1140 154 1216 181 11.--
1234 154 1372 182 ΙΙΙΕΒΕΞ.
1392 155 1483 184 LXVI.

1715 157 1768 186 142

131 223 201 246 πων,
213 215 260 241 καὶ
272 214 449 250 διηγούμενος
458 217 596 249 γυναικῶν
605 217 613 233 ί
629 218 676 244 καὶ
689 217 744 244 τῶν
754 216 841 244 ἄλλων
854 224 925 251 πρα-

978 214 1119 242 hominum
1133 214 1232 241 animis
1247 213 1348 249 injicit.
1367 221 1398 241 ac
1416 214 1450 241 de
1470 214 1634 242 mulieribus
1646 216 1767 243 caeteris-

130 261 254 297 γμάτων.
264 260 421 295 Ἐχεθύμως
433 261 472 293 δὲ,
485 263 578 297 φησὶν,
587 262 665 297 ὀλίγα
673 262 737 298 περὶ
749 261 796 288 τοῦ
807 260 926 298 Χριστοῦ

131 308 345 343 προεφήτευσεν,
367 307 410 333 iv:
432 307 476 334 διὰ
496 308 550 335 τῶν
567 308 666 343 ὀλίγων
680 308 861 344 πιστοποιήσῃ
880 316 927 333 πι-

131 353 323 387 θαωλογήτας.
337 353 392 378 Καὶ
405 352 492 379 ταῦτα
505 351 539 388 ἦν
552 354 586 380 τὰ
603 355 715 389 ῥήματα
727 354 774 380 τοῦ
787 352 926 388 τολμηροῦ

131 399 229 432 Μάνη,
256 398 274 424 ἃ
303 398 374 424 κατὰ
395 398 441 424 τοῦ
468 399 533 425 ἰδίου
556 400 691 426 Aean/nou
715 399 926 435 ἁθυρογλώττως

129 444 290 479 φθέγγεται.
307 443 486 479 Κατανοήσας
500 445 530 471 δέ
549 454 590 476 τις
609 445 659 471 ἴδοι
681 446 763 481 μηδὲν
785 446 877 481 ἕτερον
897 446 925 471 ἐν
946 453 949 460 ’

128 490 217 526 τούτῳ
232 490 396 525 φαινόμενον
410 490 468 516 ἀλλ’
479 491 496 525 ἢ
508 491 701 526 φρενιτιῶντος
714 491 791 527 ἔργα.
815 491 859 522 Ὠς
872 490 926 526 γὰρ

127 535 143 561 ὁ
157 535 207 570 τὴν
215 536 334 569 φρενῖτιν
346 534 424 569 ἔχων,
440 535 576 571 μάχαιραν
592 535 653 561 καθ’
664 536 761 562 ἑαυτοῦ
775 535 924 567 ὁπλίζεται,

129 581 178 607 καὶ
201 580 246 607 διὰ
266 581 316 616 τὴν
331 581 479 615 ἐπιληψίαν
497 581 546 613 τὰς
565 581 661 608 ἑαυτοῦ
684 582 788 618 σάρκας
808 582 924 616 τέμνων,

127 626 236 661 νομίζει
256 626 370 662 ἐχθροὺς
382 626 551 662 ἀμύνασθαι,
564 628 610 654 καὶ
621 628 671 654 οὐκ
686 625 756 654 οἶδεν
771 635 777 641 ·
795 627 865 654 οὕτω
880 628 926 654 καὶ

127 669 207 704 οὗτος
221 672 280 699 καθ’
292 673 389 699 ἑαυτοῦ
402 672 578 706 διοπλίζεται,
593 675 630 709 μὴ
641 674 709 702 νοῶν
718 674 767 705 τὰς
783 673 879 706 λέξεις.
892 673 925 705 ἃς

128 719 191 746 καθ’
209 718 306 745 ἐαυτοῦ
320 719 473 753 ἐφέλκεται.
491 721 522 746 Εἰ
538 720 593 756 γὰρ
608 720 638 752 ἐξ
653 720 736 747 αὑτοῦ
751 721 768 756 ἡ
781 720 923 755 ἐπιθυμία,

128 764 179 790 καὶ
205 763 353 799 ἐπιθυμίας
378 765 502 800 ἐνεργεῖ,
525 765 585 796 πῶς
609 765 665 792 ἄνω
689 766 735 792 καὶ
760 766 835 792 κάτω
853 765 925 792 κατὰ

128 808 278 843 ἐπιθυμίας
295 809 395 844 γράφει
409 810 423 836 ὁ
440 809 489 845 τὴν
506 810 653 845 ἐπιθυμίαν
670 810 828 846 ἐμϐάλλων;
846 812 861 837 ὀ
882 811 924 837 λέ-

129 861 188 887 γων
198 864 205 870 -
220 853 267 887 Μὴ
285 853 478 888 ἐπιθυμήσῃς
493 854 529 881 τὰ
544 855 600 882 τοῦ
623 857 768 889 πλησίον,
778 855 856 890 μηδὲ
869 855 923 882 τὸν

127 899 210 932 βοῦν
225 900 330 932 αὐτοῦ,
345 900 423 934 μηδὲ
439 901 473 927 τὸ
487 901 646 936 ὑποζύγιον
660 902 765 935 αὐτοῦ,
780 903 858 937 μηδὲ
867 902 926 936 τὴν

129 945 299 978 παιδίσκην
315 946 427 978 αὐτοῦ,
442 946 520 981 μηδὲ
542 948 595 974 τὸν
613 948 707 983 ἀγρὸν
722 948 832 981 αὐτοῦ,
845 949 926 984 μηδὲ

130 990 189 1024 τὴν
204 991 332 1024 γυναῖκα
349 992 454 1022 αὑτοῦ,
474 992 552 1026 μηδὲ
571 993 630 1020 ὅσα
647 993 714 1020 ἐστὶ
729 993 769 1027 τῷ
791 995 926 1028 πλησίον

130 1043 190 1063 σου
200 1044 206 1050 ·
221 1037 246 1062 εί
260 1037 369 1072 ἀναιρεῖ
382 1036 431 1072 τὴν
449 1037 597 1073 ἐπιθυμίαν
608 1059 615 1071 ,
630 1039 681 1066 οὐκ
700 1039 781 1071 αὐτὸς
799 1039 849 1075 τῆς
865 1040 925 1066 ἐπι-

131 1081 232 1116 θυμίας
246 1083 304 1108 ἐστὶ
321 1082 449 1118 χορηγός.

168 1169 229 1194 OA'.
244 1168 307 1200 Πῶς
326 1167 383 1202 οὖν,
404 1169 504 1204 φησὶν.
527 1170 678 1197 ἐνετείλατο
697 1171 842 1199 σκυλεῦσαι
862 1174 924 1205 τοὺς

131 1214 308 1247 Αίγυπτίους,
325 1215 354 1241 ὲν
369 1214 407 1250 τῷ
420 1215 520 1248 ἐξιέναι
538 1216 635 1248 αὐτοὺς
649 1218 681 1243 ἐκ
697 1218 748 1253 γῆς
765 1218 923 1252 Αίγύπτους

130 1259 201 1286 Ναί·
220 1259 323 1291 δίκαιος
335 1260 390 1296 γάρ
404 1261 461 1287 ἐστι
479 1261 586 1297 κριτὴς,
607 1262 644 1293 ὡς
666 1263 713 1288 καὶ
728 1264 779 1298 ἤδη
796 1263 924 1297 πολλάκις

132 1305 233 1340 εἴρηκα
255 1305 320 1341 περὶ
336 1305 441 1332 τούτου.
464 1306 519 1332 Καὶ
536 1307 580 1333 ἵνα
604 1307 694 1343 δείξῃ,
710 1308 750 1334 ὅτι
773 1308 823 1335 οὐκ
845 1309 925 1342 αὐτὸς

131 1351 248 1377 ὲνδεῖται
264 1351 381 1384 θυσιῶν,
395 1352 477 1386 φησὶν
491 1353 520 1378 ἐν
535 1352 574 1388 τῷ
592 1354 718 1389 προφήτῃ
728 1361 736 1368 ·
753 1353 802 1388 Μὴ
817 1356 925 1389 θυσίας

132 1397 361 1432 ,προσηνέγκατέ
376 1407 437 1432 μοι,
453 1396 536 1431 οἶκος
554 1399 684 1433 Ἰσραὴλ,
698 1400 925 1434 τεσσαράκοντα

131 1444 202 1478 Ern;
216 1445 297 1480 λέγει
317 1445 431 1479 Κύριος.
455 1446 514 1472 Τίνι
530 1444 575 1473 οὖν
593 1444 663 1482 ἦσαν
684 1448 712 1473 αἱ
736 1448 925 1483 προσφερόμε-

111 1520 113 1522 η
132 1498 197 1519 ναις
214 1490 294 1525 Δίιτῷ
311 1490 360 1526 μὲν
388 1491 457 1517 κατὰ
480 1491 528 1526 τὴν
550 1491 668 1526 διάνοιαν
689 1492 742 1518 τῶν
760 1494 926 1528 προσφερόν-

133 1543 191 1561 των
204 1543 210 1548 ·
232 1535 312 1567 αὐτὸς
331 1535 360 1562 δὲ
381 1536 430 1571 οὐχ
445 1536 537 1562 ἕνεκεν
555 1536 602 1563 τοῦ
616 1537 749 1564 ἐνδεῖσθαι
775 1539 925 1574 προστέτα-

977 267 1030 295 que
1042 260 1103 295 ejus
1118 260 1228 295 generis
1240 259 1374 294 disputat.
1401 259 1507 288 Callide
1521 268 1596 294 vero,
1615 260 1714 296 inquit,
1733 258 1767 288 de

976 305 1086 333 Christo
1101 313 1188 340 pauca
1205 305 1342 340 predixit,
1358 306 1397 333 uti
1411 307 1509 341 paucis
1522 307 1576 335 illis
1588 307 1704 342 quaesito
1716 306 1768 334 sibi

977 352 1072 378 colore
1093 351 1173 378 lidem
1199 351 1310 378 laceret.
1338 350 1386 379 Hae
1406 356 1471 379 sunt
1489 352 1627 380 temerarii
1650 352 1768 380 hominis

976 403 1068 427 voces,
1093 403 1161 430 quas
1177 395 1204 422 in
1222 396 1366 422 Dominum
1385 404 1465 423 suum
1483 397 1640 431 procaciter
1661 396 1766 423 ell‘udit.

976 441 1050 474 Quas
1069 441 1092 469 si
1114 442 1176 476 quis
1197 442 1357 476 diligentius
1373 442 1567 475 considerarit,
1588 443 1656 470 nihil
1673 443 1701 469 in
1725 443 1768 469 his

976 487 1049 514 aliud
1062 491 1243 522 praeterquam
1253 487 1405 522 phrenetici
1419 488 1538 515 hominis
1551 487 1623 515 facta
1635 496 1768 523 apparere

976 538 1133 568 cognoscet.
1149 532 1184 560 Ut
1197 533 1270 560 enim
1283 532 1436 568 phrenitide
1452 533 1593 565 laborans,
1609 534 1632 561 si
1648 534 1766 569 gladium

976 584 1072 605 nactus
1098 577 1194 610 fuerit,
1218 582 1314 605 contra
1341 578 1462 612 seipsum
1491 583 1629 612 armatur,
1656 586 1688 606 ac
1712 586 1767 614 prae

976 623 1094 650 amentia
1113 631 1179 650 suas
1197 624 1254 658 ipse
1270 631 1370 650 carnes
1392 623 1543 651 concidens
1559 624 1656 651 ulcisci
1673 631 1703 651 se
1719 623 1768 650 bo-

975 673 1031 696 stes
1046 669 1195 698 existimat,
1210 673 1238 696 et
1252 669 1317 704 quid
1332 673 1394 703 agat
1409 670 1515 704 ignorat
1539 679 1547 698 :
1561 671 1601 697 sic
1616 670 1666 697 iste
1681 670 1710 697 in
1723 677 1769 697 se-

974 716 1063 749 ipsum
1078 722 1154 741 arma
1167 715 1312 746 convertit,
1324 715 1388 742 dum
1403 722 1486 743 voces
1499 715 1570 746 illas.
1586 723 1656 750 quas
1666 719 1767 743 contra

973 768 1004 788 se
1028 761 1143 796 profert,
1174 768 1226 787 non
1254 761 1393 796 intelligit.
1427 760 1534 788 Etenim
1561 761 1585 788 si
1609 761 1766 796 cupiditatis

974 811 1071 834 auctor
1095 807 1139 834 ille
1159 806 1267 834 Veteris
1290 806 1460 835 Testamenti
1483 807 1555 834 Deus
1575 811 1629 838 est,
1652 814 1685 834 ac
1705 814 1767 841 qua:

975 856 1039 879 sunt
1051 852 1210 887 cupiditatis
1223 853 1331 887 propria
1346 852 1469 884 molitur,
1483 860 1532 880 cur
1546 852 1647 886 ubique
1659 852 1767 886 cupidi-

940 890 961 917 Β
975 899 1058 923 tatem
1070 896 1234 930 proscribit?
1246 896 1292 931 qui
1304 896 1414 931 quidem
1430 896 1504 923 istud
1517 897 1693 932 praeceperit:
1704 895 1767 923 Non

976 942 1142 976 concupisces
1149 951 1190 969 res
1200 942 1315 977 proximi
1325 942 1374 973 tui,
1384 950 1465 977 neque
1472 942 1571 976 bovem,
1579 950 1660 977 neque
1664 943 1767 976 jumen-

977 991 1043 1019 tum,
1066 996 1111 1014 nec
1127 988 1264 1019 ancillam,
1282 987 1364 1022 692
1386 995 1432 1014 nec
1451 995 1556 1022 agrum,
1584 996 1630 1014 nec
1645 995 1765 1019 uxorem.

976 1040 1022 1058 nec
1046 1032 1102 1059 alia
1124 1041 1183 1067 qua:
1202 1033 1319 1067 proximi
1344 1033 1384 1059 tui
1403 1038 1464 1059 sunt
1474 1034 1494 1058 '.
1518 1033 1571 1065 Qui
1590 1032 1766 1067 cupiditatem

976 1084 1084 1104 omnem
1110 1081 1248 1112 amputat,
1275 1085 1330 1105 non
1354 1085 1415 1104 eam
1438 1077 1652 1105 subministrare
1672 1075 1767 1104 dicen-

975 1121 1027 1148 dus
1048 1127 1099 1149 est.

1013 1167 1105 1195 LXXI.
1122 1169 1177 1196 Cur
1188 1167 1390 1203 igitur,Judaeis
1401 1175 1433 1194 ex
1442 1167 1560 1202 Egypto
1574 1166 1765 1202 migrantibus,

976 1215 1096 1251 spoliare
1109 1214 1187 1248 jubet
1204 1213 1384 1249 Egyptios‘?
1404 1206 1537 1239 Nimirum
1555 1213 1646 1247 justus
1663 1213 1709 1240 ille
1720 1213 1766 1247 ju-

976 1260 1028 1288 dex
1041 1263 1092 1291 est,
1109 1258 1338 1294 quemadmodum
1353 1259 1386 1285 de
1402 1258 1448 1285 illo
1462 1265 1534 1292 saepe
1549 1258 1616 1285 dixi.
1632 1258 1722 1293 Atque
1735 1260 1768 1286 ut.

977 1306 1105 1336 ostendat
1120 1304 1190 1331 nihil
1204 1311 1234 1331 se
1248 1303 1393 1331 sacriﬁciis
1415 1302 1548 1338 indigere,
1562 1303 1603 1330 sic
1619 1303 1690 1338 apud
1706 1310 1766 1337 pro-

976 1355 1086 1389 phetam
1111 1351 1250 1386 loquitur:
1282 1349 1355 1376 Num
1376 1350 1512 1384 tacriﬁcia
1534 1349 1666 1376 obtulisti:
1689 1349 1766 1382 mihi,

976 1400 1069 1426 domus
1090 1396 1187 1429 Israel,
1209 1395 1389 1431 quadraginta
1408 1395 1506 1422 annis?
1522 1394 1587 1421 dicit
1607 1393 1764 1421 Dominus‘.

977 1445 1091 1472 Cuinam
1109 1443 1191 1477 igitur
1206 1442 1298 1468 oblata
1313 1442 1359 1468 illa
1375 1441 1457 1468 sunt?
1476 1440 1579 1475 Opinor
1595 1439 1645 1472 illi,
1662 1443 1692 1466 ut
1708 1441 1767 1475 qui-

976 1490 1038 1517 dem
1054 1489 1101 1523 qui
1120 1487 1269 1515 oll‘erebant
1284 1487 1424 1521 putabant.
1446 1487 1481 1513 At
1496 1487 1564 1521 ipse.
1577 1495 1630 1514 non
1645 1486 1716 1522 quod
1733 1487 1767 1514 iis

977 1539 1080 1571 egeret.
1093 1535 1140 1562 sed
1152 1539 1206 1561 uta
1221 1533 1412 1568 multiplicium
1424 1533 1537 1560 deorum
1550 1533 1624 1560 cultu
1637 1533 1670 1560 ad
1684 1533 1766 1560 unius

132 1589 192 1615 χεν,
209 1580 266 1606 ἀλλ’
282 1581 325 1607 ἵνα
341 1570 468 1617 συνεθίσῃ
487 1582 541 1608 ἀπὸ
561 1582 706 1615 πολυθεΐας
722 1583 771 1610 ἕνα
788 1570 853 1611 θεὸν
866 1584 925 1611 ἐπι-

979 1570 1041 1608 illos
1054 1580 1099 1607 Dei
1127 1579 1311 1614 cognitionem
1330 1579 1477 1606 translatos
1499 1579 1694 1610 assuefaceret,
1708 1578 1766 1605 ﬁeri

131 1626 288 1661 γινώσκειν.
310 1627 417 1664 Ἐπειδὴ
435 1628 489 1664 γὰρ
508 1628 582 1664 ἐώρα
602 1629 697 1660 θυσίας
714 1630 926 1665 ἐπιτελουμένας

131 1673 191 1704 τοῖς
216 1672 287 1704 θεοῖς
306 1673 359 1700 τῶν
388 1674 563 1707 Δίγυπτίων,
586 1675 629 1701 ἵνα
650 1675 687 1711 μὴ
713 1675 757 1702 διὰ
781 1676 926 1703 πολυθεταν

132 1717 273 1752 τραπέντα
293 1718 383 1745 αὐτῶν
400 1719 434 1745 τὰ
450 1719 574 1755 νοήματα
589 1720 772 1756 καταλείψωσι
785 1721 830 1747 τὸν
846 1721 926 1756 μόνον

133 1763 183 1789 ἕνα
202 1763 277 1790 Θεόν.
304 1764 370 1790 Ὅτε
389 1764 418 1791 δὲ
440 1766 606 1801 συναγήοχεν
627 1766 716 1792 αὐτῶν
737 1766 786 1802 τὴν
808 1767 926 1794 διάνοιαν

133 1809 191 1836 ἀπὸ
202 1809 347 1842 πολυθεῒας
361 1809 405 1836 διὰ
418 1810 516 1837 πολλοῦ
536 1811 644 1846 χρόνον,
661 1811 860 1844 ἀποσυνεθίσας
876 1812 924 1839 αὑ-

133 1856 199 1887 τοὺς
213 1856 263 1890 τῆς
274 1855 402 1891 τοιαύτης
419 1856 584 1888 ὑποθέσεως,
606 1857 720 1892 ἄρχεται
738 1857 926 1893 παρακόπτειν

133 1900 153 1927 ἃ
165 1901 202 1936 μὴ
216 1901 294 1936 ἤθελε
304 1909 310 1915 ·
325 1901 372 1928 καὶ
387 1901 479 1936 ἔλεγεν
488 1910 495 1916 ·
512 1902 577 1929 Ἵνα
590 1903 618 1928 τι
626 1911 678 1937 μοι
690 1903 816 1930 λίϐανον
826 1903 860 1930 ἐκ
871 1904 927 1930 Σα-

134 1946 174 1973 ϐᾶ
187 1945 302 1980 φέρετε,
320 1947 369 1973 καί
383 1947 554 1981 κινάμωμον
572 1947 607 1974 ἐκ
626 1947 683 1982 τῆς
695 1949 861 1983 μακρόθεν;
878 1949 926 1983 Μὴ

133 1991 265 2026 φάτομαι
290 1991 362 2026 κρέα
382 1992 513 2026 ταύρων,
535 1992 555 2026 ἢ
580 1990 652 2027 αἷμα
670 1993 785 2028 τράγων
806 1994 926 2028 meum:

138 2036 234 2063 Ταῦτα
248 2037 302 2072 γὰρ
321 2038 377 2064 οὐκ
398 2037 565 2071 ἐξεζήτησα
584 2038 619 2064 ἐκ
638 2038 697 2064 τῶν
713 2039 820 2073 χειρῶν
832 2038 925 2073 ὑμῶν,

134 2081 216 2108 dua
231 2081 327 2108 ποιεῖν
340 2081 415 2115 πρὸς
432 2081 486 2108 τὸν
500 2083 633 2115 πλησίον
647 2082 854 2117 δικαιοσύνην,
876 2083 926 2109 καὶ

134 2126 281 2159 ἀλήθειαν
292 2126 422 2153 ἕκαστον
435 2127 510 2160 πρὸς
527 2127 581 2153 τὸν
593 2127 729 2161 ἀδελφὸν
744 2128 848 2155 αὑτοῦ.
873 2129 926 2155 Καὶ

134 2172 213 2207 ὁρᾷς,
230 2172 282 2202 ὅτι,
299 2172 448 2206 προῖόντων
463 2171 517 2198 τῶν
539 2173 651 2207 χρόνων,
676 2174 691 2208 ἠ
712 2174 860 2205 ὑπόστασις
876 2174 927 2209 τῆς

134 2217 280 2252 δυνάμεως
293 2217 348 2244 τῶν
361 2217 441 2244 θείων
453 2217 686 2245 ἀποκαλύπτεται·
700 2218 738 2250 ὡς
750 2219 830 2250 αὐτὸς
847 2219 928 2246 πάλιν

135 2262 211 2296 λέγει
227 2263 265 2297 τῷ
287 2263 430 2298 Σαμουήλ·
448 2263 549 2299 Κρῖσον
577 2264 621 2289 τὸν
640 2264 725 2290 Σαοὺλ
744 2265 784 2294 εἰς
805 2264 927 2298 βασιλέα·

137 2307 252 2343 ὕστερον
284 2308 313 2334 δὲ
328 2309 427 2340 αὐτοὺς
442 2308 655 2344 ὲλέγχειλὲγων-
674 2309 827 2343 Ἐχρίσατε
837 2309 928 2341 ,βασι-

135 2353 193 2380 λέα
207 2355 242 2381 οὐ
261 2354 297 2380 δι’
309 2354 393 2390 ἐμοῦ,
410 2354 459 2381 καὶ
479 2355 638 2390 ἄρχοντας,
660 2355 710 2382 καὶ
729 2355 786 2389 ἐγὼ
803 2356 859 2382 οὐκ
880 2356 928 2382 ἐν-

135 2398 296 2433 ετειλάμην
316 2399 397 2434 ὑμῖν.
429 2400 498 2426 ’Λλλ’
518 2401 610 2436 ἐπειδὴ
635 2401 770 2436 ἐζήτησαν
795 2401 874 2427 τοῦτο
900 2403 927 2428 αἱ

135 2444 251 2471 διάνοιαι
269 2445 367 2476 αὐτῶν,
384 2446 653 2481 παραμυθούμενοςὸ
663 2447 729 2479 Θεὸς
741 2447 866 2482 Σαμουὴλ
881 2447 926 2474 τὸν

136 2489 280 2524 προφήτην
304 2489 415 2524 ἔλεγεν·
439 2493 480 2518 οὐ
505 2491 543 2517 σὲ
556 2492 752 2522 «ἐπεϐάλοντο,
775 2493 844 2519 ἀλλ’
863 2492 925 2526 ἐμὲ,

136 2533 212 2567 λέγει
233 2534 343 2569 Κύριος.
366 2535 454 2569 Πλὴν
475 2536 583 2571 χρῑσον
606 2536 707 2570 αὐτοῖς
727 2537 780 2563 τὸν
809 2537 905 2565 Σαοὺλ
920 2558 926 2567 ,

136 2581 205 2607 υίὼ·
218 2581 271 2614 Kl}-
280 2590 286 2596 ·
303 2581 397 2618 ὥσπερ
408 2582 525 2615 παιδίοις
543 2585 649 2619 μικροῖς
663 2584 884 2620 προσφερόμενον
898 2585 928 2610 τὸ

136 2627 226 2658 Θείον,
242 2628 285 2655 ἵνα
301 2628 423 2664 βαστάσῃ
435 2629 485 2665 τὴν
498 2630 639 2657 ἀσθένειαν
654 2631 708 2657 τῶν
724 2631 909 2658 ἀσθενούντων
920 2651 926 2662 ,

137 2672 186 2698 καὶ
197 2673 378 2710 ἁναοωπεύσῃ
393 2675 423 2701 τὸ
435 2675 535 2710 βρέφος
551 2676 604 2703 ἀπὸ
617 2677 667 2712 τῆς
681 2676 761 2703 αὑτοῦ
776 2677 926 2708 ἀσθενείας,

137 2716 206 2745 Εἶτα
222 2720 295 2754 λέγει
310 2721 340 2747 τὸ
358 2721 525 2748 τελειότατον
536 2731 544 2738 ο
563 2723 659 2749 Θυσία
679 2723 718 2756 τῷ
735 2723 796 2755 Θεῷ
812 2723 928 2757 πνεῦμα

193 2820 202 2835 ¹
232 2819 313 2848 Forte
344 2821 409 2856 περὶ
438 2829 499 2856 γυν.

557 2821 567 2836 ¹
598 2820 685 2849 Exod.
717 2830 763 2855 xx,
795 2821 839 2850 17.

893 2823 903 2837 ³
933 2822 1018 2850 Exod.
1051 2832 1090 2855 ιι,
1122 2824 1148 2851 2.

977 1627 1029 1653 ista
1044 1625 1192 1652 mandavit.
1208 1624 1276 1652 Cum
1290 1624 1363 1651 enim
1377 1623 1567 1658 Egyptiorum
1583 1624 1695 1650 numina
1708 1624 1765 1658 pla-

976 1671 1033 1698 cari
1051 1670 1194 1698 sacriﬁciis
1209 1673 1344 1700 cerneret.
1359 1669 1420 1696 ideo
1438 1669 1488 1695 ista
1503 1669 1631 1703 providit,
1645 1676 1680 1696 ne
1692 1669 1769 1702 ejus~

978 1717 1051 1744 modi
1068 1715 1182 1743 deorum
1199 1714 1393 1748 superstitione
1411 1713 1564 1748 depravatis
1582 1713 1689 1740 illorum
1706 1713 1767 1740 ani-

977 1762 1040 1795 mis,
1056 1761 1090 1788 ab
1105 1767 1160 1787 uno
1174 1760 1287 1794 soloque
1301 1758 1355 1786 Deo
1370 1758 1565 1786 desciscerent.
1582 1757 1764 1793 Posteaquam

977 1811 1067 1834 autem
1082 1805 1239 1833 eorumdem
1256 1809 1360 1831 mentes
1375 1803 1494 1838 plurium
1509 1804 1543 1830 ab
1557 1803 1670 1831 deorum
1688 1804 1765 1831 cultu

977 1855 1121 1881 revocatas
1136 1851 1215 1886 longo
1229 1850 1371 1877 intervallo
1381 1849 1569 1882 confirmavit;
1587 1854 1644 1876 tum
1657 1849 1766 1877 demum

978 1898 1012 1925 ab
1034 1898 1109 1926 hisce
1139 1897 1200 1924 illos
1221 1896 1354 1923 institutis
1380 1895 1544 1923 desuescere
1566 1896 1662 1923 volens
1685 1897 1769 1931 ccepit

977 1951 1020 1975 ea,
1037 1950 1099 1978 qua
1113 1943 1204 1969 minus
1220 1940 1272 1969 sibi
1288 1941 1443 1976 placebant,
1458 1940 1613 1975 pratcidere.
1625 1940 1716 1973 Quare
1732 1941 1768 1967 ita

977 1990 1086 2017 locutus
1101 1993 1157 2016 est:
1179 1987 1249 2020 Quid
1264 1987 1328 2014 mihi
1344 1988 1402 2014 thus
1419 1995 1432 2014 e
1450 1986 1522 2014 Saba
1536 1987 1656 2020 defertis,
1670 1992 1696 2014 et
1708 1988 1767 2014 cin-

979 2042 1131 2062 namomum
1151 2042 1165 2061 e
1185 2038 1256 2060 terra
1270 2033 1412 2068 longinqua
1420 2033 1444 2060 ³2
1461 2033 1589 2069 Nunquid
1604 2033 1769 2061 manducabo

978 2090 1071 2108 carnes
1088 2086 1237 2112 taurorum,
1254 2084 1300 2106 aut
1315 2080 1470 2115 sanguinem
1487 2080 1619 2107 hircorum
1634 2081 1730 2114 putabo
1740 2081 1769 2108 ’ἲ

979 2127 1069 2163 Neque
1089 2127 1159 2154 enim
1180 2127 1235 2154 hac
1253 2127 1376 2162 requisivi
1395 2133 1427 2153 ea:
1445 2126 1567 2153 manibus
1588 2127 1696 2159 vestris,
1723 2127 1769 2154 sed

980 2173 1067 2207 facere
1084 2181 1146 2208 erga
1159 2173 1311 2206 promimum
1325 2180 1401 2199 suum
1414 2172 1562 2207 justitiam,
1582 2176 1607 2199 et
1629 2172 1768 2199 veritatem

981 2227 1189 2254 unumquemque
1221 2218 1248 2244 in
1276 2218 1385 2252 fratrem
1417 2225 1494 2244 suum
1509 2217 1531 2244 ".
1566 2217 1768 2244 Animadvertis

981 2264 1073 2298 itaque
1107 2263 1337 2298 quemadmodum
1367 2270 1511 2297 progressu
1547 2266 1701 2297 temporum
1726 2263 1769 2289 di-

980 2308 1050 2335 vinat
1081 2309 1191 2335 virtutis
1224 2315 1284 2335 sese
1311 2307 1385 2334 velut
1416 2307 1615 2334 ﬁrmamentum
1651 2308 1766 2343 aperiat.

981 2353 1059 2381 Unde
1086 2361 1147 2381 cum
1173 2353 1293 2382 Samueli
1320 2353 1499 2380 mandasset:
1533 2352 1609 2388 Unge
1639 2354 1704 2381 Saul
1740 2355 1768 2382 in

980 2399 1107 2435 regem‘:
1130 2403 1224 2434 postea
1239 2403 1328 2426 tamen
1344 2397 1453 2426 Judzeos
1468 2398 1607 2433 increpat:
1637 2399 1768 2432 Unristis.

979 2446 1078 2481 inquit,
1101 2453 1186 2480 regem
1204 2453 1256 2471 non
1272 2453 1318 2479 per
1332 2453 1386 2478 me,
1414 2449 1438 2472 et
1453 2445 1594 2480 principes,
1616 2451 1639 2472 et
1655 2454 1702 2480 ego
1717 2455 1769 2473 non

978 2492 1089 2526 pra‘cepi
1102 2491 1207 2518 vobis”.
1224 2490 1275 2518 Sed
1291 2491 1421 2525 quoniam
1437 2499 1470 2518 ex
1485 2492 1638 2519 animorum
1656 2501 1769 2520 suorum

981 2539 1032 2566 hoc
1047 2537 1159 2565 libidine
1171 2537 1349 2571 postularant,
1361 2537 1432 2565 Deus
1447 2537 1600 2566 Samuelem
1611 2540 1769 2570 consolans,

983 2583 1044 2611 Non
1058 2588 1092 2615 te,
1114 2584 1212 2619 inquit,
1227 2583 1383 2618 rejrcerunt,
1403 2583 1448 2610 sed
1465 2592 1515 2616 me,
1537 2584 1604 2612 dicit
1618 2584 1768 2617 Dominus;

982 2633 1159 2656 verumtamen
1176 2637 1242 2664 unge
1257 2629 1311 2656 illis
1329 2629 1396 2656 Saul
1411 2629 1496 2664 ﬁlium
1513 2629 1600 2657 σίδη.
1615 2629 1672 2663 Qua
1688 2629 1716 2656 in
1739 2637 1768 2658 re

983 2673 1095 2709 perinde
1110 2681 1139 2701 se
1156 2673 1227 2702 Deus
1243 2681 1306 2709 erga
1322 2675 1384 2702 illos
1399 2682 1431 2702 ac
1444 2676 1574 2710 puerulos
1591 2675 1671 2710 gerit,
1685 2680 1714 2702 ut
1728 2675 1768 2702 in-
1805 2672 1810 2678 ’

983 2720 1124 2747 lirmorum
1141 2720 1354 2749 imbecillitatem
1370 2721 1516 2754 sustineat,
1536 2729 1568 2749 ac
1583 2723 1622 2750 sic
1639 2726 1768 2757 tanquam

1205 2825 1215 2841 ⁸
1241 2825 1325 2853 Amos
1373 2833 1400 2855 ν,
1433 2825 1478 2853 25.
1531 2826 1541 2842 '
1568 2826 1623 2854 Jer.
1657 2835 1694 2858 vt.
1723 2828 1770 2856 20.

150 2856 160 2871 '
173 2855 246 2884 Psal.
262 2864 338 2889 nix,
358 2855 402 2884 15.
440 2857 450 2872 ⁷
467 2857 550 2884 Amos
563 2865 589 2890 ν,
608 2856 661 2892 ’25;
678 2855 730 2885 lsa.
757 2865 778 2891 I,
800 2857 834 2884 12
848 2865 907 2893 sqq.
945 2858 956 2874 ⁸
968 2859 976 2885 l
990 2858 1055 2895 Reg.
1077 2867 1116 2893 Ix,
1134 2859 1178 2887 ili.
1216 2860 1226 2876 ⁸
1243 2859 1307 2888 Ose.
1328 2868 1386 2892 vin.
1399 2860 1426 2888 4.
1465 2861 1486 2877 ¹⁰
1505 2860 1596 2898 “leg.
1612 2855 1768 2899 vnt,'lsqq.
