  <div class='ocr_page' id='page_1' title='image "/cluster/home/n/w/nwhite01/storage/ocr_20150623/42/njp.32101077772588/079.png"; bbox 0 0 1939 3036; ppageno 0'>
   <div class='ocr_carea' id='block_1_1' title="bbox 203 173 253 200">
    <p class='ocr_par' dir='ltr' id='par_1_1' title="bbox 203 173 253 200">
     <span class='ocr_line' id='line_1_1' title="bbox 203 173 253 200; baseline 0 -1"><span class='ocrx_word' id='word_1_1' title='bbox 203 173 253 200; x_wconf 60' lang='grc' dir='ltr'>ιιι</span> 
     </span>
    </p>
   </div>
   <div class='ocr_carea' id='block_1_2' title="bbox 906 171 1121 202">
    <p class='ocr_par' dir='ltr' id='par_1_2' title="bbox 906 171 1121 202">
     <span class='ocr_line' id='line_1_2' title="bbox 906 171 1121 202; baseline -0.014 0"><span class='ocrx_word' id='word_1_2' title='bbox 953 171 1121 201; x_wconf 75' lang='grc' dir='ltr'><strong>ΕΡΙΡΙΙΑΝΙΙ</strong></span> 
     </span>
    </p>
   </div>
   <div class='ocr_carea' id='block_1_3' title="bbox 1776 177 1827 206">
    <p class='ocr_par' dir='ltr' id='par_1_3' title="bbox 1776 177 1827 206">
     <span class='ocr_line' id='line_1_3' title="bbox 1776 177 1827 206; baseline 0.059 -3"><span class='ocrx_word' id='word_1_3' title='bbox 1776 177 1827 206; x_wconf 73' lang='grc' dir='ltr'><em>ιιι</em></span> 
     </span>
    </p>
   </div>
   <div class='ocr_carea' id='block_1_4' title="bbox 202 231 989 268">
    <p class='ocr_par' dir='ltr' id='par_1_4' title="bbox 202 231 985 268">
     <span class='ocr_line' id='line_1_4' title="bbox 202 231 985 268; baseline 0.003 -11"><span class='ocrx_word' id='word_1_4' title='bbox 202 231 332 258; x_wconf 80' lang='lat' dir='ltr'><strong>infantem</strong></span> <span class='ocrx_word' id='word_1_5' title='bbox 349 231 374 258; x_wconf 87' lang='lat' dir='ltr'><strong>in</strong></span> <span class='ocrx_word' id='word_1_6' title='bbox 392 233 434 264; x_wconf 63' lang='lat' dir='ltr'><strong>illa</strong></span> <span class='ocrx_word' id='word_1_7' title='bbox 446 239 494 258; x_wconf 82' lang='lat' dir='ltr'><strong>sua</strong></span> <span class='ocrx_word' id='word_1_8' title='bbox 507 232 688 259; x_wconf 64' lang='lat' dir='ltr'><strong>teneritudine</strong></span> <span class='ocrx_word' id='word_1_9' title='bbox 699 232 874 268; x_wconf 69' lang='lat' dir='ltr'><strong>permnlceat.</strong></span> <span class='ocrx_word' id='word_1_10' title='bbox 888 233 985 261; x_wconf 83' lang='lat' dir='ltr'><strong>Postea</strong></span> 
     </span>
    </p>
   </div>
   <div class='ocr_carea' id='block_1_5' title="bbox 1043 231 1827 268">
    <p class='ocr_par' dir='ltr' id='par_1_5' title="bbox 1043 231 1827 267">
     <span class='ocr_line' id='line_1_5' title="bbox 1043 231 1827 267; baseline 0.003 -9"><span class='ocrx_word' id='word_1_11' title='bbox 1043 231 1304 266; x_wconf 59' lang='grc' dir='ltr'>νυν-τετριμμένον·</span> <span class='ocrx_word' id='word_1_12' title='bbox 1337 231 1462 265; x_wconf 74' lang='grc' dir='ltr'>καρδίαν</span> <span class='ocrx_word' id='word_1_13' title='bbox 1491 233 1747 267; x_wconf 68' lang='grc' dir='ltr'><strong>συντετριμμένην</strong></span> <span class='ocrx_word' id='word_1_14' title='bbox 1777 234 1827 260; x_wconf 75' lang='grc' dir='ltr'><strong>καὶ</strong></span> 
     </span>
    </p>
   </div>
   <div class='ocr_carea' id='block_1_6' title="bbox 203 277 984 314">
    <p class='ocr_par' dir='ltr' id='par_1_6' title="bbox 203 277 984 314">
     <span class='ocr_line' id='line_1_6' title="bbox 203 277 984 314; baseline 0.003 -11"><span class='ocrx_word' id='word_1_15' title='bbox 203 285 276 307; x_wconf 78' lang='lat' dir='ltr'><strong>vero,</strong></span> <span class='ocrx_word' id='word_1_16' title='bbox 290 277 361 311; x_wconf 87' lang='lat' dir='ltr'><strong>quod</strong></span> <span class='ocrx_word' id='word_1_17' title='bbox 384 285 517 303; x_wconf 79' lang='lat' dir='ltr'><strong>summum</strong></span> <span class='ocrx_word' id='word_1_18' title='bbox 535 286 566 304; x_wconf 80' lang='lat' dir='ltr'><strong>ac</strong></span> <span class='ocrx_word' id='word_1_19' title='bbox 582 277 812 312; x_wconf 81' lang='lat' dir='ltr'><strong>perfectissimum</strong></span> <span class='ocrx_word' id='word_1_20' title='bbox 828 284 869 306; x_wconf 82' lang='lat' dir='ltr'><strong>est</strong></span> <span class='ocrx_word' id='word_1_21' title='bbox 885 287 984 314; x_wconf 89' lang='lat' dir='ltr'><strong>propo-</strong></span> 
     </span>
    </p>
   </div>
   <div class='ocr_carea' id='block_1_7' title="bbox 202 323 985 358">
    <p class='ocr_par' dir='ltr' id='par_1_7' title="bbox 202 323 985 358">
     <span class='ocr_line' id='line_1_7' title="bbox 202 323 985 358; baseline 0 -8"><span class='ocrx_word' id='word_1_22' title='bbox 202 323 262 350; x_wconf 85' lang='lat' dir='ltr'><strong>nit:</strong></span> <span class='ocrx_word' id='word_1_23' title='bbox 295 323 465 358; x_wconf 78' lang='lat' dir='ltr'><strong>Sacri/icium</strong></span> <span class='ocrx_word' id='word_1_24' title='bbox 491 323 544 350; x_wconf 79' lang='lat' dir='ltr'><strong>Deo</strong></span> <span class='ocrx_word' id='word_1_25' title='bbox 570 324 677 357; x_wconf 72' lang='lat' dir='ltr'><strong>spiritus</strong></span> <span class='ocrx_word' id='word_1_26' title='bbox 703 324 911 354; x_wconf 78' lang='lat' dir='ltr'><strong>contribulatus;</strong></span> <span class='ocrx_word' id='word_1_27' title='bbox 939 332 985 350; x_wconf 85' lang='lat' dir='ltr'><strong>cor</strong></span> 
     </span>
    </p>
   </div>
   <div class='ocr_carea' id='block_1_8' title="bbox 201 368 984 403">
    <p class='ocr_par' dir='ltr' id='par_1_8' title="bbox 201 368 984 403">
     <span class='ocr_line' id='line_1_8' title="bbox 201 368 984 403; baseline 0.003 -9"><span class='ocrx_word' id='word_1_28' title='bbox 201 371 340 395; x_wconf 72' lang='lat' dir='ltr'><strong>uniti-itum</strong></span> <span class='ocrx_word' id='word_1_29' title='bbox 353 375 376 395; x_wconf 83' lang='lat' dir='ltr'><strong>et</strong></span> <span class='ocrx_word' id='word_1_30' title='bbox 392 369 558 394; x_wconf 84' lang='lat' dir='ltr'><strong>Immiliatum</strong></span> <span class='ocrx_word' id='word_1_31' title='bbox 574 368 640 395; x_wconf 82' lang='lat' dir='ltr'><strong>Deus</strong></span> <span class='ocrx_word' id='word_1_32' title='bbox 656 377 706 395; x_wconf 72' lang='lat' dir='ltr'><strong>non</strong></span> <span class='ocrx_word' id='word_1_33' title='bbox 722 368 844 403; x_wconf 78' lang='lat' dir='ltr'><strong>despiciet</strong></span> <span class='ocrx_word' id='word_1_34' title='bbox 859 370 878 396; x_wconf 83' lang='grc'><strong>¹.</strong></span> <span class='ocrx_word' id='word_1_35' title='bbox 904 368 984 396; x_wconf 89' lang='lat' dir='ltr'><strong>Item:</strong></span> 
     </span>
    </p>
   </div>
   <div class='ocr_carea' id='block_1_9' title="bbox 1039 278 1827 312">
    <p class='ocr_par' dir='ltr' id='par_1_9' title="bbox 1039 278 1827 312">
     <span class='ocr_line' id='line_1_9' title="bbox 1039 278 1827 312; baseline 0.003 -8"><span class='ocrx_word' id='word_1_36' title='bbox 1039 278 1294 312; x_wconf 74' lang='grc' dir='ltr'>τεταπεινωμένην</span> <span class='ocrx_word' id='word_1_37' title='bbox 1315 279 1331 304; x_wconf 77' lang='grc' dir='ltr'><em>ὁ</em></span> <span class='ocrx_word' id='word_1_38' title='bbox 1354 278 1427 310; x_wconf 74' lang='grc' dir='ltr'><strong>Θεὸς</strong></span> <span class='ocrx_word' id='word_1_39' title='bbox 1446 279 1502 305; x_wconf 74' lang='grc' dir='ltr'>οὐκ</span> <span class='ocrx_word' id='word_1_40' title='bbox 1528 278 1743 310; x_wconf 62' lang='grc' dir='ltr'><strong>ἐξουδενώσρμ</strong></span> <span class='ocrx_word' id='word_1_41' title='bbox 1766 280 1827 312; x_wconf 82' lang='grc' dir='ltr'>καὶ,</span> 
     </span>
    </p>
   </div>
   <div class='ocr_carea' id='block_1_10' title="bbox 1039 323 1827 358">
    <p class='ocr_par' dir='ltr' id='par_1_10' title="bbox 1039 323 1827 358">
     <span class='ocr_line' id='line_1_10' title="bbox 1039 323 1827 358; baseline 0.003 -8"><span class='ocrx_word' id='word_1_42' title='bbox 1039 325 1156 351; x_wconf 79' lang='grc' dir='ltr'><em>Θύσιιτε</em></span> <span class='ocrx_word' id='word_1_43' title='bbox 1173 323 1212 356; x_wconf 84' lang='grc' dir='ltr'>τῷ</span> <span class='ocrx_word' id='word_1_44' title='bbox 1234 323 1295 356; x_wconf 86' lang='grc' dir='ltr'><strong>Θεῷ</strong></span> <span class='ocrx_word' id='word_1_45' title='bbox 1313 323 1424 350; x_wconf 79' lang='grc' dir='ltr'><em>θυσίαν</em></span> <span class='ocrx_word' id='word_1_46' title='bbox 1444 323 1605 358; x_wconf 79' lang='grc' dir='ltr'><strong>αἰνέσεως·</strong></span> <span class='ocrx_word' id='word_1_47' title='bbox 1626 325 1674 352; x_wconf 77' lang='grc' dir='ltr'>καὶ</span> <span class='ocrx_word' id='word_1_48' title='bbox 1695 325 1746 352; x_wconf 82' lang='grc' dir='ltr'><strong>ὅσα</strong></span> <span class='ocrx_word' id='word_1_49' title='bbox 1767 326 1827 352; x_wconf 79' lang='grc' dir='ltr'>ἔστι</span> 
     </span>
    </p>
   </div>
   <div class='ocr_carea' id='block_1_11' title="bbox 1039 370 1327 405">
    <p class='ocr_par' dir='ltr' id='par_1_11' title="bbox 1039 370 1327 405">
     <span class='ocr_line' id='line_1_11' title="bbox 1039 370 1327 405; baseline 0 -9"><span class='ocrx_word' id='word_1_50' title='bbox 1039 379 1072 396; x_wconf 85' lang='grc' dir='ltr'><strong>πε</strong></span> <span class='ocrx_word' id='word_1_51' title='bbox 1076 371 1103 405; x_wconf 70' lang='grc' dir='ltr'><strong>ρ).</strong></span> <span class='ocrx_word' id='word_1_52' title='bbox 1116 371 1210 397; x_wconf 77' lang='grc' dir='ltr'>τούτου</span> <span class='ocrx_word' id='word_1_53' title='bbox 1228 370 1327 404; x_wconf 84' lang='grc' dir='ltr'>λέγειν.</span> 
     </span>
    </p>
   </div>
   <div class='ocr_carea' id='block_1_12' title="bbox 201 413 1448 450">
    <p class='ocr_par' dir='ltr' id='par_1_12' title="bbox 201 413 1448 450">
     <span class='ocr_line' id='line_1_12' title="bbox 201 413 1448 450; baseline 0.002 -10"><span class='ocrx_word' id='word_1_54' title='bbox 201 414 343 440; x_wconf 80' lang='lat' dir='ltr'><strong>Immolate</strong></span> <span class='ocrx_word' id='word_1_55' title='bbox 361 413 414 440; x_wconf 74' lang='lat' dir='ltr'><strong>Deo</strong></span> <span class='ocrx_word' id='word_1_56' title='bbox 432 414 593 448; x_wconf 72' lang='lat' dir='ltr'><strong>sacriﬁcium</strong></span> <span class='ocrx_word' id='word_1_57' title='bbox 609 414 695 440; x_wconf 75' lang='lat' dir='ltr'><strong>laudis</strong></span> <span class='ocrx_word' id='word_1_58' title='bbox 708 415 718 428; x_wconf 84' lang='grc'>²</span> <span class='ocrx_word' id='word_1_59' title='bbox 738 423 746 441; x_wconf 89' lang='lat'>:</span> <span class='ocrx_word' id='word_1_60' title='bbox 765 418 793 441; x_wconf 90' lang='lat' dir='ltr'><strong>et</strong></span> <span class='ocrx_word' id='word_1_61' title='bbox 815 421 984 449; x_wconf 72' lang='lat' dir='ltr'><strong>qumcunque</strong></span> <span class='ocrx_word' id='word_1_62' title='bbox 1003 415 1055 441; x_wconf 86' lang='lat' dir='ltr'><strong>alia</strong></span> <span class='ocrx_word' id='word_1_63' title='bbox 1073 416 1107 442; x_wconf 87' lang='lat' dir='ltr'><strong>de</strong></span> <span class='ocrx_word' id='word_1_64' title='bbox 1120 423 1151 442; x_wconf 85' lang='lat' dir='ltr'><strong>ea</strong></span> <span class='ocrx_word' id='word_1_65' title='bbox 1170 424 1200 443; x_wconf 84' lang='lat' dir='ltr'><strong>re</strong></span> <span class='ocrx_word' id='word_1_66' title='bbox 1216 420 1331 450; x_wconf 88' lang='lat' dir='ltr'><strong>possunt</strong></span> <span class='ocrx_word' id='word_1_67' title='bbox 1347 416 1448 443; x_wconf 70' lang='lat' dir='ltr'><strong>alierri.</strong></span> 
     </span>
    </p>
   </div>
   <div class='ocr_carea' id='block_1_13' title="bbox 237 459 985 494">
    <p class='ocr_par' dir='ltr' id='par_1_13' title="bbox 237 459 985 494">
     <span class='ocr_line' id='line_1_13' title="bbox 237 459 985 494; baseline 0 -8"><span class='ocrx_word' id='word_1_68' title='bbox 237 460 338 486; x_wconf 76' lang='lat' dir='ltr'><strong>LXXII.</strong></span> <span class='ocrx_word' id='word_1_69' title='bbox 359 459 459 486; x_wconf 79' lang='lat' dir='ltr'><strong>Deinde</strong></span> <span class='ocrx_word' id='word_1_70' title='bbox 489 461 530 486; x_wconf 89' lang='lat' dir='ltr'><strong>vel</strong></span> <span class='ocrx_word' id='word_1_71' title='bbox 548 459 639 487; x_wconf 82' lang='lat' dir='ltr'><strong>Manes</strong></span> <span class='ocrx_word' id='word_1_72' title='bbox 654 460 711 494; x_wconf 84' lang='lat' dir='ltr'><strong>ipse</strong></span> <span class='ocrx_word' id='word_1_73' title='bbox 727 461 883 492; x_wconf 78' lang='lat' dir='ltr'><strong>conﬁtetur,</strong></span> <span class='ocrx_word' id='word_1_74' title='bbox 900 459 985 487; x_wconf 83' lang='lat' dir='ltr'><strong>Deum</strong></span> 
     </span>
    </p>
   </div>
   <div class='ocr_carea' id='block_1_14' title="bbox 201 505 986 541">
    <p class='ocr_par' dir='ltr' id='par_1_14' title="bbox 201 505 986 541">
     <span class='ocr_line' id='line_1_14' title="bbox 201 505 986 541; baseline 0.001 -9"><span class='ocrx_word' id='word_1_75' title='bbox 201 506 274 533; x_wconf 79' lang='lat' dir='ltr'><strong>illum</strong></span> <span class='ocrx_word' id='word_1_76' title='bbox 286 505 319 532; x_wconf 90' lang='lat' dir='ltr'><strong>de</strong></span> <span class='ocrx_word' id='word_1_77' title='bbox 330 505 439 532; x_wconf 82' lang='lat' dir='ltr'><strong>Christo</strong></span> <span class='ocrx_word' id='word_1_78' title='bbox 450 506 615 533; x_wconf 72' lang='lat' dir='ltr'><strong>mentionem</strong></span> <span class='ocrx_word' id='word_1_79' title='bbox 630 506 719 533; x_wconf 76' lang='lat' dir='ltr'><strong>facere</strong></span> <span class='ocrx_word' id='word_1_80' title='bbox 730 506 858 533; x_wconf 83' lang='lat' dir='ltr'><strong>voluisse.</strong></span> <span class='ocrx_word' id='word_1_81' title='bbox 869 507 986 541; x_wconf 80' lang='lat' dir='ltr'><strong>Magnus</strong></span> 
     </span>
    </p>
   </div>
   <div class='ocr_carea' id='block_1_15' title="bbox 199 552 985 587">
    <p class='ocr_par' dir='ltr' id='par_1_15' title="bbox 199 552 985 587">
     <span class='ocr_line' id='line_1_15' title="bbox 199 552 985 587; baseline 0 -9"><span class='ocrx_word' id='word_1_82' title='bbox 199 553 272 579; x_wconf 87' lang='lat' dir='ltr'><strong>enim</strong></span> <span class='ocrx_word' id='word_1_83' title='bbox 288 559 380 579; x_wconf 79' lang='lat' dir='ltr'><strong>revera</strong></span> <span class='ocrx_word' id='word_1_84' title='bbox 399 552 444 579; x_wconf 82' lang='lat' dir='ltr'><strong>ille</strong></span> <span class='ocrx_word' id='word_1_85' title='bbox 463 552 525 584; x_wconf 83' lang='lat' dir='ltr'><strong>fuit,</strong></span> <span class='ocrx_word' id='word_1_86' title='bbox 550 552 596 586; x_wconf 91' lang='lat' dir='ltr'><strong>qui</strong></span> <span class='ocrx_word' id='word_1_87' title='bbox 619 552 645 578; x_wconf 94' lang='lat' dir='ltr'><strong>in</strong></span> <span class='ocrx_word' id='word_1_88' title='bbox 664 552 722 587; x_wconf 81' lang='lat' dir='ltr'><strong>lege</strong></span> <span class='ocrx_word' id='word_1_89' title='bbox 746 552 853 580; x_wconf 82' lang='lat' dir='ltr'><strong>10cutus</strong></span> <span class='ocrx_word' id='word_1_90' title='bbox 870 556 923 583; x_wconf 81' lang='lat' dir='ltr'><strong>est,</strong></span> <span class='ocrx_word' id='word_1_91' title='bbox 939 552 985 587; x_wconf 88' lang='lat' dir='ltr'><strong>qui</strong></span> 
     </span>
    </p>
   </div>
   <div class='ocr_carea' id='block_1_16' title="bbox 201 596 985 632">
    <p class='ocr_par' dir='ltr' id='par_1_16' title="bbox 201 596 985 632">
     <span class='ocr_line' id='line_1_16' title="bbox 201 596 985 632; baseline -0.001 -8"><span class='ocrx_word' id='word_1_92' title='bbox 201 597 294 624; x_wconf 79' lang='lat' dir='ltr'><strong>futura</strong></span> <span class='ocrx_word' id='word_1_93' title='bbox 309 602 372 624; x_wconf 87' lang='lat' dir='ltr'><strong>ante</strong></span> <span class='ocrx_word' id='word_1_94' title='bbox 389 597 512 632; x_wconf 61' lang='lat' dir='ltr'><strong>pra-vidit</strong></span> <span class='ocrx_word' id='word_1_95' title='bbox 542 605 574 624; x_wconf 81' lang='lat' dir='ltr'><strong>ac</strong></span> <span class='ocrx_word' id='word_1_96' title='bbox 595 597 728 631; x_wconf 77' lang='lat' dir='ltr'><strong>pnedixit.</strong></span> <span class='ocrx_word' id='word_1_97' title='bbox 759 597 825 623; x_wconf 85' lang='lat' dir='ltr'><strong>Nam</strong></span> <span class='ocrx_word' id='word_1_98' title='bbox 850 597 872 624; x_wconf 86' lang='lat' dir='ltr'><strong>si</strong></span> <span class='ocrx_word' id='word_1_99' title='bbox 895 596 985 623; x_wconf 81' lang='lat' dir='ltr'><strong>futura</strong></span> 
     </span>
    </p>
   </div>
   <div class='ocr_carea' id='block_1_17' title="bbox 200 643 987 679">
    <p class='ocr_par' dir='ltr' id='par_1_17' title="bbox 200 643 987 679">
     <span class='ocr_line' id='line_1_17' title="bbox 200 643 987 679; baseline -0.004 -8"><span class='ocrx_word' id='word_1_100' title='bbox 200 645 295 676; x_wconf 88' lang='lat' dir='ltr'><strong>novit,</strong></span> <span class='ocrx_word' id='word_1_101' title='bbox 316 644 397 679; x_wconf 76' lang='lat'><strong>693</strong></span> <span class='ocrx_word' id='word_1_102' title='bbox 412 643 590 678; x_wconf 66' lang='lat' dir='ltr'><strong>prmScientia:</strong></span> <span class='ocrx_word' id='word_1_103' title='bbox 608 651 705 678; x_wconf 85' lang='lat' dir='ltr'><strong>expers</strong></span> <span class='ocrx_word' id='word_1_104' title='bbox 723 650 777 669; x_wconf 93' lang='lat' dir='ltr'><strong>non</strong></span> <span class='ocrx_word' id='word_1_105' title='bbox 796 643 858 675; x_wconf 82' lang='lat' dir='ltr'><strong>fuit,</strong></span> <span class='ocrx_word' id='word_1_106' title='bbox 880 643 987 677; x_wconf 79' lang='lat' dir='ltr'><strong>eritque</strong></span> 
     </span>
    </p>
   </div>
   <div class='ocr_carea' id='block_1_18' title="bbox 198 687 986 724">
    <p class='ocr_par' dir='ltr' id='par_1_18' title="bbox 198 687 986 724">
     <span class='ocr_line' id='line_1_18' title="bbox 198 687 986 724; baseline -0.003 -8"><span class='ocrx_word' id='word_1_107' title='bbox 198 691 284 720; x_wconf 80' lang='lat' dir='ltr'><strong>Deus,</strong></span> <span class='ocrx_word' id='word_1_108' title='bbox 297 691 345 724; x_wconf 89' lang='lat' dir='ltr'><strong>qui</strong></span> <span class='ocrx_word' id='word_1_109' title='bbox 359 690 512 715; x_wconf 85' lang='lat' dir='ltr'><strong>futurorum</strong></span> <span class='ocrx_word' id='word_1_110' title='bbox 525 688 681 723; x_wconf 74' lang='lat' dir='ltr'><strong>cognitione</strong></span> <span class='ocrx_word' id='word_1_111' title='bbox 696 688 823 723; x_wconf 66' lang='lat' dir='ltr'><strong>praeditus</strong></span> <span class='ocrx_word' id='word_1_112' title='bbox 832 692 882 715; x_wconf 86' lang='lat' dir='ltr'><strong>est.</strong></span> <span class='ocrx_word' id='word_1_113' title='bbox 900 687 986 714; x_wconf 84' lang='lat' dir='ltr'><strong>Porro</strong></span> 
     </span>
    </p>
   </div>
   <div class='ocr_carea' id='block_1_19' title="bbox 201 734 986 769">
    <p class='ocr_par' dir='ltr' id='par_1_19' title="bbox 201 734 986 769">
     <span class='ocr_line' id='line_1_19' title="bbox 201 734 986 769; baseline -0.005 -6"><span class='ocrx_word' id='word_1_114' title='bbox 201 737 262 763; x_wconf 86' lang='lat' dir='ltr'><strong>ideo</strong></span> <span class='ocrx_word' id='word_1_115' title='bbox 278 736 323 763; x_wconf 81' lang='lat' dir='ltr'><strong>illa</strong></span> <span class='ocrx_word' id='word_1_116' title='bbox 340 735 462 769; x_wconf 86' lang='lat' dir='ltr'><strong>scripsit,</strong></span> <span class='ocrx_word' id='word_1_117' title='bbox 487 739 515 761; x_wconf 92' lang='lat' dir='ltr'><strong>ut</strong></span> <span class='ocrx_word' id='word_1_118' title='bbox 539 734 686 769; x_wconf 77' lang='lat' dir='ltr'><strong>aliquando</strong></span> <span class='ocrx_word' id='word_1_119' title='bbox 703 735 909 769; x_wconf 84' lang='lat' dir='ltr'><strong>contingerent:</strong></span> <span class='ocrx_word' id='word_1_120' title='bbox 927 741 986 768; x_wconf 76' lang='lat' dir='ltr'><strong>quu-</strong></span> 
     </span>
    </p>
   </div>
   <div class='ocr_carea' id='block_1_20' title="bbox 201 780 988 816">
    <p class='ocr_par' dir='ltr' id='par_1_20' title="bbox 201 780 988 816">
     <span class='ocr_line' id='line_1_20' title="bbox 201 780 988 816; baseline -0.006 -5"><span class='ocrx_word' id='word_1_121' title='bbox 201 784 224 811; x_wconf 88' lang='lat' dir='ltr'><strong>si</strong></span> <span class='ocrx_word' id='word_1_122' title='bbox 245 783 382 810; x_wconf 85' lang='lat' dir='ltr'><strong>contraria</strong></span> <span class='ocrx_word' id='word_1_123' title='bbox 401 782 452 816; x_wconf 82' lang='lat' dir='ltr'><strong>ipsi</strong></span> <span class='ocrx_word' id='word_1_124' title='bbox 469 781 571 812; x_wconf 76' lang='lat' dir='ltr'><strong>forent,</strong></span> <span class='ocrx_word' id='word_1_125' title='bbox 595 781 635 807; x_wconf 89' lang='lat' dir='ltr'><strong>sic</strong></span> <span class='ocrx_word' id='word_1_126' title='bbox 651 780 685 808; x_wconf 88' lang='lat' dir='ltr'><strong>de</strong></span> <span class='ocrx_word' id='word_1_127' title='bbox 699 781 753 808; x_wconf 88' lang='lat' dir='ltr'><strong>illis</strong></span> <span class='ocrx_word' id='word_1_128' title='bbox 775 780 858 807; x_wconf 89' lang='lat' dir='ltr'><strong>scribi</strong></span> <span class='ocrx_word' id='word_1_129' title='bbox 885 780 988 807; x_wconf 86' lang='lat' dir='ltr'><strong>voluis-</strong></span> 
     </span>
    </p>
   </div>
   <div class='ocr_carea' id='block_1_21' title="bbox 201 825 987 861">
    <p class='ocr_par' dir='ltr' id='par_1_21' title="bbox 201 825 987 861">
     <span class='ocr_line' id='line_1_21' title="bbox 201 825 987 861; baseline -0.004 -6"><span class='ocrx_word' id='word_1_130' title='bbox 201 833 253 860; x_wconf 85' lang='lat' dir='ltr'><strong>set,</strong></span> <span class='ocrx_word' id='word_1_131' title='bbox 270 833 299 854; x_wconf 94' lang='grc' dir='ltr'><strong>ιιι</strong></span> <span class='ocrx_word' id='word_1_132' title='bbox 312 832 445 855; x_wconf 78' lang='lat' dir='ltr'><strong>everteret</strong></span> <span class='ocrx_word' id='word_1_133' title='bbox 458 835 490 854; x_wconf 91' lang='lat' dir='ltr'><strong>ac</strong></span> <span class='ocrx_word' id='word_1_134' title='bbox 505 827 670 858; x_wconf 79' lang='lat' dir='ltr'><strong>destrueret,</strong></span> <span class='ocrx_word' id='word_1_135' title='bbox 686 834 720 853; x_wconf 86' lang='lat' dir='ltr'><strong>ne</strong></span> <span class='ocrx_word' id='word_1_136' title='bbox 734 826 892 861; x_wconf 77' lang='lat' dir='ltr'><strong>persuaderi</strong></span> <span class='ocrx_word' id='word_1_137' title='bbox 908 825 987 852; x_wconf 84' lang='lat' dir='ltr'><strong>nobis</strong></span> 
     </span>
    </p>
   </div>
   <div class='ocr_carea' id='block_1_22' title="bbox 202 871 986 910">
    <p class='ocr_par' dir='ltr' id='par_1_22' title="bbox 202 871 986 910">
     <span class='ocr_line' id='line_1_22' title="bbox 202 871 986 910; baseline -0.005 -8"><span class='ocrx_word' id='word_1_138' title='bbox 202 878 324 910; x_wconf 88' lang='lat' dir='ltr'><strong>possent.</strong></span> <span class='ocrx_word' id='word_1_139' title='bbox 354 873 432 900; x_wconf 85' lang='lat' dir='ltr'><strong>Nunc</strong></span> <span class='ocrx_word' id='word_1_140' title='bbox 461 880 523 900; x_wconf 89' lang='lat' dir='ltr'><strong>cum</strong></span> <span class='ocrx_word' id='word_1_141' title='bbox 550 879 582 899; x_wconf 87' lang='lat' dir='ltr'><strong>ea</strong></span> <span class='ocrx_word' id='word_1_142' title='bbox 601 872 773 899; x_wconf 89' lang='lat' dir='ltr'><strong>commendet</strong></span> <span class='ocrx_word' id='word_1_143' title='bbox 793 872 851 906; x_wconf 86' lang='lat' dir='ltr'><strong>ipsa</strong></span> <span class='ocrx_word' id='word_1_144' title='bbox 875 879 936 906; x_wconf 75' lang='lat' dir='ltr'><strong>qua:</strong></span> <span class='ocrx_word' id='word_1_145' title='bbox 958 871 986 897; x_wconf 92' lang='lat' dir='ltr'><strong>in</strong></span> 
     </span>
    </p>
   </div>
   <div class='ocr_carea' id='block_1_23' title="bbox 1073 459 1828 499">
    <p class='ocr_par' dir='ltr' id='par_1_23' title="bbox 1073 459 1828 499">
     <span class='ocr_line' id='line_1_23' title="bbox 1073 459 1828 499; baseline 0.004 -12"><span class='ocrx_word' id='word_1_146' title='bbox 1073 461 1130 489; x_wconf 85' lang='lat' dir='ltr'><strong>OB&#39;.</strong></span> <span class='ocrx_word' id='word_1_147' title='bbox 1154 459 1220 488; x_wconf 85' lang='grc' dir='ltr'><strong>Εἶτά</strong></span> <span class='ocrx_word' id='word_1_148' title='bbox 1239 470 1320 497; x_wconf 79' lang='grc' dir='ltr'>φησιν</span> <span class='ocrx_word' id='word_1_149' title='bbox 1343 463 1357 488; x_wconf 88' lang='grc' dir='ltr'>ὁ</span> <span class='ocrx_word' id='word_1_150' title='bbox 1380 462 1460 494; x_wconf 75' lang='grc' dir='ltr'>αὐτὸς</span> <span class='ocrx_word' id='word_1_151' title='bbox 1478 462 1572 497; x_wconf 83' lang='grc' dir='ltr'>Μάνης</span> <span class='ocrx_word' id='word_1_152' title='bbox 1585 471 1592 477; x_wconf 70' lang='grc'><strong>⁸</strong></span> <span class='ocrx_word' id='word_1_153' title='bbox 1616 462 1745 498; x_wconf 82' lang='grc' dir='ltr'>Ἠῦέλησε</span> <span class='ocrx_word' id='word_1_154' title='bbox 1763 465 1828 499; x_wconf 77' lang='grc' dir='ltr'>περὶ</span> 
     </span>
    </p>
   </div>
   <div class='ocr_carea' id='block_1_24' title="bbox 1037 507 1828 545">
    <p class='ocr_par' dir='ltr' id='par_1_24' title="bbox 1037 507 1828 545">
     <span class='ocr_line' id='line_1_24' title="bbox 1037 507 1828 545; baseline 0.003 -11"><span class='ocrx_word' id='word_1_155' title='bbox 1037 507 1156 544; x_wconf 78' lang='grc' dir='ltr'><strong>Χριστοῦ</strong></span> <span class='ocrx_word' id='word_1_156' title='bbox 1170 508 1248 542; x_wconf 84' lang='grc' dir='ltr'>λόγον</span> <span class='ocrx_word' id='word_1_157' title='bbox 1259 508 1398 535; x_wconf 72' lang='grc' dir='ltr'><strong>ἐκθέσθαι.</strong></span> <span class='ocrx_word' id='word_1_158' title='bbox 1418 508 1447 535; x_wconf 89' lang='lat'><strong>&#39;0</strong></span> <span class='ocrx_word' id='word_1_159' title='bbox 1458 507 1578 543; x_wconf 83' lang='grc' dir='ltr'><strong>λαλήσας</strong></span> <span class='ocrx_word' id='word_1_160' title='bbox 1594 508 1647 543; x_wconf 82' lang='grc' dir='ltr'><strong>γὰρ</strong></span> <span class='ocrx_word' id='word_1_161' title='bbox 1659 509 1689 535; x_wconf 83' lang='grc' dir='ltr'>ὲν</span> <span class='ocrx_word' id='word_1_162' title='bbox 1701 509 1740 544; x_wconf 84' lang='grc' dir='ltr'>τῷ</span> <span class='ocrx_word' id='word_1_163' title='bbox 1752 509 1828 545; x_wconf 83' lang='grc' dir='ltr'>νόμῳ</span> 
     </span>
    </p>
   </div>
   <div class='ocr_carea' id='block_1_25' title="bbox 1039 553 1828 589">
    <p class='ocr_par' dir='ltr' id='par_1_25' title="bbox 1039 553 1828 589">
     <span class='ocr_line' id='line_1_25' title="bbox 1039 553 1828 589; baseline 0.001 -9"><span class='ocrx_word' id='word_1_164' title='bbox 1039 553 1125 588; x_wconf 79' lang='grc' dir='ltr'>μέγας</span> <span class='ocrx_word' id='word_1_165' title='bbox 1140 553 1258 589; x_wconf 83' lang='grc' dir='ltr'>ἀληθῶς,</span> <span class='ocrx_word' id='word_1_166' title='bbox 1275 555 1289 580; x_wconf 83' lang='grc' dir='ltr'>ὁ</span> <span class='ocrx_word' id='word_1_167' title='bbox 1303 553 1448 588; x_wconf 78' lang='grc' dir='ltr'>ἐκθέμενος</span> <span class='ocrx_word' id='word_1_168' title='bbox 1462 553 1508 579; x_wconf 76' lang='grc' dir='ltr'>καὶ</span> <span class='ocrx_word' id='word_1_169' title='bbox 1525 553 1590 588; x_wconf 72' lang='grc' dir='ltr'>περὶ</span> <span class='ocrx_word' id='word_1_170' title='bbox 1605 553 1658 579; x_wconf 85' lang='grc' dir='ltr'>τῶν</span> <span class='ocrx_word' id='word_1_171' title='bbox 1675 553 1828 588; x_wconf 83' lang='grc' dir='ltr'><strong>μελλόντων</strong></span> 
     </span>
    </p>
   </div>
   <div class='ocr_carea' id='block_1_26' title="bbox 1038 596 1827 636">
    <p class='ocr_par' dir='ltr' id='par_1_26' title="bbox 1038 596 1827 636">
     <span class='ocr_line' id='line_1_26' title="bbox 1038 596 1827 636; baseline 0 -10"><span class='ocrx_word' id='word_1_172' title='bbox 1038 599 1189 633; x_wconf 80' lang='grc' dir='ltr'><strong>γινώσκων.</strong></span> <span class='ocrx_word' id='word_1_173' title='bbox 1215 600 1247 626; x_wconf 84' lang='lat' dir='ltr'><strong>El.</strong></span> <span class='ocrx_word' id='word_1_174' title='bbox 1266 599 1320 635; x_wconf 81' lang='grc' dir='ltr'><strong>γὰρ</strong></span> <span class='ocrx_word' id='word_1_175' title='bbox 1338 596 1392 626; x_wconf 77' lang='grc' dir='ltr'>οἵδε</span> <span class='ocrx_word' id='word_1_176' title='bbox 1412 599 1446 626; x_wconf 73' lang='grc' dir='ltr'>τὰ</span> <span class='ocrx_word' id='word_1_177' title='bbox 1470 600 1611 634; x_wconf 84' lang='grc' dir='ltr'>μέλλοντα,</span> <span class='ocrx_word' id='word_1_178' title='bbox 1636 600 1686 626; x_wconf 81' lang='grc' dir='ltr'><strong>οὐκ</strong></span> <span class='ocrx_word' id='word_1_179' title='bbox 1711 599 1827 636; x_wconf 77' lang='grc' dir='ltr'>ἄμοιρός</span> 
     </span>
    </p>
   </div>
   <div class='ocr_carea' id='block_1_27' title="bbox 1038 644 1827 681">
    <p class='ocr_par' dir='ltr' id='par_1_27' title="bbox 1038 644 1827 681">
     <span class='ocr_line' id='line_1_27' title="bbox 1038 644 1827 681; baseline 0.001 -10"><span class='ocrx_word' id='word_1_180' title='bbox 1038 645 1096 672; x_wconf 75' lang='grc' dir='ltr'><em>ἐστι</em></span> <span class='ocrx_word' id='word_1_181' title='bbox 1110 645 1299 681; x_wconf 82' lang='grc' dir='ltr'><strong>προγνώσεως,</strong></span> <span class='ocrx_word' id='word_1_182' title='bbox 1310 645 1377 672; x_wconf 83' lang='grc' dir='ltr'>ἀλλὰ</span> <span class='ocrx_word' id='word_1_183' title='bbox 1390 644 1457 676; x_wconf 85' lang='grc' dir='ltr'>Θεός</span> <span class='ocrx_word' id='word_1_184' title='bbox 1471 647 1529 672; x_wconf 70' lang='grc' dir='ltr'>ἐστι</span> <span class='ocrx_word' id='word_1_185' title='bbox 1544 646 1578 672; x_wconf 82' lang='grc' dir='ltr'>τὰ</span> <span class='ocrx_word' id='word_1_186' title='bbox 1592 645 1724 680; x_wconf 78' lang='grc' dir='ltr'>μέλλοντα.</span> <span class='ocrx_word' id='word_1_187' title='bbox 1735 645 1827 677; x_wconf 77' lang='grc' dir='ltr'>εἰδώς.</span> 
     </span>
    </p>
   </div>
   <div class='ocr_carea' id='block_1_28' title="bbox 1039 691 1829 727">
    <p class='ocr_par' dir='ltr' id='par_1_28' title="bbox 1039 691 1829 727">
     <span class='ocr_line' id='line_1_28' title="bbox 1039 691 1829 727; baseline 0 -9"><span class='ocrx_word' id='word_1_188' title='bbox 1039 691 1163 727; x_wconf 82' lang='grc' dir='ltr'>Ἔγραψε</span> <span class='ocrx_word' id='word_1_189' title='bbox 1180 692 1207 718; x_wconf 82' lang='grc' dir='ltr'>δὲ</span> <span class='ocrx_word' id='word_1_190' title='bbox 1220 691 1306 725; x_wconf 75' lang='grc' dir='ltr'>αὐτὰ,</span> <span class='ocrx_word' id='word_1_191' title='bbox 1324 692 1367 718; x_wconf 81' lang='grc' dir='ltr'><strong>ἴνα</strong></span> <span class='ocrx_word' id='word_1_192' title='bbox 1382 691 1505 726; x_wconf 85' lang='grc' dir='ltr'>γένηται.</span> <span class='ocrx_word' id='word_1_193' title='bbox 1525 691 1556 718; x_wconf 84' lang='grc' dir='ltr'><strong>Εἰ</strong></span> <span class='ocrx_word' id='word_1_194' title='bbox 1572 691 1600 718; x_wconf 81' lang='grc' dir='ltr'>δὲ</span> <span class='ocrx_word' id='word_1_195' title='bbox 1623 691 1732 719; x_wconf 82' lang='grc' dir='ltr'>ἐναντία</span> <span class='ocrx_word' id='word_1_196' title='bbox 1752 692 1829 727; x_wconf 81' lang='grc' dir='ltr'>αὐτῷ</span> 
     </span>
    </p>
   </div>
   <div class='ocr_carea' id='block_1_29' title="bbox 1039 736 1828 773">
    <p class='ocr_par' dir='ltr' id='par_1_29' title="bbox 1039 736 1828 773">
     <span class='ocr_line' id='line_1_29' title="bbox 1039 736 1828 773; baseline 0 -9"><span class='ocrx_word' id='word_1_197' title='bbox 1039 737 1176 773; x_wconf 84' lang='grc' dir='ltr'>ὑπῆρχεν,</span> <span class='ocrx_word' id='word_1_198' title='bbox 1191 737 1295 772; x_wconf 79' lang='grc' dir='ltr'>ἔγραφε</span> <span class='ocrx_word' id='word_1_199' title='bbox 1320 738 1368 772; x_wconf 79' lang='grc' dir='ltr'>μὲν</span> <span class='ocrx_word' id='word_1_200' title='bbox 1391 738 1455 772; x_wconf 77' lang='grc' dir='ltr'>περὶ</span> <span class='ocrx_word' id='word_1_201' title='bbox 1479 737 1578 769; x_wconf 80' lang='grc' dir='ltr'>αὐτῶν,</span> <span class='ocrx_word' id='word_1_202' title='bbox 1601 736 1677 763; x_wconf 78' lang='grc' dir='ltr'>ἔλυσε</span> <span class='ocrx_word' id='word_1_203' title='bbox 1701 738 1729 764; x_wconf 83' lang='grc' dir='ltr'>δὲ</span> <span class='ocrx_word' id='word_1_204' title='bbox 1744 738 1828 769; x_wconf 80' lang='grc' dir='ltr'>αὐτὰ,</span> 
     </span>
    </p>
   </div>
   <div class='ocr_carea' id='block_1_30' title="bbox 1040 783 1828 819">
    <p class='ocr_par' dir='ltr' id='par_1_30' title="bbox 1040 783 1828 819">
     <span class='ocr_line' id='line_1_30' title="bbox 1040 783 1828 819; baseline 0 -10"><span class='ocrx_word' id='word_1_205' title='bbox 1040 783 1082 810; x_wconf 82' lang='grc' dir='ltr'>ἵνα</span> <span class='ocrx_word' id='word_1_206' title='bbox 1102 784 1138 819; x_wconf 80' lang='grc' dir='ltr'>μὴ</span> <span class='ocrx_word' id='word_1_207' title='bbox 1155 784 1248 815; x_wconf 79' lang='grc' dir='ltr'>αὐτοῖς</span> <span class='ocrx_word' id='word_1_208' title='bbox 1271 783 1437 818; x_wconf 73' lang='grc' dir='ltr'>πεισθῶμεν.</span> <span class='ocrx_word' id='word_1_209' title='bbox 1469 784 1562 810; x_wconf 81' lang='grc' dir='ltr'>Ὁπότε</span> <span class='ocrx_word' id='word_1_210' title='bbox 1580 784 1608 810; x_wconf 71' lang='grc' dir='ltr'>δὲ</span> <span class='ocrx_word' id='word_1_211' title='bbox 1635 783 1777 819; x_wconf 76' lang='grc' dir='ltr'><strong>συνίστησι</strong></span> <span class='ocrx_word' id='word_1_212' title='bbox 1794 784 1828 809; x_wconf 74' lang='grc' dir='ltr'>τὰ</span> 
     </span>
    </p>
   </div>
   <div class='ocr_carea' id='block_1_31' title="bbox 1041 829 1829 865">
    <p class='ocr_par' dir='ltr' id='par_1_31' title="bbox 1041 829 1829 865">
     <span class='ocr_line' id='line_1_31' title="bbox 1041 829 1829 865; baseline -0.001 -9"><span class='ocrx_word' id='word_1_213' title='bbox 1041 829 1171 864; x_wconf 84' lang='grc' dir='ltr'>μέλλοντα</span> <span class='ocrx_word' id='word_1_214' title='bbox 1186 831 1225 861; x_wconf 83' lang='grc' dir='ltr'>εἰς</span> <span class='ocrx_word' id='word_1_215' title='bbox 1240 830 1356 865; x_wconf 78' lang='grc' dir='ltr'>Χριστὸν</span> <span class='ocrx_word' id='word_1_216' title='bbox 1371 829 1548 860; x_wconf 74' lang='grc' dir='ltr'>τελειοῦσθαι,</span> <span class='ocrx_word' id='word_1_217' title='bbox 1571 829 1636 855; x_wconf 76' lang='grc' dir='ltr'>αὐτὸ</span> <span class='ocrx_word' id='word_1_218' title='bbox 1657 830 1710 864; x_wconf 83' lang='grc' dir='ltr'>ἄρα</span> <span class='ocrx_word' id='word_1_219' title='bbox 1724 829 1783 856; x_wconf 75' lang='grc' dir='ltr'><strong>ἐστὶ</strong></span> <span class='ocrx_word' id='word_1_220' title='bbox 1798 829 1829 855; x_wconf 77' lang='grc' dir='ltr'>τὸ</span> 
     </span>
    </p>
   </div>
   <div class='ocr_carea' id='block_1_32' title="bbox 1040 875 1830 910">
    <p class='ocr_par' dir='ltr' id='par_1_32' title="bbox 1040 875 1830 910">
     <span class='ocr_line' id='line_1_32' title="bbox 1040 875 1830 910; baseline -0.001 -9"><span class='ocrx_word' id='word_1_221' title='bbox 1040 875 1151 910; x_wconf 84' lang='grc' dir='ltr'><strong>Πνεῦμα</strong></span> <span class='ocrx_word' id='word_1_222' title='bbox 1166 875 1197 901; x_wconf 81' lang='grc' dir='ltr'>τὸ</span> <span class='ocrx_word' id='word_1_223' title='bbox 1210 875 1328 910; x_wconf 81' lang='grc' dir='ltr'>λαλῆσαν</span> <span class='ocrx_word' id='word_1_224' title='bbox 1345 876 1373 901; x_wconf 80' lang='grc' dir='ltr'>ἐν</span> <span class='ocrx_word' id='word_1_225' title='bbox 1388 876 1472 910; x_wconf 78' lang='grc' dir='ltr'>νόμῳ,</span> <span class='ocrx_word' id='word_1_226' title='bbox 1488 876 1536 902; x_wconf 74' lang='grc' dir='ltr'>καὶ</span> <span class='ocrx_word' id='word_1_227' title='bbox 1551 876 1580 902; x_wconf 83' lang='grc' dir='ltr'>ὲν</span> <span class='ocrx_word' id='word_1_228' title='bbox 1599 876 1766 910; x_wconf 76' lang='grc' dir='ltr'><strong>προφήταις,</strong></span> <span class='ocrx_word' id='word_1_229' title='bbox 1781 875 1830 901; x_wconf 79' lang='grc' dir='ltr'>καὶ</span> 
     </span>
    </p>
   </div>
   <div class='ocr_carea' id='block_1_33' title="bbox 201 912 989 958">
    <p class='ocr_par' dir='ltr' id='par_1_33' title="bbox 201 917 988 954">
     <span class='ocr_line' id='line_1_33' title="bbox 201 917 988 954; baseline -0.006 -6"><span class='ocrx_word' id='word_1_230' title='bbox 201 921 313 948; x_wconf 87' lang='lat' dir='ltr'><strong>Christo</strong></span> <span class='ocrx_word' id='word_1_231' title='bbox 329 918 492 954; x_wconf 85' lang='lat' dir='ltr'><strong>perlicienda</strong></span> <span class='ocrx_word' id='word_1_232' title='bbox 503 922 592 951; x_wconf 87' lang='lat' dir='ltr'><strong>erant,</strong></span> <span class='ocrx_word' id='word_1_233' title='bbox 601 925 656 944; x_wconf 89' lang='lat' dir='ltr'><strong>non</strong></span> <span class='ocrx_word' id='word_1_234' title='bbox 671 917 782 944; x_wconf 89' lang='lat' dir='ltr'><strong>dubium</strong></span> <span class='ocrx_word' id='word_1_235' title='bbox 795 921 847 949; x_wconf 88' lang='lat' dir='ltr'><strong>est,</strong></span> <span class='ocrx_word' id='word_1_236' title='bbox 863 917 988 944; x_wconf 75' lang='lat' dir='ltr'><strong>elimdem</strong></span> 
     </span>
    </p>
   </div>
   <div class='ocr_carea' id='block_1_34' title="bbox 1043 912 1830 958">
    <p class='ocr_par' dir='ltr' id='par_1_34' title="bbox 1043 920 1830 958">
     <span class='ocr_line' id='line_1_34' title="bbox 1043 920 1830 958; baseline 0 -11"><span class='ocrx_word' id='word_1_237' title='bbox 1043 922 1069 948; x_wconf 76' lang='grc' dir='ltr'>ὲν</span> <span class='ocrx_word' id='word_1_238' title='bbox 1088 921 1247 956; x_wconf 83' lang='grc' dir='ltr'>Εὑαγγελίῳ</span> <span class='ocrx_word' id='word_1_239' title='bbox 1258 930 1264 936; x_wconf 94' lang='grc'><strong>-</strong></span> <span class='ocrx_word' id='word_1_240' title='bbox 1287 921 1336 956; x_wconf 89' lang='grc' dir='ltr'><strong>μία</strong></span> <span class='ocrx_word' id='word_1_241' title='bbox 1354 921 1408 958; x_wconf 87' lang='grc' dir='ltr'><strong>γάρ</strong></span> <span class='ocrx_word' id='word_1_242' title='bbox 1425 922 1497 947; x_wconf 74' lang='grc' dir='ltr'>ἐστιν</span> <span class='ocrx_word' id='word_1_243' title='bbox 1520 921 1536 956; x_wconf 77' lang='grc' dir='ltr'>ἡ</span> <span class='ocrx_word' id='word_1_244' title='bbox 1557 921 1717 956; x_wconf 80' lang='grc' dir='ltr'><strong>συμφωνία,</strong></span> <span class='ocrx_word' id='word_1_245' title='bbox 1733 920 1772 952; x_wconf 83' lang='grc' dir='ltr'>ὡς</span> <span class='ocrx_word' id='word_1_246' title='bbox 1785 920 1830 948; x_wconf 76' lang='grc' dir='ltr'><strong>διὰ</strong></span> 
     </span>
    </p>
   </div>
   <div class='ocr_carea' id='block_1_35' title="bbox 202 964 989 1001">
    <p class='ocr_par' dir='ltr' id='par_1_35' title="bbox 202 964 989 1001">
     <span class='ocr_line' id='line_1_35' title="bbox 202 964 989 1001; baseline -0.008 -5"><span class='ocrx_word' id='word_1_247' title='bbox 202 969 279 996; x_wconf 74' lang='lat' dir='ltr'><strong>illum</strong></span> <span class='ocrx_word' id='word_1_248' title='bbox 293 975 355 995; x_wconf 87' lang='lat' dir='ltr'><strong>esse</strong></span> <span class='ocrx_word' id='word_1_249' title='bbox 366 966 499 1001; x_wconf 85' lang='lat' dir='ltr'><strong>Spiritum</strong></span> <span class='ocrx_word' id='word_1_250' title='bbox 515 965 598 1000; x_wconf 87' lang='lat' dir='ltr'><strong>quiin</strong></span> <span class='ocrx_word' id='word_1_251' title='bbox 610 965 677 1000; x_wconf 78' lang='lat' dir='ltr'><strong>lege,</strong></span> <span class='ocrx_word' id='word_1_252' title='bbox 695 972 727 991; x_wconf 84' lang='lat' dir='ltr'><strong>ac</strong></span> <span class='ocrx_word' id='word_1_253' title='bbox 739 964 888 999; x_wconf 77' lang='lat' dir='ltr'><strong>prophetis.</strong></span> <span class='ocrx_word' id='word_1_254' title='bbox 901 964 989 990; x_wconf 87' lang='lat' dir='ltr'><strong>Evan-</strong></span> 
     </span>
    </p>
   </div>
   <div class='ocr_carea' id='block_1_36' title="bbox 202 1009 989 1048">
    <p class='ocr_par' dir='ltr' id='par_1_36' title="bbox 202 1009 989 1048">
     <span class='ocr_line' id='line_1_36' title="bbox 202 1009 989 1048; baseline -0.006 -8"><span class='ocrx_word' id='word_1_255' title='bbox 202 1013 326 1048; x_wconf 76' lang='lat' dir='ltr'><strong>gelioque</strong></span> <span class='ocrx_word' id='word_1_256' title='bbox 350 1011 418 1038; x_wconf 88' lang='lat' dir='ltr'><strong>adeo</strong></span> <span class='ocrx_word' id='word_1_257' title='bbox 440 1011 476 1038; x_wconf 90' lang='lat' dir='ltr'><strong>sit</strong></span> <span class='ocrx_word' id='word_1_258' title='bbox 500 1010 619 1042; x_wconf 84' lang='lat' dir='ltr'><strong>locutus,</strong></span> <span class='ocrx_word' id='word_1_259' title='bbox 637 1009 856 1044; x_wconf 78' lang='lat' dir='ltr'><strong>quandoquidem</strong></span> <span class='ocrx_word' id='word_1_260' title='bbox 881 1017 933 1035; x_wconf 85' lang='lat' dir='ltr'><strong>una</strong></span> <span class='ocrx_word' id='word_1_261' title='bbox 947 1012 989 1036; x_wconf 85' lang='lat' dir='ltr'><strong>est</strong></span> 
     </span>
    </p>
   </div>
   <div class='ocr_carea' id='block_1_37' title="bbox 202 1053 986 1089">
    <p class='ocr_par' dir='ltr' id='par_1_37' title="bbox 202 1053 986 1089">
     <span class='ocr_line' id='line_1_37' title="bbox 202 1053 986 1089; baseline -0.008 -4"><span class='ocrx_word' id='word_1_262' title='bbox 202 1058 324 1085; x_wconf 88' lang='lat' dir='ltr'><strong>omnium</strong></span> <span class='ocrx_word' id='word_1_263' title='bbox 339 1055 496 1084; x_wconf 82' lang='lat' dir='ltr'><strong>concordia.</strong></span> <span class='ocrx_word' id='word_1_264' title='bbox 513 1054 591 1087; x_wconf 85' lang='lat' dir='ltr'><strong>Quod</strong></span> <span class='ocrx_word' id='word_1_265' title='bbox 607 1062 622 1081; x_wconf 85' lang='lat' dir='ltr'><strong>a</strong></span> <span class='ocrx_word' id='word_1_266' title='bbox 637 1054 728 1089; x_wconf 80' lang='lat' dir='ltr'><strong>Moyse</strong></span> <span class='ocrx_word' id='word_1_267' title='bbox 742 1061 851 1088; x_wconf 85' lang='lat' dir='ltr'><strong>quoque</strong></span> <span class='ocrx_word' id='word_1_268' title='bbox 866 1053 986 1080; x_wconf 66' lang='lat' dir='ltr'><strong>declara-</strong></span> 
     </span>
    </p>
   </div>
   <div class='ocr_carea' id='block_1_38' title="bbox 203 1099 989 1136">
    <p class='ocr_par' dir='ltr' id='par_1_38' title="bbox 203 1099 989 1136">
     <span class='ocr_line' id='line_1_38' title="bbox 203 1099 989 1136; baseline -0.009 -4"><span class='ocrx_word' id='word_1_269' title='bbox 203 1109 259 1132; x_wconf 88' lang='lat' dir='ltr'><strong>tum</strong></span> <span class='ocrx_word' id='word_1_270' title='bbox 273 1109 315 1131; x_wconf 87' lang='lat' dir='ltr'><strong>est</strong></span> <span class='ocrx_word' id='word_1_271' title='bbox 329 1113 335 1131; x_wconf 92' lang='lat'>:</span> <span class='ocrx_word' id='word_1_272' title='bbox 353 1102 523 1136; x_wconf 82' lang='lat' dir='ltr'><strong>Prophetam.</strong></span> <span class='ocrx_word' id='word_1_273' title='bbox 538 1101 587 1133; x_wconf 93' lang='lat' dir='ltr'><strong>ait,</strong></span> <span class='ocrx_word' id='word_1_274' title='bbox 599 1108 612 1127; x_wconf 87' lang='lat' dir='ltr'><strong>e</strong></span> <span class='ocrx_word' id='word_1_275' title='bbox 624 1099 752 1134; x_wconf 75' lang='lat' dir='ltr'><strong>fratribus</strong></span> <span class='ocrx_word' id='word_1_276' title='bbox 767 1099 860 1126; x_wconf 75' lang='lat' dir='ltr'><strong>vestris</strong></span> <span class='ocrx_word' id='word_1_277' title='bbox 873 1099 989 1126; x_wconf 77' lang='lat' dir='ltr'><strong>suscita-</strong></span> 
     </span>
    </p>
   </div>
   <div class='ocr_carea' id='block_1_39' title="bbox 202 1144 988 1180">
    <p class='ocr_par' dir='ltr' id='par_1_39' title="bbox 202 1144 988 1180">
     <span class='ocr_line' id='line_1_39' title="bbox 202 1144 988 1180; baseline -0.01 -2"><span class='ocrx_word' id='word_1_278' title='bbox 202 1151 238 1178; x_wconf 73' lang='lat' dir='ltr'><strong>bit</strong></span> <span class='ocrx_word' id='word_1_279' title='bbox 253 1150 381 1177; x_wconf 75' lang='lat' dir='ltr'><strong>Dominus</strong></span> <span class='ocrx_word' id='word_1_280' title='bbox 390 1149 410 1175; x_wconf 80' lang='grc'><strong>³.</strong></span> <span class='ocrx_word' id='word_1_281' title='bbox 427 1147 483 1175; x_wconf 91' lang='lat' dir='ltr'><strong>lmo</strong></span> <span class='ocrx_word' id='word_1_282' title='bbox 492 1151 519 1175; x_wconf 89' lang='lat' dir='ltr'><strong>et</strong></span> <span class='ocrx_word' id='word_1_283' title='bbox 529 1146 662 1173; x_wconf 89' lang='lat' dir='ltr'><strong>Dominus</strong></span> <span class='ocrx_word' id='word_1_284' title='bbox 671 1146 745 1180; x_wconf 87' lang='lat' dir='ltr'><strong>ipse:</strong></span> <span class='ocrx_word' id='word_1_285' title='bbox 764 1145 877 1180; x_wconf 78' lang='lat' dir='ltr'><strong>Moyses,</strong></span> <span class='ocrx_word' id='word_1_286' title='bbox 890 1144 988 1179; x_wconf 89' lang='lat' dir='ltr'><strong>inquit,</strong></span> 
     </span>
    </p>
   </div>
   <div class='ocr_carea' id='block_1_40' title="bbox 202 1191 987 1230">
    <p class='ocr_par' dir='ltr' id='par_1_40' title="bbox 202 1191 987 1230">
     <span class='ocr_line' id='line_1_40' title="bbox 202 1191 987 1230; baseline -0.011 -5"><span class='ocrx_word' id='word_1_287' title='bbox 202 1198 234 1225; x_wconf 79' lang='lat' dir='ltr'><strong>dc</strong></span> <span class='ocrx_word' id='word_1_288' title='bbox 255 1205 296 1224; x_wconf 83' lang='lat' dir='ltr'><strong>me</strong></span> <span class='ocrx_word' id='word_1_289' title='bbox 319 1194 456 1230; x_wconf 73' lang='lat' dir='ltr'><strong>scripsit‘.</strong></span> <span class='ocrx_word' id='word_1_290' title='bbox 482 1193 534 1226; x_wconf 86' lang='lat' dir='ltr'><strong>Qui</strong></span> <span class='ocrx_word' id='word_1_291' title='bbox 557 1191 667 1227; x_wconf 90' lang='lat' dir='ltr'><strong>quidem</strong></span> <span class='ocrx_word' id='word_1_292' title='bbox 694 1191 802 1226; x_wconf 86' lang='lat' dir='ltr'><strong>Moyses</strong></span> <span class='ocrx_word' id='word_1_293' title='bbox 825 1191 861 1218; x_wconf 85' lang='lat' dir='ltr'><strong>ita</strong></span> <span class='ocrx_word' id='word_1_294' title='bbox 886 1191 987 1225; x_wconf 79' lang='lat' dir='ltr'><strong>pergit:</strong></span> 
     </span>
    </p>
   </div>
   <div class='ocr_carea' id='block_1_41' title="bbox 203 1237 990 1274">
    <p class='ocr_par' dir='ltr' id='par_1_41' title="bbox 203 1237 990 1274">
     <span class='ocr_line' id='line_1_41' title="bbox 203 1237 990 1274; baseline -0.01 -4"><span class='ocrx_word' id='word_1_295' title='bbox 203 1243 295 1271; x_wconf 76' lang='lat' dir='ltr'><strong>Omnis</strong></span> <span class='ocrx_word' id='word_1_296' title='bbox 310 1242 403 1268; x_wconf 86' lang='lat' dir='ltr'><strong>anima</strong></span> <span class='ocrx_word' id='word_1_297' title='bbox 413 1247 470 1274; x_wconf 67' lang='lat' dir='ltr'><strong>quae</strong></span> <span class='ocrx_word' id='word_1_298' title='bbox 486 1247 538 1266; x_wconf 82' lang='lat' dir='ltr'><strong>non</strong></span> <span class='ocrx_word' id='word_1_299' title='bbox 549 1237 663 1264; x_wconf 81' lang='lat' dir='ltr'><strong>audierit</strong></span> <span class='ocrx_word' id='word_1_300' title='bbox 676 1237 829 1271; x_wconf 80' lang='lat' dir='ltr'><strong>prophetam</strong></span> <span class='ocrx_word' id='word_1_301' title='bbox 841 1237 927 1268; x_wconf 82' lang='lat' dir='ltr'><strong>illum,</strong></span> <span class='ocrx_word' id='word_1_302' title='bbox 943 1243 990 1262; x_wconf 73' lang='lat' dir='ltr'><strong>ex-</strong></span> 
     </span>
    </p>
   </div>
   <div class='ocr_carea' id='block_1_42' title="bbox 205 1282 990 1317">
    <p class='ocr_par' dir='ltr' id='par_1_42' title="bbox 205 1282 990 1317">
     <span class='ocr_line' id='line_1_42' title="bbox 205 1282 990 1317; baseline -0.009 -2"><span class='ocrx_word' id='word_1_303' title='bbox 205 1287 390 1315; x_wconf 76' lang='lat' dir='ltr'><strong>terminabitur</strong></span> <span class='ocrx_word' id='word_1_304' title='bbox 399 1286 420 1312; x_wconf 82' lang='grc'><strong>⁵.</strong></span> <span class='ocrx_word' id='word_1_305' title='bbox 434 1286 502 1312; x_wconf 92' lang='lat' dir='ltr'><strong>Item</strong></span> <span class='ocrx_word' id='word_1_306' title='bbox 514 1283 664 1310; x_wconf 86' lang='lat' dir='ltr'><strong>Dominus:</strong></span> <span class='ocrx_word' id='word_1_307' title='bbox 679 1283 708 1310; x_wconf 90' lang='lat' dir='ltr'><strong>Si</strong></span> <span class='ocrx_word' id='word_1_308' title='bbox 720 1282 820 1317; x_wconf 74' lang='lat' dir='ltr'><strong>Moysi:</strong></span> <span class='ocrx_word' id='word_1_309' title='bbox 831 1283 927 1309; x_wconf 83' lang='lat' dir='ltr'><strong>litteris</strong></span> <span class='ocrx_word' id='word_1_310' title='bbox 938 1290 990 1308; x_wconf 78' lang='lat' dir='ltr'><strong>non</strong></span> 
     </span>
    </p>
   </div>
   <div class='ocr_carea' id='block_1_43' title="bbox 199 1327 989 1366">
    <p class='ocr_par' dir='ltr' id='par_1_43' title="bbox 199 1327 989 1366">
     <span class='ocr_line' id='line_1_43' title="bbox 199 1327 989 1366; baseline -0.006 -7"><span class='ocrx_word' id='word_1_311' title='bbox 199 1332 310 1359; x_wconf 61' lang='lat' dir='ltr'><strong>creditis</strong></span> <span class='ocrx_word' id='word_1_312' title='bbox 324 1351 332 1364; x_wconf 90' lang='lat'><strong>,</strong></span> <span class='ocrx_word' id='word_1_313' title='bbox 365 1329 495 1366; x_wconf 82' lang='lat' dir='ltr'><strong>quomodo</strong></span> <span class='ocrx_word' id='word_1_314' title='bbox 521 1336 653 1355; x_wconf 72' lang='lat' dir='ltr'><strong>sermones</strong></span> <span class='ocrx_word' id='word_1_315' title='bbox 678 1336 748 1355; x_wconf 67' lang='lat' dir='ltr'><strong>mea:</strong></span> <span class='ocrx_word' id='word_1_316' title='bbox 771 1327 884 1355; x_wconf 76' lang='lat' dir='ltr'><strong>audietis</strong></span> <span class='ocrx_word' id='word_1_317' title='bbox 904 1328 934 1354; x_wconf 71' lang='lat'><strong>&quot;3</strong></span> <span class='ocrx_word' id='word_1_318' title='bbox 950 1327 989 1355; x_wconf 82' lang='lat' dir='ltr'><strong>Ita</strong></span> 
     </span>
    </p>
   </div>
   <div class='ocr_carea' id='block_1_44' title="bbox 203 1373 990 1410">
    <p class='ocr_par' dir='ltr' id='par_1_44' title="bbox 203 1373 990 1410">
     <span class='ocr_line' id='line_1_44' title="bbox 203 1373 990 1410; baseline -0.005 -6"><span class='ocrx_word' id='word_1_319' title='bbox 203 1377 306 1404; x_wconf 85' lang='lat' dir='ltr'><strong>veritas</strong></span> <span class='ocrx_word' id='word_1_320' title='bbox 322 1375 397 1404; x_wconf 91' lang='lat' dir='ltr'><strong>omni</strong></span> <span class='ocrx_word' id='word_1_321' title='bbox 414 1383 448 1403; x_wconf 87' lang='lat' dir='ltr'><strong>ex</strong></span> <span class='ocrx_word' id='word_1_322' title='bbox 474 1378 550 1410; x_wconf 85' lang='lat' dir='ltr'><strong>parte</strong></span> <span class='ocrx_word' id='word_1_323' title='bbox 571 1373 713 1410; x_wconf 88' lang='lat' dir='ltr'><strong>splendida</strong></span> <span class='ocrx_word' id='word_1_324' title='bbox 734 1380 767 1400; x_wconf 87' lang='lat' dir='ltr'><strong>ac</strong></span> <span class='ocrx_word' id='word_1_325' title='bbox 800 1380 875 1408; x_wconf 67' lang='lat' dir='ltr'><strong>rugas</strong></span> <span class='ocrx_word' id='word_1_326' title='bbox 892 1381 990 1407; x_wconf 78' lang='lat' dir='ltr'><strong>expers</strong></span> 
     </span>
    </p>
   </div>
   <div class='ocr_carea' id='block_1_45' title="bbox 203 1426 326 1458">
    <p class='ocr_par' dir='ltr' id='par_1_45' title="bbox 203 1426 326 1458">
     <span class='ocr_line' id='line_1_45' title="bbox 203 1426 326 1458; baseline -0.008 -8"><span class='ocrx_word' id='word_1_327' title='bbox 203 1426 326 1458; x_wconf 75' lang='lat' dir='ltr'><strong>apparet.</strong></span> 
     </span>
    </p>
   </div>
   <div class='ocr_carea' id='block_1_46' title="bbox 238 1463 991 1500">
    <p class='ocr_par' dir='ltr' id='par_1_46' title="bbox 238 1463 991 1500">
     <span class='ocr_line' id='line_1_46' title="bbox 238 1463 991 1500; baseline -0.005 -6"><span class='ocrx_word' id='word_1_328' title='bbox 238 1466 356 1494; x_wconf 76' lang='lat' dir='ltr'><strong>LXXIII.</strong></span> <span class='ocrx_word' id='word_1_329' title='bbox 381 1465 488 1493; x_wconf 78' lang='lat' dir='ltr'><strong>Atenim</strong></span> <span class='ocrx_word' id='word_1_330' title='bbox 509 1464 674 1492; x_wconf 78' lang='lat' dir='ltr'><strong>Maniclueus</strong></span> <span class='ocrx_word' id='word_1_331' title='bbox 689 1463 894 1492; x_wconf 83' lang='lat' dir='ltr'><strong>Testamentum</strong></span> <span class='ocrx_word' id='word_1_332' title='bbox 924 1463 991 1500; x_wconf 77' lang='lat' dir='ltr'><strong>legis</strong></span> 
     </span>
    </p>
   </div>
   <div class='ocr_carea' id='block_1_47' title="bbox 203 1509 991 1545">
    <p class='ocr_par' dir='ltr' id='par_1_47' title="bbox 203 1509 991 1545">
     <span class='ocr_line' id='line_1_47' title="bbox 203 1509 991 1545; baseline -0.005 -4"><span class='ocrx_word' id='word_1_333' title='bbox 203 1513 301 1541; x_wconf 86' lang='lat' dir='ltr'><strong>mortis</strong></span> <span class='ocrx_word' id='word_1_334' title='bbox 316 1519 379 1540; x_wconf 86' lang='lat' dir='ltr'><strong>esse</strong></span> <span class='ocrx_word' id='word_1_335' title='bbox 397 1515 590 1539; x_wconf 83' lang='lat' dir='ltr'><strong>testamentum</strong></span> <span class='ocrx_word' id='word_1_336' title='bbox 615 1510 730 1544; x_wconf 83' lang='lat' dir='ltr'><strong>asserit,</strong></span> <span class='ocrx_word' id='word_1_337' title='bbox 746 1509 818 1545; x_wconf 89' lang='lat' dir='ltr'><strong>quod</strong></span> <span class='ocrx_word' id='word_1_338' title='bbox 842 1509 991 1544; x_wconf 83' lang='lat' dir='ltr'><strong>Apostolus</strong></span> 
     </span>
    </p>
   </div>
   <div class='ocr_carea' id='block_1_48' title="bbox 203 1555 991 1590">
    <p class='ocr_par' dir='ltr' id='par_1_48' title="bbox 203 1555 991 1590">
     <span class='ocr_line' id='line_1_48' title="bbox 203 1555 991 1590; baseline -0.006 -4"><span class='ocrx_word' id='word_1_339' title='bbox 203 1558 322 1586; x_wconf 80' lang='lat' dir='ltr'><strong>dixerit:</strong></span> <span class='ocrx_word' id='word_1_340' title='bbox 340 1557 416 1590; x_wconf 83' lang='lat' dir='ltr'><strong>Quod</strong></span> <span class='ocrx_word' id='word_1_341' title='bbox 442 1557 465 1584; x_wconf 69' lang='lat' dir='ltr'><strong>si</strong></span> <span class='ocrx_word' id='word_1_342' title='bbox 481 1560 666 1584; x_wconf 76' lang='lat' dir='ltr'><strong>tutamentum</strong></span> <span class='ocrx_word' id='word_1_343' title='bbox 690 1555 781 1582; x_wconf 74' lang='lat' dir='ltr'><strong>mortis</strong></span> <span class='ocrx_word' id='word_1_344' title='bbox 804 1555 829 1582; x_wconf 84' lang='lat' dir='ltr'><strong>in</strong></span> <span class='ocrx_word' id='word_1_345' title='bbox 841 1555 935 1582; x_wconf 75' lang='lat' dir='ltr'><strong>litteris</strong></span> <span class='ocrx_word' id='word_1_346' title='bbox 949 1556 991 1581; x_wconf 83' lang='lat' dir='ltr'><strong>in-</strong></span> 
     </span>
    </p>
   </div>
   <div class='ocr_carea' id='block_1_49' title="bbox 1039 965 1830 1002">
    <p class='ocr_par' dir='ltr' id='par_1_49' title="bbox 1039 965 1830 1002">
     <span class='ocr_line' id='line_1_49' title="bbox 1039 965 1830 1002; baseline -0.001 -9"><span class='ocrx_word' id='word_1_347' title='bbox 1039 966 1179 998; x_wconf 72' lang='grc' dir='ltr'>Μωῠτέως</span> <span class='ocrx_word' id='word_1_348' title='bbox 1198 966 1287 1001; x_wconf 81' lang='grc' dir='ltr'>λέγει’</span> <span class='ocrx_word' id='word_1_349' title='bbox 1303 966 1465 1002; x_wconf 63' lang='grc' dir='ltr'>Προφήτην</span> <span class='ocrx_word' id='word_1_350' title='bbox 1476 966 1548 1000; x_wconf 78' lang='grc' dir='ltr'><strong>ὑμῖν</strong></span> <span class='ocrx_word' id='word_1_351' title='bbox 1558 966 1592 992; x_wconf 79' lang='grc' dir='ltr'>ἐκ</span> <span class='ocrx_word' id='word_1_352' title='bbox 1614 966 1674 993; x_wconf 81' lang='grc' dir='ltr'><strong>τῶν</strong></span> <span class='ocrx_word' id='word_1_353' title='bbox 1687 965 1830 1000; x_wconf 65' lang='grc' dir='ltr'><em>ἀδελφῶν</em></span> 
     </span>
    </p>
   </div>
   <div class='ocr_carea' id='block_1_50' title="bbox 1039 1010 1829 1046">
    <p class='ocr_par' dir='ltr' id='par_1_50' title="bbox 1039 1010 1829 1046">
     <span class='ocr_line' id='line_1_50' title="bbox 1039 1010 1829 1046; baseline 0.001 -9"><span class='ocrx_word' id='word_1_354' title='bbox 1039 1010 1122 1045; x_wconf 76' lang='grc' dir='ltr'><strong>ὑμῶν</strong></span> <span class='ocrx_word' id='word_1_355' title='bbox 1139 1011 1235 1046; x_wconf 81' lang='grc' dir='ltr'><strong>ἐγερεῖ</strong></span> <span class='ocrx_word' id='word_1_356' title='bbox 1257 1012 1373 1045; x_wconf 75' lang='grc' dir='ltr'><strong>Κύριος.</strong></span> <span class='ocrx_word' id='word_1_357' title='bbox 1401 1011 1455 1037; x_wconf 76' lang='grc' dir='ltr'><strong>Καὶ</strong></span> <span class='ocrx_word' id='word_1_358' title='bbox 1477 1011 1559 1038; x_wconf 79' lang='grc' dir='ltr'>πάλιν</span> <span class='ocrx_word' id='word_1_359' title='bbox 1577 1012 1591 1037; x_wconf 87' lang='grc'>6</span> <span class='ocrx_word' id='word_1_360' title='bbox 1618 1011 1719 1046; x_wconf 83' lang='grc' dir='ltr'>Κύριος</span> <span class='ocrx_word' id='word_1_361' title='bbox 1737 1011 1829 1045; x_wconf 82' lang='grc' dir='ltr'><strong>λέγει·</strong></span> 
     </span>
    </p>
   </div>
   <div class='ocr_carea' id='block_1_51' title="bbox 1039 1055 1828 1091">
    <p class='ocr_par' dir='ltr' id='par_1_51' title="bbox 1039 1055 1828 1091">
     <span class='ocr_line' id='line_1_51' title="bbox 1039 1055 1828 1091; baseline 0.001 -9"><span class='ocrx_word' id='word_1_362' title='bbox 1039 1055 1170 1089; x_wconf 82' lang='grc' dir='ltr'><strong>Μωυσῆς</strong></span> <span class='ocrx_word' id='word_1_363' title='bbox 1187 1057 1252 1090; x_wconf 81' lang='grc' dir='ltr'>περὶ</span> <span class='ocrx_word' id='word_1_364' title='bbox 1266 1056 1340 1091; x_wconf 79' lang='grc' dir='ltr'>ἐμοῦ</span> <span class='ocrx_word' id='word_1_365' title='bbox 1359 1056 1500 1091; x_wconf 75' lang='grc' dir='ltr'>ἔγραψεν.</span> <span class='ocrx_word' id='word_1_366' title='bbox 1525 1056 1553 1083; x_wconf 87' lang='grc' dir='ltr'>Ὁ</span> <span class='ocrx_word' id='word_1_367' title='bbox 1565 1056 1592 1083; x_wconf 82' lang='grc' dir='ltr'>δὲ</span> <span class='ocrx_word' id='word_1_368' title='bbox 1605 1056 1723 1091; x_wconf 73' lang='grc' dir='ltr'>Μωῡσῆς</span> <span class='ocrx_word' id='word_1_369' title='bbox 1744 1065 1828 1091; x_wconf 74' lang='grc' dir='ltr'>φησι·</span> 
     </span>
    </p>
   </div>
   <div class='ocr_carea' id='block_1_52' title="bbox 1039 1101 1831 1137">
    <p class='ocr_par' dir='ltr' id='par_1_52' title="bbox 1039 1101 1831 1137">
     <span class='ocr_line' id='line_1_52' title="bbox 1039 1101 1831 1137; baseline 0.001 -9"><span class='ocrx_word' id='word_1_370' title='bbox 1039 1101 1126 1128; x_wconf 84' lang='grc' dir='ltr'><strong>Πᾶσα</strong></span> <span class='ocrx_word' id='word_1_371' title='bbox 1136 1102 1233 1136; x_wconf 63' lang='grc' dir='ltr'><strong>ψυχὴ,</strong></span> <span class='ocrx_word' id='word_1_372' title='bbox 1255 1102 1322 1136; x_wconf 83' lang='grc' dir='ltr'><em>ἣτις</em></span> <span class='ocrx_word' id='word_1_373' title='bbox 1337 1104 1392 1129; x_wconf 83' lang='grc' dir='ltr'>οὐκ</span> <span class='ocrx_word' id='word_1_374' title='bbox 1412 1102 1573 1129; x_wconf 73' lang='grc' dir='ltr'>ἀκούσεται</span> <span class='ocrx_word' id='word_1_375' title='bbox 1599 1102 1652 1128; x_wconf 80' lang='grc' dir='ltr'>τοῦ</span> <span class='ocrx_word' id='word_1_376' title='bbox 1673 1102 1831 1137; x_wconf 67' lang='grc' dir='ltr'>προφήτου</span> 
     </span>
    </p>
   </div>
   <div class='ocr_carea' id='block_1_53' title="bbox 1038 1146 1828 1184">
    <p class='ocr_par' dir='ltr' id='par_1_53' title="bbox 1038 1146 1828 1184">
     <span class='ocr_line' id='line_1_53' title="bbox 1038 1146 1828 1184; baseline 0.001 -11"><span class='ocrx_word' id='word_1_377' title='bbox 1038 1146 1168 1179; x_wconf 83' lang='grc' dir='ltr'>ἐκείνου,</span> <span class='ocrx_word' id='word_1_378' title='bbox 1188 1147 1474 1182; x_wconf 75' lang='grc' dir='ltr'>ἑξολοθρευθήσεται</span> <span class='ocrx_word' id='word_1_379' title='bbox 1484 1156 1490 1162; x_wconf 94' lang='grc'><strong>·</strong></span> <span class='ocrx_word' id='word_1_380' title='bbox 1517 1147 1564 1174; x_wconf 76' lang='grc' dir='ltr'>καὶ</span> <span class='ocrx_word' id='word_1_381' title='bbox 1578 1147 1657 1175; x_wconf 85' lang='grc' dir='ltr'>πάλιν</span> <span class='ocrx_word' id='word_1_382' title='bbox 1671 1149 1685 1174; x_wconf 82' lang='grc' dir='ltr'>ὁ</span> <span class='ocrx_word' id='word_1_383' title='bbox 1703 1148 1808 1184; x_wconf 82' lang='grc' dir='ltr'>Κύριος</span> <span class='ocrx_word' id='word_1_384' title='bbox 1821 1157 1828 1162; x_wconf 91' lang='grc'>·</span> 
     </span>
    </p>
   </div>
   <div class='ocr_carea' id='block_1_54' title="bbox 1039 1192 1831 1228">
    <p class='ocr_par' dir='ltr' id='par_1_54' title="bbox 1039 1192 1831 1228">
     <span class='ocr_line' id='line_1_54' title="bbox 1039 1192 1831 1228; baseline 0.001 -9"><span class='ocrx_word' id='word_1_385' title='bbox 1039 1193 1076 1219; x_wconf 79' lang='lat' dir='ltr'><strong>Et</strong></span> <span class='ocrx_word' id='word_1_386' title='bbox 1089 1192 1151 1225; x_wconf 87' lang='grc' dir='ltr'>τοῖς</span> <span class='ocrx_word' id='word_1_387' title='bbox 1164 1193 1312 1225; x_wconf 81' lang='grc' dir='ltr'>Μωῦσέως</span> <span class='ocrx_word' id='word_1_388' title='bbox 1329 1192 1499 1228; x_wconf 69' lang='grc' dir='ltr'>τιοάμμασιν</span> <span class='ocrx_word' id='word_1_389' title='bbox 1519 1194 1555 1221; x_wconf 85' lang='grc' dir='ltr'>οὐ</span> <span class='ocrx_word' id='word_1_390' title='bbox 1573 1193 1744 1226; x_wconf 77' lang='grc' dir='ltr'>πιστεύετε,</span> <span class='ocrx_word' id='word_1_391' title='bbox 1766 1194 1831 1227; x_wconf 80' lang='grc' dir='ltr'><strong>πῶς</strong></span> 
     </span>
    </p>
   </div>
   <div class='ocr_carea' id='block_1_55' title="bbox 1040 1236 1831 1274">
    <p class='ocr_par' dir='ltr' id='par_1_55' title="bbox 1040 1236 1831 1274">
     <span class='ocr_line' id='line_1_55' title="bbox 1040 1236 1831 1274; baseline 0.001 -10"><span class='ocrx_word' id='word_1_392' title='bbox 1040 1236 1079 1264; x_wconf 80' lang='grc' dir='ltr'><strong>ἂν</strong></span> <span class='ocrx_word' id='word_1_393' title='bbox 1095 1237 1166 1270; x_wconf 86' lang='grc' dir='ltr'>τοὺς</span> <span class='ocrx_word' id='word_1_394' title='bbox 1182 1237 1272 1272; x_wconf 81' lang='grc' dir='ltr'>ἐμοὺς</span> <span class='ocrx_word' id='word_1_395' title='bbox 1288 1238 1399 1272; x_wconf 76' lang='grc' dir='ltr'>λόγους</span> <span class='ocrx_word' id='word_1_396' title='bbox 1410 1238 1574 1271; x_wconf 78' lang='grc' dir='ltr'>ἀκούσετε;</span> <span class='ocrx_word' id='word_1_397' title='bbox 1588 1239 1643 1265; x_wconf 82' lang='grc' dir='ltr'>Καὶ</span> <span class='ocrx_word' id='word_1_398' title='bbox 1657 1239 1831 1274; x_wconf 75' lang='grc' dir='ltr'><strong>πανταχόθεν</strong></span> 
     </span>
    </p>
   </div>
   <div class='ocr_carea' id='block_1_56' title="bbox 1041 1281 1830 1320">
    <p class='ocr_par' dir='ltr' id='par_1_56' title="bbox 1041 1281 1830 1320">
     <span class='ocr_line' id='line_1_56' title="bbox 1041 1281 1830 1320; baseline 0.003 -12"><span class='ocrx_word' id='word_1_399' title='bbox 1041 1283 1166 1316; x_wconf 85' lang='grc' dir='ltr'>φαίνεται</span> <span class='ocrx_word' id='word_1_400' title='bbox 1180 1283 1319 1319; x_wconf 84' lang='grc' dir='ltr'>ήάλήϐεια</span> <span class='ocrx_word' id='word_1_401' title='bbox 1335 1284 1451 1319; x_wconf 81' lang='grc' dir='ltr'>φωτεινή</span> <span class='ocrx_word' id='word_1_402' title='bbox 1466 1293 1508 1316; x_wconf 83' lang='grc' dir='ltr'><strong>τις</strong></span> <span class='ocrx_word' id='word_1_403' title='bbox 1522 1281 1601 1317; x_wconf 76' lang='grc' dir='ltr'>οὖσα,</span> <span class='ocrx_word' id='word_1_404' title='bbox 1618 1284 1664 1310; x_wconf 70' lang='grc' dir='ltr'>καὶ</span> <span class='ocrx_word' id='word_1_405' title='bbox 1677 1284 1715 1319; x_wconf 82' lang='grc' dir='ltr'>μὴ</span> <span class='ocrx_word' id='word_1_406' title='bbox 1729 1283 1830 1320; x_wconf 72' lang='grc' dir='ltr'>ἔχουσα</span> 
     </span>
    </p>
   </div>
   <div class='ocr_carea' id='block_1_57' title="bbox 1041 1323 1672 1365">
    <p class='ocr_par' dir='ltr' id='par_1_57' title="bbox 1041 1323 1672 1365">
     <span class='ocr_line' id='line_1_57' title="bbox 1041 1323 1672 1365; baseline 0 -10"><span class='ocrx_word' id='word_1_407' title='bbox 1041 1329 1145 1365; x_wconf 79' lang='grc' dir='ltr'>ῥυτίδα.</span> <span class='ocrx_word' id='word_1_408' title='bbox 1669 1323 1672 1330; x_wconf 83' lang='grc'><em>’</em></span> 
     </span>
    </p>
   </div>
   <div class='ocr_carea' id='block_1_58' title="bbox 1076 1455 1828 1492">
    <p class='ocr_par' dir='ltr' id='par_1_58' title="bbox 1076 1455 1828 1492">
     <span class='ocr_line' id='line_1_58' title="bbox 1076 1455 1828 1492; baseline 0.001 -10"><span class='ocrx_word' id='word_1_409' title='bbox 1076 1456 1135 1483; x_wconf 79' lang='grc' dir='ltr'><strong>ΟΡ.</strong></span> <span class='ocrx_word' id='word_1_410' title='bbox 1153 1456 1273 1483; x_wconf 84' lang='grc' dir='ltr'><strong>Θανάτου</strong></span> <span class='ocrx_word' id='word_1_411' title='bbox 1294 1456 1322 1482; x_wconf 81' lang='grc' dir='ltr'>δὲ</span> <span class='ocrx_word' id='word_1_412' title='bbox 1335 1456 1416 1483; x_wconf 77' lang='grc' dir='ltr'>πάλιν</span> <span class='ocrx_word' id='word_1_413' title='bbox 1432 1455 1552 1492; x_wconf 80' lang='grc' dir='ltr'>ὁρίζεται</span> <span class='ocrx_word' id='word_1_414' title='bbox 1570 1457 1619 1492; x_wconf 82' lang='grc' dir='ltr'>τὴν</span> <span class='ocrx_word' id='word_1_415' title='bbox 1629 1456 1766 1492; x_wconf 85' lang='grc' dir='ltr'>Διαθήκην</span> <span class='ocrx_word' id='word_1_416' title='bbox 1781 1456 1828 1484; x_wconf 70' lang='grc' dir='ltr'><strong>τοῖ</strong></span> 
     </span>
    </p>
   </div>
   <div class='ocr_carea' id='block_1_59' title="bbox 1041 1501 1830 1538">
    <p class='ocr_par' dir='ltr' id='par_1_59' title="bbox 1041 1501 1830 1538">
     <span class='ocr_line' id='line_1_59' title="bbox 1041 1501 1830 1538; baseline 0.004 -11"><span class='ocrx_word' id='word_1_417' title='bbox 1041 1501 1134 1536; x_wconf 83' lang='grc' dir='ltr'>νόμου,</span> <span class='ocrx_word' id='word_1_418' title='bbox 1150 1501 1193 1528; x_wconf 67' lang='grc' dir='ltr'>διὰ</span> <span class='ocrx_word' id='word_1_419' title='bbox 1208 1501 1239 1528; x_wconf 82' lang='grc' dir='ltr'>τὸ</span> <span class='ocrx_word' id='word_1_420' title='bbox 1257 1501 1397 1538; x_wconf 83' lang='grc' dir='ltr'>εἰρηκέναι</span> <span class='ocrx_word' id='word_1_421' title='bbox 1411 1501 1456 1528; x_wconf 81' lang='grc' dir='ltr'><strong>τὸν</strong></span> <span class='ocrx_word' id='word_1_422' title='bbox 1478 1502 1637 1530; x_wconf 80' lang='grc' dir='ltr'>’Δπόστολον</span> <span class='ocrx_word' id='word_1_423' title='bbox 1647 1511 1653 1517; x_wconf 94' lang='grc'><strong>·</strong></span> <span class='ocrx_word' id='word_1_424' title='bbox 1671 1504 1706 1530; x_wconf 82' lang='lat' dir='ltr'><strong>El</strong></span> <span class='ocrx_word' id='word_1_425' title='bbox 1720 1503 1754 1530; x_wconf 80' lang='grc' dir='ltr'>δὲ</span> <span class='ocrx_word' id='word_1_426' title='bbox 1767 1503 1830 1530; x_wconf 80' lang='grc' dir='ltr'>δια-</span> 
     </span>
    </p>
   </div>
   <div class='ocr_carea' id='block_1_60' title="bbox 1042 1546 1831 1583">
    <p class='ocr_par' dir='ltr' id='par_1_60' title="bbox 1042 1546 1831 1583">
     <span class='ocr_line' id='line_1_60' title="bbox 1042 1546 1831 1583; baseline 0.004 -10"><span class='ocrx_word' id='word_1_427' title='bbox 1042 1546 1119 1581; x_wconf 76' lang='grc' dir='ltr'>θήκη</span> <span class='ocrx_word' id='word_1_428' title='bbox 1133 1547 1188 1574; x_wconf 83' lang='grc' dir='ltr'>τοῦ</span> <span class='ocrx_word' id='word_1_429' title='bbox 1206 1546 1335 1574; x_wconf 84' lang='grc' dir='ltr'>θανάτου</span> <span class='ocrx_word' id='word_1_430' title='bbox 1353 1547 1389 1574; x_wconf 77' lang='grc' dir='ltr'><strong>ἐν</strong></span> <span class='ocrx_word' id='word_1_431' title='bbox 1403 1547 1582 1582; x_wconf 65' lang='grc' dir='ltr'>γράμμασιν,</span> <span class='ocrx_word' id='word_1_432' title='bbox 1601 1548 1831 1583; x_wconf 66' lang='grc' dir='ltr'><strong>ἐντετυπωμένη</strong></span> 
     </span>
    </p>
   </div>
   <div class='ocr_carea' id='block_1_61' title="bbox 204 1586 989 1638">
    <p class='ocr_par' dir='ltr' id='par_1_61' title="bbox 204 1586 989 1638">
     <span class='ocr_line' id='line_1_61' title="bbox 204 1586 989 1638; baseline -0.005 -7"><span class='ocrx_word' id='word_1_433' title='bbox 204 1586 489 1638; x_wconf 45' lang='lat' dir='ltr'><strong>sculptummtapidibus</strong></span> <span class='ocrx_word' id='word_1_434' title='bbox 501 1620 509 1633; x_wconf 81' lang='lat'><strong>,</strong></span> <span class='ocrx_word' id='word_1_435' title='bbox 528 1601 673 1636; x_wconf 76' lang='lat' dir='ltr'><strong>gloriosum</strong></span> <span class='ocrx_word' id='word_1_436' title='bbox 688 1600 742 1635; x_wconf 75' lang='lat' dir='ltr'><strong>fuit</strong></span> <span class='ocrx_word' id='word_1_437' title='bbox 758 1601 779 1627; x_wconf 84' lang='lat'><strong>&#39;.</strong></span> <span class='ocrx_word' id='word_1_438' title='bbox 795 1599 851 1627; x_wconf 87' lang='lat' dir='ltr'><strong>Nec</strong></span> <span class='ocrx_word' id='word_1_439' title='bbox 875 1608 908 1627; x_wconf 89' lang='lat' dir='ltr'><strong>eo</strong></span> <span class='ocrx_word' id='word_1_440' title='bbox 924 1607 989 1627; x_wconf 88' lang='lat' dir='ltr'><strong>cou-</strong></span> 
     </span>
    </p>
   </div>
   <div class='ocr_carea' id='block_1_62' title="bbox 1043 1586 1831 1638">
    <p class='ocr_par' dir='ltr' id='par_1_62' title="bbox 1043 1593 1831 1629">
     <span class='ocr_line' id='line_1_62' title="bbox 1043 1593 1831 1629; baseline 0.003 -10"><span class='ocrx_word' id='word_1_441' title='bbox 1043 1593 1146 1626; x_wconf 78' lang='grc' dir='ltr'><strong>λίθοις,</strong></span> <span class='ocrx_word' id='word_1_442' title='bbox 1160 1593 1286 1628; x_wconf 80' lang='grc' dir='ltr'>ἐγενήθη</span> <span class='ocrx_word' id='word_1_443' title='bbox 1298 1594 1333 1620; x_wconf 88' lang='grc' dir='ltr'><strong>ἐν</strong></span> <span class='ocrx_word' id='word_1_444' title='bbox 1351 1593 1436 1628; x_wconf 78' lang='grc' dir='ltr'><strong>δόξῃ.</strong></span> <span class='ocrx_word' id='word_1_445' title='bbox 1453 1594 1507 1621; x_wconf 75' lang='grc' dir='ltr'><strong>Καὶ</strong></span> <span class='ocrx_word' id='word_1_446' title='bbox 1519 1594 1548 1620; x_wconf 81' lang='grc' dir='ltr'>οὐ</span> <span class='ocrx_word' id='word_1_447' title='bbox 1565 1594 1644 1629; x_wconf 82' lang='grc' dir='ltr'>μόνον</span> <span class='ocrx_word' id='word_1_448' title='bbox 1658 1595 1737 1621; x_wconf 81' lang='grc' dir='ltr'>τοῦτο</span> <span class='ocrx_word' id='word_1_449' title='bbox 1753 1593 1831 1621; x_wconf 75' lang='grc' dir='ltr'>εἶπεν</span> 
     </span>
    </p>
   </div>
   <div class='ocr_carea' id='block_1_63' title="bbox 204 1643 990 1681">
    <p class='ocr_par' dir='ltr' id='par_1_63' title="bbox 204 1643 990 1681">
     <span class='ocr_line' id='line_1_63' title="bbox 204 1643 990 1681; baseline -0.003 -8"><span class='ocrx_word' id='word_1_450' title='bbox 204 1650 278 1673; x_wconf 88' lang='lat' dir='ltr'><strong>tenta</strong></span> <span class='ocrx_word' id='word_1_451' title='bbox 295 1644 458 1681; x_wconf 82' lang='lat' dir='ltr'><strong>Scriptura,</strong></span> <span class='ocrx_word' id='word_1_452' title='bbox 479 1645 545 1672; x_wconf 91' lang='lat' dir='ltr'><strong>illud</strong></span> <span class='ocrx_word' id='word_1_453' title='bbox 568 1645 680 1679; x_wconf 85' lang='lat' dir='ltr'><strong>insuper</strong></span> <span class='ocrx_word' id='word_1_454' title='bbox 702 1644 818 1680; x_wconf 83' lang='lat' dir='ltr'><strong>adjecit:</strong></span> <span class='ocrx_word' id='word_1_455' title='bbox 837 1643 893 1671; x_wconf 71' lang='lat' dir='ltr'><strong>Lex</strong></span> <span class='ocrx_word' id='word_1_456' title='bbox 918 1644 990 1678; x_wconf 75' lang='lat' dir='ltr'><strong>justo</strong></span> 
     </span>
    </p>
   </div>
   <div class='ocr_carea' id='block_1_64' title="bbox 203 1690 991 1726">
    <p class='ocr_par' dir='ltr' id='par_1_64' title="bbox 203 1690 991 1726">
     <span class='ocr_line' id='line_1_64' title="bbox 203 1690 991 1726; baseline -0.004 -7"><span class='ocrx_word' id='word_1_457' title='bbox 203 1700 256 1720; x_wconf 84' lang='lat' dir='ltr'><strong>non</strong></span> <span class='ocrx_word' id='word_1_458' title='bbox 268 1697 307 1718; x_wconf 77' lang='lat' dir='ltr'><strong>est</strong></span> <span class='ocrx_word' id='word_1_459' title='bbox 321 1692 410 1726; x_wconf 71' lang='lat' dir='ltr'><strong>posita</strong></span> <span class='ocrx_word' id='word_1_460' title='bbox 423 1711 431 1723; x_wconf 87' lang='lat'><strong>,</strong></span> <span class='ocrx_word' id='word_1_461' title='bbox 448 1690 493 1718; x_wconf 72' lang='lat' dir='ltr'><strong>sed</strong></span> <span class='ocrx_word' id='word_1_462' title='bbox 506 1692 656 1725; x_wconf 73' lang='lat' dir='ltr'><strong>patricidis,</strong></span> <span class='ocrx_word' id='word_1_463' title='bbox 670 1697 694 1718; x_wconf 87' lang='lat' dir='ltr'><strong>et</strong></span> <span class='ocrx_word' id='word_1_464' title='bbox 707 1690 855 1718; x_wconf 61' lang='lat' dir='ltr'><strong>matricidii</strong></span> <span class='ocrx_word' id='word_1_465' title='bbox 864 1710 872 1722; x_wconf 86' lang='lat'><strong>,</strong></span> <span class='ocrx_word' id='word_1_466' title='bbox 892 1695 917 1718; x_wconf 85' lang='lat' dir='ltr'><strong>et</strong></span> <span class='ocrx_word' id='word_1_467' title='bbox 931 1698 991 1725; x_wconf 84' lang='lat' dir='ltr'><strong>per-</strong></span> 
     </span>
    </p>
   </div>
   <div class='ocr_carea' id='block_1_65' title="bbox 203 1736 992 1773">
    <p class='ocr_par' dir='ltr' id='par_1_65' title="bbox 203 1736 992 1773">
     <span class='ocr_line' id='line_1_65' title="bbox 203 1736 992 1773; baseline -0.004 -8"><span class='ocrx_word' id='word_1_468' title='bbox 203 1739 270 1772; x_wconf 74' lang='lat' dir='ltr'><strong>iuris</strong></span> <span class='ocrx_word' id='word_1_469' title='bbox 284 1757 291 1770; x_wconf 87' lang='lat'><strong>,</strong></span> <span class='ocrx_word' id='word_1_470' title='bbox 308 1742 333 1765; x_wconf 85' lang='lat' dir='ltr'><strong>et</strong></span> <span class='ocrx_word' id='word_1_471' title='bbox 350 1738 374 1765; x_wconf 71' lang='lat' dir='ltr'><strong>si</strong></span> <span class='ocrx_word' id='word_1_472' title='bbox 386 1738 449 1773; x_wconf 81' lang='lat' dir='ltr'><strong>quid</strong></span> <span class='ocrx_word' id='word_1_473' title='bbox 465 1737 539 1764; x_wconf 82' lang='lat' dir='ltr'><strong>aliud</strong></span> <span class='ocrx_word' id='word_1_474' title='bbox 558 1737 723 1764; x_wconf 83' lang='lat' dir='ltr'><strong>contrarium</strong></span> <span class='ocrx_word' id='word_1_475' title='bbox 741 1741 780 1764; x_wconf 75' lang='lat' dir='ltr'><strong>est</strong></span> <span class='ocrx_word' id='word_1_476' title='bbox 796 1745 868 1764; x_wconf 65' lang='lat' dir='ltr'><strong>tante</strong></span> <span class='ocrx_word' id='word_1_477' title='bbox 891 1736 992 1763; x_wconf 83' lang='lat' dir='ltr'><strong>doctri-</strong></span> 
     </span>
    </p>
   </div>
   <div class='ocr_carea' id='block_1_66' title="bbox 203 1781 992 1817">
    <p class='ocr_par' dir='ltr' id='par_1_66' title="bbox 203 1781 992 1817">
     <span class='ocr_line' id='line_1_66' title="bbox 203 1781 992 1817; baseline -0.004 -7"><span class='ocrx_word' id='word_1_478' title='bbox 203 1790 244 1810; x_wconf 75' lang='lat' dir='ltr'><strong>ua&#39;</strong></span> <span class='ocrx_word' id='word_1_479' title='bbox 260 1783 281 1810; x_wconf 78' lang='lat'><strong>&#39;.</strong></span> <span class='ocrx_word' id='word_1_480' title='bbox 296 1782 365 1810; x_wconf 85' lang='lat' dir='ltr'><strong>Cum</strong></span> <span class='ocrx_word' id='word_1_481' title='bbox 388 1782 470 1817; x_wconf 81' lang='lat' dir='ltr'><strong>igitur</strong></span> <span class='ocrx_word' id='word_1_482' title='bbox 497 1782 540 1809; x_wconf 88' lang='lat' dir='ltr'><strong>lex</strong></span> <span class='ocrx_word' id='word_1_483' title='bbox 565 1782 640 1816; x_wconf 90' lang='lat' dir='ltr'><strong>justo</strong></span> <span class='ocrx_word' id='word_1_484' title='bbox 661 1782 748 1816; x_wconf 87' lang='lat' dir='ltr'><strong>posita</strong></span> <span class='ocrx_word' id='word_1_485' title='bbox 774 1789 828 1808; x_wconf 91' lang='lat' dir='ltr'><strong>non</strong></span> <span class='ocrx_word' id='word_1_486' title='bbox 857 1781 910 1813; x_wconf 87' lang='lat' dir='ltr'><strong>sit,</strong></span> <span class='ocrx_word' id='word_1_487' title='bbox 926 1787 992 1807; x_wconf 91' lang='lat' dir='ltr'><strong>num</strong></span> 
     </span>
    </p>
   </div>
   <div class='ocr_carea' id='block_1_67' title="bbox 203 1827 990 1862">
    <p class='ocr_par' dir='ltr' id='par_1_67' title="bbox 203 1827 990 1862">
     <span class='ocr_line' id='line_1_67' title="bbox 203 1827 990 1862; baseline -0.005 -6"><span class='ocrx_word' id='word_1_488' title='bbox 203 1828 353 1856; x_wconf 85' lang='lat' dir='ltr'><strong>sceleratus</strong></span> <span class='ocrx_word' id='word_1_489' title='bbox 372 1833 454 1862; x_wconf 87' lang='lat' dir='ltr'><strong>atque</strong></span> <span class='ocrx_word' id='word_1_490' title='bbox 469 1827 548 1854; x_wconf 86' lang='lat' dir='ltr'><strong>exlex</strong></span> <span class='ocrx_word' id='word_1_491' title='bbox 562 1827 695 1855; x_wconf 86' lang='lat' dir='ltr'><strong>dicendus</strong></span> <span class='ocrx_word' id='word_1_492' title='bbox 708 1827 769 1854; x_wconf 86' lang='lat' dir='ltr'><strong>est?</strong></span> <span class='ocrx_word' id='word_1_493' title='bbox 791 1827 901 1854; x_wconf 83' lang='lat' dir='ltr'><strong>Minime</strong></span> <span class='ocrx_word' id='word_1_494' title='bbox 916 1834 990 1854; x_wconf 88' lang='lat' dir='ltr'><strong>vero.</strong></span> 
     </span>
    </p>
   </div>
   <div class='ocr_carea' id='block_1_68' title="bbox 205 1870 992 1907">
    <p class='ocr_par' dir='ltr' id='par_1_68' title="bbox 205 1870 992 1907">
     <span class='ocr_line' id='line_1_68' title="bbox 205 1870 992 1907; baseline -0.003 -8"><span class='ocrx_word' id='word_1_495' title='bbox 205 1871 258 1899; x_wconf 87' lang='lat' dir='ltr'><strong>Sed</strong></span> <span class='ocrx_word' id='word_1_496' title='bbox 273 1871 402 1907; x_wconf 81' lang='lat' dir='ltr'><strong>quoniam</strong></span> <span class='ocrx_word' id='word_1_497' title='bbox 414 1871 505 1906; x_wconf 89' lang='lat' dir='ltr'><strong>justus</strong></span> <span class='ocrx_word' id='word_1_498' title='bbox 522 1878 582 1905; x_wconf 70' lang='lat' dir='ltr'><strong>qua:</strong></span> <span class='ocrx_word' id='word_1_499' title='bbox 595 1871 653 1906; x_wconf 77' lang='lat' dir='ltr'><strong>lege</strong></span> <span class='ocrx_word' id='word_1_500' title='bbox 674 1871 831 1905; x_wconf 61' lang='lat' dir='ltr'><strong>praescripta</strong></span> <span class='ocrx_word' id='word_1_501' title='bbox 847 1874 927 1903; x_wconf 83' lang='lat' dir='ltr'><strong>sunt,</strong></span> <span class='ocrx_word' id='word_1_502' title='bbox 952 1870 992 1897; x_wconf 80' lang='lat' dir='ltr'><strong>fa-</strong></span> 
     </span>
    </p>
   </div>
   <div class='ocr_carea' id='block_1_69' title="bbox 203 1916 992 1949">
    <p class='ocr_par' dir='ltr' id='par_1_69' title="bbox 203 1916 992 1949">
     <span class='ocr_line' id='line_1_69' title="bbox 203 1916 992 1949; baseline -0.001 -5"><span class='ocrx_word' id='word_1_503' title='bbox 203 1925 266 1945; x_wconf 89' lang='lat' dir='ltr'><strong>cere</strong></span> <span class='ocrx_word' id='word_1_504' title='bbox 290 1917 452 1949; x_wconf 84' lang='lat' dir='ltr'><strong>antevertit,</strong></span> <span class='ocrx_word' id='word_1_505' title='bbox 467 1916 599 1944; x_wconf 87' lang='lat' dir='ltr'><strong>adversus</strong></span> <span class='ocrx_word' id='word_1_506' title='bbox 615 1917 688 1943; x_wconf 86' lang='lat' dir='ltr'><strong>hunc</strong></span> <span class='ocrx_word' id='word_1_507' title='bbox 716 1924 770 1943; x_wconf 88' lang='lat' dir='ltr'><strong>non</strong></span> <span class='ocrx_word' id='word_1_508' title='bbox 789 1920 832 1944; x_wconf 85' lang='lat' dir='ltr'><strong>est</strong></span> <span class='ocrx_word' id='word_1_509' title='bbox 844 1917 992 1944; x_wconf 87' lang='lat' dir='ltr'><strong>constituta</strong></span> 
     </span>
    </p>
   </div>
   <div class='ocr_carea' id='block_1_70' title="bbox 204 1961 993 1998">
    <p class='ocr_par' dir='ltr' id='par_1_70' title="bbox 204 1961 993 1998">
     <span class='ocr_line' id='line_1_70' title="bbox 204 1961 993 1998; baseline -0.003 -8"><span class='ocrx_word' id='word_1_510' title='bbox 204 1963 256 1996; x_wconf 85' lang='lat' dir='ltr'><strong>lex,</strong></span> <span class='ocrx_word' id='word_1_511' title='bbox 270 1962 317 1998; x_wconf 90' lang='lat' dir='ltr'><strong>qui</strong></span> <span class='ocrx_word' id='word_1_512' title='bbox 331 1963 417 1997; x_wconf 83' lang='lat' dir='ltr'><strong>legem</strong></span> <span class='ocrx_word' id='word_1_513' title='bbox 432 1961 606 1994; x_wconf 84' lang='lat' dir='ltr'><strong>observavit;</strong></span> <span class='ocrx_word' id='word_1_514' title='bbox 620 1961 668 1989; x_wconf 88' lang='lat' dir='ltr'><strong>sed</strong></span> <span class='ocrx_word' id='word_1_515' title='bbox 687 1961 818 1990; x_wconf 87' lang='lat' dir='ltr'><strong>adversus</strong></span> <span class='ocrx_word' id='word_1_516' title='bbox 830 1969 878 1989; x_wconf 89' lang='lat' dir='ltr'><strong>eos</strong></span> <span class='ocrx_word' id='word_1_517' title='bbox 896 1961 993 1989; x_wconf 81' lang='lat' dir='ltr'><strong>decer-</strong></span> 
     </span>
    </p>
   </div>
   <div class='ocr_carea' id='block_1_71' title="bbox 204 2002 992 2042">
    <p class='ocr_par' dir='ltr' id='par_1_71' title="bbox 204 2002 992 2042">
     <span class='ocr_line' id='line_1_71' title="bbox 204 2002 992 2042; baseline 0 -6"><span class='ocrx_word' id='word_1_518' title='bbox 204 2009 277 2036; x_wconf 89' lang='lat' dir='ltr'><strong>nitur</strong></span> <span class='ocrx_word' id='word_1_519' title='bbox 293 2027 301 2040; x_wconf 89' lang='lat'><strong>,</strong></span> <span class='ocrx_word' id='word_1_520' title='bbox 328 2008 377 2042; x_wconf 88' lang='lat' dir='ltr'><strong>qui</strong></span> <span class='ocrx_word' id='word_1_521' title='bbox 406 2008 518 2035; x_wconf 82' lang='lat' dir='ltr'><strong>sceleris</strong></span> <span class='ocrx_word' id='word_1_522' title='bbox 535 2007 638 2042; x_wconf 89' lang='lat' dir='ltr'><strong>aliquid</strong></span> <span class='ocrx_word' id='word_1_523' title='bbox 661 2007 872 2039; x_wconf 85' lang='lat' dir='ltr'><strong>commiserint,</strong></span> <span class='ocrx_word' id='word_1_524' title='bbox 895 2007 929 2035; x_wconf 87' lang='lat' dir='ltr'><strong>ad</strong></span> <span class='ocrx_word' id='word_1_525' title='bbox 945 2002 992 2036; x_wconf 78' lang='lat' dir='ltr'><strong>eos</strong></span> 
     </span>
    </p>
   </div>
   <div class='ocr_carea' id='block_1_72' title="bbox 202 2054 994 2090">
    <p class='ocr_par' dir='ltr' id='par_1_72' title="bbox 202 2054 994 2090">
     <span class='ocr_line' id='line_1_72' title="bbox 202 2054 994 2090; baseline 0 -9"><span class='ocrx_word' id='word_1_526' title='bbox 202 2054 366 2090; x_wconf 73' lang='lat' dir='ltr'><strong>iudicandos</strong></span> <span class='ocrx_word' id='word_1_527' title='bbox 379 2073 387 2085; x_wconf 90' lang='lat'><strong>,</strong></span> <span class='ocrx_word' id='word_1_528' title='bbox 405 2054 452 2088; x_wconf 89' lang='lat' dir='ltr'><strong>qui</strong></span> <span class='ocrx_word' id='word_1_529' title='bbox 481 2057 577 2080; x_wconf 90' lang='lat' dir='ltr'><strong>contra</strong></span> <span class='ocrx_word' id='word_1_530' title='bbox 603 2054 688 2088; x_wconf 78' lang='lat' dir='ltr'><strong>legem</strong></span> <span class='ocrx_word' id='word_1_531' title='bbox 709 2054 888 2088; x_wconf 85' lang='lat' dir='ltr'><strong>peccaverint.</strong></span> <span class='ocrx_word' id='word_1_532' title='bbox 905 2054 994 2088; x_wconf 83' lang='lat' dir='ltr'><strong>Atque</strong></span> 
     </span>
    </p>
   </div>
   <div class='ocr_carea' id='block_1_73' title="bbox 202 2097 993 2134">
    <p class='ocr_par' dir='ltr' id='par_1_73' title="bbox 202 2097 993 2134">
     <span class='ocr_line' id='line_1_73' title="bbox 202 2097 993 2134; baseline -0.001 -7"><span class='ocrx_word' id='word_1_533' title='bbox 202 2100 255 2128; x_wconf 90' lang='lat' dir='ltr'><strong>hoc</strong></span> <span class='ocrx_word' id='word_1_534' title='bbox 270 2099 350 2127; x_wconf 89' lang='lat' dir='ltr'><strong>modo</strong></span> <span class='ocrx_word' id='word_1_535' title='bbox 366 2106 425 2127; x_wconf 86' lang='lat' dir='ltr'><strong>sese</strong></span> <span class='ocrx_word' id='word_1_536' title='bbox 434 2098 635 2127; x_wconf 81' lang='lat' dir='ltr'><strong>Testamentum</strong></span> <span class='ocrx_word' id='word_1_537' title='bbox 652 2097 736 2126; x_wconf 86' lang='lat' dir='ltr'><strong>Vetus</strong></span> <span class='ocrx_word' id='word_1_538' title='bbox 752 2099 864 2126; x_wconf 83' lang='lat' dir='ltr'><strong>habuit:</strong></span> <span class='ocrx_word' id='word_1_539' title='bbox 882 2099 954 2134; x_wconf 92' lang='lat' dir='ltr'><strong>quod</strong></span> <span class='ocrx_word' id='word_1_540' title='bbox 966 2101 993 2126; x_wconf 89' lang='lat' dir='ltr'><strong>e&#39;t</strong></span> 
     </span>
    </p>
   </div>
   <div class='ocr_carea' id='block_1_74' title="bbox 203 2144 993 2179">
    <p class='ocr_par' dir='ltr' id='par_1_74' title="bbox 203 2144 993 2179">
     <span class='ocr_line' id='line_1_74' title="bbox 203 2144 993 2179; baseline -0.003 -6"><span class='ocrx_word' id='word_1_541' title='bbox 203 2145 368 2174; x_wconf 85' lang='lat' dir='ltr'><strong>homicidam</strong></span> <span class='ocrx_word' id='word_1_542' title='bbox 385 2145 501 2173; x_wconf 75' lang='lat' dir='ltr'><strong>interﬁci</strong></span> <span class='ocrx_word' id='word_1_543' title='bbox 515 2165 522 2178; x_wconf 86' lang='lat'><strong>,</strong></span> <span class='ocrx_word' id='word_1_544' title='bbox 540 2149 567 2172; x_wconf 90' lang='lat' dir='ltr'><strong>et</strong></span> <span class='ocrx_word' id='word_1_545' title='bbox 594 2145 746 2172; x_wconf 85' lang='lat' dir='ltr'><strong>adulterum</strong></span> <span class='ocrx_word' id='word_1_546' title='bbox 767 2144 880 2179; x_wconf 85' lang='lat' dir='ltr'><strong>perinde</strong></span> <span class='ocrx_word' id='word_1_547' title='bbox 906 2149 993 2172; x_wconf 86' lang='lat' dir='ltr'><strong>morte</strong></span> 
     </span>
    </p>
   </div>
   <div class='ocr_carea' id='block_1_75' title="bbox 202 2190 993 2227">
    <p class='ocr_par' dir='ltr' id='par_1_75' title="bbox 202 2190 993 2227">
     <span class='ocr_line' id='line_1_75' title="bbox 202 2190 993 2227; baseline -0.005 -6"><span class='ocrx_word' id='word_1_548' title='bbox 202 2193 339 2224; x_wconf 87' lang='lat' dir='ltr'><strong>damnari.</strong></span> <span class='ocrx_word' id='word_1_549' title='bbox 356 2200 388 2220; x_wconf 87' lang='lat' dir='ltr'><strong>ac</strong></span> <span class='ocrx_word' id='word_1_550' title='bbox 400 2192 466 2227; x_wconf 81' lang='lat' dir='ltr'><strong>legis</strong></span> <span class='ocrx_word' id='word_1_551' title='bbox 483 2191 643 2219; x_wconf 85' lang='lat' dir='ltr'><strong>violatorem</strong></span> <span class='ocrx_word' id='word_1_552' title='bbox 658 2190 794 2226; x_wconf 85' lang='lat' dir='ltr'><strong>lapidibus</strong></span> <span class='ocrx_word' id='word_1_553' title='bbox 816 2190 896 2218; x_wconf 90' lang='lat' dir='ltr'><strong>obrui</strong></span> <span class='ocrx_word' id='word_1_554' title='bbox 923 2197 993 2226; x_wconf 75' lang='lat' dir='ltr'><strong>prae-</strong></span> 
     </span>
    </p>
   </div>
   <div class='ocr_carea' id='block_1_76' title="bbox 202 2237 1030 2283">
    <p class='ocr_par' dir='ltr' id='par_1_76' title="bbox 202 2237 1030 2283">
     <span class='ocr_line' id='line_1_76' title="bbox 202 2237 1030 2283; baseline -0.006 -15"><span class='ocrx_word' id='word_1_555' title='bbox 202 2244 322 2276; x_wconf 84' lang='lat' dir='ltr'><strong>ceperat.</strong></span> <span class='ocrx_word' id='word_1_556' title='bbox 333 2239 404 2267; x_wconf 87' lang='lat' dir='ltr'><strong>Idem</strong></span> <span class='ocrx_word' id='word_1_557' title='bbox 420 2245 502 2273; x_wconf 88' lang='lat' dir='ltr'><strong>porro</strong></span> <span class='ocrx_word' id='word_1_558' title='bbox 517 2237 689 2283; x_wconf 84' lang='lat' dir='ltr'><strong>splendorem</strong></span> <span class='ocrx_word' id='word_1_559' title='bbox 711 2244 743 2265; x_wconf 85' lang='lat' dir='ltr'><strong>ac</strong></span> <span class='ocrx_word' id='word_1_560' title='bbox 756 2237 871 2272; x_wconf 78' lang='lat' dir='ltr'><strong>gloriam</strong></span> <span class='ocrx_word' id='word_1_561' title='bbox 886 2237 990 2268; x_wconf 84' lang='lat' dir='ltr'><strong>habuit,</strong></span> <span class='ocrx_word' id='word_1_562' title='bbox 1008 2256 1030 2283; x_wconf 64' lang='grc' dir='ltr'><strong>Β</strong></span> 
     </span>
    </p>
   </div>
   <div class='ocr_carea' id='block_1_77' title="bbox 201 2282 993 2322">
    <p class='ocr_par' dir='ltr' id='par_1_77' title="bbox 201 2282 993 2322">
     <span class='ocr_line' id='line_1_77' title="bbox 201 2282 993 2322; baseline -0.006 -8"><span class='ocrx_word' id='word_1_563' title='bbox 201 2291 228 2314; x_wconf 86' lang='lat' dir='ltr'><strong>et</strong></span> <span class='ocrx_word' id='word_1_564' title='bbox 251 2286 360 2322; x_wconf 88' lang='lat' dir='ltr'><strong>quidem</strong></span> <span class='ocrx_word' id='word_1_565' title='bbox 388 2292 443 2312; x_wconf 94' lang='lat' dir='ltr'><strong>non</strong></span> <span class='ocrx_word' id='word_1_566' title='bbox 470 2284 644 2312; x_wconf 85' lang='lat' dir='ltr'><strong>mediocrem.</strong></span> <span class='ocrx_word' id='word_1_567' title='bbox 671 2282 791 2311; x_wconf 84' lang='lat' dir='ltr'><strong>Gloriam</strong></span> <span class='ocrx_word' id='word_1_568' title='bbox 818 2284 890 2310; x_wconf 90' lang='lat' dir='ltr'><strong>enim</strong></span> <span class='ocrx_word' id='word_1_569' title='bbox 922 2282 993 2309; x_wconf 75' lang='lat' dir='ltr'><strong>inter</strong></span> 
     </span>
    </p>
   </div>
   <div class='ocr_carea' id='block_1_78' title="bbox 203 2329 1006 2363">
    <p class='ocr_par' dir='ltr' id='par_1_78' title="bbox 203 2329 1006 2363">
     <span class='ocr_line' id='line_1_78' title="bbox 203 2329 1006 2363; baseline -0.004 -5"><span class='ocrx_word' id='word_1_570' title='bbox 203 2331 327 2359; x_wconf 86' lang='lat' dir='ltr'><strong>homines</strong></span> <span class='ocrx_word' id='word_1_571' title='bbox 358 2331 394 2358; x_wconf 91' lang='lat' dir='ltr'><strong>ob</strong></span> <span class='ocrx_word' id='word_1_572' title='bbox 421 2334 530 2357; x_wconf 89' lang='lat' dir='ltr'><strong>mutuas</strong></span> <span class='ocrx_word' id='word_1_573' title='bbox 557 2329 664 2356; x_wconf 92' lang='lat' dir='ltr'><strong>illorum</strong></span> <span class='ocrx_word' id='word_1_574' title='bbox 689 2329 803 2363; x_wconf 84' lang='lat' dir='ltr'><strong>injurias</strong></span> <span class='ocrx_word' id='word_1_575' title='bbox 832 2329 1006 2363; x_wconf 57' lang='lat' dir='ltr'><strong>promeruit.-</strong></span> 
     </span>
    </p>
   </div>
   <div class='ocr_carea' id='block_1_79' title="bbox 203 2374 991 2411">
    <p class='ocr_par' dir='ltr' id='par_1_79' title="bbox 203 2374 991 2411">
     <span class='ocr_line' id='line_1_79' title="bbox 203 2374 991 2411; baseline -0.004 -7"><span class='ocrx_word' id='word_1_576' title='bbox 203 2377 281 2411; x_wconf 87' lang='lat' dir='ltr'><strong>Quod</strong></span> <span class='ocrx_word' id='word_1_577' title='bbox 309 2377 386 2411; x_wconf 76' lang='lat' dir='ltr'><strong>ignea</strong></span> <span class='ocrx_word' id='word_1_578' title='bbox 409 2376 436 2402; x_wconf 92' lang='lat' dir='ltr'><strong>in</strong></span> <span class='ocrx_word' id='word_1_579' title='bbox 452 2376 577 2403; x_wconf 86' lang='lat' dir='ltr'><strong>columna</strong></span> <span class='ocrx_word' id='word_1_580' title='bbox 599 2375 748 2406; x_wconf 88' lang='lat' dir='ltr'><strong>traditum,</strong></span> <span class='ocrx_word' id='word_1_581' title='bbox 772 2379 800 2402; x_wconf 89' lang='lat' dir='ltr'><strong>et</strong></span> <span class='ocrx_word' id='word_1_582' title='bbox 816 2374 991 2402; x_wconf 83' lang='lat' dir='ltr'><strong>informatum</strong></span> 
     </span>
    </p>
   </div>
   <div class='ocr_carea' id='block_1_80' title="bbox 202 2419 993 2456">
    <p class='ocr_par' dir='ltr' id='par_1_80' title="bbox 202 2419 993 2456">
     <span class='ocr_line' id='line_1_80' title="bbox 202 2419 993 2456; baseline -0.006 -6"><span class='ocrx_word' id='word_1_583' title='bbox 202 2427 244 2450; x_wconf 87' lang='lat' dir='ltr'><strong>est</strong></span> <span class='ocrx_word' id='word_1_584' title='bbox 256 2442 265 2456; x_wconf 89' lang='lat'><strong>,</strong></span> <span class='ocrx_word' id='word_1_585' title='bbox 282 2422 355 2449; x_wconf 87' lang='lat' dir='ltr'><strong>tubis</strong></span> <span class='ocrx_word' id='word_1_586' title='bbox 381 2421 528 2448; x_wconf 84' lang='lat' dir='ltr'><strong>vehemens</strong></span> <span class='ocrx_word' id='word_1_587' title='bbox 543 2419 672 2454; x_wconf 80' lang='lat' dir='ltr'><strong>quiddam</strong></span> <span class='ocrx_word' id='word_1_588' title='bbox 699 2419 919 2454; x_wconf 87' lang='lat' dir='ltr'><strong>horrendumque</strong></span> <span class='ocrx_word' id='word_1_589' title='bbox 931 2427 993 2454; x_wconf 89' lang='lat' dir='ltr'><strong>per-</strong></span> 
     </span>
    </p>
   </div>
   <div class='ocr_carea' id='block_1_81' title="bbox 203 2465 992 2502">
    <p class='ocr_par' dir='ltr' id='par_1_81' title="bbox 203 2465 992 2502">
     <span class='ocr_line' id='line_1_81' title="bbox 203 2465 992 2502; baseline -0.004 -6"><span class='ocrx_word' id='word_1_590' title='bbox 203 2467 405 2502; x_wconf 85' lang='lat' dir='ltr'><strong>strepentibus;</strong></span> <span class='ocrx_word' id='word_1_591' title='bbox 421 2465 449 2492; x_wconf 93' lang='lat' dir='ltr'><strong>in</strong></span> <span class='ocrx_word' id='word_1_592' title='bbox 466 2465 642 2492; x_wconf 83' lang='lat' dir='ltr'><strong>tabernaculo</strong></span> <span class='ocrx_word' id='word_1_593' title='bbox 658 2465 817 2496; x_wconf 89' lang='lat' dir='ltr'><strong>testimonii,</strong></span> <span class='ocrx_word' id='word_1_594' title='bbox 833 2465 992 2500; x_wconf 87' lang='lat' dir='ltr'><strong>reliquaque</strong></span> 
     </span>
    </p>
   </div>
   <div class='ocr_carea' id='block_1_82' title="bbox 203 2509 993 2547">
    <p class='ocr_par' dir='ltr' id='par_1_82' title="bbox 203 2509 993 2547">
     <span class='ocr_line' id='line_1_82' title="bbox 203 2509 993 2547; baseline -0.004 -7"><span class='ocrx_word' id='word_1_595' title='bbox 203 2513 277 2540; x_wconf 87' lang='lat' dir='ltr'><strong>omni</strong></span> <span class='ocrx_word' id='word_1_596' title='bbox 286 2512 371 2547; x_wconf 82' lang='lat' dir='ltr'><strong>gloria</strong></span> <span class='ocrx_word' id='word_1_597' title='bbox 383 2530 391 2542; x_wconf 84' lang='lat'><strong>,</strong></span> <span class='ocrx_word' id='word_1_598' title='bbox 411 2518 472 2545; x_wconf 73' lang='lat' dir='ltr'><strong>qua:</strong></span> <span class='ocrx_word' id='word_1_599' title='bbox 485 2509 621 2544; x_wconf 67' lang='lat' dir='ltr'><strong>praecipua</strong></span> <span class='ocrx_word' id='word_1_600' title='bbox 640 2514 697 2536; x_wconf 92' lang='lat' dir='ltr'><strong>tum</strong></span> <span class='ocrx_word' id='word_1_601' title='bbox 717 2511 830 2538; x_wconf 84' lang='lat' dir='ltr'><strong>exstitit.</strong></span> <span class='ocrx_word' id='word_1_602' title='bbox 844 2509 993 2546; x_wconf 86' lang='lat' dir='ltr'><strong>Oportebat</strong></span> 
     </span>
    </p>
   </div>
   <div class='ocr_carea' id='block_1_83' title="bbox 208 2557 993 2592">
    <p class='ocr_par' dir='ltr' id='par_1_83' title="bbox 208 2557 993 2592">
     <span class='ocr_line' id='line_1_83' title="bbox 208 2557 993 2592; baseline -0.003 -6"><span class='ocrx_word' id='word_1_603' title='bbox 208 2560 274 2586; x_wconf 71' lang='grc' dir='ltr'>ειιὶιιι</span> <span class='ocrx_word' id='word_1_604' title='bbox 298 2557 394 2592; x_wconf 71' lang='lat' dir='ltr'><strong>praeire</strong></span> <span class='ocrx_word' id='word_1_605' title='bbox 408 2560 599 2584; x_wconf 85' lang='lat' dir='ltr'><strong>testamentum</strong></span> <span class='ocrx_word' id='word_1_606' title='bbox 613 2557 708 2583; x_wconf 88' lang='lat' dir='ltr'><strong>mortis</strong></span> <span class='ocrx_word' id='word_1_607' title='bbox 721 2576 728 2589; x_wconf 86' lang='lat'><strong>,</strong></span> <span class='ocrx_word' id='word_1_608' title='bbox 745 2561 775 2583; x_wconf 89' lang='lat' dir='ltr'><strong>ut</strong></span> <span class='ocrx_word' id='word_1_609' title='bbox 792 2564 853 2584; x_wconf 88' lang='lat' dir='ltr'><strong>cum</strong></span> <span class='ocrx_word' id='word_1_610' title='bbox 879 2557 993 2590; x_wconf 75' lang='lat' dir='ltr'><strong>peccatis</strong></span> 
     </span>
    </p>
   </div>
   <div class='ocr_carea' id='block_1_84' title="bbox 211 2602 994 2636">
    <p class='ocr_par' dir='ltr' id='par_1_84' title="bbox 211 2602 994 2636">
     <span class='ocr_line' id='line_1_84' title="bbox 211 2602 994 2636; baseline -0.003 -4"><span class='ocrx_word' id='word_1_611' title='bbox 211 2612 316 2632; x_wconf 63' lang='lat' dir='ltr'><strong>«statim:</strong></span> <span class='ocrx_word' id='word_1_612' title='bbox 336 2602 453 2633; x_wconf 72' lang='lat' dir='ltr'><strong>mortui,</strong></span> <span class='ocrx_word' id='word_1_613' title='bbox 474 2602 588 2636; x_wconf 72' lang='lat' dir='ltr'><strong>justitiw</strong></span> <span class='ocrx_word' id='word_1_614' title='bbox 613 2602 754 2629; x_wconf 77' lang='lat' dir='ltr'><strong>viveremus</strong></span> <span class='ocrx_word' id='word_1_615' title='bbox 777 2604 796 2628; x_wconf 74' lang='grc' dir='ltr'><strong>ν.</strong></span> <span class='ocrx_word' id='word_1_616' title='bbox 815 2602 874 2636; x_wconf 87' lang='lat' dir='ltr'><strong>Qua</strong></span> <span class='ocrx_word' id='word_1_617' title='bbox 887 2603 994 2630; x_wconf 86' lang='lat' dir='ltr'><strong>ratione</strong></span> 
     </span>
    </p>
   </div>
   <div class='ocr_carea' id='block_1_85' title="bbox 207 2648 993 2684">
    <p class='ocr_par' dir='ltr' id='par_1_85' title="bbox 207 2648 993 2684">
     <span class='ocr_line' id='line_1_85' title="bbox 207 2648 993 2684; baseline -0.004 -6"><span class='ocrx_word' id='word_1_618' title='bbox 207 2651 329 2679; x_wconf 58' lang='lat' dir='ltr'><strong>Christus</strong></span> <span class='ocrx_word' id='word_1_619' title='bbox 341 2648 510 2684; x_wconf 74' lang='lat' dir='ltr'><strong>inﬁrmitates</strong></span> <span class='ocrx_word' id='word_1_620' title='bbox 526 2653 631 2675; x_wconf 74' lang='lat' dir='ltr'><strong>nostras</strong></span> <span class='ocrx_word' id='word_1_621' title='bbox 648 2649 805 2682; x_wconf 78' lang='lat' dir='ltr'><strong>portavit”,</strong></span> <span class='ocrx_word' id='word_1_622' title='bbox 827 2649 993 2684; x_wconf 84' lang='lat' dir='ltr'><strong>morbosque</strong></span> 
     </span>
    </p>
   </div>
   <div class='ocr_carea' id='block_1_86' title="bbox 205 2694 991 2733">
    <p class='ocr_par' dir='ltr' id='par_1_86' title="bbox 205 2694 991 2733">
     <span class='ocr_line' id='line_1_86' title="bbox 205 2694 991 2733; baseline -0.005 -7"><span class='ocrx_word' id='word_1_623' title='bbox 205 2698 340 2733; x_wconf 67' lang='lat' dir='ltr'><strong>suscepit:</strong></span> <span class='ocrx_word' id='word_1_624' title='bbox 354 2703 415 2732; x_wconf 71' lang='lat' dir='ltr'><strong>quae</strong></span> <span class='ocrx_word' id='word_1_625' title='bbox 428 2695 519 2722; x_wconf 91' lang='lat' dir='ltr'><strong>omnia</strong></span> <span class='ocrx_word' id='word_1_626' title='bbox 534 2694 642 2729; x_wconf 88' lang='lat' dir='ltr'><strong>corpori</strong></span> <span class='ocrx_word' id='word_1_627' title='bbox 656 2702 706 2722; x_wconf 89' lang='lat' dir='ltr'><strong>suo</strong></span> <span class='ocrx_word' id='word_1_628' title='bbox 721 2694 846 2729; x_wconf 81' lang='lat' dir='ltr'><strong>imposita</strong></span> <span class='ocrx_word' id='word_1_629' title='bbox 867 2695 893 2722; x_wconf 93' lang='lat' dir='ltr'><strong>in</strong></span> <span class='ocrx_word' id='word_1_630' title='bbox 908 2702 991 2722; x_wconf 83' lang='lat' dir='ltr'><strong>cruce</strong></span> 
     </span>
    </p>
   </div>
   <div class='ocr_carea' id='block_1_87' title="bbox 205 2740 989 2776">
    <p class='ocr_par' dir='ltr' id='par_1_87' title="bbox 205 2740 989 2776">
     <span class='ocr_line' id='line_1_87' title="bbox 205 2740 989 2776; baseline -0.005 -6"><span class='ocrx_word' id='word_1_631' title='bbox 205 2743 344 2775; x_wconf 69' lang='lat' dir='ltr'><strong>sustinuit,</strong></span> <span class='ocrx_word' id='word_1_632' title='bbox 368 2746 398 2769; x_wconf 92' lang='lat' dir='ltr'><strong>ut</strong></span> <span class='ocrx_word' id='word_1_633' title='bbox 420 2741 539 2776; x_wconf 90' lang='lat' dir='ltr'><strong>primum</strong></span> <span class='ocrx_word' id='word_1_634' title='bbox 565 2748 624 2775; x_wconf 80' lang='lat' dir='ltr'><strong>qua:</strong></span> <span class='ocrx_word' id='word_1_635' title='bbox 641 2740 674 2767; x_wconf 88' lang='lat' dir='ltr'><strong>ad</strong></span> <span class='ocrx_word' id='word_1_636' title='bbox 701 2744 815 2767; x_wconf 79' lang='lat' dir='ltr'><strong>mortem</strong></span> <span class='ocrx_word' id='word_1_637' title='bbox 843 2741 989 2774; x_wconf 86' lang='lat' dir='ltr'><strong>pertinent,</strong></span> 
     </span>
    </p>
   </div>
   <div class='ocr_carea' id='block_1_88' title="bbox 1042 1639 1830 1675">
    <p class='ocr_par' dir='ltr' id='par_1_88' title="bbox 1042 1639 1830 1675">
     <span class='ocr_line' id='line_1_88' title="bbox 1042 1639 1830 1675; baseline 0.004 -11"><span class='ocrx_word' id='word_1_638' title='bbox 1042 1640 1059 1674; x_wconf 84' lang='grc' dir='ltr'>ἡ</span> <span class='ocrx_word' id='word_1_639' title='bbox 1076 1639 1135 1665; x_wconf 86' lang='grc' dir='ltr'>Θεία</span> <span class='ocrx_word' id='word_1_640' title='bbox 1153 1639 1248 1675; x_wconf 88' lang='grc' dir='ltr'>Γραφὴ</span> <span class='ocrx_word' id='word_1_641' title='bbox 1259 1659 1266 1672; x_wconf 90' lang='grc'><em>,</em></span> <span class='ocrx_word' id='word_1_642' title='bbox 1291 1639 1349 1666; x_wconf 82' lang='grc' dir='ltr'>ἀλλ’</span> <span class='ocrx_word' id='word_1_643' title='bbox 1370 1639 1422 1672; x_wconf 82' lang='grc' dir='ltr'>ὃτι,</span> <span class='ocrx_word' id='word_1_644' title='bbox 1436 1639 1468 1666; x_wconf 92' lang='lat'><strong>&#39;0</strong></span> <span class='ocrx_word' id='word_1_645' title='bbox 1486 1641 1579 1674; x_wconf 79' lang='grc' dir='ltr'>νόμος</span> <span class='ocrx_word' id='word_1_646' title='bbox 1597 1639 1700 1673; x_wconf 74' lang='grc' dir='ltr'>δικαίῳ</span> <span class='ocrx_word' id='word_1_647' title='bbox 1716 1641 1752 1667; x_wconf 87' lang='grc' dir='ltr'>οὐ</span> <span class='ocrx_word' id='word_1_648' title='bbox 1769 1640 1830 1667; x_wconf 75' lang='grc' dir='ltr'>κεῖ-</span> 
     </span>
    </p>
   </div>
   <div class='ocr_carea' id='block_1_89' title="bbox 1041 1684 1830 1719">
    <p class='ocr_par' dir='ltr' id='par_1_89' title="bbox 1041 1684 1830 1719">
     <span class='ocr_line' id='line_1_89' title="bbox 1041 1684 1830 1719; baseline 0.004 -9"><span class='ocrx_word' id='word_1_649' title='bbox 1041 1692 1104 1716; x_wconf 79' lang='grc' dir='ltr'>ται,</span> <span class='ocrx_word' id='word_1_650' title='bbox 1132 1684 1213 1711; x_wconf 73' lang='grc' dir='ltr'><strong>ἀλλὰ</strong></span> <span class='ocrx_word' id='word_1_651' title='bbox 1235 1685 1446 1719; x_wconf 79' lang='grc' dir='ltr'>πατρολοίαις,</span> <span class='ocrx_word' id='word_1_652' title='bbox 1472 1685 1521 1712; x_wconf 79' lang='grc' dir='ltr'>καὶ</span> <span class='ocrx_word' id='word_1_653' title='bbox 1543 1686 1755 1719; x_wconf 75' lang='grc' dir='ltr'>μητρολοίαις,</span> <span class='ocrx_word' id='word_1_654' title='bbox 1779 1686 1830 1713; x_wconf 73' lang='grc' dir='ltr'>καὶ</span> 
     </span>
    </p>
   </div>
   <div class='ocr_carea' id='block_1_90' title="bbox 1041 1730 1833 1765">
    <p class='ocr_par' dir='ltr' id='par_1_90' title="bbox 1041 1730 1833 1765">
     <span class='ocr_line' id='line_1_90' title="bbox 1041 1730 1833 1765; baseline 0.001 -9"><span class='ocrx_word' id='word_1_655' title='bbox 1041 1730 1190 1764; x_wconf 81' lang='grc' dir='ltr'><strong>ἐπιόρκοις</strong></span> <span class='ocrx_word' id='word_1_656' title='bbox 1199 1751 1207 1763; x_wconf 89' lang='grc'>,</span> <span class='ocrx_word' id='word_1_657' title='bbox 1225 1731 1274 1758; x_wconf 79' lang='grc' dir='ltr'>καὶ</span> <span class='ocrx_word' id='word_1_658' title='bbox 1286 1731 1314 1758; x_wconf 79' lang='grc' dir='ltr'>εἴ</span> <span class='ocrx_word' id='word_1_659' title='bbox 1327 1740 1353 1758; x_wconf 84' lang='grc' dir='ltr'><em>τι</em></span> <span class='ocrx_word' id='word_1_660' title='bbox 1367 1731 1526 1758; x_wconf 80' lang='grc' dir='ltr'>ἀντίκειται</span> <span class='ocrx_word' id='word_1_661' title='bbox 1539 1730 1577 1764; x_wconf 81' lang='grc' dir='ltr'>τῇ</span> <span class='ocrx_word' id='word_1_662' title='bbox 1593 1732 1772 1765; x_wconf 77' lang='grc' dir='ltr'><strong>ὑγιαινούσῃ</strong></span> <span class='ocrx_word' id='word_1_663' title='bbox 1788 1731 1833 1757; x_wconf 83' lang='grc' dir='ltr'><strong>δι-</strong></span> 
     </span>
    </p>
   </div>
   <div class='ocr_carea' id='block_1_91' title="bbox 1042 1774 1831 1812">
    <p class='ocr_par' dir='ltr' id='par_1_91' title="bbox 1042 1774 1831 1812">
     <span class='ocr_line' id='line_1_91' title="bbox 1042 1774 1831 1812; baseline 0.003 -10"><span class='ocrx_word' id='word_1_664' title='bbox 1042 1775 1203 1810; x_wconf 73' lang='grc' dir='ltr'>δασκαλίᾳ.</span> <span class='ocrx_word' id='word_1_665' title='bbox 1237 1777 1311 1804; x_wconf 76' lang='grc' dir='ltr'>Ἐπεὶ</span> <span class='ocrx_word' id='word_1_666' title='bbox 1336 1774 1383 1804; x_wconf 80' lang='grc' dir='ltr'>οὖν</span> <span class='ocrx_word' id='word_1_667' title='bbox 1407 1777 1422 1803; x_wconf 82' lang='grc' dir='ltr'>ὀ</span> <span class='ocrx_word' id='word_1_668' title='bbox 1446 1777 1528 1811; x_wconf 87' lang='grc' dir='ltr'>νόμος</span> <span class='ocrx_word' id='word_1_669' title='bbox 1550 1777 1647 1812; x_wconf 78' lang='grc' dir='ltr'>δικαίῳ</span> <span class='ocrx_word' id='word_1_670' title='bbox 1671 1777 1701 1803; x_wconf 80' lang='grc' dir='ltr'>οὺ</span> <span class='ocrx_word' id='word_1_671' title='bbox 1729 1779 1831 1810; x_wconf 73' lang='grc' dir='ltr'>κεῖται,</span> 
     </span>
    </p>
   </div>
   <div class='ocr_carea' id='block_1_92' title="bbox 1043 1821 1832 1858">
    <p class='ocr_par' dir='ltr' id='par_1_92' title="bbox 1043 1821 1832 1858">
     <span class='ocr_line' id='line_1_92' title="bbox 1043 1821 1832 1858; baseline 0.003 -10"><span class='ocrx_word' id='word_1_672' title='bbox 1043 1823 1201 1858; x_wconf 85' lang='grc' dir='ltr'>παράνομος</span> <span class='ocrx_word' id='word_1_673' title='bbox 1215 1821 1269 1858; x_wconf 77' lang='grc' dir='ltr'><strong>ἆρά</strong></span> <span class='ocrx_word' id='word_1_674' title='bbox 1288 1823 1361 1849; x_wconf 81' lang='grc' dir='ltr'>ἐστιν</span> <span class='ocrx_word' id='word_1_675' title='bbox 1384 1822 1398 1848; x_wconf 89' lang='grc' dir='ltr'><strong><em>ὸ</em></strong></span> <span class='ocrx_word' id='word_1_676' title='bbox 1412 1822 1532 1855; x_wconf 81' lang='grc' dir='ltr'>δίκαιος;</span> <span class='ocrx_word' id='word_1_677' title='bbox 1547 1822 1592 1858; x_wconf 87' lang='grc' dir='ltr'><strong>Μὴ</strong></span> <span class='ocrx_word' id='word_1_678' title='bbox 1609 1822 1713 1856; x_wconf 85' lang='grc' dir='ltr'>γένοιτο</span> <span class='ocrx_word' id='word_1_679' title='bbox 1730 1824 1736 1849; x_wconf 80' lang='lat' dir='ltr'><strong>i</strong></span> <span class='ocrx_word' id='word_1_680' title='bbox 1760 1823 1832 1850; x_wconf 79' lang='grc' dir='ltr'>Ἀλλ’</span> 
     </span>
    </p>
   </div>
   <div class='ocr_carea' id='block_1_93' title="bbox 1043 1868 1833 1904">
    <p class='ocr_par' dir='ltr' id='par_1_93' title="bbox 1043 1868 1833 1904">
     <span class='ocr_line' id='line_1_93' title="bbox 1043 1868 1833 1904; baseline 0.004 -10"><span class='ocrx_word' id='word_1_681' title='bbox 1043 1868 1136 1904; x_wconf 74' lang='grc' dir='ltr'>ἐπειδὴ</span> <span class='ocrx_word' id='word_1_682' title='bbox 1152 1868 1301 1904; x_wconf 77' lang='grc' dir='ltr'>προέλαϐεν</span> <span class='ocrx_word' id='word_1_683' title='bbox 1314 1870 1328 1896; x_wconf 86' lang='grc' dir='ltr'>ὁ</span> <span class='ocrx_word' id='word_1_684' title='bbox 1341 1870 1442 1901; x_wconf 80' lang='grc' dir='ltr'>δίκαιος</span> <span class='ocrx_word' id='word_1_685' title='bbox 1452 1869 1486 1896; x_wconf 83' lang='grc' dir='ltr'><strong>τὰ</strong></span> <span class='ocrx_word' id='word_1_686' title='bbox 1496 1870 1541 1896; x_wconf 83' lang='grc' dir='ltr'>τοῦ</span> <span class='ocrx_word' id='word_1_687' title='bbox 1555 1869 1638 1904; x_wconf 85' lang='grc' dir='ltr'>νόμου</span> <span class='ocrx_word' id='word_1_688' title='bbox 1647 1869 1764 1900; x_wconf 82' lang='grc' dir='ltr'>τελέσαι,</span> <span class='ocrx_word' id='word_1_689' title='bbox 1780 1870 1833 1897; x_wconf 78' lang='grc' dir='ltr'>οὐκ</span> 
     </span>
    </p>
   </div>
   <div class='ocr_carea' id='block_1_94' title="bbox 1043 1913 1831 1954">
    <p class='ocr_par' dir='ltr' id='par_1_94' title="bbox 1043 1913 1831 1954">
     <span class='ocr_line' id='line_1_94' title="bbox 1043 1913 1831 1954; baseline 0.008 -14"><span class='ocrx_word' id='word_1_690' title='bbox 1043 1913 1101 1941; x_wconf 80' lang='grc' dir='ltr'>ἐστι</span> <span class='ocrx_word' id='word_1_691' title='bbox 1113 1914 1195 1950; x_wconf 80' lang='grc' dir='ltr'>νόμος</span> <span class='ocrx_word' id='word_1_692' title='bbox 1209 1915 1279 1942; x_wconf 88' lang='grc' dir='ltr'>κατὰ</span> <span class='ocrx_word' id='word_1_693' title='bbox 1289 1915 1392 1942; x_wconf 85' lang='grc' dir='ltr'>δικαίου</span> <span class='ocrx_word' id='word_1_694' title='bbox 1407 1915 1454 1943; x_wconf 73' lang='grc' dir='ltr'><strong>τοῦ</strong></span> <span class='ocrx_word' id='word_1_695' title='bbox 1469 1917 1650 1952; x_wconf 81' lang='grc' dir='ltr'>πεποιηκότος</span> <span class='ocrx_word' id='word_1_696' title='bbox 1666 1918 1712 1945; x_wconf 81' lang='grc' dir='ltr'>τὸν</span> <span class='ocrx_word' id='word_1_697' title='bbox 1730 1919 1814 1954; x_wconf 86' lang='grc' dir='ltr'>νόμον</span> <span class='ocrx_word' id='word_1_698' title='bbox 1824 1928 1831 1934; x_wconf 94' lang='grc'><strong>·</strong></span> 
     </span>
    </p>
   </div>
   <div class='ocr_carea' id='block_1_95' title="bbox 1043 1960 1834 1997">
    <p class='ocr_par' dir='ltr' id='par_1_95' title="bbox 1043 1960 1834 1997">
     <span class='ocr_line' id='line_1_95' title="bbox 1043 1960 1834 1997; baseline 0.008 -12"><span class='ocrx_word' id='word_1_699' title='bbox 1043 1961 1130 1986; x_wconf 83' lang='grc' dir='ltr'>κεῖται</span> <span class='ocrx_word' id='word_1_700' title='bbox 1155 1960 1183 1986; x_wconf 80' lang='grc' dir='ltr'>δὲ</span> <span class='ocrx_word' id='word_1_701' title='bbox 1204 1960 1273 1987; x_wconf 81' lang='grc' dir='ltr'>κατὰ</span> <span class='ocrx_word' id='word_1_702' title='bbox 1290 1960 1342 1987; x_wconf 86' lang='grc' dir='ltr'>τῶν</span> <span class='ocrx_word' id='word_1_703' title='bbox 1355 1962 1533 1997; x_wconf 81' lang='grc' dir='ltr'>ὴνομηκότων</span> <span class='ocrx_word' id='word_1_704' title='bbox 1543 1983 1550 1994; x_wconf 93' lang='grc'><strong>,</strong></span> <span class='ocrx_word' id='word_1_705' title='bbox 1566 1963 1683 1995; x_wconf 79' lang='grc' dir='ltr'><strong>δικάζων</strong></span> <span class='ocrx_word' id='word_1_706' title='bbox 1699 1964 1762 1995; x_wconf 76' lang='grc' dir='ltr'>τοὺς</span> <span class='ocrx_word' id='word_1_707' title='bbox 1780 1973 1834 1990; x_wconf 80' lang='grc' dir='ltr'>πα-</span> 
     </span>
    </p>
   </div>
   <div class='ocr_carea' id='block_1_96' title="bbox 1044 2006 1833 2046">
    <p class='ocr_par' dir='ltr' id='par_1_96' title="bbox 1044 2006 1833 2046">
     <span class='ocr_line' id='line_1_96' title="bbox 1044 2006 1833 2046; baseline 0.006 -14"><span class='ocrx_word' id='word_1_708' title='bbox 1044 2006 1259 2041; x_wconf 83' lang='grc' dir='ltr'>ρανομήσαντας.</span> <span class='ocrx_word' id='word_1_709' title='bbox 1285 2006 1377 2038; x_wconf 79' lang='grc' dir='ltr'>Οὕτως</span> <span class='ocrx_word' id='word_1_710' title='bbox 1401 2006 1447 2035; x_wconf 85' lang='grc' dir='ltr'>οὖν</span> <span class='ocrx_word' id='word_1_711' title='bbox 1469 2009 1485 2043; x_wconf 82' lang='grc' dir='ltr'>ὴ</span> <span class='ocrx_word' id='word_1_712' title='bbox 1506 2008 1636 2044; x_wconf 83' lang='grc' dir='ltr'>Διαθήκη.</span> <span class='ocrx_word' id='word_1_713' title='bbox 1664 2009 1759 2044; x_wconf 83' lang='grc' dir='ltr'>Ἔλεγε</span> <span class='ocrx_word' id='word_1_714' title='bbox 1777 2011 1833 2046; x_wconf 79' lang='grc' dir='ltr'><strong>γὰρ</strong></span> 
     </span>
    </p>
   </div>
   <div class='ocr_carea' id='block_1_97' title="bbox 1042 2051 1832 2090">
    <p class='ocr_par' dir='ltr' id='par_1_97' title="bbox 1042 2051 1832 2090">
     <span class='ocr_line' id='line_1_97' title="bbox 1042 2051 1832 2090; baseline 0.008 -13"><span class='ocrx_word' id='word_1_715' title='bbox 1042 2051 1088 2078; x_wconf 80' lang='grc' dir='ltr'>τὸν</span> <span class='ocrx_word' id='word_1_716' title='bbox 1101 2053 1184 2086; x_wconf 83' lang='grc' dir='ltr'>φονέα</span> <span class='ocrx_word' id='word_1_717' title='bbox 1196 2052 1365 2086; x_wconf 76' lang='grc' dir='ltr'>φονεύεσθαι,</span> <span class='ocrx_word' id='word_1_718' title='bbox 1383 2053 1429 2080; x_wconf 72' lang='grc' dir='ltr'>καὶ</span> <span class='ocrx_word' id='word_1_719' title='bbox 1443 2054 1488 2080; x_wconf 76' lang='grc' dir='ltr'><strong>τὸν</strong></span> <span class='ocrx_word' id='word_1_720' title='bbox 1505 2055 1597 2090; x_wconf 83' lang='grc' dir='ltr'>μοιχὸν</span> <span class='ocrx_word' id='word_1_721' title='bbox 1611 2055 1832 2089; x_wconf 83' lang='grc' dir='ltr'>ἅποκτεῐνεσθαι,</span> 
     </span>
    </p>
   </div>
   <div class='ocr_carea' id='block_1_98' title="bbox 1043 2098 1834 2136">
    <p class='ocr_par' dir='ltr' id='par_1_98' title="bbox 1043 2098 1834 2136">
     <span class='ocr_line' id='line_1_98' title="bbox 1043 2098 1834 2136; baseline 0.008 -13"><span class='ocrx_word' id='word_1_722' title='bbox 1043 2099 1090 2124; x_wconf 78' lang='grc' dir='ltr'><strong>καὶ</strong></span> <span class='ocrx_word' id='word_1_723' title='bbox 1107 2098 1152 2124; x_wconf 83' lang='grc' dir='ltr'>τὸν</span> <span class='ocrx_word' id='word_1_724' title='bbox 1177 2099 1409 2134; x_wconf 87' lang='grc' dir='ltr'>παρανομήσαντα</span> <span class='ocrx_word' id='word_1_725' title='bbox 1428 2099 1632 2128; x_wconf 75' lang='grc' dir='ltr'>λιθοϐολεῖσθαι.</span> <span class='ocrx_word' id='word_1_726' title='bbox 1660 2102 1784 2136; x_wconf 82' lang='grc' dir='ltr'>Ἐγένετο</span> <span class='ocrx_word' id='word_1_727' title='bbox 1803 2103 1834 2129; x_wconf 79' lang='grc' dir='ltr'>δὲ</span> 
     </span>
    </p>
   </div>
   <div class='ocr_carea' id='block_1_99' title="bbox 1043 2143 1834 2181">
    <p class='ocr_par' dir='ltr' id='par_1_99' title="bbox 1043 2143 1834 2181">
     <span class='ocr_line' id='line_1_99' title="bbox 1043 2143 1834 2181; baseline 0.005 -11"><span class='ocrx_word' id='word_1_728' title='bbox 1043 2143 1072 2170; x_wconf 79' lang='grc' dir='ltr'>ἐν</span> <span class='ocrx_word' id='word_1_729' title='bbox 1094 2144 1166 2179; x_wconf 77' lang='grc' dir='ltr'><strong>δόξῃ.</strong></span> <span class='ocrx_word' id='word_1_730' title='bbox 1185 2143 1294 2179; x_wconf 84' lang='grc' dir='ltr'>Μεγάλη</span> <span class='ocrx_word' id='word_1_731' title='bbox 1322 2144 1375 2179; x_wconf 82' lang='grc' dir='ltr'><strong>γὰρ</strong></span> <span class='ocrx_word' id='word_1_732' title='bbox 1392 2145 1499 2179; x_wconf 82' lang='grc' dir='ltr'>ἐγένετο</span> <span class='ocrx_word' id='word_1_733' title='bbox 1513 2147 1530 2181; x_wconf 83' lang='grc' dir='ltr'>ἡ</span> <span class='ocrx_word' id='word_1_734' title='bbox 1557 2146 1659 2181; x_wconf 78' lang='grc' dir='ltr'>ταύτης</span> <span class='ocrx_word' id='word_1_735' title='bbox 1674 2147 1747 2180; x_wconf 80' lang='grc' dir='ltr'>δόξα.</span> <span class='ocrx_word' id='word_1_736' title='bbox 1772 2148 1834 2174; x_wconf 89' lang='grc' dir='ltr'><strong>Πε-</strong></span> 
     </span>
    </p>
   </div>
   <div class='ocr_carea' id='block_1_100' title="bbox 1045 2190 1834 2229">
    <p class='ocr_par' dir='ltr' id='par_1_100' title="bbox 1045 2190 1834 2229">
     <span class='ocr_line' id='line_1_100' title="bbox 1045 2190 1834 2229; baseline 0.006 -14"><span class='ocrx_word' id='word_1_737' title='bbox 1045 2190 1206 2225; x_wconf 83' lang='grc' dir='ltr'>ριεκράτησε</span> <span class='ocrx_word' id='word_1_738' title='bbox 1221 2191 1275 2226; x_wconf 87' lang='grc' dir='ltr'><strong>γὰρ</strong></span> <span class='ocrx_word' id='word_1_739' title='bbox 1292 2190 1340 2225; x_wconf 85' lang='grc' dir='ltr'>τῆς</span> <span class='ocrx_word' id='word_1_740' title='bbox 1362 2190 1441 2225; x_wconf 82' lang='grc' dir='ltr'><strong>δόξης</strong></span> <span class='ocrx_word' id='word_1_741' title='bbox 1462 2191 1516 2217; x_wconf 85' lang='grc' dir='ltr'><strong>τῶν</strong></span> <span class='ocrx_word' id='word_1_742' title='bbox 1538 2191 1689 2228; x_wconf 85' lang='grc' dir='ltr'>ἀνθρώπων</span> <span class='ocrx_word' id='word_1_743' title='bbox 1710 2193 1767 2220; x_wconf 76' lang='grc' dir='ltr'><strong>ἀπὸ</strong></span> <span class='ocrx_word' id='word_1_744' title='bbox 1783 2194 1834 2229; x_wconf 82' lang='grc' dir='ltr'>τῆς</span> 
     </span>
    </p>
   </div>
   <div class='ocr_carea' id='block_1_101' title="bbox 1045 2235 1836 2272">
    <p class='ocr_par' dir='ltr' id='par_1_101' title="bbox 1045 2235 1836 2272">
     <span class='ocr_line' id='line_1_101' title="bbox 1045 2235 1836 2272; baseline 0.004 -10"><span class='ocrx_word' id='word_1_745' title='bbox 1045 2236 1112 2272; x_wconf 85' lang='grc' dir='ltr'>πρὸς</span> <span class='ocrx_word' id='word_1_746' title='bbox 1129 2235 1258 2271; x_wconf 86' lang='grc' dir='ltr'><strong>ἀλλήλους</strong></span> <span class='ocrx_word' id='word_1_747' title='bbox 1273 2236 1396 2268; x_wconf 83' lang='grc' dir='ltr'>ἀδικίας,</span> <span class='ocrx_word' id='word_1_748' title='bbox 1415 2238 1444 2263; x_wconf 84' lang='grc' dir='ltr'>ὲν</span> <span class='ocrx_word' id='word_1_749' title='bbox 1461 2237 1528 2271; x_wconf 80' lang='grc' dir='ltr'>φωτὶ</span> <span class='ocrx_word' id='word_1_750' title='bbox 1545 2237 1640 2263; x_wconf 76' lang='grc' dir='ltr'>στόλου</span> <span class='ocrx_word' id='word_1_751' title='bbox 1662 2237 1718 2272; x_wconf 83' lang='grc' dir='ltr'>πῦρ</span> <span class='ocrx_word' id='word_1_752' title='bbox 1731 2247 1836 2265; x_wconf 80' lang='grc' dir='ltr'>τυπου-</span> 
     </span>
    </p>
   </div>
   <div class='ocr_carea' id='block_1_102' title="bbox 1045 2281 1836 2318">
    <p class='ocr_par' dir='ltr' id='par_1_102' title="bbox 1045 2281 1836 2318">
     <span class='ocr_line' id='line_1_102' title="bbox 1045 2281 1836 2318; baseline 0.003 -10"><span class='ocrx_word' id='word_1_753' title='bbox 1045 2282 1113 2317; x_wconf 81' lang='grc' dir='ltr'>μένη</span> <span class='ocrx_word' id='word_1_754' title='bbox 1123 2302 1130 2313; x_wconf 85' lang='grc'>,</span> <span class='ocrx_word' id='word_1_755' title='bbox 1146 2282 1174 2309; x_wconf 80' lang='grc' dir='ltr'>ἐν</span> <span class='ocrx_word' id='word_1_756' title='bbox 1195 2281 1321 2316; x_wconf 80' lang='grc' dir='ltr'>σάλπιγξι</span> <span class='ocrx_word' id='word_1_757' title='bbox 1337 2281 1466 2317; x_wconf 75' lang='grc' dir='ltr'>φοϐεραῖς</span> <span class='ocrx_word' id='word_1_758' title='bbox 1485 2282 1614 2317; x_wconf 79' lang='grc' dir='ltr'>ἡκούσαις</span> <span class='ocrx_word' id='word_1_759' title='bbox 1639 2282 1721 2318; x_wconf 85' lang='grc' dir='ltr'>μέγα.</span> <span class='ocrx_word' id='word_1_760' title='bbox 1739 2284 1787 2310; x_wconf 73' lang='grc' dir='ltr'>καὶ</span> <span class='ocrx_word' id='word_1_761' title='bbox 1803 2284 1836 2310; x_wconf 78' lang='grc' dir='ltr'>ἐν</span> 
     </span>
    </p>
   </div>
   <div class='ocr_carea' id='block_1_103' title="bbox 1045 2326 1835 2364">
    <p class='ocr_par' dir='ltr' id='par_1_103' title="bbox 1045 2326 1835 2364">
     <span class='ocr_line' id='line_1_103' title="bbox 1045 2326 1835 2364; baseline 0.003 -11"><span class='ocrx_word' id='word_1_762' title='bbox 1045 2328 1129 2363; x_wconf 76' lang='grc' dir='ltr'>σκηνῇ</span> <span class='ocrx_word' id='word_1_763' title='bbox 1145 2326 1191 2353; x_wconf 86' lang='grc' dir='ltr'>τοῦ</span> <span class='ocrx_word' id='word_1_764' title='bbox 1209 2327 1358 2362; x_wconf 86' lang='grc' dir='ltr'>μαρτυρίου</span> <span class='ocrx_word' id='word_1_765' title='bbox 1369 2347 1376 2358; x_wconf 87' lang='grc'><em>,</em></span> <span class='ocrx_word' id='word_1_766' title='bbox 1394 2327 1440 2354; x_wconf 81' lang='grc' dir='ltr'>καὶ</span> <span class='ocrx_word' id='word_1_767' title='bbox 1456 2328 1485 2353; x_wconf 85' lang='grc' dir='ltr'>ὲν</span> <span class='ocrx_word' id='word_1_768' title='bbox 1500 2327 1604 2363; x_wconf 84' lang='grc' dir='ltr'>μεγάλῃ</span> <span class='ocrx_word' id='word_1_769' title='bbox 1624 2327 1684 2354; x_wconf 87' lang='grc' dir='ltr'>τότε</span> <span class='ocrx_word' id='word_1_770' title='bbox 1697 2329 1835 2364; x_wconf 79' lang='grc' dir='ltr'>γενομένῃ</span> 
     </span>
    </p>
   </div>
   <div class='ocr_carea' id='block_1_104' title="bbox 1043 2373 1835 2410">
    <p class='ocr_par' dir='ltr' id='par_1_104' title="bbox 1043 2373 1835 2410">
     <span class='ocr_line' id='line_1_104' title="bbox 1043 2373 1835 2410; baseline 0.001 -10"><span class='ocrx_word' id='word_1_771' title='bbox 1043 2374 1116 2410; x_wconf 79' lang='grc' dir='ltr'>δόξῃ.</span> <span class='ocrx_word' id='word_1_772' title='bbox 1134 2373 1207 2399; x_wconf 87' lang='grc' dir='ltr'>Ἔδει</span> <span class='ocrx_word' id='word_1_773' title='bbox 1219 2373 1274 2409; x_wconf 81' lang='grc' dir='ltr'>γὰρ</span> <span class='ocrx_word' id='word_1_774' title='bbox 1292 2374 1423 2409; x_wconf 83' lang='grc' dir='ltr'>προάγειν</span> <span class='ocrx_word' id='word_1_775' title='bbox 1439 2374 1488 2408; x_wconf 85' lang='grc' dir='ltr'>τὴν</span> <span class='ocrx_word' id='word_1_776' title='bbox 1502 2373 1633 2410; x_wconf 84' lang='grc' dir='ltr'>διαθήκην</span> <span class='ocrx_word' id='word_1_777' title='bbox 1645 2373 1691 2400; x_wconf 80' lang='grc' dir='ltr'>τοῦ</span> <span class='ocrx_word' id='word_1_778' title='bbox 1703 2373 1835 2406; x_wconf 82' lang='grc' dir='ltr'>θανάτου,</span> 
     </span>
    </p>
   </div>
   <div class='ocr_carea' id='block_1_105' title="bbox 1044 2419 1836 2454">
    <p class='ocr_par' dir='ltr' id='par_1_105' title="bbox 1044 2419 1836 2454">
     <span class='ocr_line' id='line_1_105' title="bbox 1044 2419 1836 2454; baseline 0.001 -9"><span class='ocrx_word' id='word_1_779' title='bbox 1044 2420 1087 2445; x_wconf 82' lang='grc' dir='ltr'>ἵνα</span> <span class='ocrx_word' id='word_1_780' title='bbox 1104 2419 1212 2454; x_wconf 83' lang='grc' dir='ltr'>πρῶτον</span> <span class='ocrx_word' id='word_1_781' title='bbox 1231 2420 1372 2452; x_wconf 81' lang='grc' dir='ltr'>θανόντες</span> <span class='ocrx_word' id='word_1_782' title='bbox 1386 2419 1423 2453; x_wconf 75' lang='grc' dir='ltr'>τῇ</span> <span class='ocrx_word' id='word_1_783' title='bbox 1441 2419 1567 2454; x_wconf 77' lang='grc' dir='ltr'>ἁμαρτίᾳ</span> <span class='ocrx_word' id='word_1_784' title='bbox 1587 2419 1723 2453; x_wconf 69' lang='grc' dir='ltr'>ζησωμεν</span> <span class='ocrx_word' id='word_1_785' title='bbox 1738 2420 1777 2454; x_wconf 81' lang='grc' dir='ltr'>τῇ</span> <span class='ocrx_word' id='word_1_786' title='bbox 1791 2419 1836 2446; x_wconf 83' lang='grc' dir='ltr'>δι-</span> 
     </span>
    </p>
   </div>
   <div class='ocr_carea' id='block_1_106' title="bbox 1044 2464 1837 2500">
    <p class='ocr_par' dir='ltr' id='par_1_106' title="bbox 1044 2464 1837 2500">
     <span class='ocr_line' id='line_1_106' title="bbox 1044 2464 1837 2500; baseline 0.001 -9"><span class='ocrx_word' id='word_1_787' title='bbox 1044 2465 1210 2498; x_wconf 79' lang='grc' dir='ltr'>καιοσύνῃ·</span> <span class='ocrx_word' id='word_1_788' title='bbox 1223 2464 1261 2496; x_wconf 86' lang='grc' dir='ltr'>ὡς</span> <span class='ocrx_word' id='word_1_789' title='bbox 1280 2465 1396 2500; x_wconf 81' lang='grc' dir='ltr'>Χριστὸς</span> <span class='ocrx_word' id='word_1_790' title='bbox 1416 2465 1469 2497; x_wconf 85' lang='grc' dir='ltr'><strong>τὰς</strong></span> <span class='ocrx_word' id='word_1_791' title='bbox 1492 2465 1651 2497; x_wconf 77' lang='grc' dir='ltr'>ἀσθενείας</span> <span class='ocrx_word' id='word_1_792' title='bbox 1669 2465 1755 2500; x_wconf 69' lang='grc' dir='ltr'><strong>ἡμῶν</strong></span> <span class='ocrx_word' id='word_1_793' title='bbox 1767 2465 1837 2492; x_wconf 73' lang='grc' dir='ltr'><strong>ἐϐώ-</strong></span> 
     </span>
    </p>
   </div>
   <div class='ocr_carea' id='block_1_107' title="bbox 1045 2510 1837 2545">
    <p class='ocr_par' dir='ltr' id='par_1_107' title="bbox 1045 2510 1837 2545">
     <span class='ocr_line' id='line_1_107' title="bbox 1045 2510 1837 2545; baseline -0.001 -7"><span class='ocrx_word' id='word_1_794' title='bbox 1045 2518 1150 2543; x_wconf 64' lang='lat' dir='ltr'><strong>amas,</strong></span> <span class='ocrx_word' id='word_1_795' title='bbox 1168 2511 1274 2542; x_wconf 76' lang='grc' dir='ltr'>καὶτὰς</span> <span class='ocrx_word' id='word_1_796' title='bbox 1290 2511 1383 2542; x_wconf 79' lang='grc' dir='ltr'>νόσους</span> <span class='ocrx_word' id='word_1_797' title='bbox 1396 2510 1535 2542; x_wconf 75' lang='grc' dir='ltr'>ἀνέλαϐεν,</span> <span class='ocrx_word' id='word_1_798' title='bbox 1552 2511 1666 2545; x_wconf 77' lang='grc' dir='ltr'>ἐνέγκας</span> <span class='ocrx_word' id='word_1_799' title='bbox 1678 2511 1768 2538; x_wconf 81' lang='grc' dir='ltr'>πάντα</span> <span class='ocrx_word' id='word_1_800' title='bbox 1789 2512 1837 2538; x_wconf 77' lang='grc' dir='ltr'><strong>ἐπὶ</strong></span> 
     </span>
    </p>
   </div>
   <div class='ocr_carea' id='block_1_108' title="bbox 1045 2555 1837 2592">
    <p class='ocr_par' dir='ltr' id='par_1_108' title="bbox 1045 2555 1837 2592">
     <span class='ocr_line' id='line_1_108' title="bbox 1045 2555 1837 2592; baseline 0.001 -9"><span class='ocrx_word' id='word_1_801' title='bbox 1045 2557 1084 2592; x_wconf 82' lang='grc' dir='ltr'>τῷ</span> <span class='ocrx_word' id='word_1_802' title='bbox 1101 2557 1206 2592; x_wconf 83' lang='grc' dir='ltr'>σώματι</span> <span class='ocrx_word' id='word_1_803' title='bbox 1225 2558 1253 2583; x_wconf 82' lang='grc' dir='ltr'>ὲν</span> <span class='ocrx_word' id='word_1_804' title='bbox 1269 2556 1308 2591; x_wconf 84' lang='grc' dir='ltr'>τῷ</span> <span class='ocrx_word' id='word_1_805' title='bbox 1321 2556 1445 2591; x_wconf 83' lang='grc' dir='ltr'>σταυρῷ,</span> <span class='ocrx_word' id='word_1_806' title='bbox 1463 2556 1506 2582; x_wconf 76' lang='grc' dir='ltr'>ἵνα</span> <span class='ocrx_word' id='word_1_807' title='bbox 1520 2555 1627 2591; x_wconf 81' lang='grc' dir='ltr'>πρῶτον</span> <span class='ocrx_word' id='word_1_808' title='bbox 1644 2556 1678 2582; x_wconf 85' lang='grc' dir='ltr'><strong>τὰ</strong></span> <span class='ocrx_word' id='word_1_809' title='bbox 1691 2556 1739 2583; x_wconf 80' lang='grc' dir='ltr'>τοῦ</span> <span class='ocrx_word' id='word_1_810' title='bbox 1757 2557 1837 2584; x_wconf 80' lang='grc' dir='ltr'>θανά-</span> 
     </span>
    </p>
   </div>
   <div class='ocr_carea' id='block_1_109' title="bbox 1045 2601 1837 2638">
    <p class='ocr_par' dir='ltr' id='par_1_109' title="bbox 1045 2601 1837 2638">
     <span class='ocr_line' id='line_1_109' title="bbox 1045 2601 1837 2638; baseline -0.001 -9"><span class='ocrx_word' id='word_1_811' title='bbox 1045 2612 1108 2634; x_wconf 87' lang='grc' dir='ltr'>του,</span> <span class='ocrx_word' id='word_1_812' title='bbox 1127 2603 1222 2630; x_wconf 59' lang='lat' dir='ltr'><strong>{item</strong></span> <span class='ocrx_word' id='word_1_813' title='bbox 1236 2602 1266 2628; x_wconf 83' lang='grc' dir='ltr'>τὸ</span> <span class='ocrx_word' id='word_1_814' title='bbox 1285 2603 1334 2637; x_wconf 82' lang='grc' dir='ltr'>τῆς</span> <span class='ocrx_word' id='word_1_815' title='bbox 1351 2601 1422 2637; x_wconf 79' lang='grc' dir='ltr'>ζωῆς</span> <span class='ocrx_word' id='word_1_816' title='bbox 1444 2603 1473 2628; x_wconf 80' lang='grc' dir='ltr'>ἐν</span> <span class='ocrx_word' id='word_1_817' title='bbox 1490 2602 1564 2637; x_wconf 71' lang='grc' dir='ltr'>αὐτῷ</span> <span class='ocrx_word' id='word_1_818' title='bbox 1585 2602 1618 2628; x_wconf 84' lang='grc' dir='ltr'>δι’</span> <span class='ocrx_word' id='word_1_819' title='bbox 1634 2603 1707 2637; x_wconf 82' lang='grc' dir='ltr'>ἡμᾶς</span> <span class='ocrx_word' id='word_1_820' title='bbox 1722 2602 1837 2638; x_wconf 83' lang='grc' dir='ltr'>πληρω-</span> 
     </span>
    </p>
   </div>
   <div class='ocr_carea' id='block_1_110' title="bbox 1046 2646 1837 2683">
    <p class='ocr_par' dir='ltr' id='par_1_110' title="bbox 1046 2646 1837 2683">
     <span class='ocr_line' id='line_1_110' title="bbox 1046 2646 1837 2683; baseline -0.001 -9"><span class='ocrx_word' id='word_1_821' title='bbox 1046 2649 1166 2683; x_wconf 71' lang='grc' dir='ltr'>Θήσεται.</span> <span class='ocrx_word' id='word_1_822' title='bbox 1184 2648 1238 2674; x_wconf 77' lang='grc' dir='ltr'><strong>Καὶ</strong></span> <span class='ocrx_word' id='word_1_823' title='bbox 1259 2647 1302 2674; x_wconf 82' lang='grc' dir='ltr'><strong>διὰ</strong></span> <span class='ocrx_word' id='word_1_824' title='bbox 1314 2647 1393 2673; x_wconf 84' lang='grc' dir='ltr'>τοῦτο</span> <span class='ocrx_word' id='word_1_825' title='bbox 1410 2646 1516 2682; x_wconf 84' lang='grc' dir='ltr'>πρῶτον</span> <span class='ocrx_word' id='word_1_826' title='bbox 1530 2647 1697 2682; x_wconf 79' lang='grc' dir='ltr'>ἀποθνήσκει</span> <span class='ocrx_word' id='word_1_827' title='bbox 1707 2667 1714 2680; x_wconf 88' lang='grc'><strong>,</strong></span> <span class='ocrx_word' id='word_1_828' title='bbox 1729 2647 1773 2674; x_wconf 81' lang='grc' dir='ltr'>ἶνα</span> <span class='ocrx_word' id='word_1_829' title='bbox 1787 2656 1837 2673; x_wconf 82' lang='grc' dir='ltr'><strong>συ-</strong></span> 
     </span>
    </p>
   </div>
   <div class='ocr_carea' id='block_1_111' title="bbox 1045 2693 1838 2730">
    <p class='ocr_par' dir='ltr' id='par_1_111' title="bbox 1045 2693 1838 2730">
     <span class='ocr_line' id='line_1_111' title="bbox 1045 2693 1838 2730; baseline 0 -10"><span class='ocrx_word' id='word_1_830' title='bbox 1045 2695 1130 2730; x_wconf 75' lang='grc' dir='ltr'>στήσῃ</span> <span class='ocrx_word' id='word_1_831' title='bbox 1144 2694 1193 2730; x_wconf 80' lang='grc' dir='ltr'>τὴν</span> <span class='ocrx_word' id='word_1_832' title='bbox 1209 2693 1256 2720; x_wconf 71' lang='grc' dir='ltr'><strong>τοῦ</strong></span> <span class='ocrx_word' id='word_1_833' title='bbox 1273 2693 1386 2720; x_wconf 78' lang='grc' dir='ltr'>θανάτου</span> <span class='ocrx_word' id='word_1_834' title='bbox 1401 2693 1549 2729; x_wconf 82' lang='grc' dir='ltr'>διαθήκην·</span> <span class='ocrx_word' id='word_1_835' title='bbox 1568 2693 1664 2720; x_wconf 75' lang='grc' dir='ltr'>ἔπειτα</span> <span class='ocrx_word' id='word_1_836' title='bbox 1681 2694 1713 2719; x_wconf 82' lang='grc' dir='ltr'>ὲκ</span> <span class='ocrx_word' id='word_1_837' title='bbox 1729 2693 1838 2729; x_wconf 79' lang='grc' dir='ltr'>νεκρῶν</span> 
     </span>
    </p>
   </div>
   <div class='ocr_carea' id='block_1_112' title="bbox 1045 2738 1838 2774">
    <p class='ocr_par' dir='ltr' id='par_1_112' title="bbox 1045 2738 1838 2774">
     <span class='ocr_line' id='line_1_112' title="bbox 1045 2738 1838 2774; baseline -0.001 -8"><span class='ocrx_word' id='word_1_838' title='bbox 1045 2740 1212 2774; x_wconf 80' lang='grc' dir='ltr'>ἐγήγερται,</span> <span class='ocrx_word' id='word_1_839' title='bbox 1229 2740 1272 2766; x_wconf 84' lang='grc' dir='ltr'><strong>ἵνα</strong></span> <span class='ocrx_word' id='word_1_840' title='bbox 1291 2739 1345 2766; x_wconf 71' lang='grc' dir='ltr'><strong>ἀπὸ</strong></span> <span class='ocrx_word' id='word_1_841' title='bbox 1358 2739 1436 2774; x_wconf 82' lang='grc' dir='ltr'>δόξης</span> <span class='ocrx_word' id='word_1_842' title='bbox 1453 2740 1493 2771; x_wconf 86' lang='grc' dir='ltr'><strong>εἰς</strong></span> <span class='ocrx_word' id='word_1_843' title='bbox 1509 2739 1587 2772; x_wconf 76' lang='grc' dir='ltr'>δόξαν</span> <span class='ocrx_word' id='word_1_844' title='bbox 1600 2759 1607 2771; x_wconf 93' lang='grc'>,</span> <span class='ocrx_word' id='word_1_845' title='bbox 1621 2738 1755 2774; x_wconf 76' lang='grc' dir='ltr'>καθάπερ</span> <span class='ocrx_word' id='word_1_846' title='bbox 1776 2739 1838 2766; x_wconf 76' lang='grc' dir='ltr'><strong>ἀπὸ</strong></span> 
     </span>
    </p>
   </div>
   <div class='ocr_carea' id='block_1_113' title="bbox 241 2827 1837 2866">
    <p class='ocr_par' dir='ltr' id='par_1_113' title="bbox 241 2827 1837 2866">
     <span class='ocr_line' id='line_1_113' title="bbox 241 2827 1837 2866; baseline -0.003 -6"><span class='ocrx_word' id='word_1_847' title='bbox 241 2838 250 2851; x_wconf 74' lang='grc' dir='ltr'><strong>ι</strong></span> <span class='ocrx_word' id='word_1_848' title='bbox 273 2834 341 2862; x_wconf 83' lang='lat' dir='ltr'><strong>Psal.</strong></span> <span class='ocrx_word' id='word_1_849' title='bbox 368 2841 394 2866; x_wconf 82' lang='grc'><strong>1.,</strong></span> <span class='ocrx_word' id='word_1_850' title='bbox 407 2833 452 2861; x_wconf 75' lang='lat' dir='ltr'><strong>t9.</strong></span> <span class='ocrx_word' id='word_1_851' title='bbox 489 2833 500 2848; x_wconf 82' lang='grc'><strong>¹</strong></span> <span class='ocrx_word' id='word_1_852' title='bbox 516 2831 588 2858; x_wconf 86' lang='lat' dir='ltr'><strong>Psal.</strong></span> <span class='ocrx_word' id='word_1_853' title='bbox 610 2838 682 2863; x_wconf 77' lang='grc' dir='ltr'>ιιιιιι,</span> <span class='ocrx_word' id='word_1_854' title='bbox 697 2831 740 2859; x_wconf 75' lang='grc' dir='ltr'><strong>Η,</strong></span> <span class='ocrx_word' id='word_1_855' title='bbox 779 2830 1030 2866; x_wconf 62' lang='lat' dir='ltr'><strong>fDeut.xvm.15.</strong></span> <span class='ocrx_word' id='word_1_856' title='bbox 1067 2830 1258 2861; x_wconf 72' lang='grc' dir='ltr'><strong>⁸1ιιιιη.ν,46.</strong></span> <span class='ocrx_word' id='word_1_857' title='bbox 1297 2831 1307 2847; x_wconf 84' lang='lat'><strong>&#39;</strong></span> <span class='ocrx_word' id='word_1_858' title='bbox 1321 2829 1400 2858; x_wconf 85' lang='lat' dir='ltr'><strong>Deut.</strong></span> <span class='ocrx_word' id='word_1_859' title='bbox 1419 2838 1500 2863; x_wconf 77' lang='lat' dir='ltr'><strong>xvru,</strong></span> <span class='ocrx_word' id='word_1_860' title='bbox 1521 2829 1564 2858; x_wconf 87' lang='lat' dir='ltr'><strong>l9.</strong></span> <span class='ocrx_word' id='word_1_861' title='bbox 1607 2831 1616 2847; x_wconf 84' lang='lat'>&#39;</span> <span class='ocrx_word' id='word_1_862' title='bbox 1630 2827 1712 2857; x_wconf 79' lang='lat' dir='ltr'><strong>Joan.</strong></span> <span class='ocrx_word' id='word_1_863' title='bbox 1732 2837 1760 2862; x_wconf 91' lang='lat' dir='ltr'><strong>v,</strong></span> <span class='ocrx_word' id='word_1_864' title='bbox 1787 2827 1837 2856; x_wconf 76' lang='grc' dir='ltr'><strong>Π.</strong></span> 
     </span>
    </p>
   </div>
   <div class='ocr_carea' id='block_1_114' title="bbox 208 2865 1206 2900">
    <p class='ocr_par' dir='ltr' id='par_1_114' title="bbox 208 2865 1206 2900">
     <span class='ocr_line' id='line_1_114' title="bbox 208 2865 1206 2900; baseline -0.005 -3"><span class='ocrx_word' id='word_1_865' title='bbox 208 2871 216 2886; x_wconf 97' lang='grc'>⁷</span> <span class='ocrx_word' id='word_1_866' title='bbox 239 2871 259 2898; x_wconf 87' lang='grc' dir='ltr'><strong>ιι</strong></span> <span class='ocrx_word' id='word_1_867' title='bbox 280 2871 340 2897; x_wconf 80' lang='lat' dir='ltr'><strong>‘-‘.or.</strong></span> <span class='ocrx_word' id='word_1_868' title='bbox 358 2865 398 2900; x_wconf 80' lang='lat' dir='ltr'><strong>m,</strong></span> <span class='ocrx_word' id='word_1_869' title='bbox 418 2869 444 2896; x_wconf 86' lang='lat'><strong>7.</strong></span> <span class='ocrx_word' id='word_1_870' title='bbox 482 2868 493 2884; x_wconf 85' lang='lat'><strong>&#39;</strong></span> <span class='ocrx_word' id='word_1_871' title='bbox 513 2866 605 2895; x_wconf 89' lang='lat' dir='ltr'><strong>ITim.</strong></span> <span class='ocrx_word' id='word_1_872' title='bbox 627 2874 646 2900; x_wconf 88' lang='lat' dir='ltr'><strong>I,</strong></span> <span class='ocrx_word' id='word_1_873' title='bbox 661 2867 687 2895; x_wconf 85' lang='lat'><strong>9.</strong></span> <span class='ocrx_word' id='word_1_874' title='bbox 726 2867 736 2882; x_wconf 76' lang='lat'>&#39;</span> <span class='ocrx_word' id='word_1_875' title='bbox 753 2867 764 2892; x_wconf 86' lang='grc' dir='ltr'>Ι</span> <span class='ocrx_word' id='word_1_876' title='bbox 779 2865 852 2894; x_wconf 80' lang='lat' dir='ltr'><strong>Petr.</strong></span> <span class='ocrx_word' id='word_1_877' title='bbox 867 2874 896 2899; x_wconf 89' lang='grc' dir='ltr'><strong>ιι,</strong></span> <span class='ocrx_word' id='word_1_878' title='bbox 917 2866 963 2894; x_wconf 66' lang='lat'><strong>‘24.</strong></span> <span class='ocrx_word' id='word_1_879' title='bbox 998 2867 1019 2882; x_wconf 82' lang='lat'><strong>‘°</strong></span> <span class='ocrx_word' id='word_1_880' title='bbox 1036 2867 1087 2894; x_wconf 86' lang='lat' dir='ltr'><strong>lsa.</strong></span> <span class='ocrx_word' id='word_1_881' title='bbox 1107 2874 1167 2898; x_wconf 86' lang='lat' dir='ltr'><strong>LIII,</strong></span> <span class='ocrx_word' id='word_1_882' title='bbox 1189 2866 1206 2892; x_wconf 69' lang='grc'>4</span> 
     </span>
    </p>
   </div>
  </div>
