1939 3036
137 161 191 190 “5

454 163 635 192 ADVERSUS
653 163 821 193 HA‘JRESES
841 165 901 192 LIIJ.
925 166 931 192 Ι

984 165 1056 193 ΙὈΜ.
1077 165 1108 192 ιι.
1128 165 1297 193 -ΙΙιΕἰίΕδ,
1314 166 1404 193 LXVI.

1712 165 1759 193 ΜΕ

139 220 249 254 Κυρίου
273 220 452 255 πνεύματος.
486 222 528 248 Ἐν
545 222 599 257 γὰρ
622 223 661 258 τῷ
680 223 790 259 σταυρῷ
809 224 921 259 ἐθριάμ-

988 232 1031 250 unt
1055 232 1117 251 vero
1132 232 1192 258 qua:
1207 229 1271 252 sunt
1296 216 1358 251 vita:
1385 225 1494 259 propria
1515 224 1541 250 in
1559 223 1652 251 cadent
1668 228 1760 251 nostra

137 267 235 293 ϐενσεν
248 266 334 301 ἀρχὰς
346 266 393 293 καὶ
405 267 527 299 ἔξουσίας
538 277 544 283 ·
562 269 590 294 ὲν
603 268 642 304 τῷ
656 269 762 304 θανάτῳ
780 270 921 306 κατέκρινε

135 315 187 348 τὴν
206 313 342 348 ἁμαρτίαν
356 321 363 327 ”
394 313 422 339 ὲν
437 312 477 348 τῷ
500 313 617 348 ταφῆναι
638 314 719 349 ἔθαψε
733 316 781 350 τὴν
795 316 919 351 ἀνομίαν.

136 360 166 385 ἐν
183 358 223 394 τῷ
238 359 388 393 γεύσασθαι
403 359 519 386 θανάτου
533 361 683 387 κατέκλασε
700 361 730 387 τὸ
749 361 859 398 κέντρον
876 363 922 389 τοῦ

136 405 271 431 θανάτου·
298 405 327 430 ὲν
342 404 381 439 τῷ
403 405 543 432 κατελθεῖν
569 407 608 437 είς
622 407 667 432 τὸν
693 407 759 441 ᾅδην
778 407 923 433 ἑσκύλευσε

136 451 184 477 τὸν
211 451 297 486 ᾅδην,
324 450 402 477 ἔλυσε
429 452 491 482 τοὺς
517 451 719 486 πεπεδημένους
748 452 778 477 ὲν
803 451 922 487 ἀνδρείᾳ,

136 496 218 522 ἔλαϐε
243 496 273 522 τὸ
296 496 426 533 τρόπαιον
442 496 490 522 τοῦ
506 496 622 531 σταυροῦ
637 496 708 522 κατὰ
721 496 768 522 τοῦ
790 496 923 523 διαϐόλου.

138 541 194 567 Καὶ
209 542 259 576 ὅρα
271 541 329 572 πῶς
343 542 360 576 ὴ
387 541 450 574 δόξα
473 541 541 576 αῦτη
568 541 620 567 ἀπὸ
639 542 778 573 Μωῡσέως
794 542 856 577 ἄχρι
878 541 925 568 τοῦ

137 586 242 621 Κυρίου
253 594 260 600 ·
276 586 351 620 πόσῳ
364 595 396 620 γε
411 586 509 620 μᾶλλον
528 587 544 620 ἡ
567 586 680 621 διαθήκη
698 586 748 620 τῆς
764 586 836 621 ζωῆς
851 586 926 613 ἔσται

138 631 168 656 ὲν
185 629 264 666 δόξῃ,
284 630 357 656 λίθου
375 630 624 665 ἀποκεκυλισμένου
635 650 643 662 ,
666 630 777 665 πετρῶν
791 631 926 666 ῥηγνυμέ-

137 684 203 708 νων,
223 676 370 711 μνημάτων
387 675 574 710 ἀνοιχθέντων,
589 675 712 710 ἀγγέλων
728 676 926 711 ὲξαστραπτόν-

137 729 203 752 ¹των,
221 720 357 753 γυναικῶν
372 719 631 754 εὐαγγελιζομένων,
646 720 757 754 εἰρήνης
775 719 926 754 διδομένης,

137 766 299 799 Πνεύματος
322 766 386 800 παρ’
408 765 490 792 αὐτοῦ
515 766 570 796 τοῖς
597 765 756 796 ἀποστόλοις
779 765 926 800 διδομένου,

137 809 262 845 οὐρανῶν
293 810 429 845 βασιλείας
457 810 709 845 καταγγελλομένης
725 830 732 841 .
762 811 928 845 Εὐαγγελίου

138 855 307 889 φωτίσαντος
330 855 379 890 τὴν
401 855 584 890 οίκουμένην;
619 856 649 881 '0
671 855 801 888 καταϐὰς
825 856 926 889 αὐτος,

138 899 190 926 καὶ
208 901 225 926 d
242 900 355 933 ἀναϐὰς
378 900 478 927 ἐπάνω
492 900 612 927 πάντων
629 901 688 927 τῶν
708 901 860 934 οὐρανῶν,
878 902 926 928 καὶ
945 892 965 918 Β

139 944 334 980 καθεζόμενος
352 946 387 972 ἐν
407 945 492 979 δεξιᾷ
504 946 557 973 τοῦ
572 946 696 980 Πατρός.
712 947 768 973 Οὐκ
789 944 823 981 ἦν
844 946 926 973 θανα-

139 991 249 1022 τοποιὺς
260 992 277 1026 ἡ
291 991 407 1026 διαθήκη
419 1010 426 1022 ,
442 991 510 1018 ἀλλὰ
523 991 594 1018 κατὰ
617 992 663 1018 τοῦ
677 991 790 1018 θανάτου
803 992 820 1026 ἡ
833 991 926 1025 διαθή-

139 1045 187 1071 κη.
207 1037 252 1062 Ἐν
263 1037 326 1072 δόξῃ
340 1037 394 1071 δὲή
410 1035 457 1063 τοῦ
477 1036 591 1063 θανάτου
604 1056 611 1068 ,
630 1037 674 1063 ἵνα
689 1038 705 1071 ἡ
720 1036 926 1071 ὑπερϐάλλουσα

139 1080 204 1112 δόξα
216 1081 286 1108 κατὰ
299 1080 346 1107 τοῦ
360 1081 474 1108 θανάτου
487 1081 607 1116 γένηται.

974 277 1056 297 causa
1079 270 1289 304 complerentur.
1323 271 1408 302 Quam
1438 270 1474 297 ob
1508 277 1618 297 causam
1648 270 1761 296 moritur

973 316 1070 349 primo,
1088 319 1118 342 ut
1131 315 1225 342 mortis
1241 319 1429 343 testamentum
1445 315 1658 342 commendaret.
1678 315 1762 350 595,

975 359 1077 387 Deinde
1093 367 1107 386 a
1123 360 1240 387 mortuis
1264 360 1401 387 excitatus
1414 364 1454 387 est
1469 381 1476 392 ,
1491 364 1520 386 ιιι
1543 368 1557 386 a
1576 360 1661 395 gloria
1677 365 1762 388 trans-

975 405 1026 432 iret
1053 404 1086 432 ad
1101 404 1224 439 gloriam,
1241 409 1365 439 tanquam
1389 414 1404 431 α
1419 405 1528 432 Domini
1543 407 1638 439 spiritu
1655 407 1676 431 ².
1695 405 1762 432 Nam

975 447 1003 474 in
1017 455 1098 474 cruce
1118 448 1286 482 principatus
1311 457 1343 475 ac
1369 453 1517 484 potestates
1534 450 1606 476 velut
1623 451 1648 476 in
1667 451 1762 476 triutu~

976 494 1030 528 pho
1042 493 1162 521 traduxit
1179 494 1203 520 ³.
1217 494 1246 521 In
1263 499 1351 522 morte
1373 503 1438 522 vero
1455 501 1594 530 peccatum
1613 496 1763 527 damnavit,

977 540 1007 567 in
1033 540 1171 574 sepultura
1200 541 1370 575 iniquitatem
1387 542 1514 576 sepeliit,
1541 543 1567 569 in
1597 543 1765 578 degustanda

976 589 1065 612 morte
1086 585 1226 612 stimulum
1252 585 1347 613 mortis
1367 585 1475 620 infmgit
1503 586 1525 617 ⁵,
1544 587 1570 612 in
1597 595 1648 613 suo
1670 587 1716 613 illo
1731 586 1764 612 ad

979 629 1085 656 inferos
1113 629 1245 657 descensu
1270 630 1357 664 spolia
1377 630 1493 658 detraxit
1521 631 1631 663 inferis,
1658 633 1764 659 vinctos

979 674 1136 701 fortitudine
1161 682 1211 702 sua
1240 674 1382 707 liberavit,
1409 676 1539 703 adversus
1557 676 1693 703 diabolum
1710 682 1764 703 tro-

978 727 1066 754 paeum
1102 719 1193 746 crucis
1207 719 1320 754 accepit.
1337 719 1405 747 Vide
1429 724 1459 747 ut
1483 728 1498 746 a
1519 720 1610 756 Moyse
1637 721 1670 748 ad
1686 721 1765 748 Chri-

978 770 1049 792 stum
1067 765 1153 800 gloria
1173 765 1324 800 perstiterit
1336 785 1343 798 ,
1360 770 1462 800 quanto
1476 774 1540 801 ergo
1563 767 1691 801 majorem
1708 768 1762 802 glo-

978 810 1047 837 riam
1075 810 1137 837 vita:
1164 814 1356 838 testamentum
1383 811 1535 843 obtinebit,
1562 820 1623 839 cum
1645 816 1671 839 et
1699 813 1765 847 lapis

980 854 1137 888 revolvitur,
1157 860 1184 882 et
1203 863 1269 882 saxa
1290 855 1468 890 franguntur.
1493 861 1520 883 et
1545 858 1711 884 monimenta
1725 866 1765 885 re—

980 904 1127 933 serantur,
1157 904 1185 928 et
1211 901 1299 936 angeli
1322 901 1438 936 fulguris
1467 902 1554 929 instar
1572 903 1711 934 emicant,
1740 907 1766 930 et

981 947 1112 976 mulieres
1137 947 1312 982 Evangelium
1331 947 1498 982 praedicant,
1526 955 1577 983 pax
1599 949 1766 979 conceditur.

981 991 1101 1028 Spiritus
1115 993 1247 1028 apostolis
1260 994 1293 1020 ab
1309 994 1355 1021 illo
1371 994 1509 1025 tribuitur,
1529 1002 1640 1028 regnum
1658 994 1767 1021 cmleste

979 1037 1176 1070 denuntiatur.
1203 1039 1278 1067 orbis
1298 1044 1431 1066 tcrrartnn
1461 1038 1606 1074 Evangelio
1623 1040 1765 1066 collustra-

978 1083 1044 1110 ιιιιῖ
1059 1083 1198 1111 Postremo
1211 1105 1218 1116 ,
1235 1084 1288 1116 Qui
1301 1084 1445 1116 descendit,
1463 1085 1516 1118 ipse
1527 1089 1566 1111 est
1587 1085 1632 1119 qui
1650 1084 1765 1111 ascendit

142 1136 221 1162 super
235 1137 324 1155 omnes
355 1130 451 1161 caelos,
466 1133 491 1155 et
509 1128 579 1156 sedet
601 1129 634 1155 ad
660 1129 794 1155 dexteram
810 1128 900 1155 Patris
916 1130 938 1156 ⁵.
965 1129 1024 1158 Non
1042 1131 1093 1158 fuit
1117 1131 1288 1158 mortiferqu
1316 1135 1506 1158 testamentum
1519 1151 1527 1162 .
1563 1131 1609 1158 sed
1634 1131 1766 1158 adversus

141 1176 256 1199 mortem
282 1173 469 1200 constitutum.
490 1173 557 1201 Illud
575 1181 656 1208 porro
678 1173 750 1208 quod
784 1174 880 1201 mortis
897 1173 1020 1207 dicitur,
1048 1175 1162 1210 gloriam
1191 1175 1305 1209 habuit,
1337 1175 1423 1210 major
1449 1180 1478 1202 ut
1496 1176 1626 1203 adversus
1653 1179 1766 1203 mortem

141 1221 229 1254 gloria
242 1225 453 1254 compararetur.

179 1267 237 1294 ΟΝ,
253 1265 317 1294 Εἶτα
331 1268 410 1295 πάλιν
427 1268 501 1302 λέγει
514 1269 528 1294 ὁ
542 1268 622 1300 αὐτὸς
635 1267 730 1304 Μάνης
743 1276 750 1283 ·
768 1268 804 1295 Οὐ
819 1268 930 1295 δύναται

143 1312 203 1344 ἑνὸς
217 1312 386 1339 διδασκαλίου
411 1311 480 1339 εἶναι
503 1313 609 1340 Παλαιὰ
627 1313 674 1339 καὶ
690 1313 778 1348 Καινὴ
795 1313 928 1349 Διαθήκη.

148 1359 182 1384 Ἦ
198 1358 246 1393 μὲν
267 1359 322 1394 γὰρ
353 1359 513 1386 παλαιοῦται
537 1359 643 1394 ἡμέραν
664 1358 693 1391 ἐξ
711 1358 832 1394 ἡμέρας’
853 1359 870 1393 ἡ
900 1359 928 1385 δὲ

134 1404 363 1434 ἀνακαινίζεται
384 1404 498 1438 ἡμέραν
515 1405 579 1430 καθ’
594 1403 708 1438 ἡμέραν
720 1411 728 1418 ·
745 1403 806 1430 πᾶν
821 1402 877 1438 γὰρ
894 1403 928 1429 τὸ

145 1449 368 1482 παλαιούμενον
386 1449 435 1475 καὶ
461 1448 616 1483 γηράσκον
638 1448 727 1483 ἐγγὺς
757 1448 928 1482 ἀφανισμοῦ

144 1493 267 1528 γίνεται.
291 1494 368 1520 ’Λλλὰ
384 1494 472 1529 ἐκείνη
493 1494 572 1520 ἄλλου
588 1493 655 1520 Θεοῦ
684 1494 731 1520 καὶ
753 1493 830 1520 ἄλλου
858 1493 931 1519 διδα-

146 1539 263 1566 σκάλου·
285 1540 332 1566 καὶ
350 1539 418 1575 αὕτη
438 1539 532 1575 ἑτέρου
547 1539 613 1565 Θεοῦ
629 1539 674 1565 καὶ
696 1539 789 1574 ἑτέρου
801 1539 929 1566 διδασκάο

1020 1267 1135 1295 LXXlV.
1154 1267 1209 1296 Sed
1227 1268 1322 1303 objicit
1346 1267 1529 1296 Manichreus:
1548 1267 1606 1295 Non
1621 1274 1701 1303 posse
1715 1266 1766 1295 Ve-

985 1317 1029 1341 tus
1055 1321 1085 1340 ac
1105 1313 1209 1341 Novum
1226 1313 1429 1341 Testamentum
1454 1314 1487 1341 ab
1509 1313 1605 1340 eodem
1629 1320 1692 1340 esse
1709 1321 1766 1340 ma-

982 1358 1068 1392 gistro
1090 1357 1252 1393 profectum,
1275 1358 1411 1393 siquidem
1438 1357 1522 1386 Vetus
1541 1358 1574 1386 de
1589 1358 1633 1384 die
1655 1358 1682 1385 in
1697 1357 1766 1385 diem

981 1402 1160 1434 inveteratur;
1190 1404 1305 1431 alterum
1335 1411 1393 1431 vero
1431 1404 1458 1430 in
1490 1403 1545 1430 dies
1579 1403 1720 1429 innovatur
1746 1403 1767 1430 ⁸.

984 1449 1117 1484 Quidquid
1131 1449 1200 1476 enim
1214 1450 1382 1480 inueteratur,
1395 1457 1426 1475 ac
1438 1449 1560 1479 senescit,
1575 1449 1694 1475 interimi
1706 1456 1766 1482 pro-

983 1494 1084 1520 ximum
1101 1499 1140 1521 est
1151 1494 1174 1521 ⁷.
1191 1493 1281 1526 Quare
1297 1497 1421 1529 superest
1432 1513 1440 1526 ,
1459 1497 1490 1520 ut
1516 1494 1581 1521 illud
1596 1494 1707 1521 alterius
1723 1493 1767 1521 Dei

984 1546 1016 1566 ac
1030 1539 1153 1574 magistri
1167 1559 1175 1570 ,
1194 1539 1245 1566 hoc
1261 1539 1374 1566 alterius
1402 1546 1462 1566 esse
1481 1539 1598 1566 dicatur.
1621 1539 1719 1566 Verum
1747 1540 1769 1566 si

146 1585 204 1612 λου.
220 1585 274 1611 Καὶ
290 1586 314 1611 εἰ
331 1586 379 1620 μὲν
399 1583 455 1620 εἶχε
478 1585 562 1617 δεῖξαι
578 1585 624 1611 δύο
641 1584 775 1619 Διαθήκας
799 1584 928 1616 Παλαιὰς,

984 1583 1080 1611 Vetera
1093 1585 1148 1611 duo
1162 1583 1335 1612 Testamenta
1349 1584 1535 1612 demonstrare
1555 1588 1656 1619 posset.
1673 1584 1767 1619 proba-

145 1630 260 1665 ἠδύνατο
275 1631 339 1666 παρ’
354 1630 427 1665 αὐτῷ
443 1631 554 1657 πιθανὸν
578 1628 648 1656 εἶναι
667 1630 698 1656 τὸ
714 1630 858 1664 λεγόμενον
871 1649 878 1661 ,
893 1629 931 1660 ὡς

145 1675 194 1702 δύο
211 1676 295 1702 ὄντων
310 1676 363 1702 τῶν
377 1676 437 1702 τότε
451 1676 616 1711 διαθεμένων
627 1684 634 1691 ⁶
655 1675 784 1706 ὡσαύτως
801 1675 830 1702 δὲ
843 1675 869 1701 ει
885 1674 932 1701 δύο

147 1720 251 1751 Καινὰς
272 1720 407 1755 Διαθῆκας
420 1719 475 1756 εἶχε
488 1720 582 1753 δεῖξαι,
595 1718 628 1756 ἦν
641 1720 681 1751 είς
694 1719 743 1755 τὴν
757 1720 874 1746 διάνοιαν
884 1719 932 1746 λα-

148 1766 207 1792 ϐεῖν
223 1765 253 1792 τὺ
267 1766 478 1801 προειρημένον·
494 1766 518 1791 ει
537 1765 564 1792 δὲ
580 1766 596 1801 ἡ
614 1765 663 1800 μὲν
678 1763 784 1791 Παλαιὰ
795 1763 868 1795 ὲνδς,
886 1764 934 1790 καὶ

147 1813 165 1846 ἡ
184 1812 271 1847 Καινὴ
295 1811 342 1838 τοῦ
367 1811 447 1839 ἄλλου
459 1831 467 1843 ,
487 1811 534 1838 τοῦ
560 1811 588 1837 δὲ
605 1810 688 1838 καλοῦ
705 1810 772 1837 Θεοῦ
793 1809 840 1846 [εἰ]
861 1809 934 1836 ἐστιν

149 1858 167 1891 ἡ
186 1856 272 1891 Καινὴ
285 1856 404 1892 Διαθήκη
416 1876 424 1888 ,
439 1856 558 1892 πονηροῦ
575 1857 603 1882 δὲ
618 1857 635 1892 ὴ
648 1856 754 1882 Παλαιὰ
764 1876 772 1888 ,
788 1856 842 1891 ἄρα
855 1856 879 1881 εί
897 1855 934 1890 μὴ

150 1901 220 1928 εἶδεν
246 1903 260 1928 ό
283 1902 383 1935 ἀγαθὸς
405 1902 472 1933 Θεὸς
493 1902 539 1928 τὸν
555 1902 672 1937 πονηρὸν
694 1901 868 1936 διαθέμενον,
885 1900 935 1927 οὐκ

150 1947 209 1982 ᾔδει
221 1967 228 1978 ,
241 1947 280 1972 δτι
296 1947 348 1981 χρὴ
363 1946 501 1973 διαθέσθαι
514 1946 657 1982 διαθήκην.
677 1946 731 1972 Καὶ
745 1945 821 1972 ἔσται
837 1945 935 1980 μᾶλλον

152 1991 307 2027 παράὗτοῦ
320 1992 464 2026 λαμϐάνων
478 1992 528 2027 τὴν
543 1991 680 2027 πρόφασιν
693 1992 741 2025 τῆς
751 1990 933 2022 διδασκαλίας,

152 2037 200 2063 καί
214 2036 325 2072 ἄπειρος
341 2035 377 2062 ὣν
392 2037 420 2062 ὲν
432 2037 488 2068 τοῖς
500 2036 667 2072 πράγμασιν.
687 2036 718 2062 Εἰ
734 2035 788 2070 γὰρ
803 2035 840 2070 μὴ
853 2034 936 2070 ἑώρα-

152 2090 211 2114 κεν,
222 2082 272 2108 οὐκ
284 2082 319 2108 ἂν
328 2082 491 2116 ἐμιμήσατο.
506 2081 561 2107 Καὶ
574 2080 627 2107 ἔδει
640 2081 738 2115 μᾶλλον
750 2081 799 2116 τὴν
814 2079 936 2108 Παλαιὰν

153 2127 290 2163 Διαθήκην
307 2125 376 2154 εἶναι
389 2126 435 2153 τοῦ
452 2126 566 2160 ἀγαθοῦ,
579 2127 622 2153 ῐνα
633 2126 683 2153 κᾶν
694 2127 708 2152 ὁ
725 2126 841 2162 πονηρὸς
855 2134 937 2161 μιμη-

152 2173 198 2204 λδς
211 2173 314 2209 ἀκούσῃ
328 2174 399 2208 ἢπερ
414 2173 428 2198 ὁ
450 2172 488 2199 ὢν
505 2172 630 2208 ἀληθινὸς
647 2172 713 2203 Θεός
726 2180 732 2186 ·
752 2171 826 2205 λέγει
850 2171 903 2206 γὰρ
922 2171 937 2197 ὁ

153 2219 256 2255 Κύριος
272 2220 300 2246 ὲν
319 2219 358 2254 τῷ
377 2219 551 2254 Εὐαγγελίῳ·
577 2219 607 2245 ⁸0
629 2218 683 2245 ἐὰν
699 2217 801 2251 ,βλέπῃ
826 2219 842 2244 ό
871 2218 937 2250 Υιὸς

154 2264 253 2301 [πρὸς]
274 2265 329 2291 τὸν
348 2264 463 2299 Πατέρα
487 2264 648 2296 ποιοῦντα,
673 2264 748 2290 οὕτω
773 2263 822 2289 καὶ
847 2263 938 2295 αὐτὸς
953 2257 976 2285 D

154 2310 264 2344 ὁμοίως
277 2309 357 2337 ποιεῖ
373 2318 380 2324 ·
398 2310 444 2336 καὶ
458 2310 502 2336 ἴνα
516 2309 552 2344 μὴ
570 2309 629 2344 ἥξει
643 2310 651 2325 ί
665 2307 703 2344 τῷ
716 2307 936 2343 συμϐουλεύοντι,

155 2356 196 2386 εἰς
210 2355 240 2381 τὸ
256 2355 293 2390 μὴ
305 2354 458 2390 καυχᾶσθαι
468 2355 513 2381 τὸν
527 2354 658 2387 διάϐολον,
673 2354 720 2380 καὶ
731 2353 820 2388 λέγειν
833 2353 877 2380 διὰ
888 2353 938 2387 τῆς

158 2399 324 2435 συμϐουλίας
349 2398 431 2426 αὑτοῦ
454 2407 480 2425 τι
497 2399 543 2425 τὸν
559 2398 672 2433 Σωτῆρα
691 2397 885 2432 πεποιηκέναι·
902 2396 940 2427 ὦς

156 2454 224 2482 φησι
241 2445 309 2480 πρὸς
325 2445 420 2472 αὐτόν·
443 2444 516 2471 Eine
527 2444 577 2470 ἵνα
591 2445 618 2470 οἱ
641 2444 718 2470 λίθοι
735 2443 816 2477 ἄρτοι
832 2443 940 2477 γένων-

155 2500 214 2518 ται.
232 2491 262 2518 '0
276 2491 305 2516 δὲ
319 2491 369 2517 οὐκ
389 2490 534 2525 ἀνέχεται,
551 2490 595 2516 ἵνα
610 2490 647 2524 μὴ
666 2489 759 2524 μαθὼν
775 2487 941 2522 ὑποληφθείη

157 2535 234 2570 παρὰ
254 2535 301 2562 τοῦ
315 2535 438 2562 διαϐόλου
462 2534 607 2569 λαμϐάνων
623 2534 672 2569 τὴν
695 2533 870 2569 συμϐουλίαν.
888 2532 942 2558 Καὶ

157 2583 223 2618 ὁρᾷς
235 2602 242 2614 ,
259 2582 300 2608 ὅτι
320 2582 368 2613 τὰς
383 2581 430 2608 δύο
447 2581 583 2616 Διαθήκας
599 2581 657 2612 ἐνὸς
679 2580 752 2614 λέγει
771 2579 857 2611 θεοῦ;
877 2579 942 2613 Φησὶ

157 2629 214 2663 γὰρ
225 2629 239 2654 ὁ
253 2626 410 2658 ’Λπόστολος
421 2635 428 2641 '
449 2626 479 2653 Ἠ
491 2625 588 2659 πρώτη
601 2625 729 2659 Διαθήκη
747 2625 781 2652 ἐκ
790 2625 844 2652 τοῦ
855 2623 943 2658 ὅρους

158 2674 231 2702 Σινᾶ
249 2673 352 2706 ἐδόθη,
369 2674 412 2705 εὶς
422 2671 563 2699 δουλείαν
581 2670 727 2706 γεννῶσα.
749 2670 782 2697 Τὸ
802 2670 856 2705 γὰρ
875 2670 943 2702 ὄρος

159 2719 234 2747 Σινᾶ
244 2719 330 2746 ἐστιν
339 2720 374 2745 ἐν
387 2718 424 2752 τῇ
436 2718 559 2752 Ἀραϐίᾳ.
573 2718 603 2744 Et
617 2717 670 2752 γὰρ
681 2717 727 2743 δύο
741 2717 793 2743 εἰσὶ
804 2717 940 2750 γυναῖκες,

158 2765 228 2793 ἀλλὰ
250 2761 290 2796 είς
307 2763 428 2798 δ’ἀνὴρ·
447 2762 518 2789 οὕτω
541 2763 565 2788 εί
581 2763 629 2788 καὶ
650 2761 696 2788 δύο
721 2761 774 2787 alat
797 2760 938 2796 Διαθῆκαι,

983 1629 1036 1656 bile
1050 1630 1173 1656 nonnihil
1189 1630 1272 1657 videri
1297 1633 1403 1664 posset,
1418 1629 1490 1664 quod
1518 1630 1552 1656 de
1565 1629 1665 1664 duplici
1688 1632 1764 1656 testa-

984 1677 1042 1701 tore
1060 1674 1189 1709 disputat.
1204 1674 1243 1702 Ita
1258 1675 1340 1702 etiam
1370 1675 1394 1702 si
1418 1673 1492 1702 Nova
1519 1674 1573 1700 duo
1597 1674 1769 1701 Testamenta

984 1719 1064 1746 nobis
1090 1719 1267 1753 ostenderet,
1283 1723 1423 1755 utcunque
1448 1719 1520 1754 quod
1536 1723 1628 1746 narrat
1656 1719 1770 1753 intelligi

985 1769 1088 1800 posset.
1115 1765 1168 1793 Sed
1193 1773 1254 1793 cum
1279 1765 1363 1793 Vetus
1392 1765 1500 1800 quidem
1516 1765 1649 1797 alterius,
1667 1764 1770 1791 Novum

984 1811 1187 1839 Testamentum
1206 1811 1318 1838 alterius
1331 1812 1377 1843 sit,
1391 1811 1444 1838 hoc
1457 1810 1480 1838 si
1494 1811 1565 1837 bono
1579 1810 1634 1837 Deo
1650 1809 1771 1836 tribuere

985 1857 1100 1884 velimus
1113 1877 1121 1888 .
1139 1857 1205 1884 illud
1233 1864 1298 1884 vero
1320 1856 1392 1884 malo
1405 1876 1413 1889 ,
1430 1863 1603 1890 consequens
1630 1854 1697 1881 illud
1717 1857 1770 1886 est,

984 1902 1086 1929 bonum
1105 1902 1200 1935 Deum,
1217 1903 1270 1930 nisi
1284 1902 1423 1930 conditum
1446 1909 1461 1928 a
1477 1902 1559 1928 malo-
1578 1903 1771 1928 testamentum

986 1948 1131 1980 scivisset,
1158 1954 1174 1974 a
1204 1955 1234 1975 se
1259 1955 1368 1983 quoque
1390 1947 1563 1975 condendum
1584 1946 1771 1981 ignoraturum

988 1991 1082 2020 fuisse.
1109 1992 1199 2025 Quare
1228 1994 1360 2020 doctrina:
1379 2000 1434 2020 sua:
1460 1991 1630 2027 divulgandaa
1648 1990 1773 2019 occasio-

987 2046 1048 2065 nem
1065 2039 1098 2066 ab
1113 2039 1160 2065 illo
1174 2043 1269 2066 nactus
1280 2058 1287 2070 ,
1306 2046 1339 2066 ac
1354 2046 1443 2066 rerum
1457 2037 1640 2073 gerendarum
1663 2036 1772 2071 imperi-

987 2087 1031 2110 tus
1040 2091 1100 2111 esse
1113 2084 1260 2112 videbitur.
1272 2084 1331 2112 Nisi
1341 2084 1413 2112 enim
1429 2083 1487 2111 fieri
1500 2083 1534 2109 ab
1546 2083 1633 2110 altero
1648 2081 1773 2113 vidisset,

986 2136 1126 2163 nunquam
1141 2134 1211 2157 esset
1232 2130 1362 2157 imitatus.
1386 2129 1425 2156 Ac
1444 2129 1516 2156 bono
1533 2128 1587 2155 Deo
1609 2127 1769 2154 Testamen-

987 2179 1044 2201 tum
1058 2173 1141 2202 Vetus
1156 2174 1245 2209 attingi
1260 2175 1346 2210 magis
1365 2173 1524 2208 oportebat,
1542 2179 1572 2200 ut
1591 2173 1679 2200 malus
1704 2173 1774 2199 alter

991 2219 1080 2254 potius
1093 2221 1234 2247 aemulator
1247 2220 1438 2254 appellaretur.
1454 2226 1535 2253 quam
1553 2225 1634 2244 verus
1665 2224 1773 2252 germa-

991 2271 1097 2298 nusque
1117 2265 1197 2292 Deus.
1222 2264 1351 2291 Dominus
1375 2264 1447 2290 enim
1467 2265 1493 2290 in
1517 2262 1662 2297 Evangelia
1684 2262 1773 2288 dicit:

989 2309 1071 2344 695
1098 2309 1231 2344 Quidquid
1261 2309 1354 2336 viderit
1379 2308 1466 2335 Filius
1493 2307 1601 2334 Patrem
1623 2307 1774 2341 facientem,

991 2355 1059 2382 idem
1077 2360 1101 2382 et
1119 2356 1173 2389 ipse
1185 2355 1306 2382 similiter
1317 2354 1382 2388 facit
1397 2354 1419 2380 ⁸.
1437 2353 1508 2380 Tum
1532 2353 1645 2387 insuper
1660 2360 1693 2380 ne
1709 2360 1775 2379 con-

992 2401 1092 2427 sulenti
1121 2400 1159 2426 illi
1187 2399 1303 2427 cessisse
1328 2399 1487 2429 videretur.
1511 2406 1580 2425 neve
1606 2397 1717 2433 gloriari
1743 2405 1775 2425 ac

990 2445 1096 2480 jactare
1115 2444 1239 2471 diabolus
1255 2449 1355 2477 posset,
1378 2450 1429 2471 suo
1440 2443 1541 2478 aliquid
1557 2443 1673 2470 consilio
1689 2450 1703 2469 a
1715 2442 1775 2469 Sal-

996 2492 1089 2515 vatore
1105 2492 1222 2522 gestum.
1242 2493 1304 2514 cum
1317 2487 1353 2514 ita
1369 2487 1496 2514 suaderet
1516 2486 1566 2521 ipsi
1581 2496 1587 2514 ε
1601 2486 1651 2513 Dic
1665 2491 1693 2513 ut
1709 2486 1776 2520 tapi-

995 2532 1040 2559 des
1056 2539 1135 2566 panes
1148 2532 1214 2566 ﬁant
1233 2531 1254 2562 ',
1270 2531 1422 2565 repudiavit
1439 2530 1547 2565 penitus
1559 2549 1567 2562 ,
1592 2537 1627 2556 ne
1647 2529 1776 2556 didicisse

995 2577 1095 2612 aliquid
1112 2584 1126 2603 a
1139 2576 1248 2603 diabolo
1259 2595 1267 2608 ,
1283 2575 1396 2610 ejusque
1410 2575 1524 2602 consilio
1546 2582 1612 2602 usus
1623 2582 1683 2601 esse
1700 2573 1774 2600 vide-

995 2627 1080 2651 retur.
1098 2623 1173 2656 Quod
1190 2626 1279 2650 autem
1295 2622 1466 2649 Testamenta
1481 2621 1535 2648 duo
1552 2620 1598 2647 Dei
1617 2626 1677 2646 esse
1695 2619 1775 2645 unius

997 2669 1120 2701 aﬂirmet,
1135 2676 1168 2695 ex
1182 2676 1214 2696 eo
1231 2673 1306 2703 potes
1318 2667 1543 2694 animadvertere.
1563 2666 1608 2692 Sic
1620 2665 1692 2691 enim
1708 2664 1777 2697 Apo-

996 2715 1097 2742 stolus:
1126 2714 1206 2741 Prius
1224 2713 1420 2741 Testamentum
1444 2720 1476 2739 ea:
1491 2715 1577 2738 mante.
1593 2710 1659 2737 Sina
1685 2709 1778 2735 datum

996 2765 1034 2787 est
1049 2780 1056 2792 ,
1074 2759 1142 2794 quod
1161 2760 1195 2786 ad
1220 2759 1368 2786 servitutem
1393 2761 1509 2793 generat.
1535 2755 1599 2782 Sina
1616 2755 1684 2781 enim
1704 2763 1778 2782 nians

197 2818 207 2857 ’γ
227 2822 290 2857 l.t-g.
308 2820 393 2857 εῐξῃζ
416 2821 425 2836 ²
444 2819 539 2857 ll_Cor.
553 2826 594 2851 ιιι,
688 2818 814 2857 ξςοῐοξε.
831 2824 861 2849 ll,
874 2817 917 2857 i_5.

984 2816 1064 2847 lCor.
1083 2826 1128 2852 xv,
1145 2818 1189 2846 59.
1228 2818 1239 2834 '
1257 2817 1356 2852 Ephes.
1388 2823 1424 2848 IV,
1451 2815 1477 2841 9.
1516 2814 1526 2829 θ
1545 2813 1566 2841 ll
1582 2814 1646 2841 Cor.
1668 2821 1705 2846 tv,
1734 2811 1779 2841 16.

159 2857 171 2873 ’
189 2849 404 2888 Ηυὺι-ῨνιιιξἼὸ.
442 2855 453 2870 ⁸
469 2853 547 2881 Joan.
560 2849 591 2887 ν,
608 2854 650 2882 19.
689 2853 698 2869 ⁸
718 2853 811 2880 Matth.
828 2860 864 2884 tv,
883 2852 908 2878 3.
