1939 3036
192 179 243 207 H7
291 211 293 213 γ

876 187 905 215 S.
926 188 1096 218 ΕΡΙΡΙΙᾹΝΠ

1772 195 1783 219 1
1790 192 1824 218 48

190 247 229 269 εει
245 242 272 268 in
285 241 416 270 Arabio‘.
430 237 496 271 Nam
513 246 619 273 tametsi
635 245 695 274 dua:
711 247 766 275 sint
782 257 890 281 uxores.
909 259 976 279 unus

1031 253 1099 280 ἀλλὰ
1116 251 1157 285 εἷς
1174 254 1189 279 ὁ
1205 253 1285 287 Θεὸς,
1307 254 1322 279 ὁ
1342 253 1392 284 τὰς
1409 252 1455 279 δύο
1470 252 1592 288 θέμενος.
1616 252 1671 278 Καὶ
1684 251 1729 278 διὰ
1743 251 1826 278 τοῦτο

191 291 282 314 tamen
299 289 341 315 vir
356 293 408 316 est.
427 288 464 316 lta
478 290 539 316 licet
557 291 611 318 duo
623 291 796 321 Testamenta
817 297 886 328 sint,
905 304 978 325 unus

191 333 326 359 duntaxat
349 334 491 362 amborum
510 336 638 364 conditor
659 343 701 366 est
716 339 798 368 Deus.
815 340 856 368 0b
873 341 900 369 id
923 350 976 369 non

192 384 237 405 aut
249 379 303 404 duo
318 378 402 411 Nova,
417 384 463 406 aut
476 380 530 407 duo
540 381 636 410 Vetera
649 385 815 420 nominavit;
830 386 877 414 sed
894 395 978 415 unum

194 423 287 456 Vetus,
301 425 416 452 alterum
429 425 550 454 Novum.
574 428 662 463 Atque
682 430 747 457 illud
763 436 910 465 pneterea:
927 432 978 459 Te-

192 475 349 496 stamentum
363 479 422 497 vero
436 472 463 498 in
479 474 592 500 mortuis
607 475 714 508 ﬁrmum
733 481 781 503 est.
800 477 887 510 Quare
899 486 979 513 neque

191 513 304 546 primunt
316 515 374 541 sine
383 517 511 550 sanguine
527 518 626 552 factum
640 524 688 546 est.
702 521 806 555 Accepit
822 523 890 548 enim
902 522 930 548 Μ
933 532 979 558 ay-

191 566 230 584 ses
245 560 401 593 sanguine»:
418 562 568 596 hircorum,
583 573 662 599 eoque
675 566 771 592 librum
803 572 827 594 et
854 569 979 602 populant

191 605 301 638 mpersit
317 614 326 632 :
344 606 459 641 ideoque
485 612 512 636 et
531 611 683 638 secundum)
698 611 903 640 Testamentum
925 614 979 642 Do-

191 649 256 676 mini
271 656 357 679 morte
371 654 505 680 sancitum
519 661 561 683 est
572 658 592 688 ‘,
622 665 683 684 cum
696 659 775 686 ambo
787 667 892 686 summa
910 662 979 687 inter

189 702 219 720 se
236 697 420 724 consensione
440 701 607 735 conspirant.
630 702 666 729 Ut
689 703 760 730 enim
782 703 878 732 Vetere
891 705 979 739 prodi-

189 744 246 766 tum
256 745 297 768 est
308 750 314 768 :
327 741 388 769 Non
401 743 500 777 deﬁciet
509 747 628 780 princeps
638 755 652 774 ε
659 747 742 779 Juda,
753 757 833 783 neque
839 749 894 776 dua:
901 750 932 776 de
940 751 979 785 [e-

189 784 306 811 nzoribus
331 786 399 821 ejus,
413 788 493 815 donec
517 791 603 816 veniat
621 792 663 817 cui
682 793 824 826 repositum
843 799 881 821 est
896 795 923 826 ’ς
941 784 979 822 ita

190 828 314 858 Novum:
331 832 401 860 Deus
415 839 472 860 erat
488 835 514 862 in
530 835 638 863 Christo
654 838 781 865 mundum
795 840 847 866 sibi
865 842 980 867 reconci-

191 875 270 907 lians,
286 885 331 904 nec
348 879 480 913 imputem
500 881 555 908 illis
579 888 686 916 peccata
702 884 722 910 ⁸.
740 884 820 912 Plura
836 885 870 913 de
892 894 924 913 ea
949 894 979 913 re

190 921 244 947 dici
262 927 384 956 possent,
400 932 460 959 qua:
474 926 614 955 brevitatis
627 935 710 956 causa
729 935 870 964 praetereo.

227 965 332 994 LXXV.
349 969 482 997 (laterum
496 971 661 1001 Manichmus
677 981 738 1001 cum
752 975 837 1003 aridis
851 980 879 1003 et
890 975 978 1004 elTetis

192 1013 336 1041 arboribus
353 1014 437 1050 legem
460 1024 491 1043 ac
511 1018 659 1052 prophetas
678 1026 838 1055 comparat,
855 1021 907 1048 hac
933 1029 980 1056 po-

191 1058 328 1086 tissimum
346 1062 480 1089 sententia
498 1063 584 1091 fretus
599 1074 606 1091 :
637 1065 691 1093 ιη
704 1071 729 1093 ει
747 1067 879 1102 prop/tene
898 1076 979 1102 usque

191 1105 226 1130 ad
242 1105 373 1134 Joannem
390 1108 420 1141 ';
438 1117 494 1144 quo
516 1110 584 1137 nihil
615 1110 704 1138 all‘erri
730 1116 820 1146 potest
848 1113 976 1148 ineptius.

191 1149 258 1182 Quis
278 1152 349 1179 enim
364 1154 471 1188 ignorat
484 1155 530 1182 ubi
547 1156 572 1183 id
593 1156 663 1191 quod
680 1164 694 1183 a
710 1158 850 1192 prophetis
864 1158 976 1186 nuntia-

190 1195 270 1223 batur
287 1197 427 1233 impletum
454 1205 515 1234 est,
544 1201 659 1229 desiisse
687 1203 856 1237 prophetas?
875 1203 926 1236 Qui
953 1205 975 1232 si

191 1242 321 1277 deinceps
337 1245 515 1278 prodeuntem
528 1254 561 1274 ex
574 1247 659 1275 Maria
672 1249 811 1276 Christum
824 1250 976 1284 prsediean-

191 1291 232 1313 tes
258 1288 415 1321 venissent,
433 1291 554 1318 nondum
574 1291 717 1321 advenisse
735 1294 809 1320 illum
824 1298 974 1329 oporteret.

193 1331 332 1366 Ejusmodi
352 1334 424 1360 enim
449 1335 504 1362 fere
520 1336 584 1363 illud
601 1342 643 1364 est
661 1347 666 1364 :
681 1338 914 1371 Quemadmodum
929 1348 977 1368 rex

191 1379 218 1405 iu
237 1379 356 1414 aliquam
386 1381 552 1415 provinciam
577 1384 665 1411 iturus
687 1388 833 1413 metatores
854 1389 916 1413 ante
947 1393 977 1413 se

192 1431 224 1450 ac
249 1426 360 1453 nuntios
377 1427 535 1461 pnemittit;
565 1436 597 1456 ac
622 1437 676 1464 quo
695 1431 876 1465 propinquior
903 1431 976 1459 illius

191 1470 322 1500 adventus
337 1478 388 1504 est.
402 1481 435 1500 eo
448 1475 539 1509 plures
552 1475 611 1509 ejus
627 1484 767 1510 prmcones
779 1497 785 1509 ,
805 1485 836 1504 ac
850 1485 978 1512 prtecur—

191 1524 269 1544 sores
283 1519 458 1547 antecedunt.
473 1519 619 1555 Postquam
637 1527 726 1549 autem
743 1523 869 1557 princeps
882 1524 976 1550 urbem

191 1561 332 1593 ingressus
358 1563 458 1597 fuerit,
476 1566 541 1600 quid
560 1567 676 1601 amplius
704 1569 875 1603 praeconibus
895 1569 978 1604 696

994 939 1014 966 Β

1027 300 1057 326 οὐ
1083 299 1130 326 δύο
1146 299 1264 334 κέκληκε
1290 299 1394 331 Καινὰς
1407 319 1414 329 ,
1434 299 1496 325 οὐδὲ
1514 298 1560 324 δύο
1586 297 1725 329 Παλαιὰς,
1755 297 1824 323 ἀλλὰ

1029 345 1094 379 μίαν
1108 344 1240 375 Παλαιὰν,
1255 344 1302 371 καὶ
1317 344 1379 380 μίαν
1393 345 1506 379 Καινήν.
1524 343 1578 370 Καί
1593 351 1675 378 φησι·
1690 343 1823 375 Διαθήκη

1027 390 1062 416 δὲ
1086 390 1136 416 ἐπὶ
1164 391 1282 424 νεκροῖς
1302 391 1410 422 βεϐαία
1435 390 1511 417 ἐστι’.
1530 389 1578 416 Διὸ
1603 389 1653 416 καὶ
1680 389 1696 422 ἡ
1719 388 1824 422 πρώτη

1028 435 1101 463 ἄνευ
1120 436 1246 471 αἵματος
1260 437 1317 463 οὐκ
1337 436 1467 470 ἐγένετο.
1488 436 1594 462 Ἕλαϐε
1613 436 1669 470 γὰρ
1687 433 1825 467 Μωῢσῆς

1029 483 1062 508 τὸ
1079 479 1151 516 clpa
1172 481 1232 508 τῶν
1251 482 1384 516 τράγων,
1408 482 1458 508 καὶ
1480 481 1658 516 oppda-uerear
1684 479 1761 506 αὐτὸ
1789 479 1824 506 τὸ

1026 527 1149 559 ,ϐιϐλίον
1165 528 1213 554 καὶ
1236 528 1289 554 τὸν
1306 521 1399 554 λαόν.
1422 527 1471 553 Διὰ
1489 528 1568 553 τοῦτο
1589 527 1637 552 καὶ
1665 527 1682 561 ἡ
1705 524 1825 559 δευτέρα

1029 573 1076 598 ἐπὶ
1097 573 1136 608 τῷ
1153 573 1259 608 Θανάτῳ
1273 573 1321 599 τοῦ
1339 573 1463 607 Σωτῆρος
1488 572 1565 607 ἐδόθη
1582 571 1720 607 Διαθήκη·
1736 570 1824 597 ὁπότε

1031 619 1150 654 μάλιστα
1169 619 1197 645 αί
1215 619 1368 654 ἀμφότεραι
1386 618 1514 653 ἀλλήλαις
1531 617 1706 652 συνᾴδουσιν,
1731 616 1749 650 ὴ
1771 615 1825 650 μὲν

1029 664 1165 698 λέγουσα·
1187 665 1249 691 Οὺκ
1271 664 1404 697 ἐκλείψει
1430 663 1531 698 ἄρχων
1553 663 1587 695 ἐξ
1613 662 1726 693 Ἰούδα,
1749 660 1825 688 οὐδὲ

1029 711 1197 745 ἡγούμενος
1209 710 1243 736 ἐκ
1258 709 1318 736 τῶν
1332 709 1435 744 μηρῶν
1449 709 1554 741 αὐτοῦ,
1569 709 1625 741 ἕως
1639 708 1677 735 ἂν
1693 708 1768 741 ἔλθῃ
1780 707 1799 733 ὃ
1812 707 1824 723 ⁸

1030 756 1193 782 ἀπόκειται.
1218 756 1250 782 Ἦ
1265 755 1293 781 δὲ
1306 755 1429 790 δευτέρα.
1445 755 1485 782 ὃτι
1503 754 1575 787 Θεὸς
1587 752 1627 789 ἦν
1642 754 1677 780 ἐν
1690 751 1822 787 Χριστῷ,

1030 802 1148 836 κόσμον
1175 800 1398 827 καταλλάσσων
1422 800 1517 832 ἑαυτῷ
1530 820 1537 831 ,
1558 799 1600 834 μὴ
1630 798 1825 833 λογιζόμενος

1031 846 1149 879 ἑαυτοῖς
1171 846 1209 873 τὰ
1231 846 1460 880 παραπτώματα.
1491 845 1545 872 Καὶ
1566 844 1652 872 πολλὰ
1676 844 1734 870 ἐστι
1755 843 1824 878 περὶ

1030 893 1125 920 τούτου
1146 892 1252 927 λέγειν·
1269 891 1313 918 διὰ
1329 891 1357 917 δὲ
1378 891 1427 926 τὴν
1454 890 1600 925 συντομίαν
1617 889 1822 925 ὑπερϐήσομαι.

1064 980 1123 1007 OE'.
1148 979 1274 1014 Δένδρεσι
1298 978 1327 1004 δὲ
1351 977 1553 1013 ὲξηραμμένοις
1571 977 1619 1003 καὶ
1637 975 1824 1012 γεγηρακόσιν

1028 1024 1171 1056 ἀπεικάζει
1185 1024 1266 1051 πάλιν
1279 1024 1360 1059 νόμον
1376 1024 1423 1051 καὶ
1437 1024 1580 1059 προφήτας
1590 1043 1598 1055 ,
1613 1022 1692 1057 δῆθεν
1703 1021 1758 1048 ἀπὸ
1771 1020 1822 1047 τοῦ

1029 1070 1112 1106 ῥητοῦ
1132 1067 1164 1096 οὗ
1179 1070 1288 1106 εἴρηκεν
1300 1078 1307 1085 ·
1330 1069 1361 1095 '0
1375 1069 1468 1103 νόμος
1490 1068 1540 1095 καί
1560 1070 1587 1095 οἱ
1601 1067 1751 1102 προφῆται
1763 1066 1824 1099 ἕως

1035 1117 1186 1143 Ἰωάννου.
1203 1116 1258 1143 Καὶ
1277 1115 1353 1143 οὐδὲν
1368 1115 1463 1142 τούτου
1475 1114 1663 1150 ὴλιθιώτερον.
1686 1113 1746 1139 Τίνι
1763 1112 1823 1148 γὰρ

1028 1163 1058 1189 οὐ
1076 1162 1160 1196 σαφὲς
1181 1162 1300 1197 ὑπάρχει
1312 1181 1320 1192 ,
1339 1161 1399 1192 ὃτι,
1420 1159 1610 1196 πληρωθέντος
1628 1158 1675 1185 τοῦ
1697 1158 1749 1185 ὑπὸ
1764 1158 1822 1184 τῶν

1028 1206 1176 1243 προφητῶν
1191 1205 1445 1240 καταγγελλομένου
1457 1225 1465 1238 ,
1480 1203 1658 1238 ὲτελέσθησαν
1671 1203 1695 1229 οι
1710 1202 1821 1237 προφῆ-

1027 1262 1090 1286 ται;
1112 1253 1145 1279 Et
1158 1252 1213 1288 γὰρ
1238 1252 1278 1278 ἔτι
1301 1251 1440 1286 προφῆται
1455 1251 1571 1286 ἤρχοντο
1587 1248 1822 1283 καταγγέλλοντες

1028 1298 1145 1334 Χριστὸν
1158 1297 1304 1333 ἐρχόμενον
1319 1296 1375 1323 ἀπὸ
1389 1296 1499 1331 Μαρίας
1511 1316 1518 1328 ,
1535 1295 1611 1321 οὔπω
1622 1293 1738 1330 Χριστὸς
1772 1293 1822 1319 ἐπ-

1027 1345 1172 1380 εδήμησεν.
1188 1344 1279 1370 Ἔοικε
1306 1342 1360 1379 γὰρ
1390 1341 1519 1373 ὑπόθεσις
1541 1339 1610 1376 αὕτη
1630 1338 1742 1374 τοιούτῳ
1765 1338 1821 1365 τινὶ

1028 1390 1170 1426 πράγματι
1182 1397 1190 1404 ο
1213 1389 1257 1421 Ὣς
1276 1388 1413 1424 βασιλεὺς,
1431 1386 1535 1423 μέλλων
1549 1385 1697 1420 ἀποδημεῖν
1711 1385 1750 1415 είς
1764 1383 1820 1419 χώ-

1029 1446 1096 1472 ραν,
1118 1436 1278 1471 προπέμπει
1292 1435 1406 1462 ἐνώπιον
1438 1433 1521 1460 αὐτοῦ
1540 1433 1582 1467 ἐφ’
1600 1433 1698 1463 ἵππους
1723 1431 1734 1446 ⁸
1752 1438 1820 1465 προ-

1027 1483 1200 1518 ετοιμαστὰς,
1210 1482 1483 1517 προκαταγγέλτορας
1494 1488 1500 1495 ·
1517 1479 1564 1506 καὶ
1578 1480 1640 1505 ὅσον
1651 1479 1668 1513 ἡ
1680 1476 1820 1512 παρουσία

1028 1527 1123 1562 φθάνει
1140 1527 1188 1554 τοῦ
1204 1527 1347 1562 βασιλέως,
1362 1527 1483 1560 τοσούτῳ
1496 1525 1605 1556 πλείους
1619 1524 1644 1550 οι
1654 1524 1704 1558 τῆς
1718 1530 1819 1558 παρου-

1029 1574 1090 1605 σίας
1101 1574 1220 1609 κήρυκες
1236 1572 1485 1607 προλαμϐάνοντες,
1500 1571 1548 1597 καὶ
1559 1571 1587 1597 ὲν
1601 1571 1660 1601 ταῖς
1676 1568 1770 1595 πόλεσι
1784 1567 1819 1594 τὰ

191 1614 262 1642 opus
278 1613 339 1641 est,
364 1614 411 1636 aut
425 1611 573 1640 veredariis
585 1634 593 1646 ,
613 1614 773 1648 ueterisque
790 1615 976 1648 regis'adven-

1029 1618 1077 1654 τῆς
1091 1618 1241 1654 παρουσίας
1254 1617 1467 1651 διαγγέλλοντες.
1491 1615 1576 1642 Ἑπὰν
1589 1615 1618 1641 δὲ
1634 1614 1724 1649 φθάσῃ
1739 1613 1818 1648 ἀβα-

191 1659 236 1680 tus
257 1656 427 1689 praenuntiis,
453 1665 514 1684 cum
532 1658 587 1692 jam
605 1659 663 1694 ipse
676 1660 747 1687 intra
766 1661 865 1687 mmnia
889 1668 979 1687 verse-

192 1699 254 1725 tur?
279 1699 379 1727 Eodem
416 1702 496 1729 modo
519 1703 561 1729 lea:
591 1708 615 1730 et
634 1705 766 1739 propheta;
792 1705 826 1731 ad
849 1704 979 1732 Joannem

189 1752 271 1779 usque
296 1747 485 1780 perstiterunt.
516 1747 663 1784 Postquam
692 1753 783 1777 autem
801 1749 921 1778 Joannes
951 1751 977 1777 in

190 1789 299 1817 deserto
314 1791 486 1825 prazdicavit,
508 1798 535 1820 et
555 1802 653 1828 agnum
678 1795 752 1821 illum
765 1802 827 1823 esse
844 1794 890 1822 Dei
906 1802 980 1822 mon-

190 1836 305 1868 stravit,
333 1837 379 1871 qui
405 1838 475 1864 tollit
498 1844 605 1872 peccatu
628 1840 719 1866 mundi
731 1841 753 1872 ',
778 1841 846 1867 nihil
861 1841 979 1876 amplius

191 1881 338 1915 prophetas
355 1882 425 1909 mitti
442 1891 554 1911 necesse
572 1889 614 1912 est
627 1905 634 1916 ,
649 1886 696 1919 qui
714 1886 792 1913 nobis
818 1885 918 1913 Christi
945 1894 977 1913 ex

191 1925 304 1961 Virgine
327 1932 417 1954 ortum
432 1929 633 1965 adventumque
647 1931 817 1958 denuntient.
835 1930 905 1958 Olim
921 1931 979 1966 qui-

191 1973 253 2000 dem
270 1973 416 2000 necessarii
433 1974 470 2001 illi
487 1973 607 2009 fuerunt,
631 1977 677 2010 qui
691 1977 815 2004 eumdem
838 1977 913 2004 illum
934 1977 979 2004 ad-

191 2018 284 2045 venire
295 2018 461 2051 nuntiarent,
479 2025 508 2047 ut
522 2020 654 2049 adventus
679 2021 740 2056 ejus
755 2022 807 2049 hoc
827 2021 886 2057 ipso
912 2022 978 2050 ﬁdes

191 2067 379 2096 astrueretur,
398 2065 470 2099 quod
497 2069 560 2093 ante
583 2066 751 2101 signiﬁcatus
776 2067 875 2094 fuerat.
894 2067 979 2095 Porro

191 2109 419 2144 quemadmodum
441 2111 464 2139 si
485 2111 547 2146 quis
573 2113 748 2148 paedagogum
763 2113 871 2145 habeat,
894 2114 979 2148 (recte

190 2155 264 2183 enim
281 2155 334 2183 hac
348 2156 528 2185 similitudine
547 2158 668 2191 utimur,
692 2166 754 2186 cum
768 2159 917 2194 Apostolus
935 2159 978 2186 di-

191 2206 252 2229 cat:
271 2201 436 2238 Pavdagogua
458 2208 548 2230 noster
570 2203 622 2238 fuit
650 2204 692 2231 lex
711 2204 738 2231 in
755 2204 862 2231 Domini
882 2204 979 2232 advert-

191 2253 246 2274 tum
262 2247 295 2282 ⁷,)
326 2253 470 2284 postquam
484 2248 630 2276 adoleverit
644 2269 650 2281 ,
669 2253 696 2276 et
714 2254 906 2284 praeceptorem
933 2250 979 2277 ha-

193 2292 300 2324 buerit,
325 2300 381 2320 non
407 2293 520 2320 omnino
540 2294 715 2329 paedagogum
741 2295 815 2322 velut
835 2295 976 2322 inimicum

191 2337 312 2371 respuit:
339 2337 376 2365 ita
398 2344 425 2366 et
441 2347 492 2366 nos
520 2347 568 2374 per
599 2340 685 2375 legem
723 2347 755 2367 ac
779 2341 925 2375 prophetas
944 2341 977 2368 ad

192 2383 366 2417 praeceptoris
382 2383 526 2411 adventura
547 2392 633 2420 usque
647 2386 804 2420 perducti,
832 2387 877 2413 ubi
905 2386 977 2413 hunc

193 2429 266 2457 nacti
277 2437 372 2457 sumus
385 2449 391 2461 ,
410 2431 585 2465 ρωόοεοκυιη
599 2440 661 2458 cum
677 2432 826 2467 ignominia
842 2440 896 2467 non
912 2433 977 2467 reji-

192 2475 291 2506 cimus,
306 2476 353 2502 sed
370 2476 394 2502 ei
412 2476 526 2510 gratiam
541 2478 631 2511 potius
645 2478 786 2510 habemus,
800 2478 872 2514 quod
889 2478 978 2506 infan-

193 2521 258 2548 tiam
275 2524 397 2547 nostram
421 2529 469 2556 per
488 2522 558 2549 viam
582 2522 720 2550 deducens
743 2523 777 2550 ad
801 2523 977 2558 perfectiores

192 2574 243 2594 nos
257 2566 415 2602 disciplinas
442 2569 617 2603 promoverit.
645 2568 712 2596 Item
737 2569 811 2596 velut
828 2569 851 2596 si
870 2570 932 2604 quis
950 2570 977 2597 in

193 2613 247 2639 alto
273 2613 340 2640 mari
367 2613 564 2649 navigaturus,
586 2617 742 2650 comparata
773 2614 876 2648 majore
903 2616 977 2648 navi,

192 2658 290 2692 exiguo
302 2657 390 2684 lembo
404 2658 525 2685 vicinum
544 2658 628 2685 littori
655 2658 761 2690 salum,
782 2658 809 2684 in
825 2666 880 2693 quo
893 2659 980 2694 major

193 2703 237 2729 illa
248 2704 325 2731 navis
339 2703 469 2736 ﬂuctuat,
496 2704 654 2738 trajecerit,
681 2707 708 2730 ct
731 2703 764 2730 ad
783 2711 844 2731 eam
865 2705 980 2733 minoris

194 2750 274 2784 hujus
291 2751 423 2778 beneﬁcio
443 2751 614 2785 pervenerit,
634 2750 677 2777 ubi
699 2750 829 2784 majorem
849 2751 967 2778 attinerit

229 2841 237 2855 ¹
258 2841 318 2867 Gal.
331 2849 368 2872 ιν,
387 2842 432 2868 24.
470 2842 481 2857 ¹
501 2841 581 2868 llehr.
599 2849 637 2871 lx.
656 2842 689 2868 17
709 2843 749 2869 l9.

193 2873 238 2901 29.
275 2875 286 2891 "
300 2874 359 2903 Gal.
373 2876 464 2907 "1,24.
502 2876 513 2892 '
532 2876 595 2903 Cor.
681 2879 692 2893 ’
706 2877 927 2913 Leg.é<p£1:1:oo;.

916 2953 925 2968 \

994 2287 1016 2315 D

1031 1664 1121 1695 σιλεὺς
1141 1664 1272 1690 είσελθεῖν
1285 1664 1326 1695 εἰς
1347 1663 1397 1697 τὴν
1411 1663 1487 1689 πόλιν
1500 1681 1507 1694 ,
1520 1662 1559 1693 τίς
1582 1661 1621 1687 ἔτι
1636 1660 1714 1696 χρεία
1730 1659 1818 1695 κηρύ-

1030 1718 1103 1742 κων;
1120 1709 1168 1741 Τίς
1196 1709 1237 1735 ἔτι
1260 1708 1339 1744 χρεία
1361 1707 1403 1743 ἐφ’
1421 1709 1531 1738 ἵππων.
1552 1706 1568 1742 ἢ
1590 1705 1643 1733 τῶν
1659 1705 1747 1733 ἄλλων
1763 1704 1818 1731 τῶν

1029 1754 1321 1790 προκαταγγελλόντων
1347 1753 1397 1788 τὴν
1424 1752 1471 1779 τοῦ
1499 1751 1629 1787 βασιλέως
1653 1749 1817 1785 παρουσίαν,

1029 1801 1109 1827 ὁπότε
1129 1800 1209 1831 αὐτὸς
1229 1801 1243 1827 ὁ
1259 1799 1384 1834 βασιλεὺς
1402 1799 1475 1826 ἔνδον
1490 1798 1625 1833 ὐπάρχει;
1645 1795 1723 1822 Οὕτω
1736 1796 1784 1822 καὶ
1802 1795 1818 1822 ό

1028 1847 1120 1880 νόμος
1135 1845 1185 1872 καὶ
1193 1846 1219 1872 ol
1234 1844 1382 1879 προφῆται
1392 1843 1479 1879 ἄχρις
1500 1842 1648 1870 Ἰωάννου.
1663 1839 1817 1876 [Ἰωάννου]

1028 1891 1057 1917 δὲ
1067 1890 1234 1926 κηρύξαντος
1245 1891 1336 1926 φωνὴν
1349 1890 1378 1917 ὲν
1390 1891 1423 1925 τῇ
1435 1889 1530 1924 ἐρήμῳ
1543 1908 1550 1920 ,
1561 1889 1607 1915 καὶ
1615 1887 1752 1919 δείξαντος
1762 1907 1769 1917 ,
1777 1887 1818 1913 ὅτι

1029 1933 1105 1967 οὗτός
1124 1937 1198 1962 ὲστιν
1213 1937 1227 1962 ό
1244 1936 1328 1971 ἀμνὸς
1343 1936 1390 1962 τοῦ
1407 1935 1491 1968 Θεοῦ,
1515 1936 1532 1962 ὀ
1547 1934 1640 1967 αἴρων
1654 1932 1711 1966 τὴν
1724 1932 1818 1966 ἀμαρ-

1028 1981 1097 2007 τίαν
1118 1980 1171 2007 τοῦ
1193 1980 1329 2015 κόσμου,
1347 1980 1438 2006 οὐκέτι
1466 1978 1613 2014 προφητῶν
1639 1978 1697 2003 ἐστι
1727 1976 1816 2012 χρεία,

1029 2026 1103 2057 ὅπως
1123 2025 1236 2057 ἔλθωσι,
1253 2026 1299 2052 καὶ
1317 2025 1471 2061 κηρύξωσιν
1485 2026 1552 2060 ἡμῖν
1567 2024 1616 2060 τὴν
1629 2023 1675 2050 τοῦ
1697 2022 1817 2058 Χριστοῦ

1029 2071 1083 2098 ἀπὸ
1100 2071 1238 2107 Παρθένου
1254 2071 1414 2107 παρουσίαν.
1432 2071 1519 2107 Χρεία
1534 2069 1564 2097 δὲ
1585 2069 1638 2096 τῶν
1660 2076 1818 2103 προκαταγ-

1029 2117 1176 2152 γειλάντων
1194 2117 1276 2144 αὑτοῦ
1296 2117 1344 2152 τὴν
1358 2117 1508 2152 παρουσίαν
1526 2116 1591 2151 πρὸς
1608 2114 1753 2150 βεὸαίωσιν
1769 2113 1818 2149 τῆς

1028 2163 1111 2190 αὑτοῦ
1138 2163 1288 2198 παρουσίας
1303 2182 1310 2194 ,
1327 2163 1368 2190 ὅτι
1391 2161 1624 2197 προκατήγγελτο.
1656 2160 1699 2192 Ὧς
1716 2159 1771 2195 γὰρ
1793 2158 1820 2186 ετ

1028 2217 1070 2240 τις
1085 2208 1258 2243 παιδαγωγὸν
1274 2208 1329 2244 ἔχοι
1344 2207 1480 2243 (καθάπερ
1499 2208 1546 2234 καὶ
1562 2208 1577 2234 ὁ
1599 2206 1760 2238 Ἀπόστολος
1776 2205 1818 2232 λέ-

1029 2262 1088 2288 γει,
1113 2254 1154 2280 ὃτι
1169 2253 1359 2289 Παιδαγωγός
1380 2253 1464 2287 ἡμῶν
1487 2252 1610 2288 γέγονεν
1624 2253 1640 2278 ὁ
1665 2252 1760 2285 νόμος
1774 2251 1818 2283 εις

1030 2299 1087 2333 τὴν
1110 2299 1164 2326 τοῦ
1196 2299 1307 2333 Κυρίου
1334 2298 1541 2334 παρουσίαν),
1573 2298 1641 2325 ἐπὰν
1668 2298 1697 2324 δὲ
1727 2297 1818 2333 φθάσῃ

1030 2343 1138 2378 ἡλικίας
1152 2343 1277 2378 γενέσθαι
1286 2364 1293 2375 ,
1306 2344 1354 2370 καὶ
1369 2343 1515 2370 καταλάϐοι
1531 2343 1577 2370 τὸν
1596 2343 1756 2370 διδάσκαλον
1768 2363 1775 2374 ,
1787 2343 1816 2369 οὐ

1031 2390 1140 2421 πάντως
1173 2389 1354 2415 ἀποῦάλλεται
1384 2389 1429 2416 τὸν
1453 2389 1624 2423 παιδαγωγὸν
1652 2389 1689 2420 ὡς
1721 2388 1817 2423 ἐχθρὸν

1031 2434 1188 2470 ὑπάρχοντα
1199 2443 1205 2449 ·
1225 2434 1297 2461 οὓτω
1316 2434 1363 2461 καὶ
1381 2435 1462 2470 ἡμεῖς
1477 2434 1711 2470 καθωδηγήθημεν
1732 2435 1762 2460 ἐν
1776 2433 1817 2460 νό-

1033 2488 1076 2515 μῳ
1090 2480 1136 2505 καὶ
1159 2480 1188 2506 ἐν
1205 2479 1355 2514 προφήταις
1373 2478 1426 2510 ἕως
1439 2479 1489 2514 τῆς
1508 2478 1659 2514 παρουσίας
1676 2478 1722 2504 τοῦ
1747 2477 1817 2504 διδα-

1032 2525 1144 2552 σκάλου.
1158 2525 1290 2560 Εὑρόντες
1305 2525 1333 2551 δὲ
1347 2525 1392 2552 τὸν
1406 2524 1564 2552 διδάσκαλον
1581 2524 1632 2551 οὐκ
1649 2524 1817 2559 άτιμάζομεν

1030 2572 1076 2598 τὸν
1091 2571 1273 2605 παιδαγωγὸν,
1293 2570 1361 2598 ἀλλὰ
1376 2571 1423 2597 καὶ
1439 2571 1518 2606 χάριν
1534 2570 1608 2606 αὺτῷ
1622 2569 1815 2605 ὁμολογοῦμεν,

1031 2617 1072 2643 ὅτι
1086 2616 1135 2651 τὴν
1148 2616 1226 2651 ἡμῶν
1238 2617 1388 2652 νηπιότητα
1403 2617 1591 2652 καθοδηγήσας
1607 2617 1647 2647 εἰς
1664 2615 1699 2643 τὰ
1713 2615 1816 2642 ἐντελὲ-

1033 2670 1116 2696 στερα
1130 2662 1203 2696 ἡμᾶς
1221 2661 1369 2697 μαθήματα
1385 2661 1589 2697 προεπέμψατο.
1613 2661 1649 2688 ’Ἡ
1664 2661 1756 2693 καθὼς
1771 2660 1816 2686 ὲάν

1031 2716 1092 2739 τις,
1120 2707 1223 2742 μέλλων
1246 2707 1322 2734 πλεῖν
1342 2708 1372 2734 ὲν
1390 2708 1528 2743 θαλάσσῃ,
1552 2707 1608 2742 ἔχοι
1633 2707 1755 2742 μεγάλην
1772 2706 1816 2740 τὴν

1033 2751 1111 2780 ναῦν,
1123 2753 1151 2778 ὲν
1171 2752 1275 2788 ἀκατίῳ
1288 2752 1316 2778 δὲ
1331 2753 1421 2788 μικρῷ
1435 2753 1544 2779 ἐπέλθοι
1558 2752 1588 2779 τὸ
1604 2752 1684 2784 σάλος
1696 2752 1728 2778 τὸ
1744 2750 1816 2786 παρὰ

798 2841 808 2857 ³
825 2842 893 2868 Gen.
913 2849 973 2869 χιιι

1029 2843 1046 2870 ).
1086 2842 1096 2858 ⁸
1121 2842 1142 2869 ll
1161 2843 1224 2870 Cor.
1245 2851 1271 2876 ν,
1297 2844 1338 2871 l9.
1377 2845 1387 2859 ⁸
1410 2843 1476 2871 Luc.
1506 2851 1560 2877 ιιι,
1584 2842 1626 2870 16.
1665 2841 1769 2870 διοαιι.
1795 2849 1814 2875 ι,
