1939 3036
125 157 177 185 H9

454 155 638 183 ADVERSUS
656 154 828 182 IleRESES
846 152 910 180 LIB.

985 152 1066 180 TOM.
1087 152 1119 179 11.
1132 169 1165 195 -έ
1186 152 1322 180 ΙΙΑΕΙΚΕΞ.
1342 153 1431 181 LXVI.

1698 152 1751 181 {50

127 215 174 248 τὴν
202 212 287 248 ὄχθην
305 212 354 248 τῆς
371 211 523 248 θαλάσσης,
546 213 592 240 καὶ
611 212 736 248 διενέγκῃ
752 211 783 238 τὸ
803 211 914 237 ἀκάτιον

967 218 1020 236 non
1038 210 1130 237 statim
1158 210 1276 237 lembum
1303 210 1330 237 in
1347 209 1511 245 profundum
1529 209 1673 244 deprimit,
1701 209 1750 237 sed

123 262 165 292 είς
181 259 233 295 τὴν
250 258 373 293 μεγάλην
394 258 461 286 ναῦν
481 258 527 284 τὸν
545 258 703 294 ἄνθρωπον,
725 257 755 283 οὐ
773 256 881 287 πάντως
901 256 915 281 ὁ

122 305 269 341 ἅνθρωπος
285 304 389 339 βυθίζει
403 304 433 331 τὸ
451 304 563 331 ἀκάτιον
575 324 582 335 ,
601 303 696 338 ἐπειδὴ
715 299 778 338 εὗρε
798 301 847 336 τὴν
868 309 915 336 με-

127 351 212 386 γάλην
227 350 310 383 ναῦν,
327 350 396 377 ἀλλὰ
416 350 485 385 μετὰ
498 349 545 376 τοῦ
564 349 643 385 χάριν
659 349 730 384 ἔχειν
744 347 784 383 τῷ
799 346 914 381 ἀκατίῳ,

123 396 332 432 καταλαμϐάνει
358 396 389 422 τὸ
413 396 570 432 μειζότερον
594 396 643 431 τῆς
671 394 754 422 αὑτοῦ
780 393 916 429 σωτηρίας

126 443 233 470 πλοῖον·
252 442 269 477 ἢ
289 443 336 469 καὶ
361 442 461 477 ἑτέρως
477 442 521 468 ίνα
543 442 681 477 εἴπωμεν,
697 442 734 472 ὡς
752 440 799 467 ἐάν
811 449 852 472 τις
867 439 915 466 ἐκ·

121 488 212 523 ὄληῡῇ
228 488 283 516 ὑπὸ
298 487 400 523 μητρὸς
410 488 595 523 γεννησάσης,
611 487 725 522 ληφθεὶς
740 486 768 512 δὲ
783 485 835 512 ὑπό
842 494 915 518 τινος

124 533 172 559 τοῦ
186 533 314 568 τυχόντος
323 554 331 566 ,
345 533 392 559 καὶ
404 533 573 568 ἀνατραφείη
583 533 681 569 χρόνῳ,
698 531 804 559 εἰσύστε
810 540 855 567 ρον
869 532 916 558 ἀν-

122 578 273 614 δρωθὲντος
286 578 368 605 αὐτοῦ
383 579 486 614 ἐπιγνῷ
501 579 546 605 τὸν
563 579 628 605 ἴδιον
644 578 727 605 αὑτοῦ
750 578 856 613 πατέρα
870 577 915 604 τὸν

127 625 201 651 κατὰ
226 625 307 659 φύσιν
320 645 327 656 ,
345 625 401 659 ἑχοι
415 625 443 651 δὲ
454 626 468 651 ό
486 624 605 656 τοιοῦτος
613 624 721 650 σύνεσιν
730 643 737 655 ,
754 624 790 659 μὴ
802 643 808 655 ,
821 622 915 657 ἐπειδὴ

123 670 233 704 ἐπέγνω
247 670 292 697 τὸν
310 670 405 697 ἑαυτοῦ
419 671 526 706 πατέρα
537 692 544 703 ,
571 671 617 697 καὶ
632 670 847 705 ἐπιλαμϐάνεται
865 669 916 702 τῆς

124 716 195 747 ἰδίας
207 716 387 752 κληρονομίας
399 737 406 749 ,
425 716 502 752 παρὰ
514 716 593 743 τοῦτο
605 715 732 751 ἀτιμάζει
747 715 792 742 τὸν
803 715 917 749 ἀναθρέ-

123 762 233 795 ψαντας
259 762 289 788 οὺ
314 762 403 797 πολλῷ
425 762 524 797 μᾶλλον
548 763 628 798 χάριν
651 763 714 797 ἔσχε
738 761 777 796 τῷ
800 761 916 796 ἀναθρέ-

123 807 206 841 ψαντι
219 828 226 840 ,
246 808 287 834 ὅτι
301 809 351 834 οὐκ
364 809 454 835 εἴασεν
469 807 550 834 αὑτὸν
567 809 606 839 είς
628 808 741 834 θάνατον
758 805 912 843 παραδοθῆ-

964 256 1000 282 ita
1015 255 1155 290 grandiori
1180 255 1288 290 navigio
1301 255 1418 282 salutem
1440 262 1517 281 suam
1538 253 1704 284 committit,
1721 257 1751 280 ut

964 301 1064 335 exiguo
1081 300 1119 327 illi
1138 300 1226 328 lembo
1239 301 1353 336 gratiam
1374 300 1527 328 habendam
1545 303 1630 335 pulet.
1646 299 1751 326 Addam

964 352 990 375 et
1006 347 1080 374 aliud
1106 347 1270 382 exemplum.
1297 347 1374 374 Sicut
1398 347 1541 382 expositus
1573 354 1589 373 a
1619 346 1752 381 genitrice

964 393 1116 426 quispiam,
1138 391 1160 419 si
1177 391 1211 418 ab
1226 391 1317 426 aliquo
1333 391 1401 418 forte
1416 392 1540 419 sublatus
1563 395 1591 418 et
1618 391 1751 418 educatus

965 438 1058 470 fuerit,
1079 441 1259 473 posteaquam
1279 437 1429 464 adoleverit
1454 445 1485 464 ac
1502 437 1653 464 naturalem
1670 444 1751 463 suum

964 487 1104 520 parentem
1121 483 1272 518 agnoverit,
1288 483 1321 515 is,
1341 483 1363 510 si
1379 482 1530 518 prudentize
1551 482 1752 516 aliquantulum

965 529 1074 561 habeat,
1092 537 1157 556 num
1170 528 1215 556 ubi
1235 532 1374 563 parentem
1391 528 1532 563 agnoverit
1556 531 1583 554 et
1613 527 1753 555 haeredita-

965 580 1018 603 tem
1038 582 1116 602 suam
1132 574 1249 606 adierit,
1275 574 1377 600 idcirco
1399 573 1541 600 nulritium
1561 573 1637 602 illum
1659 580 1753 607 asper-

965 620 1093 648 nabitur?
1121 623 1167 646 aut
1186 627 1240 646 non
1268 619 1292 646 ci
1323 619 1414 654 potius
1440 618 1662 653 gratiﬁeabitur,
1680 617 1752 653 quod

964 667 1025 702 ejus
1050 664 1182 693 benelicio
1201 665 1284 691 Ictum
1311 664 1450 692 evaserit?
1477 664 1594 692 Perinde
1618 664 1701 699 igitur
1726 667 1754 691 et

965 719 1015 739 nos
1047 711 1101 738 Dco
1124 710 1237 745 gratiam
1261 710 1393 737 habemus
1407 730 1414 743 ,
1432 710 1550 744 primum
1567 710 1640 744 quod
1667 710 1752 744 legem

965 758 1044 785 nobis
1059 764 1090 783 ac
1110 756 1256 791 prophetas
1271 755 1393 786 dederit,
1414 760 1471 782 tum
1485 756 1568 782 etiam
1586 755 1659 784 ouod
1678 755 1753 782 Novo

967 810 1017 830 nos
1030 801 1091 828 Filii
1107 803 1150 829 sui
1164 800 1340 828 Testamento
1353 801 1481 835 dignatus
1495 800 1541 827 sit.

123 863 187 885 ναι;
202 854 274 881 οὕτω
289 855 335 896 καὶ
355 855 435 890 ἡμεῖς
454 855 534 890 χάριν
553 855 650 890 ἔχομεν
663 854 775 890 Θεῷτῴ
803 853 931 880 δεδωκότι
950 851 1031 885 νόμον
1051 849 1098 875 καὶ
1117 849 1259 884 προφήτας
1272 867 1280 880 ,
1308 848 1355 874 καὶ
1376 847 1456 882 χάριν
1474 847 1572 883 ἔχομεν
1598 847 1672 883 αὐτῷ
1688 856 1753 875 κατ-

124 899 272 933 αξιώσαντι
285 901 360 935 ἡμᾶς
380 901 429 936 τῆς
453 900 500 927 τοῦ
517 900 583 926 Υἱοῦ
604 900 687 926 αὑτοῦ
706 899 812 934 Καινῆς
835 898 981 933 Διαθῆκης.

159 949 230 980 OG'.
243 948 312 983 Φησὶ
328 948 355 974 δὲ
367 949 382 974 ὁ
399 948 480 979 αὐτὸς
500 948 612 983 Μάνης,
633 945 702 974 εἶναι
716 948 790 983 ἡμᾶς
808 947 914 982 μορφὰς

1001 940 1118 969 LXXVI.
1134 940 1208 968 Idem
1227 939 1393 967 Manicbatus
1411 940 1567 975 principum
1590 948 1641 968 nos
1665 941 1756 976 imagi-

125 994 264 1030 Ξιρχόντων
274 1015 282 1027 ,
299 995 347 1021 καὶ
359 994 411 1021 ὑπὸ
423 994 477 1020 τῶν
493 995 631 1029 ἀρχόντων
643 994 786 1029 γεγονότας
798 1014 806 1026 ,
823 994 915 1025 αὐτοῖς

124 1041 152 1067 δὲ
168 1041 209 1071 είς
238 1041 410 1076 κατάὸρωμα
431 1041 695 1076 καταόεϐλημένους.
715 1041 801 1076 Πολλὴ
819 1040 847 1067 δὲ
868 1041 915 1067 ἀν-

121 1087 186 1113 οσία
209 1087 217 1102 ¹
237 1088 267 1113 ἐν
291 1088 347 1118 τοῖς
364 1087 495 1118 τοιούτοις
509 1087 608 1121 λόγοις.
636 1087 759 1122 Ὀρῶμεν
786 1087 840 1122 γὰρ
865 1086 915 1121 οὐχ

121 1133 211 1165 ιῦτως
233 1134 268 1160 τὰ
287 1134 438 1170 πράγματα
465 1134 658 1169 συμὸαίνοντα.
676 1134 735 1160 Πᾶν
751 1133 806 1168 γὰρ
825 1132 914 1159 ὁτιοῦν

123 1179 171 1205 ἐπὶ
185 1180 236 1214 τῆς
258 1180 330 1214 γῆς,
356 1181 407 1207 κᾶν
423 1189 453 1206 τε
479 1180 650 1215 φαυλοτέρων
674 1180 721 1206 καὶ
740 1179 914 1215 ἀγριωτέρων

123 1223 228 1259 θηρίων
243 1224 372 1259 ὑπάρχοι,
389 1225 420 1251 οὺ
435 1226 467 1260 τῇ
488 1225 542 1260 ἰδίᾳ
559 1226 648 1260 μορφῇ
663 1224 809 1260 ἐπέρχεται
821 1244 828 1257 ,
845 1224 916 1251 ἀλλὰ

125 1270 184 1300 ταῖς
206 1268 310 1301 ἄλλαις.
331 1270 391 1301 Ὧς,
417 1267 473 1296 οἷον
488 1271 574 1296 εἰπεῖν
586 1290 593 1302 ,
616 1270 722 1302 λέοντες
739 1270 849 1302 λέοντας
864 1271 915 1296 οὐκ

123 1314 246 1341 ἐσθίουσι
270 1315 315 1341 διὰ
337 1315 367 1341 τὸ
397 1316 462 1342 ἴδιον
486 1316 635 1350 ἐκτύπωμα
659 1316 706 1342 καὶ
730 1316 887 1350 ὁμόστοιχον
905 1323 912 1330 ·

122 1360 193 1386 ἀλλὰ
205 1380 213 1392 ,
233 1359 313 1395 λιμοῦ
335 1360 452 1395 μεγάλου
477 1360 616 1393 πιέζοντος
635 1361 663 1387 ἐν
681 1362 738 1392 τοῖς
748 1361 829 1396 ὄρεσι
852 1359 914 1391 τοὺς

123 1405 228 1440 θῆρας,
246 1406 294 1432 καὶ
315 1406 361 1432 ἐπὶ
378 1405 469 1441 πολλῷ
496 1406 584 1441 χρόνῳ
609 1406 698 1432 αὐτῶν
716 1406 753 1441 μὴ
776 1406 916 1442 εὑρισκόν-

122 1457 179 1475 των
196 1449 255 1483 ἦτοι
278 1448 323 1475 διὰ
343 1449 418 1484 χιόνα
431 1469 438 1480 ,
453 1449 469 1485 ἢ
484 1450 516 1476 δι’
529 1450 626 1485 ἑτέραν
642 1450 746 1477 ἔνδειαν
756 1471 763 1482 ,
781 1450 914 1486 ἀναστρέ-

123 1502 222 1527 φουσιν
238 1494 268 1520 ὲν
281 1495 338 1526 τοῖς
353 1495 465 1529 φωλεοῖς
484 1495 531 1522 καὶ
545 1497 681 1531 χηραμοίς
697 1495 786 1522 αὐτῶν
809 1495 915 1528 λέοντες

123 1539 185 1573 ἅμα
209 1539 340 1574 σκύμνοις
366 1541 534 1576 ὑπάρχοντες
548 1561 556 1573 ,
575 1542 621 1568 καὶ
645 1542 704 1577 ἅμα
721 1542 853 1574 λεαίναις·
870 1542 915 1569 καὶ

122 1585 175 1611 οὐκ
192 1585 337 1621 ἐπέρχεται
355 1586 408 1622 θὴρ
423 1587 526 1623 θηρίῳ,
543 1587 573 1613 οὐ
590 1587 671 1619 λύκος
687 1587 777 1623 λύκῳ,
791 1588 816 1614 εί
836 1588 873 1622 μή
888 1596 915 1613 τι

965 995 1015 1016 nes
1028 995 1090 1015 esse
1103 1007 1109 1019 ,
1125 991 1153 1014 et
1166 994 1181 1013 a
1197 986 1367 1021 principibus
1389 987 1538 1021 productos
1553 986 1679 1019 afﬁrmat,
1694 988 1756 1022 qui-

966 1034 1018 1060 bus
1046 1033 1079 1059 ad
1100 1032 1229 1067 pabulum
1248 1032 1335 1058 simus
1349 1032 1476 1066 expositi.
1503 1031 1580 1065 Quod
1599 1040 1665 1059 sane
1680 1033 1756 1060 dictu

964 1079 1046 1115 697
1068 1087 1148 1114 quam
1174 1079 1287 1113 impium
1305 1083 1356 1106 est.
1376 1078 1468 1114 Longe
1485 1079 1557 1106 enim
1578 1079 1656 1106 aliter
1667 1079 1756 1106 omni-

965 1125 1017 1152 bus
1042 1125 1070 1152 in
1086 1124 1169 1151 rebus
1193 1124 1318 1151 accidere
1332 1124 1481 1150 cernimus.
1508 1124 1542 1150 Et
1571 1132 1634 1152 vero
1659 1133 1693 1151 ex
1712 1125 1756 1152 his

965 1170 1094 1198 omnibus
1109 1178 1168 1205 quae
1185 1170 1212 1196 in
1228 1173 1300 1196 terra
1322 1173 1402 1201 sunt,
1420 1169 1484 1197 licet
1496 1170 1629 1204 pessimas
1644 1178 1676 1198 ac
1691 1179 1756 1198 cru-

965 1215 1121 1243 delissimas
1147 1222 1271 1249 quasque
1295 1214 1368 1241 feras
1391 1214 1571 1246 consideres,
1600 1215 1673 1241 nulla
1701 1220 1754 1248 est,

966 1269 1027 1296 quae
1044 1261 1072 1288 in
1090 1260 1133 1288 sui
1148 1260 1264 1287 similem
1281 1260 1390 1292 saeviat,
1406 1259 1452 1286 sed
1471 1259 1497 1286 in
1517 1260 1631 1287 alterius
1647 1261 1756 1295 generis

966 1306 1108 1334 duntaxat.
1129 1305 1250 1340 Exempli
1267 1313 1350 1332 causa
1371 1305 1477 1333 leonem
1494 1306 1536 1333 leo
1550 1327 1557 1339 ,
1575 1309 1687 1341 propter
1701 1307 1756 1334 Ior—

967 1360 1017 1379 mae
1043 1359 1075 1378 ac
1098 1355 1204 1378 natura“:
1228 1351 1435 1378 similitudinem
1450 1371 1457 1383 ,
1485 1359 1540 1378 non
1561 1352 1690 1384 devorat;
1708 1352 1756 1379 sed

967 1399 1030 1425 licet
1045 1398 1141 1433 ingens
1156 1397 1241 1424 fames
1257 1396 1284 1423 in
1300 1397 1440 1424 montibus
1466 1397 1538 1424 feras
1558 1397 1619 1424 illas
1639 1402 1733 1432 urgeat
1747 1417 1754 1428 ,

966 1442 1035 1470 adeo
1049 1449 1078 1470 ut
1091 1446 1202 1477 propter
1218 1442 1305 1473 nives,
1320 1447 1367 1469 aut
1381 1442 1499 1476 inopiam
1513 1443 1644 1477 aliquam,
1660 1443 1757 1477 praeda:

967 1488 1035 1516 nihil
1050 1489 1130 1523 longo
1147 1493 1269 1523 tempore
1294 1488 1449 1519 inveniant.
1468 1489 1495 1515 in
1511 1488 1605 1516 lustris
1620 1493 1711 1516 tamen
1725 1497 1757 1516 ac

968 1534 1088 1562 latibulis
1104 1534 1163 1562 suis
1179 1542 1242 1561 cum
1257 1534 1356 1562 catulis
1381 1541 1414 1561 ac
1427 1534 1519 1562 leaenis
1533 1539 1756 1567 commorantur;

967 1586 1020 1606 nec
1043 1580 1098 1606 ulla
1122 1579 1235 1606 omnino
1251 1579 1338 1607 bestia
1363 1580 1390 1607 in
1416 1581 1460 1608 sui
1487 1580 1603 1608 similem
1625 1581 1756 1613 incurrit,

124 1631 160 1657 ἂν
186 1632 226 1663 είς
242 1632 340 1666 μανίαν
355 1632 426 1659 ἔλθοι
445 1632 476 1659 τὸ
494 1633 563 1665 ζῶον
574 1653 582 1665 ,
603 1633 651 1660 καὶ
668 1633 806 1668 λυσσῆσαν
825 1633 914 1667 ἀγνοεῖ

969 1626 1043 1653 velut
1060 1626 1141 1661 lupus
1156 1626 1183 1653 in
1200 1626 1291 1661 lupum
1304 1646 1312 1658 ,
1340 1627 1393 1654 nisi
1418 1627 1490 1655 forte
1519 1627 1546 1654 in
1569 1628 1671 1655 rabiem
1691 1635 1757 1655 con—

124 1677 140 1702 ὃ
156 1677 282 1713 πράττει.
306 1678 337 1704 El
359 1678 448 1706 τοίνυν
461 1678 541 1707 λύκος
555 1679 637 1706 λύκον
649 1679 700 1705 οὐκ
711 1679 796 1706 ἐσθίει
807 1679 852 1705 διὰ
867 1679 916 1714 τὴν

122 1722 283 1758 ὀμόστοιχον
300 1724 419 1760 μορφὴν,
437 1725 496 1756 πῶς
511 1725 637 1752 δύνανται
659 1725 684 1751 oi
699 1725 830 1760 ἄρχοντες
843 1725 916 1760 ἡμᾶς

123 1768 246 1798 ἐσθίειν,
274 1770 299 1796 εί
323 1769 373 1805 τῆς
391 1770 478 1805 αὐτῆς
497 1771 672 1806 ὑπάρχομεν,
701 1770 748 1797 καὶ
767 1771 797 1797 οὐ
817 1770 917 1806 μᾶλλον

123 1814 310 1847 θωπεύουσιν,
337 1816 382 1842 ἵνα
403 1816 515 1848 δόξωσιν
538 1816 588 1848 τὰς
611 1817 677 1849 ἰδίας
696 1817 786 1844 αὐτῶν
810 1817 915 1852 μορφὰς

124 1861 349 1896 napi-mutabat;
386 1863 441 1889 Καὶ
480 1863 647 1898 πανταχόθεν
679 1863 835 1898 ἐλέγχονται
869 1864 915 1890 τοῦ

122 1906 245 1942 ἀγύρτου
264 1908 288 1933 οι.
302 1907 385 1942 λόγοι.

159 1984 222 2012 ΟΖ’.
240 1982 308 2012 Εἶτα
325 1985 407 2012 πάλιν
421 1986 475 2012 ἀπὸ
490 1986 536 2013 τοῦ
552 1986 718 2021 Εὐαγγελίου
732 1986 915 2022 ἐπιλαμὸάνε-

122 2040 179 2061 ται,
196 2031 237 2057 ὃτι
253 2031 290 2057 οὺ
308 2032 408 2063 πάντες
427 2032 546 2068 χωροῦσι
563 2032 612 2067 τὴν
625 2032 708 2059 αὑτοῦ
728 2033 914 2066 διδασκαλίαν,

120 2074 183 2100 ἀλλ’
203 2072 243 2105 οἷς
257 2074 372 2102 δέδοται.
390 2075 445 2102 Καὶ
461 2075 511 2102 οὐκ
524 2074 557 2110 ἦν
570 2077 584 2102 ό
600 2076 678 2110 λόγος
700 2077 764 2112 περὶ
789 2078 915 2105 διδασκα-

120 2119 184 2151 λίας
201 2119 320 2147 ἐνταῦθα
332 2120 370 2155 τῷ
382 2121 499 2157 Σωτῆρι,
515 2121 583 2148 ἀλλὰ
600 2122 665 2157 περὶ
679 2122 824 2158 εὐνούχων.
839 2124 870 2150 Εί
886 2123 915 2150 δὲ

121 2165 189 2200 περὶ
204 2165 254 2200 τῆς
266 2166 349 2193 αὑτοῦ
366 2166 540 2199 διδασκαλίας
557 2167 705 2203 πληροῦται
720 2167 762 2202 τὺ,
782 2169 824 2195 οὐ
840 2169 911 2196 πάν-

121 2219 173 2243 τες
197 2211 358 2245 χωροῦσιν,
378 2212 495 2240 ἐνταῦθα
519 2212 557 2248 τῷ
583 2213 702 2249 Σωτῆρι,
728 2213 793 2250 ἄρα,
815 2214 863 2241 ἐὰν
883 2215 914 2241 οὐ

120 2257 282 2292 χωρήσωσι,
317 2258 387 2284 κατὰ
412 2258 462 2294 τὴν
487 2258 555 2285 ίδίαν
581 2259 694 2295 γνώμην
713 2259 744 2286 οὐ
768 2259 912 2295 χωροῦσιν.

966 1671 1048 1698 citata
1067 1671 1133 1705 quid
1149 1675 1210 1706 agat
1227 1672 1341 1700 nesciat.
1358 1671 1449 1705 Quare
1467 1679 1528 1699 cum
1551 1680 1584 1699 ne
1601 1672 1682 1707 lupus
1695 1673 1757 1708 qui-

966 1716 1027 1743 dem
1039 1716 1132 1750 lupum
1147 1716 1279 1748 devoret,
1303 1717 1338 1743 ob
1357 1717 1448 1752 ﬁgura:
1470 1717 1659 1752 cognationem
1670 1737 1678 1750 ,
1692 1726 1757 1753 quo-

967 1761 1048 1788 modo
1063 1762 1202 1797 principes
1217 1761 1350 1789 devorare
1365 1770 1415 1790 nos
1439 1766 1575 1797 possunt,
1596 1763 1698 1798 quibus
1711 1772 1757 1792 su-

966 1815 1028 1834 mus
1044 1808 1137 1835 formze
1153 1808 1332 1836 similitudine
1352 1808 1511 1843 conjuncti?
1529 1809 1585 1836 Cur
1599 1816 1652 1836 non
1666 1811 1757 1844 potius

966 1853 1145 1880 blandiuntur
1161 1853 1256 1886 nobis,
1277 1861 1332 1888 quo
1347 1862 1413 1881 suas
1426 1853 1548 1888 ipsorqu
1572 1853 1673 1889 cﬂigies
1686 1855 1757 1882 tueri

966 1899 1166 1934 complectique
1189 1899 1356 1927 videantur?
1378 1900 1424 1927 Sic
1440 1899 1597 1934 impostoris
1612 1900 1687 1928 illius
1710 1909 1758 1928 un-

966 1944 1048 1980 dique
1061 1945 1222 1973 confutatur
1236 1946 1335 1973 oratio.

1002 1990 1132 2018 LXXVII.
1145 1991 1198 2019 Sed
1212 1991 1278 2018 illud
1291 2000 1323 2019 ex
1333 1991 1481 2027 Evangelii)
1496 1993 1611 2028 profert,
1632 2001 1685 2021 non
1698 2001 1757 2020 om-

966 2044 1016 2064 nes
1027 2036 1181 2064 doctrinam
1194 2045 1272 2064 suam
1284 2045 1393 2073 capere,
1402 2039 1449 2066 sed
1463 2039 1562 2073 quibus
1576 2039 1669 2067 datum
1684 2039 1754 2067 cst'.

965 2083 1048 2118 Atqui
1063 2083 1138 2110 nulla
1150 2083 1195 2110 hic
1212 2091 1227 2110 a
1242 2083 1384 2112 Salvatore
1397 2085 1431 2112 de
1444 2085 1568 2112 doctrina
1580 2086 1695 2118 mentio,
1708 2085 1756 2113 sed

966 2129 1000 2156 de
1025 2129 1160 2157 eunuchis
1180 2129 1314 2156 duntaxat
1343 2130 1508 2158 instituitur.
1530 2131 1630 2158 Verum
1656 2135 1685 2157 ut
1704 2130 1757 2158 hoc

966 2173 1074 2206 demus.
1088 2175 1122 2202 ad
1137 2175 1224 2210 ipsius
1236 2175 1390 2202 doctrinam
1403 2176 1507 2203 dictum
1523 2175 1590 2203 illud
1607 2179 1732 2210 spectare
1747 2185 1754 2203 :

968 2218 1030 2245 Non
1046 2227 1135 2246 omnes
1148 2219 1293 2254 capiunt‘:
1308 2220 1392 2255 igitur
1405 2221 1428 2248 si
1445 2228 1498 2247 non
1511 2221 1632 2254 capiunt,
1644 2228 1676 2248 ex
1693 2229 1757 2256 pro-

967 2261 1026 2296 pria
1038 2263 1122 2290 animi
1140 2263 1275 2291 sententia
1291 2271 1346 2290 non
1361 2264 1484 2298 capiunt.
1499 2263 1590 2297 Quare
1607 2265 1688 2292 laude
1707 2269 1756 2293 aut

127 2301 282 2328 Ἐπαινετοὶ
300 2299 346 2329 οὖν
361 2303 420 2337 ἦτοι
432 2304 528 2338 ψεκτοὶ
543 2301 616 2331 οὗτοι
635 2305 683 2331 ἐπὶ
697 2304 728 2331 τὸ
741 2304 914 2338 αὐτεξούσιον

966 2307 1102 2342 vituperio
1115 2308 1190 2343 digni
1202 2316 1236 2336 ex
1246 2309 1395 2336 voluntatis
1408 2317 1465 2336 sua:
1481 2309 1605 2338 libertate
1616 2310 1755 2346 dicentur;

120 2345 313 2380 κληθήσονται·
330 2348 377 2374 καὶ
389 2348 480 2376 οὐκέτι
490 2349 561 2376 κατὰ
571 2350 652 2384 φύσιν
658 2350 771 2378 ἔσταιτδ
778 2350 853 2386 χώρη
858 2359 910 2386 μα·

118 2390 184 2417 ἐπεὶ
199 2390 233 2417 ἂν
246 2391 398 2428 ὠφελήσειε
414 2394 463 2430 τὴν
478 2395 553 2431 αὐτῷ
574 2397 765 2431 καταγγέλλων
782 2397 911 2425 διδασκα-

118 2435 197 2468 Mdv;
218 2436 345 2470 Ἑξέπεσε
372 2438 400 2465 δέ
422 2441 588 2476 πανταχόθεν
605 2441 687 2469 αὐτοῦ
702 2443 715 2468 δ
736 2443 813 2478 λόγος
829 2453 834 2459 ·
850 2444 911 2471 οὗτε

118 2481 176 2517 γὰρ
186 2482 360 2510 διδασκαλίαν
373 2484 387 2510 ὁ
404 2485 498 2522 Σωτὴρ
516 2486 561 2513 τὸν
575 2487 653 2521 λόγον
663 2489 830 2524 ἀπεφήνατο,
843 2490 911 2517 ἀλλὰ

117 2527 153 2553 δι’
186 2528 374 2565 εὐνουχισμόν.
407 2531 466 2558 Κάν
484 2541 513 2559 τε
528 2532 704 2561 διδασκαλίαν
722 2535 805 2568 εἴποι,
819 2535 911 2563 οὐκέτι

119 2572 284 2607 σταθήσεται
307 2575 355 2602 τοῦ
374 2576 455 2612 Μάνη
476 2577 564 2612 λόγος.
588 2579 657 2614 Φησὶ
677 2579 705 2606 δὲ
727 2581 741 2606 ό
759 2580 841 2613 αὐτὸς
852 2581 912 2609 Μά-

118 2626 186 2654 νης·
204 2619 273 2655 Ἦδη
286 2621 296 2636 ’
312 2621 376 2652 τοὺς
396 2622 555 2658 ἡμετέρους.
579 2624 635 2658 (56)
658 2625 713 2652 Kal
726 2625 782 2660 γὰρ
802 2626 839 2653 τὰ
856 2627 913 2661 ἐμὰ

117 2666 253 2699 πρόϐατα
277 2667 415 2701 γινώσκει
422 2677 470 2703 με,
498 2670 547 2697 καί
571 2670 706 2705 γινώσκω
721 2671 758 2699 τὰ
767 2672 823 2707 ἐμὰ
838 2674 912 2708 πρό-

967 2360 1056 2387 neque
1070 2360 1103 2380 ex
1119 2357 1218 2380 natura
1229 2354 1367 2388 capacitas
1385 2354 1430 2381 illa
1446 2355 1563 2389 petenda
1577 2355 1674 2389 fuerit;
1687 2357 1755 2384 alio-

966 2398 1013 2433 qui
1029 2398 1095 2434 quid
1114 2399 1288 2434 praedicanda
1308 2399 1434 2428 doctrina
1455 2408 1505 2428 sua
1521 2402 1685 2437 proliceret?
1704 2402 1757 2430 Ve-

966 2452 1028 2471 rum
1043 2444 1111 2472 nihil
1126 2445 1238 2472 omnino
1253 2445 1332 2477 dicit,
1346 2445 1568 2482 quandoquidem
1584 2456 1640 2475 non
1656 2449 1692 2476 ad
1705 2448 1756 2476 d0<

966 2490 1149 2523 ctrinam,sed
1164 2492 1197 2518 ad
1205 2492 1342 2527 spadones
1358 2492 1510 2521 Salvatoris
1524 2493 1571 2521 ille
1585 2502 1677 2522 sermo
1694 2503 1756 2529 per-

965 2536 1043 2564 tinet.
1067 2537 1108 2564 Ac
1123 2538 1233 2566 tametsi
1247 2538 1282 2566 de
1301 2539 1427 2566 doctrina
1451 2540 1620 2575 loqueretur,
1639 2548 1694 2567 non
1714 2532 1755 2567 ιεὶ-

966 2590 1029 2610 men
1053 2586 1127 2611 stare
1150 2588 1243 2618 posset
1269 2584 1411 2612 Manichaai
1429 2586 1511 2613 ratio.
1526 2586 1635 2613 Atenim
1666 2585 1752 2612 Mani-

965 2629 1078 2657 chaeus:
1096 2629 1231 2663 Noverat,
1248 2631 1354 2666 inquit,
1379 2636 1499 2660 nostros.
1518 2631 1583 2660 Ores
1599 2632 1668 2658 enim
1689 2638 1754 2658 mea

966 2680 1124 2710 cognoscunt
1141 2683 1192 2710 me,
1214 2681 1239 2704 et
1252 2685 1378 2712 cognosco
1393 2686 1450 2705 oves
1470 2685 1541 2704 mea:
1552 2677 1574 2704 '.
1587 2676 1640 2704 Sed
1654 2675 1755 2712 ubique

155 2753 163 2768 '
179 2756 244 2786 For.
257 2758 345 2785 ἄνοια.
384 2760 394 2776 ³
407 2759 437 2786 (ἲ.
452 2759 519 2795 ᾔδει.
550 2760 560 2776 ⁸
581 2760 676 2789 Matth.
695 2770 752 2795 xu,
772 2762 816 2790 II.
855 2764 866 2779 ⁸
883 2763 914 2790 ibi

987 2765 997 2780 ⁵
1010 2764 1092 2794 Joan.
1103 2774 1132 2799 ι,
1147 2766 1194 2795 14.

156 2848 215 2884 (36)
235 2850 313 2885 φησι
327 2850 359 2877 δὲ
375 2851 466 2884 αὐτὸς
477 2851 677 2887 ultime-"[1671
690 2852 753 2881 For.
769 2853 842 2889 ᾔδειν
853 2855 914 2885 τοὺς

966 2856 1079 2892 ηετὲρους
1089 2876 1097 2891 ,
1113 2861 1142 2885 ut
1155 2857 1296 2893 sequentia
1316 2856 1490 2892 persuadent.
