1939 3036
226 157 271 184 πςι

908 162 937 190 S.
960 162 1130 193 ΕΡΙΡῘΙΑΝΠ

1794 177 1849 204 15⁵3

224 215 365 242 mentitur.
379 213 445 242 Nam
458 222 520 243 cum
537 224 569 244 ex
585 224 678 244 eorum
693 225 818 252 numero,
830 220 877 254 qui
894 225 951 248 tum
967 221 994 248 ill

1057 224 1138 251 6am.
1164 225 1207 252 Ἑν
1222 227 1307 254 ἅπασι
1326 228 1354 254 δὲ
1379 229 1514 264 ψεύδεται.
1536 231 1697 267 Βουλόμενος
1713 234 1770 269 γὰρ
1793 234 1847 261 θω-

225 261 402 295 disputationi
429 265 578 296 praesentes
601 262 732 297 aderant,
751 265 907 300 quempiam
927 267 1006 294 vellet

226 313 274 341 per
297 306 483 339 ambitionem,
509 314 540 334 ac
555 307 701 336 blanditias
719 317 826 344 rapere,
850 311 1006 339 Istiusmodi

224 351 338 378 vocibus
359 356 401 380 est
426 360 510 382 usus.
535 360 566 379 ac
591 354 665 381 velut
688 363 779 382 escam
799 360 827 383 et
849 356 1004 385 illecebram

222 398 351 431 aspersit,
369 401 399 423 ut
418 397 470 424 hac
483 398 522 424 illi
538 399 695 428 adulatione
707 401 740 427 ad
758 402 818 436 ejus
835 410 865 430 se
889 403 1005 430 societa-

223 447 275 467 lem
292 447 487 476 aggregarent,
502 447 532 470 ut
547 451 608 470 cum
632 445 752 479 adjuncti
767 450 858 474 essent
868 468 875 478 .
894 448 1004 482 gloriari

221 495 252 513 ac
265 488 370 521 jactare
382 493 473 522 posset
485 497 514 516 se
531 489 601 522 illos,
615 494 760 526 antequam
777 493 809 519 ad
828 500 857 520 se
869 494 1003 524 venirent.

221 533 346 566 cognitos
374 533 513 562 habuisse.
544 534 596 562 Sed
620 536 691 563 idetn
710 537 748 564 illi
764 538 895 573 contigit,
921 539 1005 574 698

220 578 291 612 quod
304 578 423 613 Apollini
435 580 490 606 vati
505 590 511 607 :
528 581 586 615 qui,
612 586 640 608 ut
655 586 697 609 est
711 583 738 610 in
751 582 909 611 Graecorum
926 585 1004 612 fabu-

220 623 255 650 lis
273 631 335 650 eum
357 624 418 651 aliis
433 624 524 651 futura
543 626 712 660 praediceret,
729 628 781 655 sibi
798 628 849 662 ipsi
864 636 918 655 non
934 636 1004 664 pra:-

221 668 303 702 sagiit
316 688 323 700 ,
341 669 387 696 sed
408 677 458 697 suo
473 671 559 705 ipsius
573 673 685 699 oraculo
700 672 841 701 fraudatus
861 678 918 705 est.
939 682 1002 701 cum

219 715 324 743 scilicet
339 715 466 750 Daphnes
474 724 573 744 amore
592 717 710 752 ﬂagrans
725 719 761 745 ob
774 719 834 753 ejus
849 721 1002 748 castitatem

218 767 330 794 compos
349 768 409 788 esse
433 769 488 788 non
506 762 603 796 potuit.
630 763 668 789 Ita
692 763 858 791 Manichacus
885 772 947 792 cum
972 773 1002 793 se

218 813 284 833 suos
300 813 381 833 nosse
393 807 600 839 vaticinaretur,
615 815 647 834 ac
662 808 782 835 Marcelli
797 810 924 844 captandi
937 818 1000 845 gra-

218 851 255 877 tia
272 851 400 883 venisset,
413 859 463 879 sua
478 852 555 879 illum
571 853 702 880 frustrata
718 854 850 882 diVinatio
863 859 917 883 est.
933 855 1000 882 Nam

217 903 306 930 neque
331 895 469 929 Marcello,
494 906 583 933 neque
604 899 684 926 alteri
707 900 836 935 cuiquam
861 909 909 936 per
933 901 1001 929 illud

218 946 324 976 tempus
339 943 465 978 dogmata
479 952 528 972 sua
543 945 659 980 probare
675 947 771 981 potuit.

251 986 390 1016 LXXVIII.
411 989 561 1024 Praeterea,
579 991 673 1023 Nemo,
704 992 793 1026 inquit
820 993 875 1024 ille,
900 994 1000 1028 priscis

217 1034 386 1068 temporibus
401 1035 517 1063 salutem
534 1037 648 1071 adeptus
663 1042 716 1069 est,
740 1039 793 1065 nisi
809 1039 845 1065 ab
866 1047 939 1066 anno
954 1041 1001 1067 de-

215 1079 286 1106 cimo
296 1080 391 1114 quinto
403 1080 504 1108 Tiberii
516 1082 632 1110 Cmsaris
642 1083 675 1110 ad
687 1088 793 1111 tetatcm
811 1092 897 1119 usque
909 1093 998 1118 suam,

215 1133 275 1160 qua:
294 1126 322 1152 in
338 1125 419 1154 Probi
438 1131 465 1154 et
490 1129 677 1156 antecessoris
697 1130 836 1157 Aureliani
855 1128 999 1166 imperium

215 1172 322 1204 incidit,
335 1173 387 1200 sub
404 1173 503 1208 quibus
519 1173 685 1202 Manicha-us
701 1175 777 1201 vixit.
793 1176 820 1202 In
832 1183 886 1210 quo
904 1183 999 1203 rursus

213 1218 402 1252 explodendus
421 1219 507 1250 venit,
529 1227 592 1246 cum
618 1220 651 1246 de
675 1220 769 1248 multis
793 1222 857 1248 olim
882 1222 998 1249 salutem

213 1265 348 1292 assecutis
366 1269 420 1292 tam
439 1265 579 1300 Evangelii
595 1274 676 1300 quam
691 1267 877 1301 apostolorum
896 1268 998 1302 scripta

213 1309 396 1341 meminerint,
414 1309 467 1336 imo
481 1314 507 1336 et
523 1309 655 1338 Dominus
674 1312 731 1346 ipse
750 1320 757 1338 :
775 1311 937 1347 Requiretur.
954 1314 997 1340 in-

212 1354 290 1389 quit,
315 1354 347 1380 ab
364 1354 413 1381 hac
429 1356 594 1390 generatione
609 1358 716 1391 sanguis
736 1358 821 1383 omnis
833 1359 936 1391 justus,
953 1359 998 1393 qui

211 1399 310 1433 effusus
325 1404 365 1426 est
381 1409 398 1426 a
412 1401 538 1435 sanguine
562 1401 626 1427 Abel
642 1401 711 1434 justi
725 1423 731 1433 ,
747 1410 827 1437 usque
842 1402 877 1429 ad
892 1404 997 1438 sangui-

212 1451 270 1470 nem
286 1443 426 1472 Zac/taria:
437 1466 443 1478 ,
458 1446 503 1480 qui
515 1446 615 1479 e/Tusus
630 1451 669 1473 est
684 1447 752 1473 inter
767 1448 890 1482 templum
910 1453 934 1475 et
956 1450 997 1476 ai—

211 1493 268 1516 tare
285 1491 305 1516 ¹.
319 1489 446 1517 Potuitne
468 1491 560 1525 justus
583 1492 662 1524 Abel,
687 1497 735 1518 aut
758 1492 908 1521 Zacharias
923 1502 994 1527 esse,

1057 271 1122 306 πείᾳ
1138 272 1259 306 ἁρπάσαι
1272 273 1370 310 ψυχὴν,
1387 275 1457 302 κατὰ
1472 275 1525 303 τῶν
1540 277 1600 303 τότε
1610 279 1753 313 παρόντων
1767 281 1799 306 ὲν
1813 283 1849 317 τῇ

1057 318 1204 354 συζητήσει
1217 319 1311 347 τοῦτον
1326 321 1417 352 ἐξεῖπε
1439 323 1486 349 τὸν
1503 323 1592 357 λόγον,
1610 325 1787 361 ὑποσπείρων
1801 327 1848 353 δέ-

1056 362 1133 399 λεαρ.
1150 364 1187 395 ὡς
1199 365 1295 396 εἰπεῖν,
1313 365 1355 392 ἵνα
1368 366 1411 393 διὰ
1425 367 1474 402 τῆς
1486 369 1630 402 κολακείας
1641 371 1753 403 δόξωσιν
1769 373 1849 408 αὐτῷ

1057 409 1254 437 συνάπτεσθαι·
1272 411 1325 442 ἵνα,
1347 412 1412 438 ὃταν
1435 413 1615 448 συναφθῶσιν,
1635 416 1751 451 ἄρξηται
1775 426 1846 452 κομ-

1056 455 1153 486 πάζειν
1179 456 1225 482 καὶ
1252 456 1351 491 λέγειν,
1380 459 1478 485 εἰδέναι
1515 460 1613 492 αὐτοὺς
1637 462 1701 496 πρὶν
1733 463 1751 498 ἦ
1793 465 1847 498 τὴν

1055 501 1146 535 ἄφιξιν
1161 502 1228 537 πρὸς
1240 502 1321 528 αὐτὸν
1331 505 1506 538 ποιήσωνται.
1517 505 1614 539 Γέγονε
1627 507 1655 533 δὲ
1671 507 1766 538 αὑτοῦ,
1780 509 1822 540 ὡς
1832 510 1847 536 6

1055 546 1109 572 τῶν
1132 546 1265 581 Ἐλλήνων
1280 547 1364 582 μῦθος
1374 548 1444 575 κατὰ
1457 549 1502 575 τὸν
1519 550 1674 578 Ἀπόλλωνα
1681 552 1727 578 τὸν
1739 554 1843 587 μάντιν

1055 592 1253 627 μαντευόμενον
1269 594 1325 624 τοῖς
1350 594 1450 628 ἄλλοις,
1472 595 1559 631 ἑαυτῷ
1582 596 1610 622 δὲ
1637 598 1673 632 μὴ
1691 598 1846 633 δυνάμενον

1055 637 1251 671 μαντεύεσθαι,
1285 639 1353 665 ἀλλὰ
1380 639 1575 668 ἐκπεπτωκότα
1601 643 1681 669 αὑτὸν
1705 643 1754 669 τοῦ
1773 653 1845 679 μαν-

1053 683 1137 713 τείου,
1153 683 1257 719 ἐρῶντα
1271 686 1320 720 τῆς
1334 685 1452 720 Δάφνης,
1471 687 1518 712 καὶ
1540 688 1736 715 ἐκπεπτωκότα
1755 690 1846 724 αὐτῆς

1052 728 1096 755 διὰ
1109 729 1292 764 σωφροσύνην.
1307 730 1384 756 Οὕτω
1393 732 1440 757 καὶ
1449 728 1526 762 οὗτος
1540 733 1554 757 6
1566 733 1661 768 Μάνης
1674 734 1845 768 ἐμαντεύετο

1054 773 1104 809 μὲν
1117 774 1216 800 εἰδέναι
1228 775 1291 806 τοὺς
1307 775 1397 807 ἰδίους,
1408 776 1486 810 φύσει
1502 776 1530 802 δὲ
1542 777 1586 803 διὰ
1602 778 1760 813 Μάρκελλον
1772 777 1844 814 ἧκεν

1053 820 1207 855 ὑποχείριον
1226 821 1307 848 αὑτὸν
1331 821 1489 857 ληψόμενος.
1506 823 1634 849 Διέπεσεν
1650 824 1678 850 δὲ
1701 824 1731 850 τὸ
1755 825 1843 852 αὑτοῦ

1019 885 1040 914 Β
1053 867 1188 900 μαντεῖον.
1215 866 1282 892 Οὔτε
1295 867 1349 901 γὰρ
1373 867 1447 902 αὐτῷ
1462 868 1620 903 Μάρκελλος
1633 869 1759 905 ἐπείσθη,
1779 870 1844 897 οὐδέ

1051 919 1093 942 τις
1105 911 1198 946 ἕτερος
1209 911 1270 938 κατ’
1282 912 1369 939 ἐκεῖνο
1379 912 1477 948 καιροῦ
1489 913 1544 940 τῶν
1555 915 1615 941 τότε
1631 915 1799 951 ἀνθρώπων.

1086 997 1148 1026 OH'.
1163 997 1231 1026 Εἶτα
1245 999 1312 1035 ἔφη,
1327 1000 1368 1027 ὅτι
1383 1000 1425 1027 Τὰ
1440 1001 1541 1028 παλαιὰ
1560 1002 1606 1039 ἐτη
1626 1004 1714 1035 οὐδεὶς
1734 1005 1842 1042 ἐσώθη,

1050 1045 1117 1072 ἀλλὰ
1132 1045 1185 1072 ἀπὸ
1201 1045 1248 1072 τοῦ
1273 1047 1514 1074 πεντεκαιδεκάτου
1529 1048 1605 1081 ἔτους
1626 1049 1752 1085 Τιϐερίου
1771 1052 1843 1078 Και-

1051 1099 1133 1126 σαρος
1159 1090 1223 1126 ἄχρι
1251 1091 1304 1118 τῶν
1327 1092 1415 1118 αὐτῶν
1428 1092 1438 1108 ⁶
1452 1093 1566 1128 χρόνων.
1587 1095 1691 1130 Πρόϐος
1713 1096 1742 1122 δὲ
1764 1093 1801 1131 ἦν
1827 1098 1843 1124 6

1050 1138 1109 1163 κατ’
1132 1138 1220 1173 ἐκεῖνο
1238 1137 1336 1172 καιροῦ
1352 1137 1486 1172 βασιλεὺς,
1507 1141 1554 1166 καὶ
1569 1140 1735 1176 Αὐρηλιανὺς
1754 1143 1768 1168 6
1783 1142 1843 1178 πρὸ

1048 1182 1139 1214 αὑτοῦ,
1149 1183 1193 1209 ὅτε
1203 1179 1278 1214 οὗτος
1286 1184 1300 1209 6
1308 1183 1402 1219 Μάνης
1411 1185 1545 1220 ἐνεδήμει.
1555 1185 1609 1212 Καὶ
1623 1187 1652 1212 ἐν
1659 1186 1747 1221 τούτῳ
1757 1187 1842 1214 πάλιν

1049 1227 1188 1262 ἐλέγχεται
1207 1227 1294 1263 πάντη
1311 1229 1357 1255 τοῦ
1376 1229 1540 1264 Εὑαγγελίου
1567 1230 1701 1265 λέγοντος,
1716 1233 1765 1258 καὶ
1782 1232 1842 1260 τῶν

1048 1274 1232 1300 ἁποστολικῶν
1248 1275 1378 1309 ῥημάτων
1401 1276 1465 1310 περὶ
1490 1276 1544 1302 τῶν
1569 1277 1618 1312 ἤδη
1635 1278 1768 1313 πρότερον
1794 1287 1841 1305 σε-

1049 1318 1204 1353 σωσμένων.
1231 1318 1366 1350 Ὡσαύτως
1379 1320 1393 1346 6
1404 1320 1506 1356 Κύριος
1528 1320 1617 1355 λέγει·
1629 1322 1840 1356 Ζητηθήσεται

1046 1363 1105 1390 ἀπὸ
1121 1363 1175 1396 τῆς
1192 1363 1309 1398 -τενεᾶς
1330 1365 1440 1399 ταύτης
1454 1366 1516 1392 πᾶν
1528 1363 1599 1400 alga
1612 1367 1729 1394 δικαίου
1744 1368 1839 1403 ἐκχυ-

1046 1410 1173 1443 νόμενον
1190 1410 1239 1436 ἐπὶ
1259 1410 1313 1443 τῆς
1329 1411 1395 1445 γῆς,
1411 1411 1470 1438 ἀπὸ
1489 1413 1612 1447 αἵματος
1628 1414 1712 1440 Ἅϐελ
1725 1415 1780 1441 τοῦ
1794 1414 1840 1440 δι-

1046 1455 1142 1487 καίου,
1154 1455 1260 1489 μέχρις
1274 1456 1396 1489 αἳματος
1409 1458 1556 1491 Ζαχαρίου
1571 1459 1623 1486 τοῦ
1631 1459 1839 1494 ἐκκεχυμένοι]

1044 1501 1198 1536 ἀναμέσον
1212 1501 1266 1528 τοῦ
1281 1502 1356 1529 ναοῦ
1374 1502 1487 1530 καὶτοῦ
1506 1505 1733 1537 θυσιαστηρίου.
1749 1505 1836 1533 Πόθεν

211 1535 265 1562 nisi
288 1535 345 1570 jam
365 1541 420 1563 tum
440 1537 513 1564 salus
537 1538 689 1571 comparari
708 1539 859 1572 potuisset.
880 1546 995 1574 eamque

1048 1535 1209 1579 οὖννδίκαιος
1221 1548 1313 1580 Ἀϐελ,
1327 1548 1408 1575 πόθεν
1427 1550 1574 1585 Ζαχαρίας,
1590 1551 1614 1576 ει
1627 1535 1664 1585 μῆ
1680 1551 1721 1577 ὅτι
1733 1548 1771 1586 ἦν
1784 1551 1835 1587 ἤδη

211 1580 279 1614 legis
293 1588 325 1607 ac
336 1581 527 1615 prophetarum
541 1582 674 1609 beneﬁcio
685 1582 835 1610 tribueret?
847 1582 994 1618 Propterea

211 1628 343 1660 scriptum
366 1631 407 1654 est
428 1635 434 1653 :
454 1624 580 1662 Regnavit
605 1636 675 1654 mors
697 1628 729 1654 ab
747 1628 834 1654 Adam
858 1637 939 1663 usque
960 1629 995 1654 ad

211 1671 356 1707 Moysem',
373 1676 402 1699 ut
413 1673 548 1707 intelligas
561 1681 713 1708 repressam
730 1674 756 1700 in
771 1673 863 1708 Moyse
879 1679 994 1701 mortem

208 1725 282 1749 esse.
300 1726 354 1744 non
373 1719 486 1746 omnino
502 1719 672 1746 restinctam.
694 1718 876 1754 Exspectabat
894 1720 996 1755 quippe

207 1768 457 1791 consummatorem
472 1766 593 1792 omnium
605 1765 802 1797 Jesum,donec
814 1774 864 1801 pro
877 1767 996 1793 humano

209 1817 269 1836 sese
285 1817 385 1843 genere
407 1816 505 1844 sponte
527 1811 662 1841 traderet,
680 1815 762 1846 atque
783 1816 810 1838 ct
833 1812 995 1839 immortalis

208 1855 299 1881 obiret
322 1860 437 1882 mortem
453 1875 460 1887 ,
485 1860 514 1882 et
537 1856 583 1890 qui
607 1856 802 1890 comprehendi
826 1865 880 1883 non
908 1861 996 1891 potest

209 1900 403 1934 comprehendi
416 1909 445 1928 se
462 1902 641 1935 permitteret,
658 1906 685 1929 et
699 1903 753 1928 vita
769 1906 897 1937 suscepta
913 1910 997 1930 carne

209 1949 367 1980 pateretur,
381 1954 413 1973 ac
427 1946 546 1981 denique
564 1955 612 1981 per
628 1952 743 1974 mortem
761 1955 835 1980 eum,
852 1948 898 1982 qui
914 1948 995 1974 morti

209 1990 416 2024 dominabatur,
442 1991 605 2026 infringeret
627 1993 732 2026 peccati
752 2000 815 2019 cum
834 1997 922 2020 morte
945 1993 996 2020 sti-

210 2036 325 2062 mulum.
347 2035 407 2068 Quo
421 2040 542 2071 tempore
559 2037 624 2064 illud
640 2038 781 2072 impletum
797 2042 839 2065 est
855 2046 861 2064 :
880 2038 930 2065 Ubi
944 2044 993 2070 est,

211 2089 291 2114 mors,
306 2081 430 2108 stimulus
444 2087 504 2108 tuus
516 2083 528 2108 1’
539 2082 583 2108 ubi
595 2088 642 2115 est,
656 2084 766 2117 inferne.
783 2084 893 2110 victoria
904 2088 950 2110 tua
965 2084 995 2111 '?

210 2125 267 2154 Illic
284 2127 357 2154 enitn
373 2134 445 2154 mors
463 2131 504 2154 est
526 2135 622 2156 eversa
644 2129 840 2164 prolligalaque
873 2130 993 2164 penitus,

208 2179 269 2206 quae
293 2179 354 2199 cum
377 2179 489 2206 regnum
514 2173 547 2200 ad
564 2177 685 2208 tempora
708 2173 790 2201 Musis
815 2174 992 2205 obtinuisset,

1047 1595 1179 1630 σωτηρία,
1202 1594 1249 1621 καὶ
1261 1595 1302 1621 ὃτι
1317 1594 1418 1621 ἔσωσεν
1435 1595 1485 1630 ἠδη
1500 1595 1544 1621 διὰ
1558 1595 1640 1630 νόμου
1656 1596 1704 1622 καὶ
1725 1605 1836 1632 προφη-

1045 1639 1098 1666 τῶν
1109 1647 1116 1671 ;
1133 1639 1201 1674 Φησί
1208 1648 1215 1654 ν
1231 1640 1443 1666 Ἐϐασίλευσεν
1450 1641 1466 1666 d
1476 1640 1603 1673 θάνατος
1612 1641 1670 1668 ἀπὸ
1687 1642 1779 1676 Ἀδὰμ
1787 1642 1835 1677 μέ-

1045 1694 1094 1718 χρι
1117 1683 1279 1717 Μωϋσέως’
1298 1685 1370 1716 ὅπως
1385 1685 1465 1720 γνῷς,
1477 1685 1518 1711 ὃτι
1542 1686 1571 1713 ἐν
1585 1687 1696 1713 Μωῡσεί
1712 1688 1834 1723 ἀνεκόπη

1045 1730 1059 1756 6
1076 1729 1198 1761 Θάνατος,
1210 1730 1240 1756 οὐ
1259 1729 1432 1756 παντάπασιν
1450 1731 1619 1764 ἀφανισθείς.
1643 1732 1834 1768 Ἀπεξεδέχετο

1044 1776 1098 1810 γὰρ
1111 1775 1157 1801 τὸν
1169 1775 1312 1811 τελειωτὴν
1325 1775 1433 1802 πάντων
1455 1777 1568 1811 Ἰησοῦν,
1589 1777 1630 1804 ἵνα
1642 1777 1730 1814 [ὅταν]
1751 1779 1833 1806 αὐτὸν

1045 1820 1177 1855 παραδῴη
1188 1821 1256 1856 ὑπὲρ
1271 1821 1320 1856 τῆς
1332 1821 1550 1857 ἀνθρωπότητος,
1563 1823 1577 1848 6
1589 1823 1722 1854 ἀθάνατος
1732 1823 1832 1855 θανὼν,

1044 1867 1058 1892 6
1073 1866 1227 1901 ἁκρὰτητος
1238 1867 1373 1901 κρατητὸς
1386 1867 1541 1902 γενόμενος,
1555 1869 1572 1902 ἡ
1589 1868 1643 1903 ζωὴ
1659 1869 1688 1894 ὲν
1706 1870 1790 1904 σαρκὶ
1804 1869 1833 1896 τὺ

1045 1911 1140 1937 παθεῖν
1154 1911 1305 1945 ὑπομένων,
1324 1913 1370 1938 καὶ
1385 1912 1471 1946 κλάσῃ
1486 1913 1529 1939 διὰ
1545 1913 1592 1939 τοῦ
1607 1913 1732 1946 θανάτου,
1747 1915 1794 1940 τὸν
1804 1914 1833 1941 τὸ

1046 1955 1145 1990 κράτος
1161 1955 1257 1990 ἔχοντα
1267 1955 1312 1982 τοῦ
1325 1957 1452 1986 θανάτου,
1467 1957 1496 1983 τὸ
1509 1957 1619 1992 κέντρον
1632 1958 1682 1993 τῆς
1697 1958 1833 1994 ἁμαρτίας

1045 2002 1091 2027 καὶ
1105 2002 1151 2027 τὸν
1167 2001 1289 2028 θάνατον.
1307 2003 1371 2029 ’Ὀτε
1390 2003 1482 2029 λοιπὸν
1500 2003 1664 2039 ἐπληροῦτο·
1685 2004 1748 2031 Ποῦ
1762 2011 1830 2036 σου,

1044 2046 1162 2078 θάνατε,
1190 2047 1223 2073 τὸ
1232 2046 1371 2081 κέντρον;
1380 2048 1437 2075 ποῦ
1445 2057 1513 2080 σου,
1522 2048 1589 2083 ᾷδη.
1602 2048 1634 2075 τὸ
1645 2049 1746 2082 rixae;
1761 2050 1833 2076 Ἐκεῖ

1045 2092 1095 2126 μὲν
1112 2093 1165 2128 γὰρ
1181 2093 1210 2118 ἐν
1226 2094 1338 2120 Μωῧσεί
1349 2095 1488 2129 ἀνετράπη
1500 2095 1653 2130 ἐπισχεοεὶς
1675 2095 1689 2121 6
1705 2094 1830 2127 Θάνατος,

1045 2138 1205 2172 βασιλεύσας
1228 2138 1291 2174 ἄχρι
1308 2140 1457 2171 Μωῡσὲως.
1475 2141 1529 2167 Καὶ
1550 2140 1657 2176 πρῶτον
1671 2141 1721 2174 μὲν
1733 2141 1830 2167 δίκαιοι

1043 2181 1112 2218 ἦσαν
1120 2185 1143 2210 οἱ
1158 2194 1190 2210 πε
1195 2185 1220 2220 pi
1231 2185 1312 2211 ’Δϐελ
1322 2186 1369 2211 καὶ
1377 2185 1469 2220 Ἑνὼχ,
1480 2187 1494 2212 6
1506 2187 1661 2221 μετατεθεὶς
1667 2186 1714 2213 τοῦ
1723 2187 1761 2222 μὴ
1769 2187 1829 2213 ἰδεῖν

208 2217 261 2244 sub
278 2217 326 2243 illo
340 2217 459 2244 cohibita
476 2217 575 2244 fuerat.
592 2216 728 2252 Imprimis
741 2226 808 2253 ergo
823 2218 915 2252 justus
925 2219 992 2246 Abel

1048 2216 1169 2261 θάνατον,
1188 2216 1234 2255 καὶ
1248 2230 1296 2264 οὐχ
1311 2216 1467 2266 εὑρίσκετοΐ
1479 2216 1557 2258 Ἀλλὰ
1571 2216 1670 2258 οῦπωήὸ
1677 2216 1829 2267 Ean-pain“);

207 2262 334 2295 exstitit,
350 2267 376 2290 et
397 2262 510 2297 Enoch,
530 2263 577 2298 qui
594 2264 744 2291 translatus
767 2268 810 2291 est
835 2273 869 2292 ne
890 2263 995 2291 videret

208 2313 343 2339 mortem,
367 2316 418 2336 nec
441 2309 567 2336 inventus
584 2309 656 2336 est‘.
677 2309 798 2336 Necdum
822 2310 926 2345 scripta
950 2311 994 2337 lex

209 2354 381 2388 promulgata
404 2354 507 2387 fuerat,
528 2354 575 2382 sed
590 2355 725 2382 naturalis
742 2357 933 2383 tantummodo
954 2356 992 2382 vi-

208 2399 299 2434 gebat,
321 2406 382 2433 qua:
395 2399 528 2434 cujusque
548 2399 639 2426 animo
656 2401 739 2427 intixa
772 2408 804 2427 ac
818 2409 866 2436 per
885 2401 994 2436 generis

208 2445 413 2472 successionem
429 2452 443 2471 a
461 2445 618 2479 parentibus
632 2445 659 2472 in
677 2447 747 2473 Iilios
762 2451 911 2481 propagata
931 2447 992 2474 fue-

208 2495 261 2517 rat.
278 2489 460 2524 Posteaquam
474 2498 538 2518 vero
554 2492 640 2525 palam
658 2493 797 2527 proposita
813 2493 856 2519 lex
873 2496 925 2524 est,
941 2491 993 2519 fuit.

209 2537 252 2563 hic
266 2536 340 2563 velut
354 2537 463 2571 quidam
476 2537 593 2572 gladius,
606 2546 660 2572 quo
672 2538 775 2572 peccati
790 2539 831 2564 vis
841 2542 883 2566 est
897 2546 929 2565 ac
945 2546 992 2572 po-

207 2583 292 2610 tentia
307 2582 391 2617 699
401 2582 498 2610 divisa.
507 2583 569 2616 Sed,
580 2584 726 2611 accedente
734 2584 883 2617 Salvatore,
897 2587 992 2613 stimu-

207 2628 248 2655 lus
273 2629 368 2655 mortis
383 2628 541 2656 confractus
554 2633 605 2657 est.
623 2631 711 2665 Atque
728 2631 774 2657 illo
789 2630 907 2666 denique
921 2637 990 2660 tem-

206 2682 272 2710 pore
291 2683 364 2703 mors
380 2675 406 2702 iu
421 2675 561 2702 victoriam
575 2676 672 2703 iterum
684 2677 874 2704 absorbebitur
882 2678 988 2708 '.Vides

207 2720 436 2752 quemadmodum
459 2720 528 2747 Deus
556 2721 678 2748 homines
704 2722 738 2748 ad
759 2722 874 2750 salutem
900 2725 985 2752 variis

207 2765 296 2792 modis
313 2765 480 2799 perduxerit.
491 2766 525 2792 At
537 2765 656 2800 perfecta
671 2768 746 2796 salus
764 2771 789 2798 in
801 2769 908 2804 Christo
916 2771 982 2799 Jesu

1046 2273 1137 2307 νόμος,
1151 2273 1218 2299 ἀλλὰ
1235 2274 1248 2299 6
1257 2273 1326 2300 κατὰ
1337 2274 1416 2308 φύσιν
1431 2275 1463 2301 ὲκ
1475 2275 1594 2307 διανοίας
1607 2276 1652 2301 καὶ
1666 2277 1697 2302 ἐκ
1711 2276 1829 2311 παραδό-

1047 2327 1115 2349 σεως
1129 2318 1199 2344 κατὰ
1224 2319 1348 2354 διαδοχὴν
1365 2320 1489 2356 πατέρων
1513 2321 1578 2356 πρὸς
1592 2321 1654 2352 τοὺς
1665 2321 1750 2352 υἱούς.
1767 2322 1830 2348 "Ou

1045 2364 1072 2390 δὲ
1083 2364 1225 2399 τηλαυγῶς
1236 2365 1345 2400 ἐξετέθη
1360 2366 1374 2391 6
1387 2365 1476 2400 νόμος,
1489 2367 1607 2400 ἐγένετο,
1617 2366 1655 2397 ὡς
1670 2367 1768 2398 εἰπεῖν,
1782 2368 1830 2402 μά-

1045 2417 1128 2444 χαιρα
1143 2408 1289 2444 δικάζουσα
1303 2411 1352 2445 τὴν
1372 2410 1484 2445 δύναμιν
1496 2411 1546 2444 τῆς
1561 2410 1707 2446 ἁμαρτίας.
1723 2411 1787 2437 Ὅτε
1803 2411 1830 2438 δὲ

1045 2455 1059 2479 6
1073 2454 1166 2490 Σωτὴρ
1189 2455 1362 2491 παρεγένετο,
1384 2456 1526 2491 συνετρίϐη
1541 2456 1571 2482 τὸ
1592 2456 1703 2491 κέντρον
1720 2456 1767 2482 τοῦ
1782 2457 1828 2484 θα-

1045 2500 1134 2526 νάτου.
1153 2501 1207 2526 Καὶ
1222 2501 1302 2527 πάλιν
1311 2502 1530 2536 καταποθήσεται
1544 2502 1558 2527 6
1574 2501 1687 2533 θάνατος
1703 2502 1744 2533 εἰς
1758 2503 1828 2533 νῖκος

1044 2545 1113 2571 τότε.
1136 2547 1190 2572 Καὶ
1209 2547 1259 2582 ὅρα
1283 2546 1340 2578 πῶς
1355 2547 1457 2579 ἔσωζεν
1475 2548 1489 2572 6
1505 2547 1572 2578 Θεὸς
1584 2546 1628 2573 διὰ
1648 2547 1754 2573 πολλῶν
1768 2550 1828 2582 τρό-

1044 2599 1112 2617 πων.
1130 2591 1166 2617 Τὸ
1186 2592 1214 2618 δὲ
1226 2592 1327 2618 τέλειον
1344 2593 1394 2627 τῆς
1412 2592 1546 2627 σωτηρίας
1563 2593 1592 2618 ἐν
1612 2592 1722 2627 Χριστῷ
1744 2592 1827 2626 Ἰησοῦ

1045 2637 1083 2671 τῷ
1101 2638 1196 2673 Κυρίῳ
1223 2638 1301 2673 ἡμῶν
1322 2639 1475 2674 γεγένηται,
1494 2639 1540 2665 καὶ
1557 2640 1712 2673 γενήσεται,
1729 2639 1766 2670 ὡς
1782 2639 1827 2665 καὶ

1044 2683 1074 2708 τὸ
1086 2683 1248 2716 Εὑαγγέλιον
1261 2684 1369 2718 φάσκει,
1385 2684 1425 2710 ὃτι
1443 2685 1492 2710 Ἐκ
1508 2684 1559 2711 τοῦ
1570 2683 1765 2718 πληράψιιτος
1777 2685 1826 2710 αὺ-

1045 2728 1097 2754 τοῦ
1115 2728 1200 2762 ἡμεῖς
1219 2729 1328 2761 πάντες
1348 2730 1502 2764 ἐλάϐομεν,
1527 2731 1582 2757 Καὶ
1600 2732 1686 2762 ποῖον,
1706 2730 1781 2764 φησι,
1794 2731 1824 2758 τὸ

1044 2773 1199 2809 πλήρωμα;
1222 2775 1279 2800 ἀλλ’
1297 2777 1314 2801 δ
1331 2777 1423 2810 νόμος
1448 2775 1496 2802 διὰ
1519 2775 1667 2808 Μωυσέως
1689 2775 1792 2808 ἐδόθη·
1806 2776 1825 2808 ἡ

244 2821 363 2866 :‘Mattb.
381 2830 459 2862 lunt,
473 2823 517 2850 3G.
555 2825 565 2839 '
588 2823 666 2852 Rom.
682 2834 708 2859 ν,
731 2826 772 2854 ﬂ.
811 2827 916 2855 'ICor.
934 2829 996 2862 xv,i

1066 2830 1128 2859 Osc.
1150 2840 1209 2865 xm,
1225 2833 1267 2859 III.
1308 2831 1398 2861 ‘Gen.
1429 2841 1454 2866 ν,
1474 2833 1518 2860 24.
1557 2834 1567 2848 ⁵
1588 2833 1597 2859 I
1627 2833 1691 2860 Cor.
1710 2840 1756 2864 xv,
1776 2833 1816 2862 34.

210 2856 222 2872 ⁶
232 2857 297 2884 Cor.
313 2857 405 2885 αὐτοῦ.
