1939 3036
112 129 172 157 153
430 127 613 157 ADVERSUS
632 129 801 158 HERESES
821 131 885 159 LIB.
906 132 1028 161 ILTOM.
1049 132 1117 160 Il.—
1138 133 1273 163 lItERES.
1292 131 1387 165 LXVI.
1685 140 1739 167 ιδι

111 181 202 230 χάρις
213 181 262 230 x-al
278 181 434 230 (μήδεαι
445 183 493 211 διὰ
514 186 610 219 Ἰησοῦ
620 186 747 220 ἐγένετο.
769 188 842 215 Ἐκεῖ
854 188 904 224 μὲν

960 188 1071 218 Domino
1094 195 1190 218 nostro
1219 193 1352 228 conligit,
1385 193 1580 229 contingetque
1605 200 1735 230 perpetuo

111 227 204 274 ὲδοθη,
221 223 272 254 ὧδε
299 228 416 262 ἐγένετο.
441 230 473 256 Et
499 231 532 257 ἐκ
552 231 734 267 πληρώματος
749 234 763 259 6
776 223 866 269 νόμος,
883 236 903 271 ὴ,

960 235 1067 269 perinde
1081 237 1197 271 atquein
1208 223 1355 273 Evangelii)
1368 223 1499 274 scriptum
1516 223 1557 267 est
1566 248 1571 265 :
1580 223 1618 267 1);
1625 223 1737 274 plenita—

111 273 196 318 χάρις
221 273 268 299 καὶ
285 274 301 308 ἡ
318 273 431 318 άλήθεια
451 275 502 301 τοῠι
517 276 614 311 Ἰησοῦ,
632 277 739 304 Παλαιὰ
756 279 803 304 καὶ
814 279 902 313 Καινὴ

960 280 1014 307 ϋηο
1028 281 1084 315 ejus
1105 290 1152 308 nos
1166 291 1253 310 omnes
1270 285 1445 318 accepimus'.
1467 285 1597 318 Quaenam
1617 295 1681 314 vero
1697 292 1740 314 est

110 315 236 352 Διαθήκη
248 318 277 343 ὲν
288 317 326 352 τῷ
340 318 414 353 νόμῳ
430 319 477 346 καὶ
490 320 581 354 χάριτι
600 322 647 348 καὶ
659 322 783 357 ἀληθείᾳ.

953 325 998 352 illa
1010 326 1162 360 plenitudo?
1170 327 1234 361 Lex,
1245 330 1341 363 inquit.
1351 330 1519 365 perMoysem
1530 333 1593 358 data
1599 333 1740 367 est,grutia

111 365 138 387 et
155 362 253 411 ueritas
263 371 311 411 per
321 363 412 411 Jesum
422 365 496 398 facta
506 371 544 393 est
554 367 574 393 '.
606 367 663 394 Illic
676 376 758 402 porro
771 369 833 396 data
848 373 901 401 est,
916 369 961 397 hic
975 371 1058 398 facta.
1074 373 1151 405 Quod
1166 374 1188 401 si
1207 362 1293 401 exilia
1309 362 1474 411 plenitudine
1492 377 1612 404 derivata
1627 362 1667 404 le;
1685 382 1738 406 est.

111 407 202 456 gratia
214 411 242 456 et
257 409 357 456 veritas
375 408 439 437 Iesu
450 411 590 444 tribuitur,
605 412 747 442 tamVetus
762 421 843 448 quam
858 414 961 443 Novum
974 415 1178 446 Testamentum
1191 419 1247 454 lege
1261 424 1287 447 et
1299 407 1384 456 gratia
1396 429 1428 449 ac
1451 423 1565 449 veritate
1573 424 1739 450 continetur.

149 454 212 482 08'.
228 455 325 491 Ἑτέρα
336 456 365 482 δὲ
377 457 458 484 πάλιν
464 458 534 491 λέξει
550 459 681 495 κέχρηται
690 462 706 487 6
718 461 799 492 αὐτὸς
808 461 904 496 Μάνης

111 498 239 532 φάσκων,
253 500 294 526 ὅτι
314 501 339 526 Ὀ
351 502 478 535 Χριστὸς
493 503 678 537 ἐξηγόρασεν
690 505 768 539 ἡμᾶς
778 506 836 532 ἀπὸ
849 505 904 539 τῆς

113 543 247 578 κατάρας
256 546 310 572 τοῦ
318 547 423 581 νόμου,
433 549 591 582 γενόμενος
601 549 677 583 ὑπὲρ
684 549 768 584 ἡμῶν
779 550 901 584 κατάρα.

113 591 226 624 Δεγέτω
239 591 329 618 τοίνυν
342 593 427 624 ποίοις
445 594 586 630 ἀργυρίοις
601 596 618 630 ἡ
637 596 771 631 ἀγορασία
787 596 903 631 γεγένη-

113 645 177 663 ται-
196 638 271 664 ποῖον
288 637 319 664 τὺ
337 639 445 674 τίμημα
466 640 481 666 ὃ
496 640 609 672 δέδοται,
626 641 669 666 ἵνα
684 641 757 676 ἡμᾶς
767 641 901 677 ἀγοράσῃ.

112 681 154 708 Οὐ
169 681 224 717 γὰρ
238 680 324 714 εἶπεν,
340 683 354 709 6
369 684 515 719 ἠγόρασεν,
533 685 590 711 ἀλλ’
606 686 803 720 ἐξηγύριισεν.
825 686 905 712 Ἀλλὰ

113 728 165 761 τὴν
178 727 226 761 μὲν
244 728 393 763 ἀγορασίαν
415 730 567 762 ἐπίσταται,
581 731 610 757 τὸ
626 731 654 757 δὲ
674 731 783 766 τίμημα
801 732 903 765 ἀγνοεῖ.

120 772 154 798 Ἡ
172 771 201 797 δὲ
220 772 335 808 ἀλήθεια
348 774 382 801 τὰ
407 775 549 810 ἀμφότερα
571 776 706 810 ὁμολογεῖ.
741 777 905 812 Ἐξηγόρασε

992 463 1110 493 LXXIX.
1137 465 1208 499 Quin
1236 471 1263 494 et
1286 468 1351 495 illud
1377 469 1540 496 Manichacus
1558 477 1573 496 e
1590 469 1740 504 Scripturis

956 510 1072 537 arcessit
1085 519 1091 536 :
1108 511 1229 538 Christus
1241 513 1350 539 redemit
1362 522 1408 540 nos
1422 523 1439 540 a
1450 515 1588 541 maledicto
1602 515 1674 549 legis,
1691 514 1734 548 [a-

955 559 1012 581 ctus
1036 563 1084 589 pro
1107 557 1179 583 nobis
1204 557 1405 586 maledictunt'.
1434 558 1510 585 Dicat
1533 559 1614 593 igitur
1633 560 1734 594 quibus

955 599 1076 626 nummis
1091 601 1161 627 facta
1179 601 1224 627 illa
1244 602 1279 628 sit
1298 603 1416 637 emptio,
1433 602 1539 637 quodve
1558 603 1671 637 pretium
1691 611 1744 637 pro'

956 644 1036 671 nobis
1050 652 1195 679 repensum
1211 646 1301 674 fuerit.
1315 647 1372 674 Non
1389 648 1461 675 enim
1484 647 1571 679 dixit,
1588 649 1664 677 emit.
1680 648 1740 676 sed.

957 689 1075 717 redemit.
1093 690 1192 718 Verum
1208 699 1269 718 cum
1294 693 1459 727 emptionem
1478 693 1600 724 noverit,
1622 693 1740 727 pretium

958 739 1048 762 tamen
1069 736 1187 770 ignorat.
1206 736 1358 772 Utrumque
1380 745 1461 772 porro
1477 738 1577 765 veritas
1594 738 1654 772 ipsa
1671 745 1739 764 con-

959 780 1060 808 ﬁtetur.
1074 781 1157 808 Plane
1171 782 1272 817 quippe
1286 790 1337 809 nos
1353 783 1479 814 redemit,
1496 790 1528 809 ac
1541 790 1589 817 pro
1605 783 1685 809 nobis
1700 782 1741 809 fa-

113 817 172 852 γὰρ
183 817 266 852 ἡμᾶς,
286 819 333 845 καὶ
351 819 487 854 ἠγόρασεν
510 820 617 855 ἀληθῶς
636 821 690 848 ἀπὺ
714 822 837 857 κατάρας
858 821 905 847 τοῦ

960 831 1018 854 ctus
1035 827 1219 858 maledictum,
1235 836 1250 854 a
1266 828 1333 862 legis
1348 835 1399 854 nos
1423 828 1568 854 maledicto
1581 829 1668 862 pretio
1681 828 1742 854 vin-

115 862 212 897 νόμου,
229 863 373 897 γενόμενος
387 865 457 900 ὑπὲρ
474 865 552 900 ἡμῶν
565 867 682 902 κατάρα.
695 867 750 893 Καὶ
770 867 828 898 πῶς
840 867 904 901 ἠγό-

115 917 202 944 ρασεν
214 910 297 944 ἡμᾶς.
305 910 387 942 εὐθὺς
395 911 520 947 ἐπιφέρει
532 913 546 939 6
560 912 718 944 διδάσκαλος
731 913 781 948 τῆς
793 913 908 948 Ἐκκλτιο

116 953 191 985 σίας,
208 954 330 988 φάσκων,
349 955 389 982 ὅτι
406 956 478 990 Tum
494 957 690 991 ἠγοράσθητε,
707 958 791 992 τιμίῳ
807 959 907 993 αἵματι

121 998 234 1033 Ἀμνοῦ
250 999 381 1035 ἀμώμου,
398 1002 447 1028 καὶ
459 1002 592 1029 ἀσπίλου
613 1004 753 1037 Χριστοῦ.
769 1004 802 1030 Et
818 1005 907 1032 τοίνυν

115 1043 158 1075 τῷ
172 1044 267 1078 αἵματι
280 1045 461 1080 ⁴Ιιγοριίισϐητε,
476 1047 524 1082 οὐχ
537 1047 668 1083 ὑπάρχεις
683 1048 737 1075 τῶν
750 1049 907 1085 ἠγορασμέ-

116 1099 182 1122 νων,
212 1087 235 1117 ὦ
257 1091 347 1127 Μάνη,
374 1092 467 1127 ἐπειδὴ
491 1092 521 1118 τὸ
543 1091 612 1128 αἷμα
628 1095 756 1129 ἁρνῆσαι.
776 1095 861 1122 Πόθεν
879 1095 908 1121 δὲ

115 1137 193 1171 ἡμᾶς
216 1137 348 1172 ὴγόρασε;
375 1137 447 1172 λέγε.
481 1138 650 1174 ’Δλλοτρίους
675 1140 755 1171 liv-mg
768 1140 907 1176 ὠνήσατο;

114 1179 191 1217 Ἀρα
203 1182 340 1216 ἠπόρησεν
354 1184 369 1209 6
381 1183 513 1219 πρότερον
532 1184 609 1219 ἡμῶν
622 1184 766 1220 δεσπότης,
783 1186 830 1212 καὶ
849 1187 908 1212 ἐπι-

115 1225 243 1261 ὂεόμενος
255 1227 301 1253 τοῦ
317 1228 395 1263 ἡμῶν
413 1229 577 1264 τιμήματος,
596 1229 684 1256 λαῦὼν
700 1230 815 1257 ἀπέδοτο
834 1231 908 1266 ἡμᾶς

115 1272 247 1307 Χριστῷ,
270 1273 326 1299 Καὶ
352 1274 376 1299 εἰ
392 1274 565 1309 ἀπεδόθημεν
583 1275 703 1310 Χριστῷ,
721 1276 811 1302 οὐκέτι
825 1276 908 1310 ἐσμὲν

116 1318 165 1344 τοῦ
196 1318 339 1354 προτέρου.
364 1320 396 1345 Εἰ
424 1320 513 1347 τοίνυν
537 1320 551 1346 6
571 1320 704 1356 πρότερος
717 1322 808 1347 οὐκέτι
835 1322 909 1356 ἡμᾶς

117 1362 261 1398 κέκτηται,
279 1363 334 1399 ἄρα
346 1364 396 1399 τῆς
405 1364 487 1391 αὑτοῦ
498 1366 656 1401 περιουσίας
673 1366 724 1398 ἔξω
735 1366 852 1400 ἐγένετο,
862 1366 910 1392 καὶ

117 1409 149 1435 ὲν
176 1409 232 1439 τοῖς
266 1409 340 1441 ἰδίοις
365 1410 458 1442 τόποις
474 1411 524 1437 οὐκ
545 1410 602 1446 ἔχει
621 1411 756 1444 ἐξουσίαν.
775 1412 838 1443 Πῶς
862 1410 909 1438 οὖν

119 1455 272 1489 ἐνεργεῖται
286 1455 315 1481 ὲν
330 1456 387 1487 τοῖς
401 1457 471 1486 υἱοῖς
492 1457 545 1491 τῆς
558 1456 708 1489 ἀπειθείας,
728 1457 800 1484 κατὰ
814 1458 844 1484 τὸ
859 1465 908 1491 γε-

119 1486 296 1535 γραμμένον,
317 1501 386 1527 Ἀλλ’
399 1501 461 1528 οὔτε
472 1486 756 1537 ταῖις-ὴγύρασενῶῠτε
773 1502 831 1534 πῶς
844 1486 908 1538 ἡγο-
922 1486 942 1514 C

123 1546 277 1581 ράσθημεν,
292 1546 354 1573 οὗτε
366 1547 424 1578 πῶς
440 1548 547 1583 κατάρα
562 1548 631 1583 ὑπὲρ
646 1549 724 1583 ἡμῶν
737 1548 841 1583 γέγονε,
857 1549 911 1576 νοεῖ

73 1599 76 1600 ⁷
119 1593 135 1618 6
145 1593 216 1618 κατὰ
228 1593 316 1619 πάντα
331 1593 549 1627 μανεὶς,ἀνοίξας
561 1593 643 1620 αὑτοῦ
655 1594 685 1620 τὸ
694 1594 791 1629 στόμα,
809 1595 855 1621 καὶ
873 1594 910 1630 μὴ

119 1636 268 1670 δυνάμενος
293 1638 357 1672 περὶ
373 1634 411 1664 ὧν
427 1637 500 1672 λέγει
524 1638 754 1665 διαϐεϐαιοῦσθαι.
775 1639 840 1665 Ἰδοὺ
855 1639 910 1674 γὰρ

120 1682 218 1713 αὐτοὺς
233 1682 339 1717 ὁρῶμεν
351 1682 478 1716 λέγοντας
493 1684 522 1710 ὲν
539 1685 573 1718 τῇ
589 1683 784 1719 παλιγγενεσία
799 1684 849 1718 τῆς
863 1684 912 1710 αὺ-

121 1728 169 1754 τοῦ
185 1728 344 1763 παρουσίας,
363 1729 410 1755 καὶ
422 1729 571 1764 κράζοντας
584 1738 590 1744 ·
610 1729 662 1755 Ἐν
674 1729 713 1761 τῷ
728 1729 773 1761 σῷ
789 1729 911 1763 ὀνόματι.

121 1772 282 1807 ἐφάγομεν,
311 1774 359 1800 καὶ
378 1775 413 1800 ἐν
431 1773 471 1806 τῷ
487 1774 533 1806 σῷ
558 1774 679 1808 ὀνόματι
703 1774 841 1808 δαιμόνια
861 1773 911 1806 ἑξ-

121 1818 279 1853 εσάλομεν.
308 1819 363 1845 Καὶ
391 1819 452 1854 ὲρεῖ.
476 1819 543 1854 πρδς
558 1819 665 1851 αὐτοὺς,
687 1819 841 1847 Ἀπέλθετε
859 1819 909 1846 ἀπ’

121 1863 206 1897 ἐμοῦ,
232 1862 444 1897 κατηραμένοι·
458 1864 540 1890 οὔπω
560 1863 657 1898 ἔγνων
676 1864 764 1898 ὑμᾶς.
783 1864 845 1895 Πῶς
862 1861 907 1890 οὖν

122 1908 205 1935 αὐτὸν
218 1908 387 1943 ὁμολογοῦσι,
410 1910 457 1935 καὶ
478 1909 557 1940 αὐτὸς
578 1909 675 1940 αὐτοὺς
695 1910 848 1945 καταρᾶται
860 1909 910 1942 ,Τί

121 1953 151 1980 δὲ
167 1951 201 1988 ἦν
223 1955 239 1988 ἡ
263 1953 368 1988 κατάρα
385 1953 431 1980 τοῦ
443 1954 537 1988 νόμου,
555 1954 623 1980 ἀλλὰ
640 1954 746 1989 κατάρα
764 1954 811 1980 τοῦ
829 1954 909 1989 νόμου

124 1998 240 2034 σταυρὸς
251 1999 295 2025 διὰ
305 1999 354 2030 τὰς
369 1999 522 2034 dilapsi“;
543 1998 606 2025 Ἐὰν
624 1999 678 2034 γάρ
696 2008 737 2030 τις
751 1998 909 2034 καταληφθῇ

123 2045 154 2070 ἐν
162 2043 375 2079 παραπτώματι,
390 2044 481 2077 ἔλεγεν
494 2045 508 2070 6
517 2044 607 2079 νόμος,
617 2046 669 2071 Καὶ
679 2044 846 2078 κρεμάσητε
856 2045 910 2070 αὺ-

124 2090 179 2116 τὸν
192 2091 241 2116 ἐπὶ
258 2090 364 2122 ξύλου,
381 2092 416 2117 οὐ
427 2091 471 2124 μὴ
494 2091 569 2124 δύνῃ
581 2092 597 2117 ὀ
611 2090 697 2124 ἣλιος
712 2091 758 2117 ἐπ’
770 2090 849 2122 αὐτῷ
861 2091 911 2117 ἐπὶ

958 871 1072 898 dicavit.
1089 871 1222 898 Caeterum
1238 880 1356 906 quonam
1381 872 1462 898 modo
1479 872 1668 904 vindicaverit,
1687 876 1743 899 sta-

958 915 1007 942 tim
1032 915 1162 943 Ecclesia‘.
1189 917 1319 951 magister
1346 916 1480 950 sulijicit:
1503 916 1612 948 Pretio,
1634 917 1740 951 inquit.

957 961 1036 995 empti
1050 962 1129 993 estis,
1151 962 1266 996 pretioso
1281 963 1407 996 sanguine
1420 961 1488 996 Agni
1505 961 1670 988 immaculuti
1681 981 1688 993 ,
1714 965 1743 988 et

957 1007 1158 1033 incontaminati
1172 1006 1270 1034 Christi
1279 1006 1299 1034 ⁵.
1309 1006 1490 1038 Quamobrem
1499 1007 1521 1033 si
1532 1006 1664 1041 sanguine
1675 1005 1736 1032 red-

957 1052 1041 1087 empti
1069 1060 1180 1083 sumus,
1197 1059 1368 1086 nequaquam
1384 1052 1455 1078 inter
1474 1051 1640 1086 redemptos,
1653 1050 1742 1077 Mani-

957 1097 1050 1129 cltaze,
1068 1096 1253 1123 numerandus
1268 1104 1298 1123 es
1311 1116 1318 1128 ,
1337 1104 1400 1123 cum
1423 1096 1584 1130 sanguinem
1609 1097 1739 1130 abncgcs.

959 1141 1101 1168 Undenam
1118 1149 1183 1169 vero
1199 1149 1249 1168 nos
1268 1141 1400 1168 redemit?
1419 1142 1482 1172 dic,
1502 1141 1592 1168 sodes.
1618 1141 1659 1167 An
1680 1149 1742 1167 cum

958 1186 1040 1213 alieni
1065 1186 1137 1221 juris
1152 1194 1277 1213 essemus
1293 1186 1457 1220 acquisivit?
1474 1185 1542 1212 Num
1562 1193 1625 1212 vero
1644 1184 1678 1210 ad
1700 1185 1743 1210 in-

957 1232 1048 1266 opiam
1073 1235 1100 1259 et
1125 1232 1278 1266 angustiam
1302 1231 1378 1265 prior
1403 1235 1497 1257 noster
1523 1231 1654 1257 dominus
1683 1230 1744 1256 red-

958 1284 1047 1310 actus,
1063 1285 1095 1303 ac
1111 1277 1198 1312 pretio
1214 1280 1309 1304 nostro
1324 1275 1449 1309 indigens
1466 1275 1576 1302 Christo
1590 1282 1641 1302 nos
1654 1274 1745 1301 vendi-

959 1323 1018 1349 dit?
1032 1322 1115 1357 igitur
1131 1323 1154 1350 si
1173 1322 1285 1349 Christo
1301 1322 1405 1349 venditi
1421 1329 1518 1348 sumus
1531 1341 1538 1352 ,
1558 1329 1610 1348 non
1627 1319 1745 1355 amplius

959 1369 988 1396 in
1001 1369 1101 1403 prioris
1119 1368 1258 1402 mancipio
1274 1372 1379 1395 sumus.
1395 1366 1472 1399 Quod
1494 1366 1516 1393 si
1536 1365 1675 1400 possidere
1695 1372 1745 1391 nos

959 1414 1004 1441 ille
1017 1414 1111 1446 desiit,
1129 1413 1233 1441 ditione
1247 1421 1296 1440 sua
1312 1413 1436 1447 deiectus
1448 1417 1500 1444 est,
1517 1419 1567 1438 nec
1583 1411 1610 1437 in
1626 1410 1749 1445 propriis

960 1459 1071 1487 sedibus
1092 1459 1139 1494 jus
1159 1460 1245 1486 ullum
1266 1458 1382 1485 obtinet.
1409 1458 1531 1490 Quonam
1556 1456 1640 1491 igitur
1664 1456 1745 1482 modo

960 1509 1089 1540 operatur
1100 1505 1127 1532 in
1139 1505 1202 1532 [iliis
1214 1504 1416 1536 inobedientite,
1433 1503 1504 1531 sicut
1519 1503 1649 1536 scriptum
1666 1500 1747 1529 est'?

962 1550 1016 1577 Sed
1042 1549 1171 1576 nimirum
1194 1557 1283 1583 neque
1297 1548 1434 1583 quomodo
1459 1554 1509 1574 nos
1530 1545 1659 1573 Christus
1683 1545 1746 1572 red-

960 1595 1066 1627 emerit,
1080 1594 1265 1628 redemptique
1280 1594 1331 1628 ipsi
1348 1593 1490 1623 fuerimus,
1511 1599 1598 1625 neque
1609 1590 1746 1625 quomodo

961 1639 1135 1666 maledictum
1151 1647 1199 1673 pro
1215 1639 1295 1665 nobis
1312 1638 1448 1665 exstiterit
1463 1656 1471 1668 ,
1489 1637 1611 1664 furiosus
1626 1637 1671 1663 ille
1687 1635 1746 1662 Ma-

961 1683 1084 1710 nichacus
1109 1683 1254 1717 intelligit,
1272 1682 1317 1716 qui
1333 1685 1428 1716 aperto
1442 1688 1490 1707 ore
1505 1680 1589 1706 multa
1607 1679 1745 1711 eﬂ'utiens,

960 1736 1021 1763 qua:
1036 1728 1103 1756 dicit
1124 1728 1241 1762 probare
1270 1734 1323 1753 non
1342 1729 1442 1760 potest.
1461 1724 1530 1751 Ecce
1553 1725 1625 1751 enim
1653 1725 1679 1749 in
1700 1730 1745 1749 se-

961 1773 1050 1800 cundo
1067 1773 1140 1800 illius
1163 1772 1281 1798 adventu
1305 1778 1337 1798 ac
1369 1770 1542 1797 restitutione
1561 1768 1653 1794 mundi
1672 1767 1744 1794 voci-

961 1820 1080 1847 ferantes
1102 1819 1164 1846 illos
1178 1818 1304 1845 videmus
1320 1826 1327 1844 :
1349 1815 1382 1843 In
1397 1815 1499 1842 nomine
1515 1819 1559 1840 tuo
1574 1813 1745 1845 comedimus,

960 1870 985 1893 et
1000 1866 1026 1892 in
1043 1865 1145 1892 nomine
1162 1868 1205 1890 tuo
1220 1863 1300 1898 700
1316 1862 1446 1889 damonia
1464 1861 1588 1895 ejecimus
1600 1861 1622 1887 °.
1640 1859 1746 1892 Quibus

961 1912 1007 1939 ille
1018 1910 1193 1945 respondebit
1210 1918 1216 1935 :
1231 1909 1362 1936 Discedite
1375 1916 1390 1934 a
1402 1915 1452 1939 me,
1469 1906 1621 1933 maledicti’
1635 1915 1642 1932 :
1661 1905 1747 1932 nescio

961 1965 1005 1984 vos
1015 1957 1038 1983 ⁸.
1059 1956 1115 1983 Cur
1131 1964 1193 1983 cum
1213 1963 1275 1982 eum
1295 1955 1486 1984 conﬁteantur,
1505 1953 1565 1987 ipse
1580 1955 1670 1978 tamen
1684 1951 1746 1978 illos

961 2002 1141 2030 exsecratur?
1166 2000 1237 2034 Quid
1262 2005 1352 2027 autem
1379 1998 1453 2026 aliud
1478 1998 1653 2025 maledictum
1679 1997 1748 2032 legis

961 2052 1014 2079 est,
1037 2051 1137 2082 praeter
1153 2053 1262 2074 crucem
1273 2065 1280 2077 ,
1299 2052 1360 2080 qua:
1380 2048 1489 2079 propter
1503 2047 1616 2077 peccata
1632 2041 1746 2069 maledi-

962 2096 1035 2119 ctum
1053 2091 1121 2125 legis
1135 2094 1177 2118 est
1192 2090 1282 2117 facta?
1296 2089 1402 2116 Etenim
1419 2089 1442 2115 si
1459 2088 1522 2123 quis
1535 2087 1561 2113 in
1578 2086 1679 2114 delicto
1696 2086 1746 2113 de-

123 2134 165 2167 τῷ
177 2136 342 2170 θνησιμαίφ
352 2135 455 2168 αὐτοῦ,
471 2135 551 2162 ἀλλὰ
563 2136 740 2167 καθελόντες
759 2136 907 2163 καθελεῖτέ

962 2136 1115 2171 prehensus
1129 2139 1212 2167 essm,
1237 2135 1271 2162 de
1287 2142 1320 2161 eo
1339 2134 1382 2161 lex
1399 2133 1452 2160 ista
1474 2133 1589 2166 jubebat
1604 2140 1611 2158 :
1629 2131 1746 2165 Suspen-

123 2188 156 2206 τε
170 2180 273 2213 αὐτὸν,
292 2181 341 2207 καὶ
359 2180 509 2214 θάψαντες
532 2180 641 2214 θάψετε
667 2180 760 2207 αὐτὸν
781 2180 839 2214 πρὸ
857 2180 909 2207 δύ-

123 2232 203 2258 σεως
217 2225 270 2252 τοῦ
285 2225 375 2259 ἡλίου
385 2235 392 2241 ·
412 2225 456 2252 ὅτι
471 2225 684 2260 ἑπικατάρατος
699 2225 758 2258 πᾶς
775 2228 791 2253 ὁ
806 2226 912 2260 κρεμά-

121 2278 215 2304 μενος
227 2270 275 2296 ὲπὶ
287 2270 341 2296 τοῦ
358 2270 464 2302 ξύλου.
486 2270 561 2296 Ἐπεὶ
573 2268 620 2296 οὖν
634 2269 679 2296 διὰ
695 2269 744 2304 τὴν
760 2270 912 2305 σταύρωσιν

124 2314 142 2349 ἡ
154 2314 262 2349 κατάρα
278 2314 487 2349 προσετέτακτο,
503 2313 587 2340 ἐλθὼν
602 2314 630 2339 δὲ
643 2313 723 2344 αὐτὸς
751 2313 801 2344 τὰς
821 2314 912 2348 ἁμαρ-

123 2359 186 2391 τίας
208 2359 287 2394 ἡμῶν
306 2360 454 2394 ἀνήνεγκεν
467 2359 514 2385 ἐπὶ
529 2359 619 2392 ξύλου,
635 2359 703 2394 ὑπὲρ
718 2359 795 2394 ἡμῶν
816 2359 911 2385 ἑαυτὸν

123 2405 260 2436 δεδωκὼς,
280 2404 311 2430 τὸ
335 2402 404 2439 αἷμα
432 2405 514 2431 αὑτοῦ
534 2405 607 2439 ἡμᾶς
630 2405 766 2440 ἠγόρασε,
785 2404 815 2431 τὸ
831 2404 911 2439 σῶμα

124 2451 209 2478 αὑτοῦ
228 2451 307 2486 ἡμῶν
319 2451 368 2482 τὰς
388 2450 510 2486 κατάρας
531 2450 618 2482 ἔλυσε,
634 2451 757 2477 τουτέστι
770 2450 854 2482 λύσας
862 2451 911 2482 τὰς

124 2498 264 2532 ἁμαρτίας
291 2497 335 2523 διὰ
359 2497 408 2532 τῆς
432 2496 480 2522 τοῦ
507 2496 622 2532 σταυροῦ
642 2497 784 2531 μετανοίας
798 2497 912 2531 καὶτῆς

124 2543 208 2571 αὑτοῦ
238 2544 398 2578 παρουσίας.
431 2542 500 2569 Οὔτε
529 2540 575 2570 οὗν
597 2543 611 2568 6
641 2543 722 2577 νόμος
739 2542 858 2577 κατάρα,
873 2542 910 2577 μὴ

124 2589 252 2622 γένοιτοι
273 2588 335 2614 οὔτε
352 2589 383 2614 τὸ
414 2588 578 2622 Εὐαγγέλιον
600 2587 680 2614 ἔλαϐε
699 2588 749 2622 τὴν
777 2587 909 2622 κατάραν,

124 2634 190 2661 οὒτε
216 2635 230 2660 ὁ
250 2634 349 2669 Κύριος
360 2642 367 2648 ’
386 2633 449 2660 ἀλλὰ
471 2633 514 2660 διὰ
526 2635 574 2668 τῆς
591 2633 752 2668 προφάσεως
768 2632 815 2658 τοῦ
829 2632 910 2659 αὑτοῦ

127 2679 244 2705 θανάτου
257 2679 366 2705 λέλυται
380 2680 395 2705 6
409 2679 521 2710 θάνατος
540 2679 555 2704 ὁ
570 2678 640 2705 κατὰ
651 2678 701 2712 τῆς
715 2678 860 2712 ἁμαρτίας.

961 2181 1028 2208 detis
1040 2181 1116 2207 illum
1130 2181 1157 2208 in
1169 2181 1250 2215 ligna.
1269 2179 1330 2206 Non
1342 2179 1440 2206 occidet
1452 2179 1491 2205 sol
1499 2186 1577 2212 super
1589 2178 1646 2207 illa.
1661 2182 1686 2203 et
1699 2185 1745 2204 su-

960 2235 1005 2261 per
1016 2226 1140 2253 cadavere
1159 2226 1227 2259 eius,
1252 2225 1297 2251 sed
1316 2223 1464 2258 deponendo
1480 2223 1612 2257 deponetis
1631 2230 1700 2253 eum,
1725 2229 1751 2250 et

961 2272 1111 2306 sepelientes
1129 2271 1256 2305 sepelieris
1277 2275 1337 2297 ante
1361 2271 1425 2297 solis
1452 2278 1575 2297 occasum
1588 2290 1595 2301 ,
1620 2269 1745 2304 quoniam

961 2318 1116 2345 maledictus
1132 2318 1216 2344 omnis
1235 2317 1279 2352 qui
1296 2316 1387 2351 pendet
1401 2317 1428 2343 in
1449 2316 1517 2351 ligno
1526 2316 1547 2343 '.
1571 2315 1664 2350 Itaque
1682 2323 1746 2342 cum

963 2364 999 2391 ob
1024 2364 1115 2391 crucis
1145 2363 1308 2398 supplicium
1330 2362 1482 2389 constituta
1511 2362 1547 2389 sit
1577 2361 1747 2394 maledictio,

963 2407 1088 2436 Christus
1102 2415 1184 2443 porro
1195 2407 1309 2434 veniens
1325 2407 1351 2433 in
1364 2414 1446 2433 cruce
1460 2411 1571 2441 peccata
1583 2410 1676 2433 nostra
1688 2413 1746 2433 sus-

964 2454 1068 2486 tulerit,
1101 2461 1132 2480 ac
1159 2453 1336 2487 semetipsum
1362 2456 1456 2479 nostra
1483 2459 1566 2479 causa
1590 2450 1746 2484 tradiderit,

964 2499 1023 2533 ejus
1038 2506 1088 2525 nos
1105 2498 1219 2533 sanguis
1241 2497 1367 2529 redemit,
1391 2497 1533 2532 ipsiusque
1547 2504 1647 2531 corpus
1667 2504 1746 2523 exse-

964 2543 1103 2570 crationes
1120 2547 1230 2570 nostras
1245 2542 1384 2576 discussit,
1406 2550 1468 2569 cum
1488 2542 1594 2570 scilicet
1611 2542 1746 2576 pmniten.

965 2588 1001 2613 tia
1029 2588 1122 2615 crucis
1155 2588 1326 2622 adventuque
1342 2595 1393 2615 suo
1409 2592 1520 2622 peccata
1538 2591 1631 2613 nostra
1647 2585 1746 2612 dissol-

964 2633 1012 2659 vit.
1022 2633 1157 2666 Quocirca
1175 2642 1263 2668 neque
1276 2634 1317 2661 lex
1334 2634 1507 2660 maledictum
1524 2633 1585 2663 fuit,
1599 2640 1647 2657 ncc
1659 2631 1744 2657 Evan-

965 2677 1064 2710 gelium
1090 2678 1266 2706 maledictum
1295 2679 1426 2713 suscepit.
1444 2685 1495 2704 nec
1526 2677 1657 2703 Dominus
1686 2675 1747 2710 ipse

128 2729 282 2760 postremo,
311 2725 359 2752 sed
387 2725 483 2752 mortis
508 2725 581 2751 illius
610 2724 744 2751 beneﬂcio
778 2723 910 2751 adversus
927 2727 1037 2757 peccata
1052 2724 1200 2751 constituta
1217 2725 1315 2751 mortis
1331 2727 1374 2751 est
1389 2730 1468 2758 poma
1483 2722 1599 2750 sublata.

167 2783 176 2798 ί
190 2783 268 2809 Joan.
289 2790 309 2814 ι,
327 2783 368 2809 16.
419 2782 430 2797 ¹
449 2781 512 2808 ibid.
531 2782 574 2809 l7.
620 2782 630 2798 ³
649 2781 707 2809 Gal.
727 2790 768 2813 ιιι,
789 2783 830 2809 15.

128 2818 136 2832 '
155 2818 251 2846 Matth.
269 2825 333 2849 xxv,
353 2817 396 2844 Μ.
435 2816 521 2844 “Luc.
543 2825 603 2850 xtu,
623 2817 665 2844 27.

887 2781 919 2808 ⁸1
940 2781 1009 2808 Petr.
1026 2789 1044 2813 I,
1062 2782 1105 2815 18,
1128 2783 1170 2810 I9.

713 2817 723 2833 ’
742 2817 820 2845 Deut.
837 2825 893 2851 xxi,
911 2816 955 2849 22,
972 2816 1015 2844 25.

1223 2784 1233 2800 '
1249 2783 1347 2819 Ephcs.
1362 2791 1391 2809 ιι.
1407 2783 1434 2809 2.
1493 2782 1503 2796 ⁶
1522 2780 1616 2807 Matth.
1631 2787 1680 2811 νιι,
1699 2782 1743 2810 2-3,
