1939 3036
175 145 230 174 155

209 213 288 246 Quod
317 221 380 241 vero
405 214 468 240 illud
486 213 579 248 objicit
599 222 604 240 :
624 212 679 240 Lea:
701 213 861 239 ministratio
887 220 956 238 mor—

174 259 208 285 tis
225 265 282 285 erat
293 259 301 274 ⁸
312 279 319 292 ,
332 259 365 286 de
384 267 417 286 eo
432 261 508 294 plttra
524 264 601 286 antea
620 259 751 290 diximus,
769 258 850 292 idque
869 261 960 284 osteu~

175 304 284 336 dimus,
320 312 490 340 nequaquam
523 304 610 339 legem
647 304 745 331 mortis
773 303 962 330 administram

180 350 276 377 fuisse.
292 349 350 377 Non
366 351 439 377 enim
459 350 559 377 ('tudCIll
580 350 771 384 praecipiebat,
790 349 844 375 imo
859 357 874 375 e
897 355 964 375 con-

176 395 261 421 trario
276 403 283 421 :
301 395 362 422 Non
377 395 477 422 occides
487 396 507 422 ‘.
525 394 625 422 Verum
641 395 713 429 quod
731 394 895 421 homicidam
914 393 964 420 in—

178 441 264 467 terﬁci
287 440 410 474 jubebat,
436 446 465 467 ut
483 443 563 469 unius
587 442 705 468 hominis
727 449 794 468 nece
818 439 965 475 parricidia

179 486 402 520 prohiberentur,
416 491 443 513 et
458 488 540 513 uuitts
557 487 685 521 exemplo
699 486 824 514 deterriti
844 486 966 520 plerique

179 531 378 565 improbitatem
395 539 471 558 suam
487 536 658 564 coercerent,
672 540 722 559 nec
734 532 851 566 amplius
865 532 965 558 caadem

180 580 387 610 perpetrarent,
411 577 447 604 ob
474 577 499 604 id
524 578 709 604 ministerium
734 578 831 605 mortis
852 585 912 604 esse
927 576 968 603 di-

180 621 262 652 citur,
289 630 342 649 non
360 622 432 657 quod
453 623 549 650 mortis
570 623 731 650 administra
749 624 802 655 sit,
821 621 868 650 sed
894 623 968 658 quod

181 666 326 699 parricida:
343 671 458 694 tuortem
486 667 630 702 inﬂigeret,
651 677 684 696 ne
704 669 796 703 plures
811 677 844 695 eo
861 677 890 695 se
910 676 970 695 sce-

181 711 237 738 lere
262 712 380 746 amplius
406 713 622 748 obstringerent.
641 713 739 741 Postea
756 722 821 741 vero
844 713 970 740 Salvator

181 756 331 788 accedens,
359 765 420 784 cum
449 758 615 794 paedagogus
647 759 773 786 homines
799 759 969 793 castigasset,

182 801 280 828 bonam
294 803 427 836 temporis
442 808 546 837 partem
562 805 589 830 in
606 804 746 832 tradendis
761 804 971 838 perfectioribus

182 846 354 875 documentis
369 849 528 884 insumpsit,
545 857 720 884 summopere
737 858 798 877 cum
812 850 888 877 hisce
905 850 971 885 legis

878 141 907 168 S.
929 136 1097 167 EPIPHANII

971 211 994 236 Λ
1044 195 1111 224 Εἶτά
1128 203 1210 231 φησιν
1226 214 1234 225 ,
1259 193 1301 220 δτι
1333 193 1360 218 '0
1383 188 1642 236 rdyocratazow'a
1747 186 1802 236 τοῦ

1751 126 1801 154 156

1012 243 1152 270 θανάτου.
1172 240 1241 275 Ἤδη
1259 239 1323 275 περὶ
1339 237 1434 264 τούτου
1451 235 1536 262 πολλὰ
1556 235 1678 268 εἴπομεν,
1698 233 1740 258 ὅτι
1753 232 1803 257 οὐκ

1012 289 1094 320 αὐτὸς
1106 286 1139 322 ἦν
1152 287 1273 317 διάκονος
1288 284 1412 311 θανάτου.
1429 281 1497 308 Οὔτε
1510 281 1564 316 γὰρ
1576 280 1652 313 ἔλεγε
1668 277 1804 312 φονεύειν,

1013 334 1071 361 ἀλλ’
1088 333 1213 359 ἐκέλευσε
1239 330 1342 364 λέγων·
1366 328 1415 361 Μὴ
1444 327 1609 362 φονεύσῃς.
1641 323 1751 357 Ἐπειδὴ
1778 322 1806 348 δὲ

1014 378 1143 412 ἐφόνευσε
1175 377 1220 402 τὸν
1242 374 1401 409 φονεύοντα,
1417 373 1459 399 ἵνα
1475 370 1606 406 ἀναιρεθῇ
1627 368 1671 395 διὰ
1683 367 1732 394 τοῦ
1745 366 1806 397 ἑνὸς

1015 424 1062 451 τοῦ
1089 421 1264 456 φονευοέντος
1279 421 1295 455 ή
1310 419 1357 446 τοῦ
1380 419 1460 453 φόνου
1477 417 1613 452 ὲνέργεια,
1635 414 1681 440 καὶ
1705 413 1740 439 δι’
1757 412 1806 438 ἕνα

1017 469 1194 505 φοϐηθέντες,
1222 466 1315 493 πολλοὶ
1346 466 1503 499 κατάσχωσι
1534 463 1584 498 τὴν
1615 460 1723 488 ἀδικίαν
1757 458 1805 505 τοῦ

1019 503 1117 550 μηκέτι
1139 512 1276 547 φονεύειν,
1293 513 1309 545 ἡ
1321 509 1442 537 διακονία
1457 507 1491 544 ἦν
1503 507 1627 534 θανάτου·
1643 505 1691 539 οὐχ
1700 505 1744 530 ἵνα
1761 503 1809 529 θά-

1017 574 1095 592 νατον
1110 564 1267 598 διακονὴσῃ,
1285 561 1341 588 ἀλλ’
1357 562 1401 587 ἵνα
1416 560 1529 587 θάνατον
1544 557 1582 593 τῷ
1599 554 1807 592 φονευτῇὲργά-

1019 620 1109 645 θηται,
1131 610 1173 636 ἵνα
1195 608 1291 643 μηκέτι
1308 606 1432 641 φονευταὶ
1447 605 1538 632 πολλοὶ
1550 604 1682 637 γίνωνται.
1706 601 1809 627 Ἐλθὼν

1019 658 1046 684 δὲ
1061 658 1074 683 ὁ
1095 656 1200 691 Σωτὴρ,
1232 654 1324 688 ἐπειδὴ
1339 652 1430 679 λοιπὸν
1446 650 1629 685 ἐσωφρόνισεν
1645 647 1808 681 όπαιδαγω-

1019 705 1077 739 γός,
1102 704 1132 730 τὸ
1157 703 1280 728 πλεῖστον
1303 699 1350 726 τοῦ
1365 699 1460 734 χρόνου
1475 697 1509 723 τὰ
1530 696 1705 730 ὲντελέστερα
1722 693 1810 729 μαθή-

1023 759 1095 786 ματα
1121 750 1228 779 δεικνὺς
1251 747 1320 782 μετὰ
1333 746 1385 780 τῆς
1408 743 1567 780 συμφωνίας
1583 741 1628 768 τοῦ
1642 741 1737 775 νόμου,
1750 739 1811 771 τοῦ,

1021 796 1069 828 Μὴ
1080 793 1298 829 φονεύσῃς-,Μὴ
1313 791 1441 826 κλέψῃς,
1450 789 1497 824 Μὴ
1509 786 1812 823 ψευδομαρτυρήσῃς,

1023 841 1085 875 ἔφη,
1101 841 1142 866 ὃτι
1159 840 1200 871 Τῷ
1210 837 1365 873 ῥαπίζων-τι
1381 844 1418 863 σε
1436 837 1480 867 εἰς
1492 834 1549 868 τὴν
1567 833 1669 864 δεξιὰν
1683 831 1814 866 σιαγόνα

183 893 323 920 mandatis
334 895 511 922 consentiens
525 903 533 921 :
550 895 611 921 Non
623 895 736 927 occides,
752 895 813 922 Non
830 895 972 930 furaberis,

1034 886 1160 921 γτρέψον
1174 885 1255 918 αὐτῷ
1277 884 1327 911 καὶ
1349 883 1406 917 τὴν
1421 883 1521 915 ἄλλην
1531 890 1538 896 ·
1554 881 1595 907 ἵνα
1605 879 1677 930 ζωῆς
1693 878 1815 930 ⁵γένηται

184 937 247 965 Non
262 939 360 972 falsum
377 941 555 967 testimonium
572 941 642 967 dices
654 941 664 956 ³
676 951 683 973 ;
697 941 732 967 ita
747 941 805 976 ipse
822 941 951 976 praecepit
964 951 970 968 :

185 984 215 1010 Si
225 985 283 1018 quis
297 985 418 1012 dextrum
434 986 482 1013 tibi
498 987 636 1013 maxillam
652 987 784 1019 ceciderit,
798 987 884 1021 prwbe
894 987 934 1013 illi
948 992 973 1014 et

185 1029 297 1057 alteram
308 1031 319 1046 ‘
335 1039 341 1056 :
358 1037 387 1058 ut
405 1032 555 1067 parricidio
573 1033 683 1067 penitus
696 1033 832 1060 exstincto
848 1034 910 1059 vita:
925 1033 973 1060 πά·-

186 1074 352 1102 ministratio
371 1077 541 1104 succederet.
557 1077 642 1111 Cujus
665 1078 737 1104 enim
752 1077 863 1104 maxilla
876 1084 974 1111 pereu-

185 1119 264 1151 titur,
286 1120 309 1148 is
324 1121 357 1148 ad
373 1122 473 1149 caedem
503 1123 664 1157 patrandam
683 1130 737 1150 non
756 1126 902 1157 provocat,
926 1123 974 1150 sed

186 1164 306 1193 intentas
329 1165 472 1193 liotnicidae
488 1174 586 1194 tuanus
601 1167 693 1199 solvit,
712 1166 777 1193 dum
794 1167 868 1194 illius
882 1169 975 1202 nequi-

1028 934 1044 967 ἡ
1067 931 1204 963 διακονία,
1218 929 1414 964 ἀναιρουμένου
1431 928 1586 954 παντάπασι
1603 922 1650 951 τοῦ
1666 923 1761 958 φόνου.
1785 922 1816 948 Ὁ

1025 978 1081 1012 γὰρ
1098 977 1264 1011 τυπτόμενος
1279 975 1326 1010 τὴν
1344 974 1455 1007 σιαγόνα
1471 970 1646 1008 παροξυσμὸν
1665 970 1715 996 οὐκ
1731 967 1818 1002 ὲργά-

1026 1024 1100 1055 ζεται
1115 1023 1206 1056 φόνου,
1223 1021 1290 1049 ἀλλὰ
1318 1021 1376 1048 λύει
1396 1021 1445 1055 τὴν
1468 1020 1546 1055 χεῖρα
1559 1017 1606 1044 τοῦ
1626 1014 1767 1050 φονευτοῦ,
1782 1015 1818 1048 τῇ

1025 1068 1259 1104 ταπεινοφροσύνῃ
1283 1067 1413 1094 θωπεύων
1429 1065 1478 1100 τὴν
1496 1065 1524 1090 ἐν
1538 1061 1611 1097 αὐτῷ
1633 1060 1741 1088 κακίαν.
1760 1059 1820 1085 Καὶ

1026 1113 1111 1145 οὕτως
1140 1113 1228 1140 πάντα
1257 1113 1397 1147 συμφωνεῖ
1423 1109 1530 1137 Παλαιὰ
1560 1108 1608 1135 καὶ
1636 1105 1725 1140 Καινὴ
1752 1105 1820 1130 Δια-

1028 1159 1109 1194 θήκη.

187 1211 253 1238 tiam
276 1212 318 1239 sui
347 1213 432 1248 ipsius
459 1214 612 1248 abjectione
635 1214 783 1241 demulcet.
808 1214 897 1248 Atque
921 1215 973 1242 hoc
986 1217 1068 1244 modo
1085 1217 1168 1245 Vetus
1183 1226 1215 1245 ac
1233 1217 1338 1244 Novum
1354 1216 1557 1243 Testamentum
1589 1212 1641 1241 sibi
1671 1211 1699 1238 in
1729 1207 1822 1237 omni-

187 1260 239 1286 bus
253 1263 438 1287 consentanea
455 1264 529 1286 sunt.

224 1305 301 1339 701
319 1305 425 1332 LXXX.
438 1305 540 1333 Praeter
559 1306 616 1333 hinc
632 1311 746 1339 vero,ut
761 1307 831 1334 duas
849 1314 981 1341 personas

189 1350 355 1382 introducat,
372 1358 405 1378 ac
422 1359 502 1378 suum
518 1352 593 1379 illum
611 1358 771 1380 naturarum
786 1358 813 1380 et
829 1354 981 1388 principio-

191 1405 251 1423 rum
271 1397 375 1432 origine
393 1398 544 1425 carentium
573 1406 606 1424 ac
622 1398 745 1425 radicum
760 1400 894 1426 binarium
910 1400 983 1426 affir—

191 1447 257 1476 met,
277 1443 404 1479 idemque
419 1443 445 1470 in
464 1444 547 1471 rebus
563 1444 631 1478 ipsis
650 1444 798 1471 divortium
813 1445 980 1472 constituat:

193 1489 250 1515 haec
275 1489 358 1519 enim,
376 1493 407 1516 ut
427 1493 504 1516 antea
521 1489 652 1521 diximus,
677 1497 805 1524 separare
821 1489 978 1517 contendit:

1067 1309 1107 1334 Π¹.
1128 1305 1195 1334 Εἶτα
1219 1307 1300 1334 πάλιν
1315 1305 1542 1341 ἐπιλαμϐάνεται,
1559 1303 1603 1329 ἴνα
1619 1302 1823 1336 παρεισενέγκῃ

1031 1353 1078 1380 δύο
1094 1353 1247 1389 προσώπων
1261 1353 1372 1387 ἀγωγὴν
1385 1352 1453 1387 πρὸς
1469 1350 1598 1377 σύστασιν
1608 1349 1658 1383 τῆς
1666 1348 1730 1383 παρ’
1747 1347 1825 1381 αὑτῷ

1032 1398 1184 1433 λεγομένης
1197 1398 1302 1430 δυάδος,
1314 1398 1368 1423 τῶν
1382 1405 1412 1423 τε
1431 1396 1477 1422 δύο
1491 1395 1607 1429 φύσεων,
1622 1393 1713 1428 ἀρχῶν
1727 1401 1758 1419 τε
1774 1393 1825 1419 ἀν-

1033 1444 1124 1479 άρχων
1148 1444 1195 1470 καὶ
1217 1443 1309 1478 ῥιζῶν,
1327 1439 1364 1469 ὧν
1383 1442 1433 1477 ἤδη
1449 1442 1579 1477 πρότερον
1603 1440 1768 1475 εἰρήκαμεν,
1787 1439 1825 1465 τὰ

1035 1490 1115 1524 ὃμοια
1130 1489 1289 1524 βουλόμενος
1304 1489 1394 1522 λέγειν
1413 1488 1459 1514 ἐπὶ
1474 1486 1604 1522 διαιρέσει
1617 1485 1670 1511 τῶν
1688 1484 1823 1520 πραγμά-

194 1538 223 1560 ιιι
236 1534 286 1561 hoc
303 1535 384 1570 igitur
392 1535 559 1569 comprobet,
574 1535 694 1569 objicere
710 1536 775 1562 illttd
790 1544 844 1562 non
862 1540 980 1562 veretur.

1035 1543 1102 1562 των’
1117 1535 1229 1570 διαιρεῖν
1243 1534 1329 1566 οὕτως
1344 1534 1461 1569 τολμῶν,
1479 1533 1529 1559 οὐκ
1544 1532 1659 1558 αἰδεῖται
1671 1531 1770 1564 λέγων,
1784 1531 1828 1556 ὅτι

195 1579 290 1611 Vetus,
322 1581 420 1615 inquit,
450 1579 654 1607 Testamentum
680 1581 716 1607 ita
736 1581 857 1615 loquitur
875 1589 882 1607 :
898 1580 985 1606 Meum

193 1629 232 1651 eu
246 1633 351 1656 aurum,
367 1634 451 1652 meum
465 1630 504 1652 est
521 1631 658 1660 argentum
671 1627 681 1641 ⁵
696 1646 704 1658 ,
730 1625 835 1652 Novum
864 1630 960 1653 contra
977 1635 984 1653 :

195 1671 270 1697 Beati
286 1679 411 1705 pauperes
426 1672 534 1706 spiritu,
549 1671 802 1706 quoniamipsorum
816 1675 855 1698 est
878 1679 987 1706 regnum

195 1717 319 1744 cwlorum
337 1718 358 1745 ‘.
377 1718 432 1745 Nec
459 1718 527 1745 illud
547 1718 631 1750 videt,
651 1718 733 1744 etiam
758 1717 786 1744 in
806 1716 903 1744 Vetere
921 1716 987 1744 illud

196 1769 256 1788 esse
271 1763 375 1789 dictum
395 1771 402 1788 ί
420 1763 495 1789 Dives
507 1767 531 1789 et
555 1770 655 1795 pauper
671 1766 842 1789 occurrerunt
857 1762 987 1793 invicem;

198 1807 325 1834 Dominus
340 1812 428 1834 autem
441 1808 531 1835 ambos
547 1807 608 1842 fecit
623 1808 646 1833 ⁷.
656 1807 705 1834 Cui
724 1811 751 1834 ct
766 1807 871 1834 Novqu
892 1806 988 1834 Testa-

197 1859 318 1880 mentum
331 1854 503 1887 astipulatur,
515 1854 605 1888 inquo
622 1860 819 1887 nonnunquam
834 1853 882 1887 qui
899 1853 988 1887 reipsa

201 1906 332 1934 pauperes
360 1902 434 1930 sunt,
451 1898 545 1925 felices
562 1898 764 1932 praedicantur;
788 1898 856 1924 alias
870 1897 916 1932 qui
934 1897 990 1932 spi-

199 1944 254 1970 ritu
270 1951 403 1978 pauperes
421 1949 495 1975 sunt,
517 1952 571 1978 quo
591 1944 719 1970 nimirum
736 1943 846 1977 utrique
870 1943 914 1970 Vis
939 1951 989 1970 sua

200 1993 350 2019 constaret,
373 1993 453 2023 atque
468 1993 497 2015 ut
517 1989 611 2016 Petrus
629 1996 690 2015 cum
705 1988 845 2016 sodalibus
869 1988 927 2016 suis
945 1996 990 2015 ve-

200 2041 258 2060 ram
274 2034 407 2060 bonormu
419 2034 538 2068 inopiam
560 2034 708 2069 praedicare
725 2033 866 2068 gloriando
885 2039 987 2068 posset,

200 2078 353 2113 Argentum,
369 2079 467 2113 inquit,
484 2084 508 2106 et
521 2087 615 2105 auium
632 2087 683 2105 non
701 2084 739 2105 est
750 2079 814 2105 mihi
828 2079 917 2114 :quod
943 2088 991 2106 au-

203 2129 252 2151 tem
268 2124 362 2157 habeo,
373 2124 421 2151 huc
435 2125 482 2151 tibi
496 2125 540 2151 do.
555 2124 585 2151 In
595 2125 699 2152 nomine
706 2124 769 2152 Jesu
786 2124 886 2152 Christi
903 2133 990 2160 surge,

201 2175 226 2196 et
249 2170 357 2197 ambula
372 2170 394 2197 ⁸.
409 2169 442 2197 Ut
457 2171 530 2205 quod
557 2175 668 2205 egentes
697 2177 730 2198 ac
759 2178 894 2206 pauperes
920 2171 992 2198 beati

1048 1582 1081 1608 Ἦ
1093 1580 1200 1608 Παλαιὰ
1211 1578 1302 1607 εἶπεν
1327 1580 1413 1615 Ἐμὸν
1430 1579 1462 1606 τὸ
1479 1578 1617 1613 χρυσίον,
1636 1577 1685 1604 καὶ
1704 1575 1780 1610 ἐμὸν
1792 1576 1828 1602 τὸ
1860 1593 1868 1598 -

1039 1628 1188 1661 ἀργύριον,
1207 1628 1224 1663 ἡ
1256 1627 1285 1653 δὲ
1304 1626 1392 1661 Καινὴ
1411 1625 1532 1660 Διαοήκη
1559 1623 1646 1657 λέγει’
1680 1621 1829 1655 Μακάριοι

1040 1673 1067 1698 οἱ
1085 1670 1196 1705 πτωχοὶ
1209 1671 1366 1704 πνεύματι,
1380 1669 1425 1695 ὅτι
1437 1668 1536 1696 αὐτῶν
1548 1667 1633 1694 ἐστιν
1648 1667 1666 1700 ἡ
1679 1666 1829 1698 ,βασιλεία

1040 1716 1099 1743 τῶν
1124 1715 1271 1749 οὐρανῶν.
1291 1715 1371 1741 Ἀλλὰ
1390 1715 1440 1740 οὑκ
1461 1713 1541 1744 οἶδεν,
1560 1714 1602 1739 ὅτι
1618 1713 1664 1738 καὶ
1684 1712 1700 1747 ἡ
1720 1711 1829 1738 Παλαιὰ

1041 1763 1121 1790 πάλιν
1145 1763 1233 1797 λέγει·
1255 1762 1406 1794 Πλούσιυς
1434 1761 1483 1787 καὶ
1509 1760 1604 1793 πένης
1625 1759 1831 1792 συνήντησαν·

1041 1808 1198 1841 ἀλλήλοις*
1213 1809 1229 1835 ὀ
1243 1807 1277 1833 δὲ
1289 1808 1396 1840 Κύριος
1410 1806 1480 1838 τοὺς
1493 1805 1677 1840 ἀμφοτέρους
1690 1804 1828 1837 ἐποίησε.

1041 1854 1097 1880 Καὶ
1117 1855 1134 1888 ἡ
1151 1853 1240 1888 Καινὴ
1259 1852 1379 1888 Διαθῆκη
1394 1852 1425 1878 τὸ
1444 1851 1509 1878 αὐτὸ
1535 1852 1688 1886 συμφωνεῖ,
1707 1850 1830 1886 μακαρὶ-

1042 1901 1126 1932 Causa
1147 1902 1195 1936 μὲν
1217 1900 1281 1931 τοὺς
1302 1900 1437 1934 πτωχοὺς,
1453 1898 1545 1925 ἄλλοτε
1566 1898 1629 1929 τοὺς
1651 1896 1778 1931 πτωχοὺς
1791 1895 1831 1930 τῷ

1043 1947 1189 1981 πνεύματι,
1207 1947 1251 1973 ἴνα
1263 1946 1297 1972 τὰ
1310 1945 1452 1981 ἀμφότερα
1466 1943 1593 1979 ἐξισχύσῃ
1603 1952 1611 1959 ·
1633 1943 1676 1969 ῖνα
1694 1942 1742 1968 καὶ
1766 1950 1832 1967 καυ-

1043 1993 1160 2027 χώμενοι
1177 1992 1200 2017 οἱ
1221 1991 1283 2026 περὶ
1300 1990 1402 2025 Πέτρον
1421 1989 1528 2021 δείξωσι
1549 1988 1596 2023 τὴν
1611 1986 1740 2021 ἀληθινὴν
1755 1995 1831 2012 τττω⁸

1043 2037 1130 2072 χείαν,
1157 2036 1197 2062 ὅτι
1224 2035 1378 2070 Ἀργύριον
1395 2034 1444 2061 καὶ
1469 2033 1598 2068 χρυσίον
1620 2034 1676 2067 οὺχ
1701 2033 1833 2067 ὑπάρχει

1042 2092 1092 2117 μοι
1103 2091 1110 2098 ·
1130 2082 1145 2108 ὃ
1159 2081 1194 2108 δὲ
1204 2082 1273 2116 ἔχω,
1289 2080 1378 2107 τοῦτό
1393 2088 1442 2108 σοι
1457 2079 1560 2114 δίδωμι
1571 2087 1578 2094 ·
1595 2079 1630 2105 ἐν
1649 2078 1689 2111 τῷ
1709 2079 1833 2113 ὀνόματι

1051 2128 1152 2162 Ἰησοῦ
1166 2127 1295 2161 Χριστοῦ
1310 2127 1438 2158 ἀνάστα,
1459 2126 1508 2152 καὶ
1525 2124 1694 2159 περιπάτει’
1718 2124 1763 2151 ἵνα
1781 2124 1832 2158 φύ-

1047 2182 1088 2200 σει
1103 2173 1148 2200 τὸν
1169 2172 1341 2207 μακαρισμὸν
1366 2171 1420 2198 τῶν
1443 2171 1558 2205 πτωχῶν
1575 2170 1683 2206 σημάνῃ
1698 2170 1736 2206 μὴ
1756 2170 1833 2196 ἀντί-

201 2223 264 2243 esse
277 2216 416 2249 dicuntur,
439 2224 501 2243 cum
523 2223 556 2243 eo
573 2224 628 2243 non
647 2221 791 2252 repugnet,
804 2216 877 2252 quod
899 2215 980 2244 cadeu

1045 2217 1121 2244 θετον
1135 2217 1290 2252 ὑπάρχοντα
1301 2216 1369 2252 πρὸς
1384 2215 1431 2243 τὸν
1449 2215 1623 2250 μακαρισμὸν
1645 2214 1700 2241 τῶν
1716 2213 1835 2249 πτωχῶν

203 2261 250 2288 illa
264 2262 361 2296 spiritu
375 2262 543 2297 pauperibus
562 2261 681 2290 beatitas
699 2262 848 2296 tribuitur;
863 2262 910 2297 qui
931 2257 993 2289 cum

205 2307 337 2333 nonnulla
358 2307 421 2341 jure
445 2307 620 2342 possideant,
649 2315 785 2342 pauperes
816 2307 994 2334 nihilominus

205 2351 290 2378 animi
305 2352 491 2380 moderatione
508 2357 536 2379 et
551 2352 705 2380 humilitate
718 2353 847 2380 dicuntur
861 2362 868 2380 ;
882 2352 915 2379 de
932 2352 994 2387 qui-

205 2397 257 2424 bus
276 2397 333 2424 haac
347 2397 507 2432 accipienda
523 2402 587 2425 sunt
606 2407 613 2424 :
632 2398 753 2430 Esurivi,
772 2404 796 2425 et
809 2399 919 2425 dedistis
931 2398 995 2424 mihi

207 2441 385 2474 manducare;
411 2442 493 2474 aitivi,
517 2447 542 2469 et
571 2447 661 2476 potum
682 2443 746 2470 mihi
760 2443 870 2470 dedistis
889 2444 910 2469 '.
926 2442 994 2469 Tutu

209 2487 276 2514 illud
291 2487 396 2522 adjicit,
427 2495 459 2515 ex
476 2488 518 2515 his
540 2496 600 2523 quae
617 2489 669 2517 sibi
687 2489 866 2524 suppetebant
881 2488 943 2516 illos
959 2487 997 2516 ie-

209 2533 289 2559 cisse.
309 2530 442 2566 Vides,ut
454 2533 480 2560 in
496 2532 592 2561 Vetere
604 2542 636 2561 ac
650 2533 726 2562 Novo
741 2534 917 2562 Testamento
926 2541 997 2560 unus

210 2578 336 2613 idemque
363 2578 483 2613 Spiritus
512 2587 661 2615 pauperem
678 2580 847 2614 divitemque
863 2579 998 2614 designet,

211 2628 292 2660 atque
315 2628 345 2651 ut
369 2625 449 2652 ambo
464 2633 480 2652 a
498 2625 642 2654 Salvatore
665 2626 914 2654 conunendentur?
931 2625 999 2652 Cum

212 2671 285 2698 enim
301 2671 328 2698 in
350 2672 572 2707 gazophylacium
587 2673 740 2700 intenderet
752 2673 787 2704 ιο,
805 2671 997 2700 animadvertit

213 2724 261 2744 eos
277 2718 323 2753 qui
341 2719 439 2754 stipem
452 2718 478 2745 in
494 2719 719 2754 gazophylacium
738 2719 932 2752 immitterent;
949 2725 999 2746 nec

252 2806 261 2822 ¹
281 2805 378 2834 "Cor.
399 2815 439 2840 ιιι,
456 2807 481 2834 7.
521 2807 531 2822 ¹
551 2806 637 2834 Exod.
658 2814 703 2840 xx,
722 2806 755 2833 15
774 2815 781 2839 ;
803 2806 880 2835 Deut.
895 2815 921 2839 ν,
940 2807 981 2833 l7.

217 2848 243 2875 ν,
269 2841 296 2869 5.
334 2842 344 2858 ⁷
358 2842 438 2869 Prov.
459 2849 527 2875 uti,
540 2842 567 2868 ‘2.
606 2842 617 2858 ⁸
632 2841 692 2869 Act.
712 2849 755 2875 ιιι,
768 2843 794 2869 6.

1047 2264 1116 2291 κατὰ
1132 2264 1240 2298 πνεῦμα
1250 2272 1256 2278 ·
1274 2262 1372 2294 οἵτινες
1386 2261 1436 2297 μέν
1448 2263 1502 2288 εἰσι
1515 2260 1680 2296 κεκτημένοι
1693 2260 1755 2286 τινὰ
1765 2259 1835 2294 μετὰ

1046 2308 1228 2343 δικαιοσύνης,
1243 2308 1382 2343 πτωχοὶδέ
1398 2308 1451 2333 εἰσι
1466 2305 1756 2341 ταπεινοφρονοῦντες⁶
1771 2305 1836 2340 περὶ

1046 2351 1083 2380 ὧν
1101 2354 1193 2388 ἔλεγεν
1204 2362 1210 2368 ·
1226 2354 1401 2386 Ἐπείνασα,
1415 2352 1464 2379 καὶ
1490 2351 1619 2379 ἐδώκατέ
1635 2360 1685 2386 μοι
1710 2351 1835 2386 φαγεῖν·

1045 2400 1188 2434 ἐδίψησα,
1213 2399 1263 2427 καὶ
1286 2398 1446 2426 ἐποτίσατέ
1466 2407 1519 2433 με,
1546 2398 1593 2425 καὶ¹
1611 2398 1646 2424 τὰ
1671 2397 1745 2432 ἑξῆς.
1770 2394 1836 2423 Εῐτα

1049 2446 1148 2482 φράζει
1162 2445 1259 2480 λέγων,
1274 2446 1315 2472 ὄτι
1328 2442 1400 2473 οὗτοι
1411 2445 1541 2480 ἐποίησαν
1552 2446 1585 2471 ὲκ
1596 2443 1650 2470 τῶν
1659 2443 1836 2478 ὑπαρχόντων

1050 2494 1151 2524 αὐτοῖς.
1167 2492 1223 2519 Καὶ
1237 2492 1349 2527 θεωρεῖς
1366 2491 1395 2518 ἓν
1413 2491 1462 2518 καὶ
1479 2490 1510 2517 ’τὸ
1529 2490 1595 2517 αὐτὸ
1607 2488 1720 2523 Πνεῦμα
1736 2489 1766 2514 ὲν
1782 2488 1834 2514 Πα-

1050 2538 1132 2573 λαιᾷ,
1164 2537 1272 2572 πτωχὸν
1294 2536 1415 2563 δεικνύον
1434 2536 1479 2562 καὶ
1501 2534 1644 2564 πλούσιον,
1665 2532 1723 2567 ἅμα
1745 2531 1794 2558 καὶ
1809 2532 1838 2557 ὲν

1052 2585 1138 2620 Καινῇ
1154 2583 1290 2618 Διαθήκῃς
1305 2582 1336 2609 τὺ
1350 2582 1415 2609 αὐτὸ
1428 2582 1465 2613 ὡς
1485 2581 1533 2607 καὶ
1547 2580 1561 2606 ό
1576 2578 1670 2613 Σωτὴρ
1685 2578 1793 2604 ἐπαινεῖ
1805 2576 1837 2602 τὸ

1051 2630 1205 2665 ἀμφότερα.
1233 2628 1380 2664 Προσέχων
1406 2627 1460 2662 γὰρ
1495 2625 1535 2661 τῷ
1563 2623 1774 2660 γαζοφυλακίῳ,
1800 2621 1836 2648 ἴδε

1050 2676 1113 2707 τοὺς
1128 2675 1274 2710 βάλλοντας
1295 2675 1335 2706 εἰς
1355 2673 1401 2700 τὸν
1432 2671 1589 2708 κορϐωνᾱν·
1611 2670 1658 2697 καὶ
1673 2669 1724 2695 οὐκ
1735 2667 1838 2710 hacine-

1053 2709 1134 2753 ρευσέ
1156 2716 1292 2744 πλουσίων
1307 2716 1342 2743 τὰ
1360 2715 1476 2751 δόματα,
1491 2714 1606 2749 ἐπῄνεσε
1623 2711 1650 2739 δὲ
1668 2712 1716 2738 καὶ
1739 2711 1790 2745 τὴν
1805 2709 1839 2736 τὰ

1031 2806 1041 2822 ³
1056 2806 1121 2834 ibid.
1136 2813 1197 2840 sqq.
1235 2805 1246 2822 ‘
1265 2804 1358 2831 Matth.
1371 2812 1401 2840 rvi,
1413 2804 1457 2830 5!).
1496 2804 1505 2820 '
1522 2803 1589 2838 Agg.
1605 2809 1636 2834 II,
1651 2801 1678 2829 9.
1711 2801 1722 2817 ⁸
1740 2799 1836 2827 Matth.

847 2842 857 2858 '
871 2841 966 2869 Matth.
983 2849 1046 2875 xxv,
1057 2841 1102 2869 55.
1142 2839 1166 2857 "
1179 2839 1276 2867 ’Marc.
1293 2847 1344 2873 xu,
1364 2839 1394 2866 H
1410 2847 1471 2873 sqq.
