1939 3036
237 122 290 150 165

937 119 967 148 S.
988 119 1157 147 EPIPIIANII

1822 123 1871 150 164

236 180 321 215 quod,
337 179 432 206 relicta
455 179 566 214 regione
585 187 645 212 sua,
678 187 739 214 qua:
761 179 796 206 ob
818 183 915 206 aestum
937 179 1027 205 minus

1082 178 1145 204 διότι
1166 179 1195 205 ἐν
1211 180 1279 215 αὐτῇ
1304 180 1459 215 κατῴκησε,
1477 179 1643 214 καταλείψας
1660 180 1706 206 τὸν
1723 180 1791 207 ῐδιον
1806 181 1872 215 κλῆ-

236 225 379 253 commoda
390 225 544 257 videbatur,
572 225 627 252 illic
646 225 788 252 habitarit.
806 225 877 260 Ergo
899 225 926 251 in
952 224 1024 251 Semi

238 272 414 306 possessione
430 271 597 298 domicilium
624 271 775 303 collocatis,
791 278 852 305 qua:
872 269 954 298 hodie
978 269 1027 297 Ju-

236 318 293 344 daaa
313 317 424 347 dicitur,
440 316 511 343 ﬁlios
526 316 594 343 istos
619 317 724 350 genuit,
751 316 951 347 Amorrhaeum.
963 315 1027 342 Ger-

237 371 366 397 gesa‘um.
397 362 586 392 Pherezaeum,
611 361 777 392 Jebusaaum,
803 360 924 393 Evzeum,
942 359 1028 386 Arru-

236 414 333 439 caaum.
359 406 520 439 Chettaaum.
544 407 701 438 Asenwum.
725 406 924 438 Samarraaum,
951 406 1028 433 Sido—

237 453 312 480 nium
348 456 375 479 et
395 451 573 480 Philistaeum.
594 451 680 484 Quam
707 452 743 479 ob
765 459 878 479 causam
897 451 1028 478 Dominus

236 506 264 525 In
278 498 335 533 lege
348 498 446 530 veteri.
462 501 492 525 ut
507 497 665 525 ostenderet
680 497 708 524 in
719 497 902 532 jurejurando
919 496 1028 523 illorum

237 543 343 578 impleri
374 548 506 578 peccata:
526 542 673 574 Nondum.
704 543 805 578 inquit,
831 542 939 577 impleta
968 546 1030 568 sunt

237 589 451 616 Amorrhteorum
468 594 575 619 peccata
591 589 611 614 ¹.
626 588 667 617 Ob
680 588 706 616 id
717 588 744 615 in
759 591 851 615 monte
861 588 964 615 diutius
974 587 1029 614 ha:-

236 639 342 667 scrunt,
355 643 387 662 ac
399 642 491 662 moras
503 635 529 661 in
536 634 686 662 solitudine
699 638 852 666 traxerunt.
862 634 948 661 donec
959 633 1031 660 ultro

236 681 344 715 seipsos
357 681 397 707 illi
412 681 642 711 condemnarent,
656 687 689 708 ac
707 680 770 707 ﬁliis
785 680 859 710 Sem,
872 687 942 714 quos
960 678 1031 713 inju-

237 727 275 752 ria
282 726 385 760 pridem
397 725 551 757 aﬂ‘ecerant,
559 725 657 753 bellum
666 725 746 753 etiam
763 724 907 752 inferrent.
925 723 1032 759 Quippe

237 771 299 799 Scm
307 771 400 806 genuit
412 771 570 806 Arphaxad.
589 770 734 806 Arphaxad
741 770 864 801 Cainam,
873 770 973 798 Cainas
982 770 1032 797 Sa-

238 819 305 851 lam,
323 818 401 846 Salas
422 818 521 848 Ilcber.
539 817 627 845 [leber
653 817 766 849 Phalec.
780 817 881 844 Phalec
903 816 1029 852 Rhagau,

1079 233 1137 260 ρον,
1152 224 1197 251 διὰ
1209 225 1240 252 τὸ
1261 225 1349 252 δοκεῖν
1365 225 1435 253 εἶναι
1451 226 1626 261 καυματινὸν.
1643 226 1698 252 Καὶ
1711 225 1829 258 καθίσας
1843 227 1873 253 ιν

1075 271 1109 305 τῇ
1123 271 1158 306 γῇ
1171 270 1218 297 τοῦ
1230 271 1300 306 Σὴμ,
1315 272 1348 306 τῇ
1361 270 1408 297 νῦν
1421 270 1576 306 καλουμένῃ
1596 270 1721 306 Ἰουδαίᾳ,
1735 271 1866 306 ἐγέννησε

1076 317 1216 348 τοὺςυὶοὺς
1227 316 1347 348 τούτους·
1359 316 1405 343 τόν
1415 325 1445 343 τε
1456 317 1627 352 Ἀμορῤαῖον,
1639 315 1686 342 καὶ
1694 316 1872 351 Γεργεσαῖον,

1078 363 1126 389 καὶ
1147 363 1309 397 Φερεζαίον,
1328 363 1377 389 καὶ
1403 362 1579 393 Ἰεϐουσαῖον,
1607 362 1655 388 xui.
1680 362 1796 391 Εὺαίον.
1823 363 1872 387 καὶ

1085 408 1253 444 Ἀρουκαῖον,
1268 409 1315 435 καὶ
1327 409 1468 439 Χετταῖον,
1484 409 1532 434 καὶ
1552 408 1699 436 ’Δσεναῖον.
1714 407 1763 434 καὶ
1776 407 1871 442 Σαμα-

1081 456 1155 490 ραῖον
1170 454 1192 485 ⁸,
1207 454 1255 481 xui.
1274 453 1408 485 Σιδώνιον,
1424 454 1471 480 xui.
1482 453 1645 480 Φιλισταῖον.
1664 452 1714 479 Διὰ
1728 452 1809 478 τοῦτο
1824 454 1873 479 καὶ

1078 501 1093 526 ὁ
1107 499 1208 535 Κύριος
1221 499 1295 534 λέγει
1311 499 1340 525 έν
1353 499 1392 534 τῷ
1408 499 1493 534 νόμῳ,
1509 498 1625 530 δεικνὺς,
1639 499 1680 524 ὅτι
1693 499 1721 524 αι
1737 498 1872 533 ἁμαρτίαι

1079 545 1169 572 αὐτῶν
1191 545 1220 571 ὲν
1242 544 1281 580 τῷ
1306 545 1380 580 ὅρκῳ
1401 543 1584 580 ἐπληροῦντο,
1610 543 1648 575 ὡς
1670 543 1761 578 λέγει’
1781 544 1872 571 Οὔπω

1079 590 1300 625 ἐπληρώθησαν
1323 592 1353 618 al
1372 590 1510 624 ἁμαρτίαι
1529 589 1590 616 τῶν
1614 589 1803 624 ’Δμρῤαίωη
1821 590 1873 616 Διά

1081 636 1161 663 τοῦτο
1177 637 1347 672 παρέμειναν
1370 637 1398 663 ὲν
1423 636 1462 670 τῷ
1482 635 1540 670 ὄρει
1560 634 1817 671 χρονοτριδούμενοι
1841 636 1873 662 ὲν

1080 683 1114 717 τῇ
1136 682 1243 717 ἐρήμῳ,
1261 682 1313 713 ἕως
1331 680 1364 708 ἂν
1384 680 1632 716 αὐτοκατακρίτους
1653 681 1766 712 ἑαυτοὺς
1788 682 1872 716 ποιή-

1083 735 1160 759 σωσι,
1173 727 1220 753 καὶ
1233 725 1367 752 ἐπέλθωσι
1379 725 1449 760 πρὸς
1469 724 1586 760 πόλεμον
1599 726 1654 757 τοῖς
1669 726 1735 757 υἱοῖς
1747 725 1795 752 τοῦ
1810 726 1873 761 Σὴμ

1081 774 1137 804 τοῖς
1156 771 1342 807 ἠδικημένοις.
1368 772 1428 806 Σὴμ
1454 770 1509 805 γὰρ
1539 771 1619 805 γεννᾷ
1645 770 1690 797 τὸν
1720 771 1871 806 Ἀρφαξάδ,

1089 817 1225 853 ’Δρφαξὰδ
1249 817 1294 843 τὸν
1317 816 1421 851 Κηννᾶ,
1445 816 1540 850 Κηννᾶ
1555 815 1601 841 τὸν
1620 814 1701 845 Σαλᾶ,
1725 815 1801 841 Σαλᾶ
1824 817 1872 841 τὸν

238 863 350 897 liliagau
383 862 500 894 Seruch,
532 861 640 889 Seruch
663 861 782 895 Nachor,
801 861 910 889 Nachor
927 861 1028 894 Thare,

1082 851 1176 897 Ἔϐερ,
1192 861 1275 897 Ἔϐερ
1289 861 1334 887 τὸν
1347 861 1445 893 Φαλὲκ,
1463 859 1552 887 Φαλὲκ
1567 860 1612 886 τὸν
1631 860 1743 894 Ῥαγὰ6,
1764 861 1872 895 Ῥαγαό

238 908 327 936 Thare
343 908 493 939 Abraham,
518 908 654 935 Abraham
672 908 759 938 Isaac.
781 907 856 934 Isaac
877 906 973 938 Jacob,
987 906 1030 934 Ja-

237 954 290 981 cob
308 953 418 985 ludam,
442 952 528 981 ludas
549 953 663 986 Phares,
684 952 787 980 Phares
808 952 916 984 Esrom.
932 952 1029 980 Esrom

239 1000 362 1031 Amram,
386 999 498 1025 Amram
518 998 682 1030 Aminadab,
716 997 870 1025 Aminadab
894 997 1029 1026 Naasson.

239 1043 376 1070 Caeterum
401 1042 525 1071 Naasson
545 1042 622 1077 Iuda
644 1042 734 1070 tribus
762 1042 910 1077 principis,
925 1047 952 1070 et
965 1042 1030 1076 Jesu

237 1088 312 1116 Nave
345 1088 393 1116 ﬁlii
424 1092 557 1123 tempore,
574 1088 622 1115 ﬁlii
641 1087 705 1116 Sem
729 1089 867 1124 regionem
886 1096 964 1117 suam
976 1098 1031 1117 non

239 1134 320 1162 modo
327 1135 402 1161 nulla
416 1134 579 1170 cujusquam
594 1134 705 1169 injuria,
717 1135 765 1162 sed
776 1135 934 1170 justissimo
947 1137 1030 1162 etiam

192 1187 194 1190 '
239 1180 286 1208 Dei
305 1180 409 1215 judicio
433 1184 606 1215 receperunt.
623 1179 708 1216 Igitur
722 1179 912 1208 Hierichuntis
930 1180 1031 1209 naenia

238 1231 338 1262 sponte
354 1234 403 1254 sua
419 1227 542 1261 collapsa
560 1229 635 1254 sunt.
659 1225 773 1254 Iustitia
795 1226 868 1254 enim
888 1234 985 1262 poenas
997 1227 1032 1255 de

240 1272 375 1307 injustitia
403 1271 513 1307 repetit.
546 1271 666 1299 Proinde
693 1277 795 1307 septem
819 1272 917 1300 diebus
938 1279 1032 1300 muros

239 1318 406 1349 ambierant,
428 1317 455 1343 in
473 1324 544 1351 quos
570 1316 720 1344 Sabbatum
745 1317 851 1350 incidit,
880 1326 936 1353 quo
953 1319 1031 1354 plena

244 1366 319 1390 esset
337 1361 531 1396 cumulataque
541 1361 659 1396 iustitia.

276 1448 421 1477 LXXXIV.
439 1447 493 1476 Nec
508 1448 573 1475 illud
593 1447 673 1475 modo
701 1447 821 1475 Sabhato
835 1448 958 1484 contigit.
977 1449 1032 1477 Sed

241 1503 305 1523 cum
331 1494 481 1523 sanctuarii
504 1493 698 1522 candelabrum
730 1494 758 1522 in
783 1494 960 1522 tabernaculo
992 1499 1033 1523 te—

241 1541 364 1570 stimonii
375 1545 477 1576 septem
490 1540 615 1567 lucernas
643 1540 763 1572 haberet,
791 1547 886 1568 omnes
900 1541 951 1568 illa!
965 1549 1032 1577 quo-

240 1588 308 1616 tidie
336 1588 438 1623 pariter
464 1586 694 1617 accendebantur,
714 1593 764 1613 nec
789 1586 845 1613 ullo
869 1586 914 1614 die
939 1594 1032 1614 cessa-

241 1637 289 1662 bat
309 1641 403 1662 earum
434 1633 544 1668 aliqua;
570 1633 617 1660 sed
630 1632 724 1660 eadem
738 1632 784 1659 lux
798 1632 914 1668 singulis
928 1632 1026 1661 diebus

277 1713 286 1728 ⁸
303 1712 371 1740 Gen.
387 1720 433 1744 xv,
445 1712 489 1740 I6.
527 1713 594 1746 'rp.
613 1711 798 1746 Σαμαρταῖον.

279 1771 336 1806 (47)
357 1770 411 1806 Kal
426 1769 637 1806 καθ’ἑκάστην
658 1768 782 1806 ᾐμτέραν.
809 1768 877 1796 Illud
894 1768 959 1800 ἴσως
975 1776 1030 1796 non

241 1804 418 1841 ἀπὸρήιικῶς
430 1805 501 1841 sumi
519 1809 601 1841 puto.
619 1804 665 1841 sed
677 1805 752 1841 idem
764 1811 831 1841 esse
844 1808 926 1841 atque
937 1811 1029 1838 aequa-

243 1838 418 1872 ntem—Quod
444 1840 482 1866 ait
506 1839 566 1865 καθ’
584 1839 701 1872 ἑκάστην
718 1838 823 1873 ἡμέραν
845 1839 970 1866 lucernas
986 1846 1031 1865 ar-

243 1876 325 1906 sisse,
341 1876 375 1901 de
388 1880 478 1903 nocte.
498 1881 559 1907 qum
573 1873 743 1908 νυχϐημέρου
761 1880 824 1907 pars
845 1878 897 1903 est.
916 1873 1029 1900 dubium

243 1914 286 1937 est
298 1909 413 1936 nullum.
430 1908 484 1935 Sed
496 1912 586 1934 utrum
600 1908 718 1934 interdiu
728 1907 964 1942 quoqueluxerint
975 1915 1029 1934 non

244 1945 311 1971 adeo
327 1948 445 1970 constat.
462 1942 596 1978 Lyranus,
614 1946 642 1978 ct
656 1939 801 1978 Abulensis
816 1942 849 1968 ad
864 1939 934 1978 libal
950 1941 1028 1976 Reg..

246 1983 328 2006 noctu
344 1978 445 2013 diuque
467 1976 569 2012 pariter
590 1977 692 2004 arsisse
717 1976 851 2013 scribunt.
876 1976 923 2013 sed
946 1981 1027 2004 noctu
1048 1993 1052 1995 -

245 2010 409 2049 plurcstde'
425 2010 475 2040 die‘
484 2012 636 2049 pauciores,
652 2013 705 2038 hoc
718 2015 771 2043 est.
788 2016 817 2049 ut
830 2010 1028 2049 Josephusas—

245 2046 324 2080 ierit,
354 2047 401 2074 lib.
427 2055 468 2079 ιιι,
486 2055 547 2081 cap.
573 2047 600 2077 9,
628 2050 756 2081 quatuor.
788 2046 909 2078 Quorum
936 2046 1029 2080 opinio

245 2083 410 2110 auctoritate
422 2082 570 2117 Scriptura:
583 2082 689 2108 nititur.
697 2082 728 2117 Si
739 2081 848 2115 quidem
861 2081 946 2108 Exodi
963 2089 1028 2117 xxx,

244 2126 316 2145 com.
333 2118 360 2148 8.
389 2122 444 2143 tam
472 2116 551 2144 mane
577 2116 702 2150 componi
729 2116 857 2147 lucernae,
890 2123 972 2150 quam
995 2116 1029 2143 ad

243 2159 388 2187 vesperum
405 2153 534 2180 collocari
554 2151 692 2178 dicuntur.

245 2186 479 2219 eerirasﬂncendet
498 2187 575 2219 illud,
592 2192 617 2213 et
639 2188 744 2220 quando
768 2186 906 2213 collocauit
923 2193 967 2212 ea:
994 2186 1028 2212 ad

244 2231 389 2257 uesperum,
407 2229 473 2253 etc..
486 2223 558 2256 quod
579 2221 692 2255 intelligi
706 2229 759 2248 non
772 2227 869 2256 potest.
885 2223 907 2249 si
918 2228 1031 2257 vespere

245 2255 378 2285 duntaxat
403 2255 516 2285 accendi
548 2257 674 2284 lucernas
700 2255 784 2283 moris
813 2256 904 2283 fuerit.
930 2255 1029 2283 Verum

246 2298 330 2320 noctu
351 2293 484 2320 duntaxat
515 2293 616 2319 luxisse
642 2292 786 2326 perspicue
809 2291 922 2318 docetur
944 2290 1030 2318 Exodi

246 2335 323 2357 xxvt.
351 2329 483 2358 com.‘2l.
510 2327 556 2354 ubi
584 2327 618 2354 de
647 2327 758 2353 lucerna
773 2326 810 2353 ita
827 2326 1029 2360 praescribitur:

247 2363 283 2388 Et
300 2362 466 2389 collocabant
474 2370 532 2388 eam
547 2361 667 2388 Aaronet
683 2361 846 2395 ﬁliiejus,ut
862 2368 942 2395 usque
953 2369 1030 2387 mane

246 2398 333 2424 luceat
349 2405 437 2423 coram
452 2397 578 2423 Domino:
589 2395 668 2425 LXX.
687 2397 731 2430 ἀφ’
747 2397 866 2431 ἑσπέρας
880 2395 932 2426 ἕως
945 2396 1027 2430 πρωῒ.

247 2433 366 2467 ldipsum
379 2437 405 2458 et
419 2440 451 2458 ex
477 2433 522 2458 lib.
538 2432 547 2458 l
565 2431 630 2465 Reg.
653 2439 714 2466 cap.
732 2439 773 2463 in,
789 2439 858 2458 com.
876 2431 903 2459 3.
920 2431 1031 2467 deduci-

246 2466 302 2494 tur’.
324 2467 443 2493 Lucerna
468 2467 514 2493 Dei
534 2471 673 2501 antequam
695 2467 914 2499 exstingueretur,
933 2466 1029 2499 inquit.

246 2502 355 2529 Samuel
371 2501 518 2529 dormiebat
543 2503 571 2528 in
587 2502 680 2535 templo
700 2501 818 2531 Domini,
832 2501 875 2527 ubi
892 2503 950 2526 erat
967 2508 1031 2526 arca

246 2537 306 2564 Dei.
321 2537 372 2570 Qui
389 2537 465 2564 locus
480 2538 543 2564 olim
565 2537 592 2564 in
620 2536 723 2563 Latinis
737 2535 879 2563 codicibus
902 2535 1031 2563 mendose

246 2572 386 2608 legebatur
411 2573 461 2599 hoc
479 2572 561 2600 modo
578 2581 584 2598 :
600 2571 655 2598 Nec
669 2575 770 2608 poterat
793 2570 1030 2608 uiderejuternam

247 2605 296 2634 Dii
305 2614 445 2643 antequam
460 2609 678 2643 exstingueretur,
686 2606 818 2643 adversus
828 2609 860 2643 et_
869 2605 1030 2643 Hebraicain

248 2644 340 2673 Iidem.
352 2640 379 2670 et
396 2640 556 2670 Grmcorum'
566 2640 830 2675 interpretationem.
843 2640 920 2673 Quod
935 2640 1030 2667 vitium

246 2678 312 2704 olim
324 2678 381 2712 jam
392 2678 577 2705 subodoratus
588 2681 646 2703 erat
660 2675 793 2712 Lyranus.
810 2681 836 2702 et
855 2684 870 2702 a
892 2676 1031 2712 Clemente

247 2710 377 2747 pontiﬁce
392 2713 539 2740 novissima
556 2711 716 2747 recensione
725 2711 861 2747 sublatum
874 2714 927 2738 est.
939 2710 1031 2747 Quare

247 2745 350 2775 i'ruswa
370 2747 469 2775 Ribcra
485 2745 689 2774 noslet'llabac.
713 2753 743 2776 ιι,
765 2745 801 2772 ita
824 2746 953 2773 obsoleta:
968 2746 1031 2772 huic

248 2783 359 2810 lectioni
374 2782 572 2817 patrocinatur,
582 2781 659 2816 quasi
669 2781 873 2817 1copulativum
881 2781 908 2808 in
917 2780 1031 2817 Ilebrmo

248 2815 384 2844 redundet
401 2826 408 2844 :
425 2817 458 2844 Et
472 2825 523 2844 non
537 2821 639 2851 poterat
651 2815 746 2849 videre,
769 2821 793 2843 et
814 2816 947 2843 lucernam
971 2816 1027 2843 Dei.

707 2151 818 2184 Quando
835 2155 970 2185 componet
989 2151 1029 2177 lu-
1046 2159 1068 2186 ι)

1079 908 1124 934 τὸν
1141 908 1254 943 Σεροὺχ,
1277 907 1380 942 Σεροὺχ
1399 906 1444 932 τὸν
1458 905 1571 941 Ναχὼρ,
1584 904 1683 940 Ναχὼρ
1696 906 1741 932 τὸν
1762 906 1871 942 enea.

1079 952 1173 987 Θάρῤα
1189 951 1235 978 τὸν
1268 951 1408 989 "impedit,
1433 951 1559 986 Ἀϐραὰμ
1578 951 1623 977 τὸν
1653 950 1754 982 Ἰσαὰκ,
1776 952 1872 977 Ἰσαὰκ

1078 997 1125 1024 τὸν
1152 996 1260 1028 Ἰακὼϐ,
1282 996 1380 1023 Ἰακὼὸ
1402 995 1447 1022 τὸν
1469 995 1571 1028 Ἰούδα,
1597 995 1682 1022 Ἰούδα
1702 995 1749 1021 τὸν
1769 995 1870 1031 Φάρες,

1079 1043 1166 1078 Φάρες
1184 1042 1231 1068 τὸν
1257 1041 1377 1077 Ἐσρὼμ,
1405 1041 1515 1077 Ἐσρὼμ
1530 1041 1576 1068 τὸν
1595 1041 1694 1076 ’Δρὰμ,
1718 1041 1810 1076 ’Δρᾶμ
1826 1041 1872 1067 τὸν

1087 1086 1245 1122 ’Δμιναδὰ6,
1277 1085 1425 1122 ’Δμιναδὰὸ
1452 1086 1498 1112 τὸν
1521 1085 1666 1113 Ναασσών.
1695 1085 1739 1112 Ἐν
1762 1085 1872 1120 χρόνοις

1081 1131 1216 1159 Ναασσὼν
1236 1131 1283 1159 τοῦ
1307 1131 1445 1166 φυλάρχου
1462 1130 1509 1157 τοῦ
1535 1130 1629 1162 Ἰούδα,
1652 1131 1699 1158 xui.
1714 1132 1742 1158 ὲν
1762 1131 1872 1166 χρόνοις

1087 1177 1174 1213 Ἰησοῦ
1193 1175 1241 1204 τοῦ
1262 1177 1352 1211 Ναυῆ,
1374 1176 1469 1203 ἔλαϐον
1485 1177 1509 1202 οἱ
1525 1175 1578 1202 υἱοὶ
1593 1175 1641 1202 τοῦ
1665 1175 1725 1210 Σήμ
1737 1175 1787 1209 τὴν
1804 1176 1873 1202 ἰδίαν

1081 1224 1143 1259 γῆν,
1170 1223 1304 1258 μηδεμιᾶς
1322 1221 1427 1254 ἀδικίας
1443 1222 1471 1248 ὲν
1495 1221 1570 1257 μέσῳ
1590 1221 1775 1256 ὑπαρχούσης,
1800 1221 1871 1248 ἀλλὰ

1080 1269 1289 1305 δικαιοκρισίας.
1299 1269 1402 1296 Ἔπεσε
1412 1266 1458 1295 οὖν
1465 1268 1499 1295 τὰ
1511 1267 1587 1302 τείχη
1603 1266 1706 1302 Ίεριχὼ
1717 1267 1871 1301 αὐτόματα.

1088 1314 1120 1340 Ἦ
1140 1313 1195 1349 γὰρ
1214 1313 1369 1348 δικαιοσύνη
1387 1312 1490 1339 ὲκδικεῖ
1511 1312 1561 1347 τὴν
1583 1312 1700 1339 ἀδικίαν.
1730 1311 1775 1338 Ἐν
1801 1313 1874 1338 ἑπτὰ

1082 1359 1202 1395 ἡμέραις
1228 1358 1426 1394 περιεκύκλουν
1454 1358 1487 1385 τὰ
1514 1358 1606 1394 τείχη,
1634 1358 1682 1384 καὶ
1707 1357 1814 1392 ἐγίνετο
1841 1358 1873 1384 τὸ

1083 1405 1235 1436 Σάὸὃατον,
1253 1405 1296 1431 ἶνα
1311 1403 1440 1440 πληρωθῇ
1457 1405 1473 1439 ἡ
1489 1403 1658 1438 δικαιοσύνη.

1118 1450 1179 1478 IIA'.
1200 1450 1237 1477 Οὐ
1256 1450 1335 1485 μόνον
1348 1449 1376 1476 δὲ
1389 1449 1478 1480 τοῦτο,
1493 1448 1562 1476 ἀλλὰ
1581 1449 1651 1475 ἑπτὰ
1663 1449 1776 1483 λύχνους
1793 1448 1875 1484 ἔσχεν

1083 1497 1100 1531 ἡ
1112 1496 1207 1531 λυχνία
1217 1495 1265 1522 τοῦ
1279 1495 1448 1531 ἁγιάσματος
1457 1495 1487 1521 ὲν
1500 1496 1533 1530 τῇ
1550 1496 1635 1530 σκηνῇ
1647 1493 1695 1521 τοῦ
1705 1495 1874 1530 μαρτυρίου,

1085 1542 1133 1568 xui.
1153 1541 1214 1568 καθ’
1240 1540 1359 1576 ἑκάστην
1377 1540 1484 1576 ἡμέραν
1505 1541 1530 1566 ol
1553 1540 1622 1567 ἑπτὰ
1645 1540 1735 1575 λύχνοι
1757 1540 1875 1575 ἣπτοντο

1086 1588 1160 1618 ἴσως.
1178 1587 1226 1613 xui.
1245 1586 1300 1613 οὐδ’
1313 1586 1382 1618 ὅλως
1394 1588 1423 1613 ὲν
1440 1587 1490 1622 μιᾷ
1506 1586 1597 1622 ἡμέρᾳ
1616 1587 1694 1621 ἡργει
1708 1584 1748 1617 εἷς
1763 1586 1855 1612 αὐτῶν
1865 1594 1872 1599 ·

1086 1632 1154 1660 ἀλλὰ
1168 1633 1228 1660 καθ’
1243 1633 1362 1668 ἑκάστην
1378 1632 1484 1668 ἡμέραν
1501 1632 1557 1668 (47)
1571 1633 1601 1659 τὸ
1616 1632 1681 1659 αὐτὸ
1698 1632 1756 1666 φῶς
1769 1630 1815 1668 ἦν.
1835 1632 1873 1659 Οὐ

1085 1767 1138 1796 Sed
1154 1776 1201 1796 eos
1217 1769 1430 1796 commentarios
1459 1773 1522 1796 ante
1543 1768 1740 1795 correctionem
1761 1768 1873 1802 scripsi.

1084 1803 1194 1830 Ribera.
1208 1803 1292 1832 Hodie
1305 1812 1370 1830 vero
1388 1811 1450 1830 cum
1466 1802 1597 1833 Hebraeis.
1614 1807 1640 1830 et
1654 1802 1767 1833 Graecis.
1782 1803 1871 1830 Latini

1085 1838 1193 1866 codices
1212 1839 1292 1866 verba
1303 1839 1358 1869 illa,
1374 1838 1481 1865 lucerna
1497 1837 1602 1864 Domini
1619 1843 1759 1872 antequam
1771 1839 1872 1865 exstin-

1083 1874 1318 1908 guereturtaltcri
1344 1874 1471 1900 coturnati
1494 1873 1629 1900 tribuunt.
1645 1872 1829 1908 Hieronymus
1845 1876 1870 1900 in

1086 1907 1189 1934 Tradit.
1211 1907 1291 1934 Hebr.
1312 1908 1383 1936 hunc
1399 1908 1488 1942 ipsum
1516 1908 1604 1935 locum
1630 1907 1786 1939 declarans.
1814 1909 1870 1934 lucc

1083 1943 1181 1970 scribit
1195 1952 1201 1969 ε
1217 1943 1293 1974 Quod
1311 1951 1370 1970 vero
1386 1943 1423 1969 ait
1438 1950 1447 1968 :
1463 1952 1472 1967 ‹
1489 1942 1523 1969 Et
1538 1947 1679 1977 antequam
1698 1943 1808 1969 lucerna
1825 1942 1871 1969 Dei

1081 1978 1291 2011 exstingueretur
1307 1979 1334 2004 in
1346 1978 1440 2011 templo
1456 1977 1573 2009 Domini,
1588 1977 1632 2004 ubi
1651 1983 1708 2005 erat
1729 1986 1793 2004 arca
1810 1977 1869 2008 Dei.

1082 2012 1191 2039 Samuel
1205 2012 1353 2039 dormiebat
1365 2033 1373 2043 ,
1391 2022 1400 2038 ι
1420 2018 1559 2046 antequam
1583 2013 1690 2039 lucerna
1708 2012 1754 2040 Dei
1770 2013 1870 2039 cntin—

1082 2052 1214 2081 gueretur,
1231 2048 1345 2082 intelligi
1352 2052 1606 2082 oportetmntequam
1616 2048 1663 2074 lu'a:
1677 2048 1775 2074 diurna
1784 2048 1868 2082 ﬁeret,

1082 2083 1187 2118 quando
1201 2083 1297 2118 eadem,
1304 2083 1498 2118 exstinguenda
1511 2088 1568 2110 erat
1580 2083 1697 2110 lucerna.
1715 2083 1760 2110 Sic
1774 2083 1846 2110 enim
1855 2092 1869 2109 a

1083 2116 1196 2145 Domino
1218 2126 1262 2151 per
1284 2116 1510 2152 Moysen'jussum
1525 2123 1596 2149 erat,
1610 2122 1638 2144 ut
1658 2118 1749 2144 eadem
1762 2118 1869 2144 lucerna

1082 2151 1179 2179 luceret
1192 2161 1271 2187 usque
1286 2151 1371 2179 mane.
1387 2152 1470 2187 Igitur
1487 2158 1569 2180 noctu
1591 2153 1722 2180 duntaxat
1737 2153 1870 2180 ardebant

1083 2186 1283 2221 lucet-numina:
1294 2189 1345 2215 sub
1373 2186 1513 2221 vesperam
1533 2188 1762 2218 accendebantur,
1790 2195 1870 2214 mane

1081 2223 1325 2257 componebantur.
1351 2222 1417 2254 Qum.
1444 2223 1499 2250 duo
1523 2223 1668 2257 plurimum
1699 2223 1867 2257 discrepant.

1081 2257 1173 2287 Aliud.
1200 2258 1321 2291 inquam.
1337 2262 1381 2284 est
1401 2257 1532 2284 collocare
1557 2258 1689 2287 lucernas.
1707 2257 1782 2284 aliud
1799 2266 1868 2284 com-

1080 2299 1185 2325 ponere.
1198 2291 1277 2319 Prius
1288 2293 1354 2320 illud
1365 2297 1407 2320 est
1419 2292 1582 2320 candelabro
1591 2294 1715 2320 lucernas
1727 2293 1869 2327 imponere

1081 2331 1108 2353 et
1124 2328 1283 2354 accendere.
1300 2327 1362 2355 Idco
1375 2335 1435 2361 cap.
1453 2327 1499 2354 illo
1517 2336 1591 2355 xxvu
1616 2328 1712 2358 Exodi.
1730 2335 1805 2354 com.
1822 2328 1867 2357 2|.

1081 2361 1244 2398 ubiﬂLatine
1267 2363 1307 2398 sic
1325 2363 1423 2398 legitur
1437 2372 1443 2389 :
1459 2362 1492 2389 Et
1511 2363 1677 2389 collocabant
1691 2371 1751 2389 eam
1768 2363 1867 2393 Aaron,

1079 2402 1104 2436 et
1121 2397 1171 2430 ﬁlii
1190 2397 1398 2438 ejustﬂebraice
1415 2399 1548 2438 scriptum
1561 2403 1606 2438 est
1620 2402 1703 2438 Tun,
1717 2398 1866 2438 ordinauit,

1081 2433 1107 2457 in
1134 2433 1299 2459 candelabro
1323 2433 1461 2459 nimirum.
1496 2434 1530 2458 At
1559 2433 1650 2460 Graeci:
1678 2433 1777 2459 καύσει
1804 2433 1869 2459 αὐτὸ

1080 2465 1218 2526 ἓνίἁειίοει
1233 2467 1334 2502 oleum)
1342 2467 1456 2504 Ἀαρὼν,
1471 2467 1519 2495 καὶ
1530 2469 1583 2494 υἱοὶ
1596 2467 1677 2494 αὑτοῦ
1691 2469 1738 2501 ἀφ’
1751 2468 1868 2502 ἑσπέρας

1096 2510 1133 2526 ωε
1146 2503 1228 2526 πρωῒ.
1246 2502 1298 2526 Sed
1330 2504 1355 2526 in
1382 2503 1428 2526 illo
1457 2504 1526 2526 loco.
1556 2511 1636 2526 onem
1664 2503 1813 2526 Almliensis
1836 2510 1868 2526 ex

1096 2510 1133 2532 ως
1146 2503 1228 2537 πρωῒ.
1246 2502 1299 2530 Sed
1330 2504 1356 2529 in
1381 2502 1428 2530 illo
1457 2504 1526 2534 loco,
1556 2511 1636 2537 quem
1663 2503 1813 2530 Almlcnsis
1836 2510 1868 2529 ex

1080 2543 1140 2570 cap.
1157 2545 1223 2570 xxx,
1236 2545 1307 2564 com.
1323 2538 1351 2569 8,
1366 2538 1480 2572 profert,
1507 2546 1556 2572 pro
1579 2538 1674 2565 Latino
1696 2538 1867 2570 componendi

1080 2573 1225 2604 voeabula,
1239 2572 1372 2600 Hebraice
1381 2577 1468 2602 ξηιιή
1478 2573 1550 2608 quod
1565 2579 1606 2601 est
1619 2577 1713 2607 aptare
1727 2580 1760 2600 ac
1774 2580 1868 2607 repur~

1080 2613 1156 2640 gare.
1168 2609 1209 2634 vel
1221 2608 1313 2642 potius
1324 2610 1483 2639 recondere.
1503 2607 1596 2636 Grzccc
1608 2608 1805 2643 ἐπισκευάσαι,
1819 2608 1868 2643 hoc

1080 2645 1122 2668 est
1149 2642 1176 2669 in
1199 2643 1259 2670 loco
1275 2650 1337 2674 suo.
1357 2651 1388 2669 ac
1403 2644 1493 2673 theca.
1507 2644 1550 2671 vel
1565 2644 1634 2671 cella
1661 2642 1805 2677 reponere.
1824 2642 1867 2668 Sic

1080 2683 1245 2711 componere
1273 2682 1410 2705 mortuum
1436 2679 1463 2705 in
1482 2679 1565 2708 lecto.
1581 2678 1653 2713 quod
1679 2686 1730 2705 nos
1749 2677 1867 2704 dicimus

1081 2719 1199 2748 agencer.
1221 2712 1320 2740 Ibidem
1335 2721 1400 2740 vero
1416 2721 1464 2747 pro
1475 2721 1507 2741 eo
1515 2712 1715 2748 quod'Latinus
1732 2713 1868 2748 interpres

1079 2746 1170 2777 habet.
1185 2747 1290 2782 quando
1314 2746 1426 2775 collocat
1445 2757 1490 2776 eas
1510 2746 1544 2776 ad
1568 2756 1714 2783 vesperum,
1733 2746 1867 2775 Hebraicc

1080 2794 1211 2830 scriptum
1221 2786 1383 2830 Aestﬁnﬁyn,
1399 2795 1450 2822 hoc
1456 2799 1498 2823 est
1513 2795 1644 2824 attollere.
1656 2795 1792 2830 imponere
1802 2801 1868 2830 gan-

1079 2829 1204 2861 delubro;
1221 2828 1290 2856 LXX
1319 2830 1456 2862 ἐξάπτειν,
1487 2828 1750 2859 αεσεηάρνσδίοΊὶι).
1774 2828 1864 2864 ιιιεε.
