1939 3036
87 130 141 157 165

421 127 606 157 ADVERSUS
621 126 790 156 IMERESES
808 125 872 153 LIB.
893 124 924 152 ll.
946 125 1026 153 ΤΟΜ.
1047 125 1079 154 ll.
1099 140 1135 148 —
1152 124 1291 154 HERES.
1312 126 1405 155 LXVI.

1664 125 1715 154 166

85 187 188 222 γέγονε
200 186 256 223 γὰρ
267 187 298 214 τὸ
308 187 445 215 Σάϐϐατον
455 188 511 222 (48)
525 189 563 220 είς
576 187 744 219 ἀπόκλεισιν,
758 185 825 213 ἀλλὰ
840 186 879 217 είς

933 185 1043 213 ardebat
1055 188 1076 212 ¹.
1093 185 1198 214 Etenim
1219 185 1366 214 Sabbatum
1395 193 1451 212 non
1473 184 1506 212 ad
1527 184 1714 212 intercluden-

86 233 172 267 ἔργον
189 233 300 267 ἀγαθόν.
317 233 438 268 Μηδενὸς
451 233 480 259 δὲ
494 233 563 264 ὂλως
577 232 760 268 ἐργαζομένου
778 232 807 257 ὲν
819 231 879 268 rei;

87 277 198 304 δώδεκα
210 278 319 312 φυλαῖς,
341 278 422 312 μόνον
447 278 478 304 τὸ
506 277 698 313 θυσιαστήριον
719 277 769 304 οὑκ
789 277 879 311 ῆργει,

86 323 184 356 καθὼς
203 324 277 357 λέγει
292 325 306 350 6
326 324 428 360 Κύριος
446 324 476 350 ἐν
489 323 528 359 τῷ
541 323 700 358 Εὑαγγελίῳ
711 332 718 339 ·
737 324 769 350 οι
793 321 880 356 ιερεῖς

85 367 176 402 ὑμῶν
183 367 352 402 ,ϐεϐηλοῦσι
371 368 405 395 τὸ
419 367 570 396 Σάϐϐατωε
584 368 620 395 ὲν
633 367 673 401 τῷ
687 367 760 400 ναῷ,
777 368 827 394 καί
838 367 879 393 sl-

87 421 146 439 σιν
172 414 309 440 ἀναίτιοι.
325 413 363 440 T6
386 414 425 444 δὲ.
442 413 585 450 βεϐηλοῦσι
598 414 628 440 τὸ
646 413 793 445 Σάϐϐατον,
807 411 879 439 τοῦτ’

87 459 150 486 ἐστι
167 459 269 486 λύουσι.
291 459 391 486 Λύουσι
407 460 436 486 δὲ
452 460 522 493 πῶς,
540 460 598 487 ἀλλ’
612 459 629 496 ἢ
648 459 743 486 ουσίαν
761 457 880 494 προσφέ-

88 513 188 540 ροντες
198 505 237 540 τῷ
251 505 321 540 Θεῷ,
336 506 379 532 ἵνα
398 505 435 541 μὴ
448 506 558 542 ἁργήσῃ
571 505 601 532 τὺ
620 505 825 540 θυσιαστήριον;
841 503 878 530 Οὐ

90 549 176 585 μόνον
190 550 217 576 δὲ
229 550 318 582 τοῦτο,
335 550 403 577 ἀλλὰ
416 551 463 577 καὶ
478 550 553 586 ἣλιος
572 550 711 577 ἀνατέλλει
729 550 776 576 καὶ
794 549 878 581 δύνει,

88 593 138 619 καὶ
154 593 251 629 σελήνη
267 593 344 626 αὔξει
357 594 405 620 καὶ
420 594 518 628 φθίνει,
534 594 582 621 καὶ
593 595 687 630 ἀνεμοι
698 594 817 626 πνέουσι,
832 594 879 621 καὶ

88 639 194 673 καρποὶ
206 638 394 673 βλαστάνουσι,
409 640 457 665 καὶ
469 639 585 675 μητέρες
595 640 719 673 γεννῶσι,
731 639 778 666 καὶ
791 639 880 666 πάντα.

91 684 200 718 γίνεται
214 685 243 711 ὲν
259 685 401 721 Σαϐϐάτῳ.
417 685 466 712 Διὰ
481 685 560 712 τοῦτο
582 685 629 712 καὶ
642 686 657 712 ὁ
678 685 780 720 Κύριος
795 685 879 712 ὲλοὼν

88 730 143 757 οὐκ
159 731 348 758 ὲτεκτόνευσεν
363 732 393 758 ὲν
415 731 557 766 Σαὸὃάτῳ,
581 732 631 758 οὐκ
647 731 822 766 ὲχάλχευσεν,
848 730 878 757 οῦ

88 786 118 804 τι
135 778 244 814 ἕτερον’
264 779 333 806 ἀλλὰ
344 779 410 811 Θεὸς
423 779 461 805 ὢν
477 779 545 806 Θεοῦ
558 779 638 815 ἔργον
653 778 808 814 είργάπατο.
825 777 879 804 Καί

89 833 176 859 φησι·
193 823 286 859 Ἆρον
299 825 352 852 τὸν
369 825 535 859 κράϐϐατόν
551 833 620 856 σου,
637 825 687 852 καὶ
707 825 860 860 περιπάτει
870 833 876 839 ·

89 869 137 896 ἵνα
149 869 205 896 ἀπὸ
228 870 275 896 τοῦ
290 871 470 905 βαστάζοντος
493 872 564 906 φανῇ
580 871 611 897 τὸ
627 870 707 905 ἔργον
726 870 756 897 τὸ
772 870 879 905 γινόμε-

89 924 149 948 νον,
174 915 218 942 ἵνα
239 916 340 947 πάντες
355 915 552 950 ὲπιγνώσονται
575 916 621 942 τὸν
637 916 685 942 ἀπ’
708 915 824 951 οὐρανοῦ
837 916 880 942 ἐλ-

87 960 172 987 Θόντα
188 961 255 996 πρὸς
274 961 399 996 βοήθειαν
415 962 485 994 υἱοῖς
499 962 554 988 τῶν
568 962 731 998 ἀνθρώπων.
748 963 803 989 Καὶ
824 963 879 998 γὰρ

88 1005 129 1040 τῷ
147 1006 197 1040 μὲν
209 1006 266 1033 ὄντι
277 1004 342 1042 ἦλθε
353 1007 433 1035 λῦσαι
447 1009 478 1035 τὸ
492 1009 631 1036 Σάϐϐα-πον
639 1017 648 1025 ·
663 1009 713 1036 οὐκ
725 1009 841 1044 ἠδύνατο
850 1009 879 1036 δὲ

89 1049 172 1077 λῦσαι
185 1051 261 1084 αὐτὸ,
275 1053 299 1079 εἰ
314 1052 454 1089 ἀλλότριον
468 1053 550 1080 αὑτοῦ
568 1054 699 1090 ὑπῆρχεν.
716 1055 811 1086 Οὐδεὶς
826 1054 879 1090 γὰρ

89 1096 231 1132 ἀλλότριον
241 1098 299 1125 λύει
310 1098 401 1134 ἔργον,
415 1101 439 1126 εἰ
454 1100 519 1135 μήτι
529 1099 563 1127 ἃν
575 1100 720 1136 ἐκλήπτωρ
732 1099 879 1135 ἀλλοτρίων

88 1143 103 1169 6
117 1142 239 1175 τοιοῦτος
254 1144 376 1180 γένηται,
391 1145 438 1172 καὶ
454 1145 591 1181 ἀλλότριος
604 1146 752 1177 ἐπίσκοπος
765 1147 786 1178 ¹,
802 1145 879 1178 δίκας

89 1188 191 1215 ἑαυτοῦ
199 1189 442 1225 ὲξαγοραζόμενος.
453 1191 563 1227 Ἐπειδὴ
572 1191 601 1218 δὲ
611 1191 676 1218 ἴδιον
685 1191 767 1218 αὐτοῦ
774 1192 879 1228 ὑπῆρχε

92 1233 123 1261 τὸ
137 1234 286 1268 Σάὸὂατον,
306 1236 350 1263 διὰ
371 1236 450 1264 τοῦτο
470 1237 553 1272 λέγει,
575 1238 616 1264 ὅτι
636 1238 744 1272 Κύριός
763 1238 850 1265 ἐστιν
863 1239 881 1266 ό

101 1279 169 1313 Υἱὸς
184 1280 238 1307 τοῦ
254 1281 410 1316 ἀνθρώπου
423 1282 473 1309 καὶ
486 1283 539 1310 τοῦ
554 1283 715 1311 Σαϐϐἁτου.
727 1284 782 1311 Καί
797 1293 862 1320 φησι
871 1292 879 1301 ο

94 1327 158 1360 Οὐχ
171 1328 188 1352 ὁ
198 1326 352 1360 ἄνθρωπος
361 1327 410 1355 διὰ
419 1329 452 1356 τὸ
469 1329 622 1356 Σάϐϐατον
631 1329 881 1364 τετένηται,ἀλ.λὰ

90 1371 124 1398 τὸ
143 1371 296 1399 Σάϐϐατον
318 1373 368 1400 διὰ
382 1374 437 1400 τὸν
448 1373 614 1409 ἄνθρωπον.
634 1375 667 1401 El
681 1374 770 1401 τοίνυν
786 1375 881 1410 ἐποίη-

91 1425 138 1443 σεν
152 1418 167 1443 ὁ
181 1418 247 1450 Θεὸς
263 1418 294 1446 τὸ
312 1419 450 1446 Σάὁϐατον
469 1420 514 1447 διὰ
529 1421 574 1447 τὸν
588 1420 743 1456 ἄνθρωπον,
758 1421 805 1448 καὶ
819 1429 883 1457 προρ

91 1463 207 1498 ετίμησε
221 1464 267 1491 τὸν
282 1464 425 1500 ἄνθρωπον
441 1466 517 1501 παρὰ
532 1466 563 1492 τὸ
577 1467 725 1500 Σάϐϐατον,
743 1467 786 1493 ἵνα
802 1468 817 1494 6
833 1467 879 1495 ἆν-

929 230 1005 264 dum,
1021 231 1068 259 sed
1081 231 1115 259 ad
1135 231 1319 267 praestandum
1343 231 1447 258 bonum
1464 238 1535 265 opus
1560 233 1603 258 est
1617 230 1718 257 consti-

930 280 1028 304 tutum.
1044 277 1166 312 Cumque
1181 284 1262 305 nemo
1276 277 1384 312 penitus
1396 277 1423 304 in
1435 276 1579 304 duodecim
1591 275 1717 303 tribubus

930 326 1060 357 operatus
1085 327 1168 356 esset,
1192 322 1279 350 solum
1294 323 1379 350 altare
1393 329 1534 357 nunquam
1550 321 1714 351 feriabatur.

929 369 998 396 utin
1018 369 1164 404 Evangelio
1178 373 1293 397 testatur
1313 368 1445 396 Dominus
1469 378 1476 395 :
1494 367 1651 396 Sacerdotes
1676 375 1716 394 re-

929 414 980 440 stri
987 414 1085 441 violant
1097 413 1177 449 705
1189 415 1218 441 in
1230 414 1323 449 templo
1336 414 1492 444 Sabbatum.
1505 421 1536 440 ac
1548 413 1604 440 sine
1611 418 1716 448 peccato

929 465 991 487 sunt
1013 461 1033 489 '.
1050 461 1198 489 Profanare
1215 468 1280 488 vero
1306 461 1377 488 idem
1392 464 1444 493 est,
1461 467 1494 487 ac
1514 460 1632 488 solvere.
1644 459 1716 492 Quo-

929 506 1011 533 modo
1036 514 1102 534 vero
1116 507 1222 535 solvere
1248 507 1387 539 dicuntur,
1403 507 1456 534 nisi
1471 506 1543 541 quod
1567 505 1621 532 Deo
1634 505 1715 533 sacri-

935 553 1026 580 ﬁcium
1050 552 1178 585 oﬂ‘erunt,
1196 561 1230 581 ue
1240 553 1327 581 altare
1349 553 1386 581 sit
1397 553 1515 580 otiosqu
1527 552 1538 572 ⁵)
1551 551 1604 579 Sed
1619 555 1648 578 ut
1663 550 1715 577 ista

930 603 1103 633 praeteream,
1116 599 1211 626 eodem
1227 599 1254 626 in
1270 598 1389 626 Sabban
1401 598 1442 625 sol
1454 598 1543 624 oritur
1559 602 1586 624 et
1600 596 1715 628 occidit,

930 643 993 670 luna
1022 644 1155 678 augescit,
1179 651 1212 672 ac
1231 644 1374 675 minuitur,
1400 647 1544 670 ventorum
1568 642 1650 670 ﬂatus
1674 641 1716 668 iu-

929 692 1041 723 gruunt,
1052 688 1159 717 fructus
1168 689 1313 723 pullulant,
1325 692 1427 716 matres
1436 688 1556 724 pariunt,
1565 692 1716 722 caateraquc

929 733 998 762 ﬁunt
1011 734 1114 762 omnia.
1130 734 1193 762 ideo
1205 735 1318 762 veniens
1333 734 1391 770 ipse
1415 734 1547 761 Dominus
1561 741 1616 761 non
1629 733 1716 760 labri-

929 780 981 808 lem
994 780 1022 808 in
1037 780 1159 808 Sabbato
1174 785 1270 812 artem,
1296 787 1351 808 non
1363 780 1499 810 aerariam,
1514 783 1562 806 aut
1583 779 1665 806 aliam
1689 779 1715 806 id

929 833 1016 861 genus
1029 826 1153 854 exercuit
1165 835 1172 859 ;
1185 825 1233 854 sed
1246 829 1340 861 utpote
1350 826 1420 853 Deus
1436 825 1560 852 divinmn
1576 832 1645 859 opus
1658 831 1716 851 mo-

930 872 995 900 litus
1011 877 1062 900 est.
1081 872 1164 905 Tolle,
1181 872 1278 906 inquit,
1290 872 1430 907 grabatum
1440 876 1523 902 tuum,
1535 875 1559 898 et
1572 870 1681 897 ambula
1694 869 1716 901 ⁸,

931 922 959 945 ιιι
972 925 1004 946 ex
1021 918 1081 953 ipso
1089 921 1214 953 gestante
1224 917 1258 945 de
1280 917 1405 945 miraculi
1428 917 1544 944 veritate
1564 919 1716 946 constaret,

929 968 956 991 et
970 971 1032 991 eum
1043 971 1139 992 omnes
1154 968 1345 999 agnoscerent,
1357 964 1403 998 qui
1427 967 1458 990 ut
1482 962 1601 989 humano
1624 961 1716 996 generi

930 1010 1097 1042 subveniret,
1123 1017 1139 1037 e
1159 1009 1230 1037 ccelo
1257 1009 1446 1037 descenderat.
1468 1007 1536 1035 Nam
1556 1015 1651 1035 revera
1665 1007 1721 1036 sol-

929 1054 1010 1082 vendi
1027 1054 1138 1082 Sabbati
1156 1054 1243 1089 gratia
1256 1057 1369 1082 venerat
1381 1063 1388 1087 ;
1402 1054 1508 1081 solvere
1521 1060 1604 1088 porro
1618 1053 1641 1079 si
1654 1052 1717 1080 alie-

931 1108 995 1127 num
1007 1104 1090 1133 esset,
1108 1101 1220 1128 minime
1246 1101 1389 1135 potuisset.
1412 1099 1496 1126 Nemo
1510 1099 1582 1126 enim
1596 1098 1716 1125 alienum

929 1153 999 1181 opus
1015 1146 1142 1177 destruit,
1160 1146 1213 1173 nisi
1237 1146 1388 1172 alienorum
1403 1148 1559 1178 usurpator,
1575 1147 1603 1170 et
1621 1150 1716 1170 eorum

930 1191 1091 1227 peregrinus
1105 1192 1254 1226 inspector,
1270 1191 1317 1226 qui
1329 1191 1382 1218 sibi
1397 1191 1457 1218 lites
1474 1193 1607 1216 arcessat.
1622 1188 1717 1223 itaque

930 1237 1003 1273 quod
1019 1238 1053 1265 ad
1073 1245 1133 1266 sese
1150 1238 1298 1273 pertineret
1328 1236 1490 1267 Sabbalum,
1515 1236 1576 1263 ideo
1588 1234 1718 1261 Dominus

929 1288 979 1316 est,
992 1283 1089 1319 inquit,
1115 1280 1203 1310 Filius
1227 1283 1340 1310 hominis
1356 1283 1437 1309 etiam
1462 1281 1572 1309 Sabbati
1588 1281 1610 1307 ⁵.
1628 1281 1691 1307 Item
1709 1289 1717 1306 ι

932 1327 994 1355 Νοη
1005 1333 1110 1363 propter
1123 1327 1267 1356 Sabbatum
1278 1328 1354 1355 homo
1372 1327 1459 1360 Iactus
1487 1331 1525 1353 est
1535 1346 1543 1359 ,
1556 1325 1601 1353 sed
1617 1324 1718 1352 Sabbu-

932 1380 987 1401 tum
1013 1379 1120 1410 propter
1135 1374 1266 1402 hominem
1279 1375 1298 1401 ⁸.
1320 1374 1411 1407 Quare
1433 1373 1456 1401 si
1478 1372 1627 1400 Sabbatum
1646 1371 1718 1399 Deus

931 1420 1050 1448 hominis
1071 1429 1155 1448 causa
1181 1420 1315 1452 condidit,
1339 1420 1427 1455 pluris
1449 1419 1575 1447 eumdem
1596 1417 1719 1445 Sabbato

933 1465 1007 1497 fecit,
1026 1465 1064 1492 uti
1088 1465 1207 1492 futuram
1238 1465 1312 1492 illam
1329 1465 1446 1500 quietem
1464 1464 1638 1499 intelligeret.
1654 1462 1718 1490 llaac

92 1509 201 1545 θρωπος
219 1510 340 1546 γινώσκῃ
361 1510 411 1546 τὴν
428 1512 580 1538 ἀνάπαυσιν
598 1513 644 1538 καὶ
658 1513 713 1539 τῶν
731 1512 879 1548 μελλόντων

933 1511 1004 1538 enim
1021 1511 1173 1538 caelestium
1186 1510 1278 1546 ﬁguras
1288 1515 1363 1544 sunt,
1378 1517 1440 1537 cum
1455 1509 1499 1536 hic
1510 1517 1544 1536 ex
1558 1513 1636 1543 parte
1647 1508 1718 1536 dun-

93 1556 150 1591 τὴν·
158 1556 328 1584 ἀνάπαυλαν.
348 1557 494 1584 Ἀντίτυπα
501 1558 555 1593 γάρ
568 1559 625 1585 ἐστι
636 1559 721 1586 ταῦτα
733 1559 788 1585 τῶν
798 1560 880 1586 ἐπου-

94 1601 207 1636 ρανίων.
228 1601 362 1628 Ἐνταῦθα
373 1602 427 1637 γὰρ
439 1602 493 1629 ἀπὸ
508 1602 616 1638 μέρους,
632 1603 723 1629 ἐκεῖνα
736 1602 764 1629 δὲ
773 1603 789 1636 ἡ
807 1604 881 1630 πᾶσα

92 1647 242 1682 τελειὰτης.
260 1647 298 1673 T6
311 1647 451 1674 Σάϐϐατον
464 1645 511 1674 οὖν
526 1648 557 1674 τὸ
570 1648 599 1674 ὲν
614 1649 688 1683 νόμῳ
700 1648 752 1680 ἓως
770 1649 819 1684 τῆς
832 1649 881 1675 αὑ-

91 1693 140 1720 τοῦ
163 1693 331 1729 παρουσίας·
352 1692 434 1720 ἔλυσε
447 1693 476 1720 δὲ
496 1695 584 1720 ἐκεῖνο
603 1694 634 1720 τὸ
653 1694 805 1727 Σά66ατον,
833 1695 881 1722 καὶ

91 1739 194 1766 ἔδωκεν
208 1740 272 1774 ἡμῖν
287 1740 317 1766 τὸ
341 1739 411 1775 μέγα
434 1739 583 1770 Μσὸατον,
603 1740 672 1774 ὅπερ
692 1739 752 1766 ἐστὶ
774 1740 854 1772 αὐτὸς
867 1742 882 1768 ὁ

91 1784 206 1819 Κύριος,
225 1785 242 1820 ή
258 1785 410 1816 ἀνάπαυσις
424 1785 503 1820 ἡμῶν
527 1786 574 1812 καὶ.
593 1785 607 1811 ὁ
620 1785 818 1820 Σαϐϐατισμός.

128 1827 223 1859 Οὐδεὶς
237 1825 285 1854 οὖν
299 1828 392 1855 διοίσει
409 1828 532 1855 Παλαιὰν
546 1828 601 1855 ἀπὺ
618 1828 719 1864 Καινῆς
733 1829 881 1865 Διαθήκης,

92 1872 154 1898 οὔτε
170 1872 275 1908 Καινὴν
286 1873 339 1899 ἀπὸ
353 1873 484 1905 Παλαιᾶς.
499 1873 556 1901 Μία
568 1873 622 1909 γάρ
642 1874 699 1900 ἐστι
717 1874 764 1901 καὶ
781 1875 797 1909 ὴ
812 1874 881 1909 αὑτὴ

93 1918 250 1952 συμφωνία.
273 1919 302 1944 '0
318 1918 345 1945 δὲ
365 1919 474 1954 ἀμαθὴς
496 1919 544 1946 καὶ
565 1920 688 1955 ἄπειρος,
710 1919 758 1946 ἐὰν
778 1919 820 1956 ἴδῃ
836 1920 882 1947 δύο

92 1963 266 1999 ἀντλητῆρας
281 1964 335 1991 ἀπὸ
358 1965 421 1999 μιᾶς
438 1965 530 1999 πηγῆς
545 1964 723 1998 ἀντλοῦντας,
741 1966 837 2001 νομίσῃ
853 1966 882 1993 δὲ

93 2009 138 2036 διὰ
150 2009 200 2044 τὴν
212 2010 344 2045 διαφορὰν
357 2009 412 2036 τῶν
424 2010 600 2046 ἀντλητήρων
616 2011 731 2047 διάφορα
749 2009 819 2038 εἶναι
834 2013 882 2040 καὶ

93 2056 129 2082 τὰ
139 2055 225 2082 ὕδατα
235 2064 241 2071 ·
261 2056 367 2092 ἀκούσῃ
387 2056 415 2082 δὲ
431 2057 506 2092 παρὰ
518 2056 572 2083 τῶν
593 2057 711 2084 συνετῶν
731 2057 860 2093 ἀλήθειαν
871 2079 880 2090 ,

94 2102 136 2128 ὄτι
147 2101 247 2128 Γεῦσαι
262 2101 315 2128 τῶν
328 2101 375 2128 δύο
390 2102 577 2137 ἀντλητήρων,
594 2103 641 2129 καὶ
653 2103 701 2136 τδε,
715 2104 757 2130 ὅτι
772 2104 819 2131 δύο
832 2104 882 2140 μὲν

93 2147 119 2172 οἱ
135 2145 314 2181 ἀντλητῆρες,
333 2145 383 2180 μία
403 2145 432 2172 δὲ
444 2147 462 2181 ἡ
484 2146 560 2181 πηγὴ
584 2146 712 2182 ὑπάρχει.
732 2146 826 2179 Οὕτως
841 2144 882 2179 εἷς

933 1561 1017 1590 taxat,
1031 1557 1123 1584 omnia
1138 1557 1257 1592 perfecta
1270 1557 1326 1584 illic
1339 1557 1519 1591 absolutoque
1537 1556 1602 1583 sint.
1618 1555 1717 1588 Quam-

931 1603 1024 1631 obrem
1040 1603 1189 1631 Sabbatum
1216 1603 1282 1630 illud
1307 1603 1366 1638 lege
1380 1603 1566 1638 praescriptum
1581 1602 1615 1629 ad
1634 1602 1720 1636 ipsius

931 1649 1078 1677 adventum
1091 1657 1178 1684 usque
1204 1649 1398 1684 perseveravit,
1428 1655 1482 1683 quo
1511 1648 1621 1675 deruunt
1637 1647 1720 1674 abro-

934 1698 998 1728 gato
1012 1701 1139 1729 magnum
1157 1694 1237 1721 nobis
1251 1693 1400 1721 Sabbatum
1422 1693 1531 1725 obtulit,
1542 1693 1590 1727 qui
1604 1697 1646 1719 est
1662 1692 1720 1725 ipse

933 1739 1075 1772 Dominus,
1101 1740 1211 1775 requies
1244 1738 1411 1774 Sabbatique
1435 1738 1590 1766 observatio
1609 1742 1719 1765 nostra.

965 1826 1052 1855 Nemo
1066 1827 1158 1861 itaque
1169 1825 1255 1854 Vetus
1268 1825 1302 1853 ab
1314 1824 1390 1853 Novo
1404 1825 1592 1858 Testamento,
1608 1826 1652 1853 vel
1668 1825 1720 1853 hoc

932 1873 967 1901 ab
985 1873 1032 1900 illo
1052 1872 1234 1908 separandum
1255 1871 1402 1899 existimet.
1423 1871 1472 1899 Est
1487 1871 1560 1898 enim
1576 1871 1719 1899 amborum

933 1926 986 1946 una
999 1918 1148 1952 eademque
1161 1917 1318 1944 concordia.
1336 1916 1388 1944 Sed
1402 1917 1515 1951 perinde
1524 1925 1554 1944 se
1567 1924 1612 1944 res
1627 1917 1719 1950 habet,

933 1972 965 1992 ac
989 1965 1013 1992 si
1039 1964 1181 1999 imperitus
1207 1964 1341 1999 quispiam
1380 1970 1413 1990 ac
1438 1963 1514 1991 rudis
1534 1963 1631 1991 situlas
1650 1964 1721 1991 duas

932 2011 1090 2038 haurientes
1112 2010 1207 2038 eodem
1231 2018 1264 2038 ex
1290 2010 1364 2037 fonte
1388 2009 1486 2038 videat.
1505 2009 1575 2037 Tum
1596 2009 1668 2045 quod
1682 2018 1722 2038 cae

932 2057 1048 2084 diversa:
1063 2057 1128 2088 sint,
1142 2056 1265 2084 diversas
1279 2056 1361 2083 etiam
1375 2063 1461 2090 aquas
1474 2064 1535 2084 esse
1554 2057 1721 2091 suspicetur.

933 2101 1035 2130 Deinde
1055 2109 1120 2129 vero
1141 2109 1157 2128 a
1177 2102 1401 2137 prudentioribus
1416 2102 1556 2134 doceatur,
1572 2107 1599 2130 et
1618 2103 1655 2130 ita
1680 2104 1722 2130 lo-

933 2153 1048 2183 quentes
1063 2147 1156 2174 audiat
1169 2157 1175 2174 :
1190 2147 1229 2174 Ex
1245 2152 1359 2183 utraque
1371 2148 1451 2175 situla
1465 2148 1590 2184 degusta,
1603 2156 1634 2175 ac
1646 2149 1721 2176 disce

94 2192 208 2228 Κύριος,
223 2190 263 2223 εἷς
281 2191 357 2224 Θεὸς,
374 2191 403 2218 ἓν
419 2192 530 2227 Πνεῦμα
546 2191 667 2227 λαλῆσαν
685 2193 714 2218 ἐν
733 2193 818 2228 νόμῳ,
835 2194 879 2220 καὶ

933 2195 1003 2222 duas
1030 2195 1090 2222 illas
1113 2202 1175 2222 esse
1198 2193 1318 2228 quidem,
1339 2194 1386 2221 sed
1413 2194 1523 2221 unicum
1543 2195 1722 2222 nihilominus

93 2239 124 2266 ἒν
142 2239 306 2274 προφήταις,
319 2239 366 2265 καὶ
385 2239 414 2265 ὲν
430 2239 600 2274 Εὑαγγελίῳ.
619 2239 668 2265 Διά
685 2238 764 2265 τοῦτο
781 2239 836 2275 γὰρ
851 2240 882 2266 οὐ

137 2317 145 2331 ¹
171 2316 202 2344 F.
219 2317 500 2352 ἀλλοτριοεπίσκοπος.

95 2354 106 2370 ⁸
128 2353 193 2379 ibid.
211 2352 256 2378 27.

94 2419 128 2439 eo
143 2411 216 2442 loco,
231 2419 311 2445 quem
328 2411 494 2447 adduximus
508 2421 514 2438 :
532 2411 653 2438 Lucerna
670 2411 727 2447 VDei
738 2416 880 2447 antequam

93 2446 313 2481 exstingueretur,
328 2447 355 2473 in
375 2446 441 2481 Reg.
465 2451 507 2474 est
527 2446 761 2481 xameGaaOﬁvat,
778 2448 805 2474 in
823 2447 881 2474 edi-

95 2481 171 2517 tione
185 2480 276 2514 Sixti,
293 2480 543 2517 ἐπισκευασθῆναι.
574 2481 612 2508 Ex
627 2480 743 2517 quibus
767 2486 881 2516 apparet

95 2516 169 2552 idem
185 2523 246 2552 esse
257 2516 393 2545 collocare
410 2516 546 2547 lucernas.
561 2516 634 2551 quod
659 2517 783 2544 attollere
799 2525 881 2552 super

96 2551 291 2578 candelabrum
308 2556 335 2579 et
344 2553 492 2579 accendere
505 2561 511 2578 :
522 2556 618 2579 contra
635 2559 699 2579 vero
716 2559 881 2586 componere

97 2586 169 2612 idem
190 2594 250 2614 esse
266 2590 347 2621 atque
361 2587 511 2614 exstinctas
523 2586 677 2617 detrahere,
695 2591 722 2614 et
743 2594 793 2613 suo
819 2587 880 2614 loco

98 2628 240 2655 reponere.
258 2620 343 2648 Erant
371 2623 445 2649 enim
472 2623 634 2656 exemptiles
667 2622 797 2652 lucernae.
821 2629 882 2656 quae

96 2656 263 2683 candelabro
279 2657 331 2684 sub
354 2661 462 2684 noctem
483 2657 628 2691 impositae.
652 2656 774 2684 diluculo
789 2657 883 2684 deme-

97 2695 203 2719 rentur.
221 2691 305 2720 Exod.
320 2700 383 2724 xxv,
399 2700 470 2719 com.
489 2691 522 2719 57
535 2701 541 2719 :
557 2691 651 2718 Facies
670 2696 694 2718 et
708 2692 827 2718 lucernae
835 2699 882 2723 vn,

96 2731 121 2754 et
145 2735 225 2761 panes
252 2736 296 2754 eas
318 2735 395 2762 super
409 2727 613 2758 candelabrum;
630 2726 715 2762 lib,"
744 2725 806 2753 Par.
820 2733 881 2760 cap.

97 2770 158 2795 xm,
173 2770 245 2791 vers.
262 2763 292 2789 Η
314 2772 320 2790 :
340 2761 437 2797 Estque
460 2762 529 2796 apud
552 2771 599 2789 nos
621 2761 808 2789 candelabrum
834 2769 884 2797 au:

97 2804 171 2824 reum
193 2803 218 2825 et
245 2798 359 2825 lucernae
384 2796 451 2832 ejus,
478 2803 506 2824 ιιι
535 2797 713 2825 attenduntur
731 2804 830 2828 semper
849 2796 883 2822 ad

97 2839 240 2866 vesperam.
272 2832 300 2860 Si
319 2833 364 2860 .ad
397 2840 536 2868 vesperam
562 2832 791 2864 accendebantur,
811 2839 877 2866 ergo

548 2316 654 2345 ’Exod.
684 2325 747 2350 xxv,
773 2318 804 2344 51
839 2326 901 2353 sqq.

935 2241 1048 2268 fontem.
1065 2239 1166 2268 Eodem
1188 2240 1269 2267 modo
1288 2248 1358 2268 unus
1373 2240 1504 2268 Dominus
1523 2245 1575 2273 est,
1596 2249 1721 2276 unusque

941 2319 951 2334 ’
971 2318 1066 2346 Matth.
1094 2327 1143 2346 xtl.
1165 2319 1192 2348 5.
1231 2319 1242 2335 ⁸
1258 2319 1342 2346 Marc.
1363 2327 1392 2352 ιι,
1421 2319 1448 2347 5.
1485 2320 1496 2336 ⁸
1513 2319 1596 2348 Marc.
1625 2329 1656 2354 ιι,
1675 2321 1720 2349 28.

936 2413 1054 2440 interdiu
1072 2417 1150 2439 erant
1166 2411 1319 2442 exstinctm.
1333 2419 1388 2438 non
1398 2411 1615 2447 modoquntuor,
1631 2416 1660 2439 ut
1679 2411 1723 2439 Jo-

936 2451 1038 2483 sephns
1053 2447 1151 2483 credit,
1169 2447 1216 2474 sed
1235 2454 1332 2483 omnes
1349 2450 1463 2483 septem.

969 2481 1082 2518 (Αδλοῠ
1094 2482 1197 2517 γέγονε
1210 2481 1265 2518 γὰρ
1279 2482 1313 2508 τὸ
1324 2481 1486 2509 Σάϐϐατον.
1502 2481 1571 2518 lluic
1588 2481 1666 2510 aliine
1680 2486 1723 2509 est

933 2515 1060 2553 quod'ﬂ.
1081 2515 1157 2544 Mosa
1175 2515 1227 2544 ben
1243 2516 1361 2543 Maimon
1375 2521 1475 2552 parte:
1493 2515 1572 2548 Jad.,
1591 2521 1670 2544 tract.
1689 2517 1723 2544 de

934 2564 1056 2606 sabbato
1072 2571 1134 2606 cap.
1149 2563 1177 2593 ε,
1197 2562 1250 2599 gs.
1267 2563 1363 2597 scribit
1378 2567 1486 2606 3am:
1499 2567 1569 2606 raw
1586 2555 1665 2593 nm“:
1683 2569 1723 2592 κη

932 2602 1018 2642 ωίιτνιι
1043 2601 1129 2639 urbm
1153 2615 1220 2640 Tom
1238 2615 1338 2639 nam
1358 2601 1414 2639 ibi:
1432 2601 1519 2641 nam
1534 2615 1611 2653 map:
1630 2613 1723 2638 πηγῇ

934 2655 1013 2695 Ecce,
1030 2655 1129 2695 inquit.
1143 2655 1271 2687 didicisti,
1298 2656 1379 2690 legem
1399 2663 1531 2695 nunquam
1543 2655 1721 2695 omniuo‘cra—

934 2691 1018 2717 delem
1035 2695 1059 2717 et
1071 2688 1250 2717 inhumanam
1277 2688 1348 2722 esse,
1370 2691 1415 2717 sed
1431 2688 1630 2719 misericordim.
1649 2688 1720 2715 beni-

934 2726 1042 2787 pnitatis
1067 2733 1097 2752 ac
1123 2726 1196 2759 pacis
1223 2726 1416 2761 plenissimam.
1449 2725 1486 2751 De
1506 2724 1626 2751 Sabbato
1655 2731 1721 2750 vero

945 2761 1066 2787 oauitur.
1096 2761 1169 2787 quod
1197 2765 1361 2787 zearotorum
1387 2767 1470 2787 causa
1490 2766 1521 2785 ac
1546 2762 1657 2787 Dronler
1677 2759 1721 2787 pia

945 2761 1066 2796 oquitur,
1096 2761 1169 2795 quod
1197 2759 1361 2796 aegrotorum
1387 2767 1470 2796 causa
1490 2766 1524 2796 ac
1546 2762 1657 2796 propter
1673 2759 1721 2793 pia

936 2794 1059 2832 quicdam
1075 2794 1233 2824 ministeria
1249 2795 1317 2824 solvi
1345 2803 1426 2830 posse
1445 2794 1568 2830 pluribus
1589 2794 1721 2821 declarat.
