1939 3036
215 119 274 148 1‘67

926 111 956 140 S.
979 110 1101 138 EPlPllA
1107 110 1149 137 Nll

1797 113 1852 141 168

218 175 301 207 Deus,
317 181 388 201 unus
405 173 534 208 Spiritus,
552 171 598 207 qui
613 171 641 199 in
659 171 729 206 lege,
749 168 890 205 prophetis
917 167 1006 193 Evan-

1066 165 1104 191 Ξύο
1121 165 1238 191 Παλαιαὶ
1261 164 1410 200 Διαθῆκαι,
1427 165 1474 191 καὶ
1497 164 1558 191 οὔτε
1584 164 1631 191 δύο
1655 165 1760 192 Καιναὶ
1784 168 1854 194 Δια-

219 223 342 257 gclioque
357 221 463 248 loculus
477 224 529 247 est.
553 219 634 254 706
657 217 698 245 0b
721 217 747 244 id
767 224 823 244 non
839 215 894 242 duo
911 215 1008 242 Vetera

217 268 393 295 Testamenta
409 271 482 298 sunt,
500 273 587 300 neque
603 265 658 291 duo
670 263 756 294 Nova,
772 261 904 297 quoniam
921 266 1009 294 neque

220 318 364 341 testatores
380 313 434 339 duo
446 315 518 343 suntI
533 310 580 338 sed
594 317 665 337 unus
681 307 880 338 tantummodo,
897 306 944 341 qui
957 313 1006 332 an-

219 360 325 394 liquato
342 357 438 385 Vetere
450 357 555 383 Novum
571 356 707 383 instaurat
722 364 728 381 ε
748 361 798 381 nec
814 353 862 384 ita,
880 356 910 379 ut
926 351 1010 379 Vetus

219 403 420 439 cxstiuguendo
439 403 538 434 deleat,
565 401 613 429 sed
635 401 659 428 ei
683 400 763 427 tinem
783 399 917 433 imponat.
933 401 960 425 et
976 396 1010 424 ad

219 449 370 477 secundum
382 448 518 474 bonorum
537 447 739 481 possessionem
754 443 914 471 transferat.

255 493 384 521 LXXXV.
418 494 507 520 Alium
530 500 546 519 e
569 492 712 526 Scriptura
731 491 820 517 locum
844 489 1010 516 Manichacus

220 540 246 566 iu
262 539 380 566 medium
397 538 484 565 affert.
502 537 558 564 Hoc
573 539 657 567 enim.
684 535 782 570 inquit.
805 534 914 561 invenio
929 542 936 561 :
953 535 1024 567 spi-'

221 585 301 611 ritum
312 585 370 611 sine
378 592 493 619 corpore
502 583 617 610 salutem
630 581 762 609 obtinere.
772 579 850 613 Quod
866 580 954 613 ipsum
968 580 1011 606 his

220 631 309 658 verbis
319 630 398 657 docet
410 629 570 663 Apostolus:
583 627 697 655 Omnino
711 627 820 653 auditur
833 627 861 652 in
875 625 946 652 vobis
959 625 1011 659 [or-

219 677 329 707 nicatio.
342 681 366 702 et
374 675 503 710 ejusmodi
514 675 734 709 fornicatio,quaz
743 673 809 699 neirt
822 672 941 706 gentibus
953 671 1011 706 qui-

218 722 278 749 dem
294 722 410 748 cerm'tur
422 729 430 748 :
441 721 506 748 adeo
520 726 549 746 ut
564 728 672 746 uxorem
683 719 789 754 quidam
805 719 888 752 patris
905 718 1009 744 habeat.

221 767 256 793 Et
269 775 313 794 vos
328 767 414 800 inﬂati
425 767 498 797 estis,
514 771 537 792 et
552 773 603 791 non
619 765 702 799 magis
711 764 827 796 luxistis,
837 763 984 789 uttollatur
998 770 1012 788 e

221 813 305 840 medio
320 813 398 840 vestri
416 813 461 846 qui
482 813 529 838 hac
555 811 658 845 [acinus
675 810 815 836 commisit.
838 809 892 843 Ego
906 807 1010 842 quidem

223 858 317 884 absens
335 865 445 891 corpore
469 864 584 890 presseris
600 860 687 881 autem
704 855 809 888 spiritu,
825 853 939 886 iudicavi
951 861 1011 880 eum

221 903 266 937 qui
283 903 331 929 hoc
344 903 428 929 scelus
440 902 580 932 commisit,
596 899 808 927 convenientibus
823 900 905 930 vobis,
921 903 945 925 et
960 898 1011 924 Do-

223 950 305 978 mino,
321 956 380 974 cum
400 955 456 974 meo
474 947 580 981 spiritu,
598 946 700 972 tradere
715 945 845 979 ejusmodi
861 944 971 971 Salano:
984 944 1012 970 in

223 993 359 1019 interitum
376 993 475 1022 carnis,
491 996 520 1017 ut
534 991 642 1024 spiritus
660 990 748 1017 saluus
762 990 811 1023 ﬁat
826 991 853 1016 in
864 989 907 1015 die
918 989 1013 1016 Domi-

199 1049 203 1054 ι
223 1039 250 1065 ni
263 1039 282 1064 ².
296 1037 356 1064 Jam
369 1038 459 1065 carnis
476 1037 603 1064 interitus
622 1036 689 1063 nihil
706 1036 780 1062 aliud
797 1041 848 1068 est,
864 1043 947 1070 quam
962 1036 1012 1062 ub-

223 1085 313 1111 soluta
327 1084 399 1111 illius
415 1083 570 1111 exsliuctio.
584 1081 727 1115 Quomodo
743 1082 824 1116 igitur
836 1088 900 1108 cum
916 1081 943 1107 iu
954 1080 1012 1107 dia-

223 1131 278 1158 boli
296 1134 431 1165 potestate
450 1137 515 1156 caro
534 1128 657 1156 funditus
678 1127 868 1162 exstinguatur
881 1126 1013 1161 solusque

223 1181 348 1203 servetur
363 1175 487 1210 spiritus,
507 1181 653 1210 corporum
670 1181 732 1201 esse
746 1177 836 1208 potest
865 1172 1013 1211 carnisque

225 1221 407 1248 resurrectio?
436 1220 511 1247 Adeo
537 1228 602 1247 vero
628 1224 671 1247 est
693 1219 791 1252 hebes,
818 1224 848 1246 ut
872 1218 939 1245 illud
957 1226 1013 1245 non

224 1266 440 1294 videat:carnis
463 1273 546 1300 opera
573 1266 782 1293 fornicationem
807 1272 879 1296 esse,
906 1263 1012 1291 adulte—

226 1312 309 1344 rium,
328 1319 361 1338 ac
378 1311 531 1344 libidinem,
544 1315 572 1339 et
587 1311 615 1338 id
630 1319 716 1346 genus
730 1311 802 1344 alia;
817 1317 868 1338 nec
884 1310 919 1337 de
931 1317 1014 1337 carne

226 1358 314 1391 illum,
327 1357 375 1385 sed
392 1357 426 1384 de
444 1358 536 1384 carnis
548 1357 677 1392 operibus
689 1356 773 1392 loqui.
786 1356 854 1383 Nam
873 1363 936 1383 cum
952 1360 1013 1383 stu-

227 1411 307 1438 prum
318 1403 418 1438 aliquis
429 1402 586 1434 committit,
600 1409 665 1430 caro
675 1403 747 1430 istud
762 1403 938 1436 exsequitur;
948 1409 1014 1429 cum

228 1454 319 1475 autem
346 1448 554 1482 temperantiam
579 1447 631 1474 sibi
657 1448 834 1482 compararit,
863 1448 919 1482 jam
945 1454 1014 1474 caro

228 1493 430 1528 quodammodo
445 1500 506 1520 esse
528 1500 593 1520 caro
608 1493 719 1524 desiuit,
733 1498 815 1528 atque
837 1493 863 1519 in
887 1492 1013 1528 spiritum

228 1537 397 1565 convertitur
411 1547 419 1564 :
436 1536 665 1572 quemadmodum
682 1537 830 1572 Apostolus
846 1536 950 1563 refert:
965 1535 1017 1568 Qui

228 1583 304 1610 initio
319 1583 456 1617 conjunxit
475 1581 579 1614 ambos,
593 1582 663 1609 dixit
679 1590 687 1609 ι
701 1582 814 1616 Propter
827 1582 875 1609 hoc
890 1582 1017 1615 relinquet

228 1630 306 1656 homo
320 1634 423 1664 patrem
440 1637 529 1661 suum,
548 1634 572 1656 et
586 1633 697 1656 matrem
722 1637 809 1659 suam,
833 1633 859 1655 et
874 1627 1017 1655 adluerebit

228 1676 307 1703 uxori
321 1684 388 1707 suae,
401 1680 426 1703 et
439 1681 516 1702 erunt
528 1675 580 1702 duo
595 1675 623 1702 in
639 1683 743 1702 carnem
756 1684 836 1702 unam
850 1676 871 1703 ¹.
887 1675 962 1703 Sicut
973 1673 1018 1709 qui

228 1722 344 1749 act/iteret
358 1722 499 1755 meretrici,
513 1730 594 1749 unum
612 1730 705 1755 corpus
728 1726 778 1754 est,
799 1727 824 1749 et
839 1722 884 1756 qui
900 1721 1018 1748 adlurret

230 1768 428 1801 Doutino,ttntts
438 1769 548 1802 spiritus
558 1773 597 1794 est
610 1768 631 1795 '.
644 1767 736 1802 Itaque
747 1768 792 1802 qui
804 1772 928 1802 stuprum
941 1773 1018 1793 com-

229 1812 525 1845 mittit,caroellicitur,
537 1820 591 1839 non
600 1819 699 1846 corpus
710 1812 851 1844 duntaxat,
864 1812 910 1840 sed
923 1817 950 1839 et
962 1819 1016 1839 ca:-

231 1861 288 1883 tera
298 1856 401 1887 omnia,
414 1856 535 1890 adeoque
547 1858 636 1884 anima
652 1858 709 1891 ipsa
724 1858 751 1884 in
768 1865 875 1884 carnem
885 1858 1021 1892 quodam,

230 1902 312 1928 modo
331 1906 463 1928 mutatur.
487 1902 553 1928 Dum
575 1903 648 1930 enim
677 1903 711 1930 ad
734 1904 903 1930 meretricem
929 1904 1018 1930 adhae-

231 1946 325 1978 rescit,
341 1953 406 1972 caro
420 1946 465 1979 fit;
488 1954 606 1981 cumque
620 1948 738 1974 carnalis
758 1948 804 1979 sit,
826 1947 939 1974 omnino
953 1955 1019 1975 caro

231 1991 342 2018 dicitur.
358 1992 392 2017 At
403 1991 449 2025 qui
465 1990 580 2019 Domino
597 1992 727 2024 adhaeret,
739 1997 794 2019 tam
808 2000 923 2027 corpore
935 2001 1018 2027 quam

232 2037 323 2063 animo
341 2045 412 2064 unus
437 2044 500 2064 cum
524 2045 556 2064 eo
581 2038 694 2072 spiritus
717 2042 769 2070 est,
787 2046 819 2066 ac
838 2039 970 2074 quidquid
990 2039 1019 2066 in

232 2082 342 2110 homine
369 2083 450 2115 inest,
475 2091 546 2110 unus
569 2083 597 2110 iu
625 2083 739 2111 Domino
761 2085 874 2119 spiritus
893 2084 1017 2111 eﬂicitur.

231 2128 290 2161 Qua
313 2128 346 2156 de
371 2136 401 2155 re
420 2132 544 2156 statuens
568 2129 637 2156 idem
658 2130 804 2164 Apostolus
820 2139 826 2157 :
842 2131 921 2165 707
936 2130 1018 2163 Deus,

1030 1500 1050 1529 C

1059 212 1157 247 θῆκαι·
1176 211 1270 247 ἐπειδὴ
1287 211 1336 238 οὐκ
1355 211 1409 238 εἰσὶ
1419 211 1465 238 δύο
1480 212 1504 238 οἱ
1523 211 1687 247 διαθέμενοι,
1703 213 1761 239 ἀλλ’
1779 211 1825 245 εἷς
1836 215 1855 240 6

1058 258 1107 293 τὴν
1123 257 1244 285 Παλαιὰν
1258 257 1336 292 [τῶν]
1350 257 1484 287 παλαιῶν,
1495 257 1543 284 καὶ
1553 257 1602 292 τὴν
1617 258 1721 293 Καινὴν
1730 258 1855 285 ἀνακαι-

1059 302 1155 334 νίζων-
1175 302 1206 328 οὐ
1227 301 1277 337 τὴν
1301 301 1422 328 Παλαιὰν
1446 302 1592 337 καταργῶν
1613 303 1654 334 εις
1673 303 1852 338 ἀφανισμὸν,

1060 347 1128 374 ἀλλὰ
1140 346 1190 383 τὴν
1204 347 1325 373 Παλαιὰν
1337 347 1514 377 καταπαύων,
1530 348 1577 373 καὶ
1587 349 1620 383 τῇ
1632 348 1748 384 δευτέρᾳ
1765 357 1855 382 προσ-

1058 394 1199 429 τιθέμενος
1210 394 1367 430 περιουσίας
1380 394 1570 430 κληρονομίαν.

1096 481 1158 508 ΠΕ’,
1172 481 1271 516 Ἄλλην
1282 481 1310 508 δὲ
1325 481 1405 508 πάλιν
1418 481 1490 514 λέξιν
1503 483 1518 510 ὁ
1529 483 1610 515 αὐτὸς
1623 484 1719 519 Μάνης
1733 493 1855 520 παρεισ-

1060 528 1156 563 φέρει,
1181 527 1280 562 λέγων,
1304 528 1344 554 ὅτι
1369 527 1434 555 Οἶδα
1463 529 1570 564 πνεῦμα
1608 531 1761 566 σωζόμενον
1783 531 1853 558 ἄνευ

1062 574 1197 609 σώματος.
1214 574 1300 600 Τοῦτο
1324 574 1388 608 γὰρ,
1405 576 1486 609 φησὶ,
1506 575 1627 602 διδάσκει
1651 577 1665 602 6
1687 577 1856 608 ’Δπόστολος

1060 620 1156 654 λέγων,
1170 621 1211 646 ὅτι
1232 621 1328 653 Ὂλως
1354 617 1493 648 ἀκούεται
1507 621 1543 648 ἐν
1557 622 1628 656 ὑμῖν
1645 624 1780 657 πορνεία,
1802 625 1854 651 καὶ

1061 670 1180 702 τοιαύτη
1194 669 1327 703 πορνεία,
1337 669 1402 702 ἣτις
1413 669 1484 696 οὺδὲ
1497 670 1532 695 ἐν
1544 670 1606 702 τοῖς
1615 670 1737 697 ἔθνεσιν
1749 680 1756 687 ·
1772 671 1856 698 ὥστε

1060 715 1187 750 γυναῖκά
1199 723 1266 742 τινα
1275 715 1329 742 τοῦ
1341 716 1451 749 πατρὸς
1471 716 1563 750 ἔχειν.
1576 717 1630 743 Καὶ
1649 717 1735 751 ὑμεῖς
1753 726 1855 751 πεφυ-

1061 762 1199 795 σιωμένοι
1214 761 1295 794 ἐστὲ,
1315 762 1364 788 καὶ
1378 762 1445 795 οὐχὶ
1454 761 1575 795 μᾶλλον
1586 762 1784 796 ἐπενθήσατε,
1803 764 1856 790 ἵνα

1062 807 1135 842 ἀρθῇ
1151 809 1186 834 ἐκ
1198 809 1296 842 μέσον
1317 807 1402 842 ὑμῶν
1415 809 1431 834 ὀ
1452 809 1484 834 τὸ
1503 807 1592 843 ἔργον
1614 809 1702 835 τοῦτο
1714 809 1854 843 πράξας.

1069 853 1139 888 Ἐγὼ
1151 853 1218 888 μὲν,
1238 853 1322 880 ἀπὼν
1341 854 1382 886 τῷ
1394 854 1520 888 σώματι,
1537 854 1640 888 παρὼν
1651 855 1684 881 δὲ
1698 854 1738 886 τῷ
1756 856 1855 881 πνεύ-

1059 905 1140 931 ματι,
1157 897 1215 931 ἠδη
1233 898 1356 931 κέκρικα
1369 897 1423 924 τὸν
1440 898 1474 924 τὸ
1490 898 1579 932 ἔργον
1597 899 1685 926 τοῦτο
1706 907 1856 933 κατεργα-

1062 943 1211 977 σάμενον,
1235 945 1446 972 συνελθόντων
1465 944 1549 979 ὑμῶν
1571 945 1622 972 καὶ
1647 945 1700 972 τοῦ
1724 946 1854 980 Κυρίου,

1060 989 1136 1023 μετὰ
1155 989 1208 1016 τοῦ
1230 989 1304 1024 ἐμοῦ
1322 991 1506 1024 πνεύματος,
1520 990 1704 1025 παραδοῦναι
1718 991 1774 1017 τὸν
1792 1000 1854 1018 τοι-

1063 1036 1154 1062 οῦτον
1171 1035 1211 1068 τῷ
1228 1035 1358 1070 Σατανᾷ,
1371 1038 1415 1069 εις
1431 1037 1555 1071 ὀλεθρον
1575 1037 1631 1070 τῆς
1657 1037 1784 1071 σαρκὸς,
1800 1038 1857 1064 ἵνα

1063 1078 1097 1104 τὸ
1116 1077 1234 1113 πνεῦμα
1249 1079 1332 1113 σωθῇ
1351 1080 1386 1106 ἐν
1404 1080 1441 1114 τῇ
1454 1080 1551 1114 ᾑμέρᾳ
1563 1080 1617 1107 τοῦ
1635 1081 1757 1114 Κυρίου.
1771 1080 1856 1109 Ὀλε-

1064 1122 1128 1158 Θρος
1141 1123 1170 1149 δὲ
1189 1123 1235 1150 ἐπὶ
1253 1124 1356 1159 σαρκὸς
1371 1126 1386 1151 6
1407 1125 1579 1152 παντάπασίν
1595 1126 1670 1151 ἐστιν
1683 1126 1854 1160 ἀφανισμός.

1064 1169 1126 1201 Πῶς
1147 1167 1210 1201 οὖν,
1233 1170 1435 1206 ἀφανιζομένης
1459 1170 1509 1205 τῆς
1533 1171 1634 1206 σαρκὸς
1662 1171 1690 1197 ἰν
1711 1172 1784 1207 χειρὶ
1806 1171 1855 1198 τοῦ

1063 1215 1202 1248 διαϐόλου,
1221 1216 1268 1243 καὶ
1292 1216 1445 1251 σωζομένου
1465 1216 1511 1243 τοῦ
1528 1216 1692 1251 πνεύματος,
1709 1217 1751 1243 ἔτι
1775 1217 1856 1244 ἔσται

1064 1261 1210 1293 ἀνάστασις
1236 1261 1369 1296 σωμάτων
1395 1261 1412 1296 ἢ
1444 1262 1559 1297 σαρκός;
1587 1262 1641 1288 Καὶ
1664 1262 1715 1288 οὐκ
1739 1260 1814 1289 οἶδεν
1841 1264 1856 1290 6

1064 1307 1175 1343 ἄπειρος
1188 1307 1259 1334 κατά
1282 1308 1381 1340 πάντα,
1397 1308 1438 1334 ὅτι
1457 1308 1491 1334 τὰ
1515 1308 1582 1344 ἔργα
1596 1309 1646 1343 τῆς
1661 1307 1764 1343 σαρκὸς
1788 1317 1858 1344 πορ-

1065 1353 1134 1385 νεία,
1155 1354 1272 1389 μοιχεία,
1286 1353 1426 1388 ἀσέλγεια,
1445 1354 1492 1380 καὶ
1512 1354 1546 1380 τὰ
1559 1354 1668 1386 τούτοις
1682 1355 1782 1389 ὅμοια·
1808 1355 1857 1381 καὶ

1065 1399 1095 1425 οὺ
1108 1399 1172 1433 περὶ
1193 1399 1277 1434 αὐτῆς
1303 1399 1352 1434 τῆς
1375 1394 1475 1434 σαρκὸς
1495 1399 1586 1434 λέγει,
1602 1400 1670 1427 ἀλλὰ
1686 1401 1741 1427 τῶν
1765 1401 1857 1437 ἔργων

1064 1444 1113 1479 τῆς
1129 1444 1239 1480 σαρκός.
1256 1445 1321 1471 Ὅτε
1344 1445 1393 1480 μὲν
1416 1445 1562 1480 ἐργάσεται
1587 1446 1725 1481 πορνείαν,
1742 1447 1761 1482 ἡ
1785 1447 1857 1482 σὰρξ

1067 1490 1227 1526 ἐργάζεται·
1245 1490 1293 1518 ἐὰν
1312 1491 1341 1517 δὲ
1361 1491 1495 1526 κτήσηται
1523 1491 1701 1527 ἐγκράτειαν,
1726 1493 1821 1519 οὐκέτι
1838 1493 1856 1527 ἡ

1068 1536 1136 1572 σάρξ
1151 1537 1235 1568 ἐστιν,
1248 1535 1317 1562 ἀλλὰ
1334 1537 1350 1571 ἡ
1371 1536 1440 1571 σὰρξ
1458 1536 1655 1572 μεταϐέϐληται
1669 1537 1709 1569 είς
1725 1537 1854 1573 πνεῦμα·

1067 1583 1105 1614 ὡς
1120 1583 1167 1609 καὶ
1180 1583 1194 1608 ὁ
1214 1581 1374 1613 Ἀπόστολος
1389 1582 1476 1616 λέγει·
1491 1582 1533 1608 ὅτι
1550 1582 1581 1608 '0
1590 1582 1729 1617 ἀπαρχττκ-
1750 1583 1857 1613 συζεύ-

1068 1627 1123 1660 ξας
1135 1627 1172 1654 τὰ
1186 1627 1337 1661 ἀμφότερα
1351 1626 1451 1653 εἶπεν·
1470 1627 1543 1654 Ἀντὶ
1556 1628 1662 1654 τούτου
1678 1630 1856 1662 καταλείψει

1067 1672 1222 1706 ἅνθρωπος
1253 1671 1307 1698 τὸν
1329 1672 1442 1706 πατέρα
1471 1672 1564 1699 αὐτοῦ
1585 1672 1634 1699 καὶ
1656 1673 1714 1706 τὴν
1739 1674 1856 1708 μητέρα

1068 1719 1172 1750 αὐτοῦ,
1187 1719 1237 1745 καὶ
1255 1718 1478 1751 κολληθήσεται
1498 1717 1536 1751 τῇ
1550 1718 1667 1752 γυναικὶ
1681 1719 1791 1751 αὐτοῦ,
1807 1720 1854 1746 καὶ

1068 1766 1189 1792 ἔσονται
1204 1766 1230 1792 ol
1243 1763 1298 1791 δύο
1307 1766 1352 1797 εἰς
1363 1764 1460 1799 σάρκα
1476 1764 1550 1798 μίαν
1559 1770 1568 1777 ”
1580 1764 1620 1797 ὡς
1631 1766 1649 1791 ὀ
1663 1765 1856 1800 κολλώμενος

1068 1811 1104 1845 τῇ
1115 1812 1211 1845 πόρνῃ
1228 1811 1262 1837 ἐν
1280 1810 1365 1845 σῶμά
1380 1811 1474 1842 ἐστιν.
1494 1811 1510 1837 ὀ
1528 1810 1718 1845 κολλώμενος
1741 1809 1784 1845 τῷ
1797 1813 1854 1838 Κυ-

1064 1857 1120 1890 ρίῳ
1143 1856 1178 1883 ἓν
1202 1857 1319 1891 πνεῦμά
1340 1857 1434 1884 ἐστιν.
1461 1859 1532 1893 Ἀρα
1553 1857 1599 1885 οὖν
1620 1859 1635 1884 6
1655 1857 1704 1892 τὴν
1727 1857 1855 1893 πορνείαν

1069 1902 1250 1938 ἐργαζόμενος
1266 1902 1333 1938 σὰρξ
1345 1904 1505 1938 γεγένηται·
1522 1904 1552 1930 οὐ
1570 1905 1649 1939 μόνον
1664 1903 1732 1938 αὑτὴ
1743 1904 1761 1938 ὴ
1776 1903 1853 1937 σὰρξ,

1068 1949 1137 1975 ἀλλὰ
1152 1949 1200 1975 καὶ
1216 1949 1316 1981 πάντα,
1331 1949 1379 1974 καὶ
1394 1948 1478 1984 ψυχὴ,
1497 1949 1543 1976 καὶ
1557 1950 1590 1975 τὰ
1606 1949 1672 1976 ἄλλα
1689 1948 1853 1982 σὰρξ-γίνε-

1069 2003 1125 2021 ται.
1143 1993 1291 2028 Κολληθεὶς
1305 1994 1358 2029 γὰρ
1374 1995 1407 2028 τῇ
1427 1994 1515 2030 ’πόρνῃ
1535 1993 1603 2028 σὰρξ
1620 1993 1739 2028 ἐγένετο,
1758 1994 1806 2020 καὶ
1818 1993 1854 2019 ὢν

1071 2040 1200 2076 σαρκικὸς
1227 2039 1294 2075 σὰρξ
1309 2040 1376 2071 ὅλως
1389 2040 1522 2066 καλεῖται.
1546 2040 1574 2066 '0
1587 2039 1615 2065 δὲ
1632 2039 1802 2073 κολλώμενος
1818 2039 1855 2074 τῷ

1070 2086 1164 2121 Κυρίῳ
1182 2086 1212 2112 ἓν
1228 2085 1336 2120 πνεῦμά
1362 2086 1419 2112 ἐστι
1430 2105 1437 2116 ,
1454 2085 1576 2112 τουτέστι
1593 2085 1672 2120 σῶμα
1693 2085 1740 2111 καὶ
1766 2084 1847 2120 ψυχὴ.

1071 2133 1118 2158 καὶ
1131 2132 1230 2163 πάντα,
1248 2132 1274 2158 εἴ
1289 2132 1315 2157 τί
1329 2133 1401 2158 ἐστιν
1413 2132 1441 2158 ἐν
1451 2131 1490 2166 τῷ
1504 2130 1649 2166 ἀνθρώπῳ,
1661 2130 1690 2156 ἒν
1705 2130 1814 2164 πνεῦμα
1827 2131 1854 2156 ὲν

232 2175 330 2210 inquit,
341 2176 427 2210 posuit
441 2176 467 2201 in
478 2183 586 2209 corpore
596 2163 689 2202 omnia
696 2176 812 2202 membra
828 2163 933 2211 sing-uia
940 2184 1014 2210 prout

1071 2177 1109 2212 τῷ
1123 2177 1226 2212 Κυρίῳ.
1236 2177 1291 2203 Kal.
1304 2177 1368 2211 περὶ
1380 2163 1637 2210 τούτου-νομοθετῶν
1649 2176 1663 2201 6
1677 2175 1759 2206 αὐτὸς
1775 2163 1852 2201 Ἂπὸ-

232 2221 344 2248 voluit‘.
358 2220 427 2248 Vide
446 2225 477 2248 ut
494 2222 617 2256 corporis
632 2228 741 2256 quoque
757 2222 926 2249 conditorem
942 2222 1012 2249 οων.

233 2272 288 2294 met
303 2267 386 2294 Deum
408 2274 441 2293 ac
461 2267 644 2294 membrorum
668 2272 826 2295 nostrorum
848 2269 1017 2303 composito-

234 2319 302 2344 rem,
319 2313 367 2347 qui
382 2312 516 2347 sapientia
531 2320 563 2339 ac
576 2312 697 2339 bonitate
713 2320 773 2345 sua,
790 2313 829 2340 uti
844 2314 941 2346 voluit,
956 2315 1018 2341 uui-

233 2364 313 2383 versa
335 2358 486 2384 constituit.
505 2357 570 2385 Post
587 2358 644 2385 hac
659 2359 812 2393 exemplum
828 2359 952 2393 corporis
967 2367 1018 2385 no-

234 2401 284 2428 stri
300 2401 333 2428 ad
348 2400 450 2428 Christi
464 2409 564 2436 corpus
580 2402 779 2429 accommodat.
792 2402 1019 2434 Quemadmodum

233 2453 258 2473 et
275 2455 321 2473 nos
339 2455 432 2480 corpus
452 2447 550 2474 Cltristi
562 2456 661 2479 sumus,
677 2453 701 2474 ct
714 2449 829 2475 membra
844 2448 875 2474 de
892 2448 1019 2480 mentbro,

232 2498 258 2520 et
272 2492 392 2519 Ecclesia
408 2492 466 2524 Dei,
484 2501 541 2527 quo:
557 2498 593 2520 εει
613 2502 706 2528 corpus
723 2494 852 2520 Christi“.
868 2494 984 2521 Proinde
996 2495 1019 2522 si

233 2547 335 2574 corpus
348 2539 395 2566 Dei
410 2538 530 2567 Ecclesia
545 2540 652 2575 spiritui
666 2540 820 2571 adhaerens,
839 2540 892 2567 hoc
910 2545 952 2568 est
968 2540 1020 2568 Do—

235 2585 399 2618 miuo,unus
415 2590 457 2613 est
472 2586 586 2621 spiritus
596 2606 603 2617 ,
616 2587 773 2621 quicunque
788 2587 822 2613 ab
836 2587 930 2614 eadem
945 2587 1018 2614 exci-

233 2631 285 2662 dit,
301 2632 413 2666 perinde
428 2639 443 2658 a
461 2632 557 2666 spiritu
573 2632 742 2664 descisceus,
765 2633 856 2659 anima
876 2634 977 2668 pariter
991 2639 1019 2661 et

235 2686 350 2713 corpore
365 2683 548 2706 commutatur
566 2680 593 2706 in
607 2687 729 2712 carnem,
742 2687 773 2707 ac
784 2680 807 2707 si
820 2681 885 2715 quid
902 2681 974 2708 aliud
991 2682 1017 2709 in

236 2723 296 2758 ipso
311 2725 474 2752 continetur.
497 2725 563 2752 Nam
577 2725 623 2760 qui
641 2725 697 2752 ficri
720 2731 821 2760 posset,
844 2734 908 2761 pars
923 2733 950 2754 ut
965 2735 1018 2754 una

1071 2223 1164 2254 στολάς
1179 2230 1274 2257 φησιν·
1296 2223 1328 2249 '0
1340 2222 1412 2255 Θεὸς
1431 2222 1514 2250 ἔθετο
1526 2222 1561 2248 ἐν
1576 2221 1689 2255 σώματι
1705 2220 1805 2247 πάντα
1819 2221 1853 2247 τὰ

1067 2269 1156 2304 μέλη,
1172 2269 1303 2295 ἕκαστον
1319 2268 1415 2301 καθὼς
1428 2268 1570 2301 ἠθέλησε.
1585 2267 1640 2294 Kal.
1654 2268 1705 2303 ὂρα
1721 2266 1779 2298 πῶς
1789 2268 1851 2301 ὁμο-

1070 2314 1145 2348 λογεῖ
1156 2314 1202 2339 τὸν
1218 2313 1284 2339 Θεὸν
1299 2313 1413 2348 ποιητὴν
1429 2312 1475 2338 τοῦ
1494 2311 1627 2346 σώματος,
1644 2312 1690 2338 καὶ
1707 2311 1789 2347 θὲτην
1801 2311 1851 2338 τῶν

1070 2361 1100 2386 ὲν
1113 2361 1179 2394 ἡμῖν
1204 2358 1303 2394 μελῶν,
1323 2359 1370 2385 καὶ
1394 2357 1484 2389 καθὼς
1498 2357 1612 2393 ἠθέλησε
1633 2358 1666 2392 τῇ
1691 2357 1745 2393 ἰδίᾳ
1775 2357 1851 2392 σοφίᾳ

1070 2405 1117 2431 καὶ
1132 2405 1289 2440 ἀγαθότητι.
1301 2405 1311 2420 ⁸
1325 2403 1394 2431 Εἶτα
1408 2404 1499 2435 πάλιν,
1522 2404 1580 2429 ἀντὶ
1596 2402 1644 2429 τοῦ
1663 2403 1850 2437 παραδείγμα-

1069 2459 1115 2482 τος
1129 2450 1176 2477 τοῦ
1193 2451 1326 2486 ἡμετέρου
1353 2451 1477 2484 σώματος
1490 2469 1497 2482 ,
1514 2449 1560 2475 τοῦ
1583 2449 1713 2484 Χριστοῦ.
1735 2449 1783 2481 Ὠς
1804 2449 1850 2475 καὶ

1069 2497 1155 2532 ἡμεῖς
1169 2496 1254 2531 σῶμα
1272 2496 1401 2530 Χριστοῦ
1414 2497 1517 2530 ἐσμεν,
1532 2495 1581 2521 καὶ
1596 2494 1674 2529 μέλη
1684 2495 1719 2521 ἐκ
1730 2496 1848 2529 μέλους,

1071 2543 1118 2569 καὶ
1134 2544 1153 2576 ἠ
1177 2543 1341 2576 Ἐκκλησία
1356 2542 1410 2569 τοῦ
1425 2541 1509 2573 Θεοῦ,
1527 2541 1591 2574 ἣτις
1603 2540 1671 2567 ἐστὶ
1686 2540 1773 2574 σῶμα
1792 2541 1850 2573 Χρι-

1071 2589 1157 2616 στοῦ.
1171 2590 1202 2615 Εἰ
1225 2589 1304 2623 σῶμα
1325 2588 1413 2614 τοίνυν
1428 2587 1495 2613 Θεοῦ
1514 2587 1530 2622 ὴ
1556 2585 1701 2621 Ἐκκλησία
1723 2585 1849 2620 κεκολλη-

1074 2636 1141 2671 μένη
1158 2635 1197 2670 τῷ
1220 2634 1365 2669 πνεύματι,
1381 2633 1503 2660 τουτέστι
1516 2632 1555 2667 τῷ
1571 2632 1678 2667 Κυρίῳ,
1699 2630 1731 2657 ἓν
1749 2631 1850 2666 πνεῦμά

1073 2683 1155 2713 ἐστιν,
1172 2682 1186 2707 6
1197 2682 1244 2708 ἀπ’
1261 2680 1346 2714 αὐτῆς
1361 2680 1449 2706 τοίνυν
1466 2679 1630 2713 ἁμαρτάνων
1641 2676 1794 2712 πνεύματος
1808 2679 1849 2703 ἑχ-

1073 2727 1163 2754 πεσὼν
1186 2726 1254 2762 σὰρξ
1271 2726 1414 2761 γεγένηται
1429 2725 1496 2756 ὅλως
1517 2724 1589 2759 ψυχῇ
1606 2723 1653 2750 καὶ
1672 2721 1788 2758 σώματι,
1807 2722 1849 2749 καὶ

274 2782 282 2820 ξ
298 2782 306 2808 l
321 2783 383 2820 Cor.
399 2793 426 2814 ν,
444 2784 501 2812 1-5.
540 2784 659 2819 ’Ephes.
685 2793 713 2820 v,
729 2786 759 2813 5t
774 2795 781 2820 ;
799 2785 866 2813 Gen.
899 2794 929 2819 ιι,
956 2787 1002 2814 24.

1071 2787 1155 2815 lCor.
1173 2795 1210 2814 vr.
1236 2787 1281 2814 16.
1306 2785 1349 2813 17.
1388 2784 1500 2812 ιιαοτ.
1530 2791 1580 2815 xu,
1613 2782 1657 2810 18.
1697 2782 1708 2798 '
1727 2781 1793 2810 ibid.
1805 2781 1846 2809 27.

232 2814 252 2862 _“
264 2815 345 2845 Deest
357 2819 470 2853 aliquid.
