1939 3036
77 189 134 217 H39

410 185 596 215 ADVERSUS
615 185 787 214 IIEIIESES
807 185 872 214 LIB.
895 187 924 215 Il.
947 186 1029 214 TUM.
1051 187 1083 213 ll.
1103 201 1138 206 -ι
1157 186 1292 214 ΙΙᾸΞΙὶΕΒ.
1315 186 1406 213 LXVI.

1667 189 1717 217 170

74 249 106 276 ετ
131 247 173 280 τίς
188 248 196 264 ί
215 247 289 274 ἐστιν
314 247 342 273 έν
369 246 453 282 αὐτῷ.
475 246 551 272 Ἐπεὶ
571 245 628 277 πῶς
654 245 766 273 ἐδύνατο
792 246 874 282 μέρος

937 247 1035 274 Satana:
1061 246 1228 279 traderetur,
1256 254 1310 274 non
1335 247 1489 274 traderetur
1504 246 1609 274 altera?
1626 246 1719 283 Neque

76 291 269 328 παραδοθῆναι
284 291 323 326 τῷ
335 291 451 326 Σατανᾷ,
462 291 509 317 καὶ
525 291 608 326 μέρος
625 291 662 326 μὴ
675 291 875 327 παραδοθῆναις

76 339 119 365 Οὐ
142 338 198 374 γὰρ
225 335 298 370 εἶπε,
325 337 512 373 παραδοθῆναι
534 338 583 372 τὴν
596 338 688 372 σάρκα
701 337 740 372 τῷ
760 337 875 373 Σατανᾷ,

76 385 150 412 ἀλλὰ
164 384 353 420 παραδοῦναι
376 384 431 411 τὸν
452 383 598 412 τοιοῦτον,
621 384 650 410 'U
668 383 697 410 δὲ
713 383 801 418 λέγων
824 383 878 410 τὸν

76 430 221 458 τοιοῦτον
236 429 367 465 ὁλοσχερῆ
388 428 533 465 ἄνθρωπον
554 428 604 455 σὺν
626 427 699 463 ψυχῇ
723 427 772 454 καὶ⁷
796 427 878 454 παντὶ

79 477 123 512 τῷ
134 476 272 513 ἀνθρώπῳ
290 475 494 512 παραδέδωκεν.
510 475 542 503 Εἰ
554 474 582 501 δὲ
597 474 657 501 ὅλον
673 474 876 510 παραδέδωκεν,

77 522 144 549 ὅλον
159 522 249 558 σάρκα
269 521 446 556 ἀπεφήνατο·
465 521 496 547 τὸ
511 520 619 556 πνεῦμα
632 520 661 548 δὲ
676 520 771 555 ἐδήλου
793 520 878 552 σώζε-

79 568 147 594 σθαι
172 568 213 599 εἰς
240 568 289 603 τήν
307 567 414 604 ἡμέραν
435 566 558 602 Κυρίου,
581 567 625 592 ἵνα
651 566 689 602 μὴ
712 565 765 592 ὑπὸ
789 566 879 593 αἰτίαν

79 617 197 651 γένηται
211 615 229 650 ὴ
250 614 397 649 Ἐκκλησία
420 613 468 640 τοῦ
489 613 649 648 σφάλματος
667 612 714 639 τοῦ
732 613 880 647 σφαλέντος

80 660 241 696 ἀνθρώπου,
260 659 307 686 καὶ
325 658 443 694 μολυνθῇ
459 658 506 694 ὅλη
532 659 549 693 ἡ
568 658 716 693 Ἐκκλησία
735 657 774 694 τῷ
789 666 879 693 παρα-

80 707 213 742 πτώματι
225 706 273 733 τοῦ
291 705 360 737 ἐνὸς,
376 705 450 739 λέγει
461 713 467 720 ·
482 704 634 739 Παράδοτε
646 703 700 731 τὸν
712 703 879 738 σφαλέντα,

79 755 135 782 ἵνα
149 753 181 779 τὸ
197 752 326 786 πνεῦμα,
339 751 480 778 τουτέστιν
492 750 540 786 ὅλη
558 751 574 785 ἡ
594 749 753 785 Ἐκκλησία,
767 747 862 782 σωθῇ.

114 799 188 834 nq‘.
198 799 278 826 ’Δλλὰ
289 807 356 835 φησι
365 807 372 813 ·
384 798 556 834 Γέγραπται·
566 797 645 832 Σὰρξ
653 797 703 824 καὶ
712 795 784 831 αἷμα
788 796 882 829 ,ϐασι-

82 845 174 873 λείαν
181 845 256 872 Θεοῦ
263 846 298 872 οὐ
305 843 642 879 alapae-apricatioth
648 842 753 878 νομίζει
761 843 789 869 ὲν
794 841 882 876 τούτῳ

80 891 177 926 λέγειν
187 900 221 919 τι.
231 891 287 918 Καὶ
292 890 345 926 γὰρ
351 889 390 925 τῷ
397 890 453 917 ὕντι
461 890 491 916 οὺ
503 889 614 917 δύναται
625 888 739 925 πορνεία
751 888 882 924 κληρονο-

930 300 992 320 vero
1008 292 1077 319 dixit
1088 292 1235 327 Apostolus
1253 301 1259 320 :
1277 292 1398 320 Tradere
1408 299 1519 320 carnem
1539 292 1657 326 Satanze,
1672 297 1719 322 sed

929 339 1034 367 tradere
1055 339 1196 374 ejusmodi.
1223 339 1258 366 At
1279 339 1327 374 qui
1344 339 1474 374 ejusmodi
1491 340 1568 373 dicit,
1585 341 1719 376 integrum

928 385 1052 421 profecto
1079 385 1228 417 hominem,
1257 385 1310 412 hoc
1334 390 1377 413 est
1403 390 1457 412 tam
1483 387 1615 419 animam,
1639 396 1720 423 qnam

928 439 1030 466 corpus
1048 431 1192 459 tradiderit
1207 439 1320 459 necesse
1339 435 1391 459 est.
1413 432 1464 465 Qui
1481 440 1542 459 cum
1560 438 1645 460 totum
1665 439 1722 460 tra-

929 477 1041 508 diderit,
1064 481 1149 504 totum
1167 477 1295 504 videlicet
1316 485 1425 504 carnem
1445 485 1507 505 esse
1522 478 1675 513 signiﬁcat;
1694 484 1723 506 at

930 522 1058 558 spiritum
1074 522 1101 548 in
1117 522 1188 550 diem
1207 521 1314 549 Domini
1333 522 1435 549 servari
1451 523 1630 552 demonstrat.
1644 529 1673 550 ut
1689 532 1722 551 ne

931 568 1054 595 Ecclesia
1069 567 1254 602 delinquentis
1276 568 1393 595 hominis
1416 569 1520 596 scelere
1535 570 1723 605 olstringere-

931 617 986 645 tur,
1007 613 1144 648 uniusque
1161 613 1261 641 delicto
1277 617 1332 640 tota
1353 614 1410 648 ipsa
1435 614 1612 648 pollueretur.
1632 615 1723 648 Quare

932 659 967 686 ita
987 659 1065 693 jubet
1088 654 1236 694 Apostolus
1253 669 1260 687 :
1281 659 1465 698 Tradite'eum
1489 661 1533 695 qui
1552 661 1673 696 deliquit,
1693 668 1722 689 ut

931 704 1050 738 spiritus,
1069 704 1121 732 hoc
1135 708 1176 732 cst
1191 704 1313 732 Ecclesia
1327 705 1466 737 universa,
1482 706 1571 733 salvus
1583 707 1616 733 sit
1629 707 1650 733 ³.

967 791 1110 820 LXXXVI.
1129 793 1212 828 Atqui
1230 793 1364 828 scriptum
1391 799 1433 821 est
1448 794 1507 829 (ait)
1522 805 1528 821 :
1542 794 1612 822 Caro
1628 800 1653 822 et
1664 804 1724 823 san-

932 840 991 875 guis
1009 847 1116 874 regnum
1133 838 1183 867 Dei
1201 848 1253 867 non
1273 839 1441 873 possidebunt
1453 841 1473 867 ³.
1498 841 1557 873 Qua
1574 840 1724 877 Scriptura

934 885 1071 912 sententia
1085 884 1210 912 nonnihil
1223 884 1330 913 edicere
1345 893 1374 913 se
1389 890 1476 920 putat.
1494 885 1592 914 Verum
1608 887 1687 922 longe
1700 888 1723 916 is

85 939 149 973 μεῐν
164 936 302 972 βασιλείαν
315 936 449 972 οὐρανῶν,
465 935 526 962 οὐδὲ
541 935 660 971 μοιχεία,
671 934 733 962 οὐδὲ
743 933 881 968 ἀσέλγεια.

937 929 1056 958 aberrat.
1073 930 1183 958 Certum
1204 931 1277 959 enim
1293 936 1335 959 est
1353 939 1408 959 non
1426 939 1505 967 posse
1525 936 1651 967 stuprum
1668 940 1726 961 cm-

82 983 149 1011 οὺδὶ
169 982 377 1018 εἰδωλολατρεία
388 990 396 998 ο
415 981 541 1009 τουτέστι
556 980 625 1016 σὰρξ
641 981 689 1008 καὶ
703 978 784 1016 αἷμα.
801 980 833 1006 El
852 979 881 1006 δὲ

83 1030 153 1066 περὶ
167 1029 270 1065 σαρκὸς
285 1029 332 1056 καὶ
345 1028 460 1064 αἵματος
470 1027 550 1054 τοῦτο
566 1026 698 1062 νομίζεις,
710 1024 779 1053 εἶναι
795 1026 882 1062 αὐτὴν

84 1078 138 1113 τὴν
160 1076 267 1112 σάρκα,
290 1074 349 1107 πῶς
371 1074 412 1101 ἔτι
429 1073 580 1111 πληροῦται
595 1073 627 1100 τὸ
648 1072 809 1109 εἰρημένον·
825 1072 880 1100 Καὶ

84 1122 157 1150 ὅσοι
165 1122 276 1149 ἔλαϐον
285 1120 388 1152 αὐτὸν,
397 1120 509 1147 ἔδωκεν
521 1120 626 1152 αὐτοῖς
637 1119 783 1152 ἐξουσίαν
791 1118 882 1147 τέκνα

87 1169 166 1196 Θεοῦ
176 1167 317 1203 γενέσθαι
326 1176 334 1183 ·
348 1167 377 1194 οτ
392 1167 448 1194 οὐκ
463 1166 499 1199 ἐξ
515 1165 656 1200 αἱμάτων,
672 1164 744 1192 οὐδὲ
759 1165 793 1191 ἐκ
806 1172 881 1199 σαρ-

86 1213 143 1246 κὸς
163 1212 384 1247 ἐγεννήθησαν,
405 1210 474 1238 ἀλλ’
500 1210 534 1237 ἐκ
552 1210 646 1241 Θεοῦ;
665 1209 712 1241 Τίς
737 1210 767 1236 ὲν
787 1208 882 1244 κόσμῳ

87 1257 236 1293 γεγένηται
249 1257 314 1284 ἄνευ
329 1255 448 1292 σαρκός;
471 1255 541 1281 Ἀλλ’
561 1253 656 1290 ἐπειδὴ
675 1253 882 1289 μετεϐλήθησαν

86 1304 115 1330 αἱ
131 1302 257 1338 γνῶμαι·
273 1302 303 1328 οὺ
319 1302 373 1337 γὰρ
398 1302 426 1328 αἱ
449 1301 544 1335 φύσεις
559 1300 613 1327 τῶν
634 1299 811 1335 γεννωμένων
825 1299 882 1326 ἀπὸ

88 1348 217 1384 μητέρων
231 1347 278 1374 καὶ
305 1347 432 1383 πατέρων
450 1345 550 1381 σαρκὸς
564 1345 612 1373 καὶ
633 1345 750 1380 αἵματος
769 1344 881 1380 ὲγεννή-
893 1381 899 1387 ἡ

87 1394 176 1430 Θησαν
191 1394 240 1429 τὴν
249 1393 379 1429 δευτέραν
391 1392 519 1427 γέννησιν
532 1391 581 1427 τὴν
591 1390 645 1418 ἀπὸ
658 1390 706 1425 τῆς
718 1389 765 1416 τοῦ
777 1389 881 1427 Κυρίου

88 1440 244 1475 γεννήσεως
269 1438 313 1467 διὰ
330 1437 486 1474 πνεύματος
510 1437 558 1464 καὶ
581 1436 682 1473 πυρός’
699 1435 811 1464 ἔδωκεν
828 1436 883 1464 αὐ-

89 1485 153 1517 τοῖς
167 1485 314 1518 ἐξουσίαν
331 1484 424 1511 τέκνα
444 1483 518 1511 Θεοῦ
538 1483 687 1518 γενέσθαι.
710 1483 752 1514 Ὡς
772 1479 818 1510 οὖν
837 1483 882 1510 ὲν-

88 1531 177 1558 ταῦθα
194 1532 226 1558 ὲκ
245 1530 345 1566 σαρκὸς
367 1529 553 1566 ἐγεννήθησαν
575 1530 623 1556 καὶ
637 1527 667 1561 ἐξ
681 1529 806 1564 αἵματος.
827 1528 883 1555 Καὶ

87 1578 120 1604 οὐ
135 1576 274 1611 λογίζεται
291 1577 323 1604 ὲκ
344 1576 445 1612 σαρκὸς
463 1576 510 1603 καὶ
529 1575 646 1611 αἵματος
659 1576 676 1610 ἡ
698 1574 824 1610 γέννησις
838 1574 883 1601 διὰ

935 976 1004 1004 Ieste
1021 983 1135 1012 regnum
1151 977 1286 1011 obtinere,
1302 985 1352 1005 nec
1367 977 1545 1011 adulterium,
1564 986 1652 1014 neque
1663 979 1726 1006 libi-

935 1020 1037 1055 dinem,
1053 1030 1104 1050 nec
1116 1023 1298 1050 idololatriam
1310 1033 1316 1050 :
1328 1031 1392 1059 quae
1407 1024 1498 1052 omnia
1514 1031 1563 1059 per
1577 1032 1687 1052 carnem
1698 1028 1726 1052 et

934 1069 1096 1104 sanguinem
1121 1069 1298 1104 intelligenda
1323 1074 1398 1097 sunt.
1426 1069 1494 1097 Nam
1517 1071 1541 1098 si
1565 1077 1676 1098 carnem
1699 1075 1726 1098 et
1751 1083 1755 1087 -

935 1115 1098 1150 sanguinem
1111 1115 1152 1142 sic
1168 1115 1370 1151 interpretaris,
1384 1120 1414 1142 ut
1428 1116 1462 1143 ad
1478 1116 1616 1151 propriam
1634 1116 1726 1143 homi-

935 1161 979 1189 nis
999 1168 1109 1188 carnem
1129 1161 1275 1196 pertineat,
1302 1169 1422 1196 quonam
1445 1162 1526 1190 modo
1546 1171 1640 1190 verum
1658 1163 1724 1190 illud

934 1214 997 1235 esse
1010 1207 1124 1242 poterit:
1141 1207 1276 1242 Quotquot
1288 1212 1375 1235 autem
1390 1213 1539 1243 receperunt
1553 1208 1640 1239 illum,
1653 1209 1726 1236 dedit
1740 1233 1744 1237 .

934 1253 973 1281 eis
988 1257 1146 1287 potestatem
1166 1253 1236 1287 ﬁlios
1254 1253 1301 1280 Dei
1320 1254 1388 1288 fieri,
1405 1255 1450 1289 qui
1471 1263 1523 1282 non
1538 1263 1570 1282 ea:
1587 1256 1727 1290 sanguini-

935 1298 994 1331 bus,
1006 1306 1087 1333 neque
1102 1306 1134 1326 ex
1147 1306 1227 1327 came
1238 1298 1295 1325 nati
1308 1303 1381 1330 sunt,
1397 1298 1442 1326 sed
1458 1306 1490 1326 ea:
1505 1299 1559 1326 Deo
1569 1299 1601 1327 ‘?
1613 1299 1681 1333 Quis
1697 1302 1726 1329 in

935 1344 1040 1372 mundo
1055 1344 1114 1372 sine
1132 1351 1215 1383 carne
1230 1348 1312 1372 natus
1325 1344 1389 1372 est?
1409 1344 1510 1372 Verum
1528 1345 1657 1380 quoniam
1671 1355 1726 1375 non

935 1392 1042 1416 natura:
1056 1388 1166 1424 quidem
1186 1389 1309 1422 illorum,
1323 1388 1370 1424 qui
1389 1396 1423 1417 ex
1443 1394 1586 1424 parentum
1601 1398 1685 1419 carne
1699 1396 1728 1420 et

936 1435 1071 1472 sanguine
1078 1435 1219 1470 propagati
1231 1439 1307 1467 sunt,
1318 1434 1366 1463 sed
1380 1435 1463 1462 animi
1479 1437 1639 1464 commutati
1650 1441 1726 1471 sunt,

935 1490 969 1512 ac
993 1482 1116 1510 secunda
1139 1482 1315 1517 generatione
1339 1489 1355 1509 ιι
1383 1481 1498 1509 Domino
1524 1490 1574 1518 per
1599 1483 1727 1519 spiritum

936 1529 1081 1565 ignemque
1105 1529 1253 1564 procreati,
1278 1533 1433 1564 propterea,
1455 1529 1537 1562 dedit,
1553 1529 1653 1565 inquit.
1672 1531 1727 1559 illis

935 1581 1091 1610 potestatem
1106 1576 1177 1611 ﬁlios
1192 1575 1240 1602 Dei
1257 1575 1326 1610 ﬁeri.
1351 1575 1396 1603 Sic
1416 1576 1499 1612 igitur
1518 1584 1551 1604 ex
1566 1584 1650 1604 carne
1665 1577 1728 1605 istic

87 1624 141 1658 τὴν
161 1623 313 1658 μεταϐολὴν
336 1622 384 1657 τῆς
409 1621 592 1657 δικαιοσύνης,
610 1621 740 1655 Καίτοιγε
756 1622 785 1648 ὲν
801 1620 881 1657 σαρκὶ

937 1626 964 1650 et
977 1623 1112 1658 sanguine
1127 1622 1185 1649 nati
1207 1625 1282 1650 sunt.
1299 1622 1392 1657 Neque
1406 1625 1500 1649 tamen
1522 1622 1557 1650 ob
1577 1622 1730 1650 traductio-

88 1669 139 1696 καὶ
147 1669 254 1704 αἵματι,
263 1668 300 1699 ὡς
308 1668 382 1702 λέγει
389 1676 396 1682 ·
410 1668 458 1694 Ἐν
467 1667 559 1701 σαρκὶ
573 1667 627 1702 γὰρ
638 1666 881 1701 περιπατοῦντες,

86 1716 127 1742 σὺ
150 1713 225 1741 κατὰ
240 1714 339 1748 σάρκα
361 1713 593 1748 στρατευόμεθα.
608 1713 678 1748 ’Δρα
692 1710 737 1739 οὖν
750 1712 789 1738 ἔνι
803 1711 882 1748 σὰρξ,

86 1761 121 1788 οὐ
140 1760 212 1789 κατὰ
237 1760 327 1796 σάρκα
342 1760 555 1796 στρατευομένη.
571 1759 627 1785 Kal.
640 1758 684 1785 διὰ
707 1757 786 1785 τοῦτο
809 1757 883 1792 λέγει

89 1807 183 1843 σάρκα
197 1807 242 1833 καὶ
256 1803 326 1841 αἷμα
343 1805 382 1842 μὴ
397 1805 575 1841 κληρονομεῖν
591 1803 731 1840 βασιλείαν
744 1802 865 1840 οὐρανῶν
874 1811 881 1818 ·

87 1853 120 1878 οὺ
135 1852 200 1887 περὶ
211 1851 261 1886 τῆς
274 1851 375 1886 σαρκὸς
388 1850 491 1885 ταύτης
504 1850 554 1886 τῆς
570 1849 721 1885 καμούσης,
740 1848 790 1883 τῆς
804 1848 884 1882 ἁγια-

90 1898 214 1933 σθείσης,
231 1898 281 1933 τῆς
294 1897 334 1933 τῷ
347 1897 406 1932 Θεῷ
421 1896 655 1933 εὐαρεστησάσης.
670 1895 738 1923 ἀλλὰ
753 1895 818 1931 περὶ
833 1894 884 1929 τῆς

90 1945 121 1970 ὲν
139 1943 287 1979 ἁμαρτίαις
304 1942 506 1978 ἐξετασθείσης.
522 1941 599 1968 Ἐπεὶ
616 1940 675 1972 πῶς
685 1940 718 1968 ἂν
732 1939 883 1975 πληροῦται

87 1989 122 2018 τδ
134 1989 297 2025 είρημένονυ
313 1988 364 2016 Δεῖ
383 1988 436 2024 γὰρ
455 1987 488 2014 τὸ
504 1987 636 2022 φθαρτὸν
650 1986 738 2014 τοῦτο
755 1986 885 2013 ἐνδύσα-

87 2036 163 2062 σθαι
180 2034 368 2069 ἀφθαρσίαν,
394 2033 443 2060 καὶ
464 2033 497 2067 τὸ
519 2031 630 2066 θνητὸν
646 2031 734 2059 τοῦτο
754 2031 884 2057 ἐνδύσα-

88 2083 164 2108 σθαι
177 2080 364 2111 ιὶθιινασίαν;
379 2078 602 2114 Τηλαυγέστερον
618 2078 646 2104 δὲ
671 2077 737 2112 περὶ
758 2076 852 2103 τούτου
871 2077 885 2103 ὁ

90 2126 176 2158 αὐτὸς
197 2125 358 2156 ’Δπόστολος
375 2125 533 2160 σημαίνων,
557 2123 600 2150 ἵνα
622 2123 659 2158 μή
687 2130 757 2154 τινες
780 2122 884 2157 πλανη-

89 2172 174 2204 θὼσι,
190 2172 237 2199 καὶ
254 2172 315 2199 ἀντὶ
333 2170 386 2198 τῶν
407 2170 516 2205 φαύλων
536 2168 623 2205 ἔργων
635 2168 683 2204 τὴν
697 2167 743 2194 τοῦ
760 2167 885 2203 σώματος

92 2218 194 2245 πλάσιν
209 2217 394 2246 ἀπελπίσωσιν
414 2218 446 2244 ὲκ
460 2219 510 2253 τῆς
522 2216 708 2248 ἀναστάσεως,
723 2215 796 2249 λέγει
809 2223 815 2228 ·
832 2215 885 2242 Νε-

90 2265 228 2300 κρώσατε
247 2265 283 2291 τὰ
307 2263 385 2298 μέλη
403 2263 439 2291 τὰ
460 2264 511 2290 ἐπὶ
538 2262 592 2298 τῆς
618 2261 692 2297 γῆς·
722 2261 802 2289 ἅτινά
826 2262 885 2288 ἐστι
902 2288 924 2315 D

92 2310 219 2347 πορνεία,
232 2310 349 2346 μοιχεία,
363 2309 502 2344 ἀσέλγεια,
516 2308 608 2351 καὶτὰ
622 2308 694 2343 ἑξῆς.
735 2327 742 2334 .
783 2328 790 2334 .
829 2327 836 2334 .
877 2326 883 2334 .

90 2402 163 2431 ἀλλὰ
178 2403 226 2429 καὶ
242 2402 305 2433 τοὺς
322 2401 454 2437 ὀφθέντας
472 2402 529 2433 τοῖς
553 2400 715 2433 Γαλιλαίοις,
730 2400 777 2427 καὶ
792 2399 885 2434 λέγον-

91 2457 154 2480 τας,
173 2448 216 2474 ὅτι
244 2447 355 2474 Τοῦτον
382 2447 435 2474 τὸν
463 2446 584 2481 Ἰησοῦν
607 2445 644 2473 ὃν
667 2444 814 2480 ἑωράκατε
836 2445 886 2480 ἀφ’

91 2494 179 2530 ὑμῶν
205 2494 510 2528 ἀναλαμϐανόμενον,
538 2492 633 2524 οὕτως
663 2491 821 2519 ἐλεύσεται
850 2491 887 2519 ὃν

91 2542 207 2576 τρόπον
218 2539 312 2566 εἰδετε
324 2539 418 2567 αὐτὸν
429 2537 726 2573 ἀναλαμϐανόμενον.

936 1675 997 1696 nem
1021 1668 1095 1695 illam
1119 1667 1153 1695 ad
1173 1667 1321 1702 justitiam,
1346 1667 1459 1696 alterius
1478 1675 1511 1695 ex
1528 1675 1611 1696 carne
1623 1672 1650 1696 et
1665 1676 1730 1696 san-

936 1714 1019 1749 guine
1044 1713 1163 1741 habetur
1187 1713 1373 1748 generationis
1402 1714 1484 1740 ratio.
1512 1713 1675 1749 Quanquam
1700 1715 1729 1742 in

937 1767 1020 1787 carne
1035 1759 1225 1791 nihilominus.
1241 1763 1268 1786 et
1286 1759 1368 1794 708
1387 1759 1521 1794 sanguine
1540 1765 1727 1794 permaneant,

937 1804 1012 1832 velut
1028 1804 1082 1831 alio
1099 1804 1159 1831 loco
1174 1803 1242 1831 dicit
1257 1812 1263 1830 :
1279 1802 1311 1830 In
1333 1810 1412 1830 carne
1432 1803 1598 1830 ambulantes
1617 1811 1669 1830 non
1687 1812 1729 1831 se-

937 1854 1052 1878 cundum
1066 1859 1173 1878 caruerit
1188 1850 1335 1878 militamus
1347 1851 1369 1877 '.
1385 1850 1519 1883 Quocirca
1537 1850 1605 1877 inest
1618 1850 1729 1885 quidem

938 1902 1021 1928 caro;
1039 1894 1088 1922 sed
1105 1902 1161 1922 non
1174 1894 1327 1922 secundum
1343 1901 1454 1922 carnem
1472 1895 1578 1922 militat.
1602 1894 1671 1922 lline
1687 1900 1730 1924 est

937 1941 1011 1976 quod
1028 1940 1076 1973 ait,
1098 1948 1209 1968 carnem
1234 1945 1262 1968 et
1285 1941 1446 1976 sanguinem
1476 1941 1587 1968 caeleste
1615 1949 1730 1976 regnum

938 1986 1051 2014 minime
1073 1987 1224 2021 possidere.
1247 1986 1297 2014 Ubi
1317 1993 1371 2014 non
1389 1986 1422 2014 de
1437 1993 1467 2014 ea
1491 1993 1574 2014 carne
1597 1986 1729 2022 loquitur.

938 2041 1000 2068 qua:
1023 2033 1166 2062 laboribus
1192 2033 1297 2065 attrita,
1317 2041 1378 2069 quae
1394 2033 1541 2061 sanctitate
1556 2038 1729 2066 consecrata,

938 2086 999 2114 qua
1019 2078 1074 2107 Deo
1089 2078 1208 2114 denique
1225 2082 1302 2114 grata
1318 2079 1363 2112 sit,
1383 2078 1430 2106 sed
1445 2079 1479 2106 de
1491 2086 1533 2111 ea,
1550 2086 1610 2113 qum
1627 2079 1653 2106 in
1666 2086 1731 2113 pec-

939 2129 1065 2153 catorum
1084 2125 1215 2152 sordibus
1227 2124 1375 2152 detinetur.
1392 2123 1471 2157 Quod
1485 2124 1537 2151 nisi
1552 2125 1588 2151 ita
1605 2130 1657 2155 est,
1669 2125 1730 2159 qui-

939 2179 1002 2198 nam
1025 2171 1092 2199 illnd
1115 2171 1221 2206 impleri
1239 2171 1340 2205 poterit
1354 2180 1361 2197 :
1377 2169 1488 2205 Oportet
1509 2170 1579 2197 enim
1596 2171 1728 2204 corrupti-

940 2217 990 2244 bile
1008 2217 1056 2244 hoc
1072 2217 1181 2244 induere
1195 2217 1429 2251 incorruptionem,
1449 2220 1475 2242 et
1498 2215 1609 2242 mortale
1625 2216 1673 2242 hoc
1688 2216 1730 2242 in-

939 2263 1018 2290 duere
1035 2263 1305 2290 immortalitatem'?
1327 2262 1403 2295 Quod
1430 2262 1532 2290 clarius
1557 2261 1628 2290 idem
1655 2261 1729 2297 Apo-

939 2309 1027 2337 stolus
1050 2309 1219 2344 signiﬁcans.
1246 2316 1280 2336 ne
1298 2308 1346 2344 qui
1363 2308 1479 2335 forsitan
1495 2312 1633 2342 errarent,
1649 2313 1730 2342 atque

876 2373 883 2380 -
940 2356 977 2383 oh
995 2355 1099 2383 scelera
1116 2355 1149 2383 de
1164 2354 1326 2382 formatione
1342 2354 1465 2389 corporis
1482 2354 1510 2381 in
1527 2354 1731 2382 resurrectione

941 2401 1130 2437 desperarent,
1143 2401 1187 2428 his
1205 2401 1294 2429 verbis
1311 2402 1455 2428 hortatur:
1476 2401 1636 2436 Mortiﬁcate
1648 2409 1731 2428 mem-

940 2447 999 2480 bra,
1018 2456 1077 2483 qua:
1096 2453 1158 2476 sunt
1182 2448 1210 2475 in
1236 2448 1339 2480 tcrra’,
1362 2447 1414 2475 hoc
1437 2451 1490 2481 est,
1507 2447 1730 2479 fornicationem,

940 2493 1116 2526 adulterium,
1137 2494 1295 2526 libidinem,
1317 2497 1371 2521 ctc.
1395 2514 1402 2521 .
1434 2514 1441 2521 .
1482 2514 1488 2521 .
1528 2513 1535 2521 .

940 2539 997 2568 lmo
1007 2544 1033 2570 et
1045 2548 1093 2568 eos
1103 2541 1149 2576 qni
1165 2540 1286 2568 Galilaeis
1295 2545 1482 2576 apparuerunt
1498 2549 1599 2577 eosque
1614 2543 1653 2569 sic
1668 2541 1732 2569 allo-

91 2588 148 2616 cnti
166 2591 231 2614 sunt
245 2596 252 2614 z
267 2586 344 2614 Hune
354 2587 457 2620 Iesum,
473 2595 548 2622 quem
560 2586 660 2614 vidistis
675 2595 690 2613 α
704 2587 775 2614 vobis
789 2592 964 2619 assumptum,
980 2590 1017 2616 sic
1032 2590 1113 2617 veniet
1124 2589 1344 2625 quemadmodum
1355 2591 1457 2618 vidistin
1465 2599 1524 2618 eum
1537 2596 1700 2624 assumptum
1709 2590 1729 2617 ⁸.

129 2634 192 2661 ΠΖ’.
221 2633 287 2660 Ἀπὸ
310 2634 339 2660 δὲ
358 2633 413 2660 τῶν
431 2633 584 2669 εἰρημένων
599 2632 707 2660 πάντων
719 2632 848 2660 δύνανται
863 2635 887 2660 οἰ

90 2678 231 2714 νουνεχεῖς
257 2679 304 2705 τὸν
332 2678 395 2706 νοῦν
426 2678 573 2713 ἐπιστῆσαι
596 2678 642 2704 ἐπὶ
666 2678 733 2704 πᾶσι
762 2679 817 2710 τοῖς
839 2678 888 2713 τῆς

91 2725 224 2760 ἀληθείας
241 2724 331 2759 λόγοις
348 2725 396 2751 καὶ
421 2725 477 2756 τοῖς
504 2725 558 2751 ἀπὸ
581 2724 737 2759 ψεύσματος
755 2723 803 2750 τοῦ
823 2732 889 2759 προ-

91 2770 242 2807 ειρημένου
269 2769 415 2806 λεγομένου
439 2770 609 2806 Μανιχαίου’
638 2770 698 2801 ἵνα,
717 2771 741 2796 εί
765 2770 812 2796 καὶ
837 2769 888 2796 οὐκ

91 2816 271 2854 ἐπεμνήσθην
291 2816 362 2848 τινὸς
381 2816 545 2852 μαρτυρίας,
563 2816 618 2843 ἀπὸ
636 2815 689 2842 τῶν
699 2815 747 2842 δύο
762 2815 777 2842 ἦ
803 2815 886 2850 τριῶν

980 2635 1132 2663 LXXXVII.
1144 2637 1185 2665 Ex
1204 2637 1244 2664 bis
1260 2644 1321 2672 quae
1332 2637 1465 2665 hactenus
1478 2640 1551 2665 dicta
1563 2642 1636 2669 sunl,
1651 2636 1731 2664 facile

944 2682 1128 2718 intelligentes
1156 2683 1282 2711 homines
1308 2689 1424 2718 possunt
1444 2689 1498 2711 tam
1517 2684 1550 2710 ad
1569 2691 1648 2710 veros
1670 2690 1730 2709 ser-

943 2735 1047 2758 mones,
1058 2736 1139 2763 quam
1148 2729 1181 2756 ad
1191 2728 1332 2756 Manichtei
1343 2729 1483 2756 mendacia
1496 2729 1616 2755 animum
1632 2728 1730 2755 adver-

941 2774 1009 2803 tere,
1027 2776 1056 2798 nt
1073 2773 1181 2800 tametsi
1196 2773 1344 2808 quodpiam
1363 2773 1474 2800 allnt'um
1496 2773 1531 2800 ab
1555 2780 1587 2800 eo
1604 2773 1730 2799 testimo-

941 2815 1017 2843 nium
1044 2818 1275 2851 prattermiscrim,
1301 2826 1336 2846 ex
1361 2818 1469 2845 duobus
1496 2817 1551 2845 illis
1576 2818 1729 2853 tribusque,

127 2878 137 2893 ¹
156 2876 186 2903 I".
206 2875 278 2903 εῐτι.
317 2875 328 2890 ⁸
346 2874 355 2900 l
370 2876 433 2902 Cor.
450 2883 477 2907 ν,
495 2875 521 2901 ε).
560 2874 570 2890 ⁸
584 2873 591 2900 l
604 2875 668 2903 Cor.
684 2882 728 2908 xv,
742 2874 785 2902 50.
824 2873 881 2902 δίο]

943 2881 961 2907 ι,
976 2874 1016 2902 1'2.
1057 2876 1067 2891 '
1086 2876 1106 2903 Il
1120 2875 1182 2903 Cur.
1201 2880 1229 2907 ἰ.
1254 2876 1280 2903 3.
1327 2875 1337 2890 ⁸
1350 2875 1360 2902 l
1374 2875 1438 2903 Cor.
1457 2883 1500 2908 xv,
1515 2874 1561 2901 53.
1600 2875 1610 2890 "
1623 2875 1727 2904 Coluss.

95 2920 135 2944 Ill.
154 2913 180 2941 5.
221 2911 234 2928 ⁸
248 2912 309 2938 Art.
325 2917 344 2943 ι,
363 2911 405 2937 ll.

263 2959 397 2988 Ριτιιοι..
415 2957 473 2985 (in.
496 2957 590 2987 XLII.

1567 2954 1586 2981 ὃ
